{"host":"qm4rv4rkpk76sbxu","time":1608502118,"event":{"mods":["BaseMod","Bestiary","Block Reminder","DeckTracker","Filter the Spire","Keyboard Shortcuts","Minty Spire (QoL Compilation)","MonsterHotkey","Potion Indicator Mod","Quick Restart","Random Character Button","Relic Stats","Slay-I","StSLib","ojb\u0027s Better Paths Mod"],"gold_per_floor":[113,128,23,34,58,86,86,86,111,111,124,124,151,151,151,224,224,243,243,254,270,270,300,300,313,313,313,313],"floor_reached":27,"playtime":1605,"items_purged":[],"score":482,"play_id":"58d0b062-725c-4118-bf48-e92b28b49e1a","local_time":"20201220230838","is_ascension_mode":true,"campfire_choices":[{"data":"Zap","floor":7.0,"key":"SMITH"},{"data":"FTL","floor":10.0,"key":"SMITH"},{"data":"Cold Snap","floor":12.0,"key":"SMITH"},{"data":"Fission","floor":15.0,"key":"SMITH"},{"floor":24.0,"key":"REST"}],"circlet_count":0,"master_deck":["AscendersBane","Strike_B","Strike_B","Strike_B","Strike_B","Defend_B","Defend_B","Defend_B","Defend_B","Zap+1","Dualcast+1","FTL+1","Cold Snap+1","Conserve Battery","Glacier","Fission+1","Fission","Fission+1","Conserve Battery","Ball Lightning"],"relics":["Cracked Core","Du-Vu Doll","MealTicket","Toy Ornithopter","Vajra","Potion Belt","Nuclear Battery","Dream Catcher","Omamori"],"acts_visited":["Exordium","TheCity"],"potions_floor_usage":[],"damage_taken":[{"damage":0.0,"enemies":"Cultist","floor":1.0,"turns":4.0},{"damage":2.0,"enemies":"Small Slimes","floor":2.0,"turns":3.0},{"damage":10.0,"enemies":"2 Louse","floor":4.0,"turns":2.0},{"damage":19.0,"enemies":"Lagavulin","floor":6.0,"turns":7.0},{"damage":15.0,"enemies":"Lots of Slimes","floor":11.0,"turns":4.0},{"damage":3.0,"enemies":"Gremlin Nob","floor":13.0,"turns":3.0},{"damage":10.0,"enemies":"The Guardian","floor":16.0,"turns":13.0},{"damage":17.0,"enemies":"Shell Parasite","floor":18.0,"turns":6.0},{"damage":11.0,"enemies":"3 Byrds","floor":20.0,"turns":7.0},{"damage":2.0,"enemies":"Centurion and Healer","floor":21.0,"turns":10.0},{"damage":20.0,"enemies":"Gremlin Leader","floor":23.0,"turns":5.0},{"damage":19.0,"enemies":"Snake Plant","floor":25.0,"turns":4.0},{"damage":15,"enemies":"Book of Stabbing","floor":27,"turns":4}],"seed_played":"6273463352446267958","potions_obtained":[{"floor":4.0,"key":"AttackPotion"},{"floor":11.0,"key":"Dexterity Potion"},{"floor":14.0,"key":"SneckoOil"},{"floor":14.0,"key":"SneckoOil"},{"floor":20.0,"key":"ColorlessPotion"},{"floor":23.0,"key":"SneckoOil"}],"is_trial":false,"path_per_floor":["M","M","$","M","T","E","R","?","T","R","M","R","E","?","R","B",null,"M","?","M","M","?","E","R","M","T","E"],"character_chosen":"DEFECT","items_purchased":["Fire Potion","Cold Snap"],"campfire_rested":1,"item_purchase_floors":[3,3],"current_hp_per_floor":[64,62,62,52,52,33,33,33,33,33,18,18,20,20,20,20,53,36,36,25,28,16,6,25,11,11,0,0],"gold":313,"neow_bonus":"ONE_RARE_RELIC","is_daily":false,"chose_seed":false,"campfire_upgraded":4,"win_rate":0.0,"timestamp":1608502118,"path_taken":["M","M","$","?","?","E","R","?","T","R","?","R","E","?","R","BOSS","M","?","?","M","?","E","R","M","T","E"],"items_purchased_type":["Potion","Card"],"build_version":"2020-12-13","purchased_purges":0,"victory":false,"max_hp_per_floor":[64,64,64,64,64,64,64,64,64,64,64,64,64,64,64,64,64,64,64,64,64,64,64,64,64,64,64,64],"relic_stats":{"Dream Catcher":1,"counters":[13,72],"MealTicket":0,"obtain_stats":[{"Du-Vu Doll":0,"Potion Belt":13,"Dream Catcher":23,"Vajra":9,"MealTicket":5,"Omamori":26,"Cracked Core":0,"Toy Ornithopter":6,"Nuclear Battery":17},{"Du-Vu Doll":0,"Potion Belt":6,"Dream Catcher":11,"Vajra":4,"MealTicket":3,"Omamori":12,"Cracked Core":0,"Toy Ornithopter":4,"Nuclear Battery":7},{"Du-Vu Doll":0,"Potion Belt":23,"Dream Catcher":64,"Vajra":16,"MealTicket":9,"Omamori":68,"Cracked Core":0,"Toy Ornithopter":16,"Nuclear Battery":36}],"Toy Ornithopter":35},"card_choices":[{"not_picked":["Streamline","Compile Driver"],"picked":"FTL","floor":1.0},{"not_picked":["Hello World","Tempest","Turbo"],"picked":"SKIP","floor":2.0},{"not_picked":["Reprogram","Sweeping Beam","Turbo"],"picked":"SKIP","floor":4.0},{"not_picked":["Tempest","Aggregate"],"picked":"Conserve Battery","floor":6.0},{"not_picked":["Ball Lightning","Barrage"],"picked":"Glacier","floor":11.0},{"not_picked":["Loop","Go for the Eyes"],"picked":"Fission","floor":13.0},{"not_picked":["Meteor Strike","Buffer"],"picked":"Fission","floor":16.0},{"not_picked":["Heatsinks","Consume","Streamline"],"picked":"SKIP","floor":18.0},{"not_picked":["Leap","Melter"],"picked":"Conserve Battery","floor":20.0},{"not_picked":["Sweeping Beam","Gash","Chaos"],"picked":"SKIP","floor":21.0},{"not_picked":["Coolheaded","Redo","Hello World"],"picked":"SKIP","floor":23.0},{"not_picked":["Hologram","Doom and Gloom"],"picked":"Ball Lightning","floor":24.0},{"not_picked":["Streamline","Redo","Leap"],"picked":"SKIP","floor":25.0}],"player_experience":1080852,"relics_obtained":[{"floor":5.0,"key":"MealTicket"},{"floor":6.0,"key":"Toy Ornithopter"},{"floor":9.0,"key":"Vajra"},{"floor":13.0,"key":"Potion Belt"},{"floor":23.0,"key":"Dream Catcher"},{"floor":26.0,"key":"Omamori"}],"event_choices":[{"damage_healed":0.0,"max_hp_gain":0.0,"max_hp_loss":0.0,"gold_gain":0.0,"event_name":"Upgrade Shrine","player_choice":"Upgraded","floor":8.0,"gold_loss":0.0,"damage_taken":0.0,"cards_upgraded":["Dualcast"]},{"damage_healed":0.0,"max_hp_gain":0.0,"max_hp_loss":0.0,"gold_gain":0.0,"event_name":"Lab","player_choice":"Got Potions","floor":14.0,"gold_loss":0.0,"damage_taken":0.0},{"damage_healed":0.0,"max_hp_gain":0.0,"max_hp_loss":0.0,"gold_gain":0.0,"event_name":"Duplicator","player_choice":"Copied","floor":19.0,"gold_loss":0.0,"damage_taken":0.0,"cards_obtained":["Fission"]},{"damage_healed":0.0,"max_hp_gain":0.0,"max_hp_loss":0.0,"gold_gain":0.0,"event_name":"Knowing Skull","player_choice":"POTION ","floor":22.0,"potions_obtained":["FearPotion"],"gold_loss":0.0,"damage_taken":12.0,"cards_obtained":[]}],"is_beta":false,"boss_relics":[{"not_picked":["Astrolabe","Sozu"],"picked":"Nuclear Battery"}],"items_purged_floors":[],"is_endless":false,"potions_floor_spawned":[4,11,20,23],"killed_by":"Book of Stabbing","ascension_level":20}}