{"host":"2k96kai96havp3pq","time":1608437006,"event":{"mods":["AchievementEnabler","BaseMod","Colored Map","Colored Powertips","Downfall","Hermit","Minty Spire (QoL Compilation)","Relic Stats","Replay The Spire","StSLib","The Bug Knight","The Cursed","The Hierophant","The Servant 0.9.4"],"gold_per_floor":[110,121,138,138,157,192,206,206,206,206,206,224,256,256,256,358,358,374,393,203,213,233,263,263,263,290,290,316,316,336,351,351,453,503,521,138,158,158,158,158,158,185,231,231,281,299,316,344,344,344,344],"floor_reached":50,"playtime":3311,"items_purged":[],"score":720,"play_id":"ff4210a9-c645-4ab4-8fba-d191850e57a9","local_time":"20201219220326","is_ascension_mode":true,"campfire_choices":[{"data":"Inflame","floor":8.0,"key":"SMITH"},{"data":"Bash","floor":15.0,"key":"SMITH"},{"floor":24.0,"key":"REST"},{"floor":27.0,"key":"REST"},{"data":"Flex","floor":29.0,"key":"SMITH"},{"data":"Cleave","floor":32.0,"key":"SMITH"},{"data":"Demon Form","floor":41.0,"key":"SMITH"},{"data":"Intimidate","floor":44.0,"key":"SMITH"},{"data":"Infernal Blade","floor":49.0,"key":"SMITH"}],"circlet_count":1,"master_deck":["Strike_R","Strike_R","Strike_R","Strike_R","Strike_R","Defend_R","Defend_R+1","Defend_R+1","Defend_R+1","Bash+1","Flex+1","Cleave+1","Spot Weakness+1","Inflame+1","Iron Wave+1","Regret","Pummel+1","Intimidate+1","Bludgeon+1","CurseOfTheBell","Warcry","Twin Strike+1","Cleave+1","Thunderclap+1","Cleave+1","ReplayTheSpireMod:Limb From Limb+1","Twin Strike+1","Infernal Blade+1","Pommel Strike+1","Sword Boomerang+1","Demon Form+1","Heavy Blade+1","ReplayTheSpireMod:Stacked+1","Pummel+1","Run Through+1","Voices","Madness","Madness","Feed+1","Dual Wield+1","Sword Boomerang+1","Massacre+1","Body Slam+1"],"relics":["Burning Blood","Replay:Bottled Snecko","Bottled Lightning","TungstenRod","Molten Egg 2","Nunchaku","Calling Bell","Bag of Preparation","Meat on the Bone","Sling","Mirror","Circlet","War Paint","Pen Nib","Tiny House","Another Sword","Ring of Searing","ReplayTheSpireMod:Ring of Addiction","Toy Ornithopter","White Beast Statue","Mercury Hourglass","ReplayTheSpireMod:Lightbulb","Charon\u0027s Ashes","HollowMod:PaleOreRelic"],"acts_visited":["Exordium","TheCity","TheBeyond"],"potions_floor_usage":[50,50,50,50],"damage_taken":[{"damage":1.0,"enemies":"Cultist","floor":1.0,"turns":4.0},{"damage":0.0,"enemies":"Small Slimes","floor":2.0,"turns":4.0},{"damage":3.0,"enemies":"2 Louse","floor":3.0,"turns":2.0},{"damage":1.0,"enemies":"2 Fungi Beasts","floor":5.0,"turns":2.0},{"damage":9.0,"enemies":"Replay:BlueRogue","floor":6.0,"turns":4.0},{"damage":12.0,"enemies":"Large Slime","floor":7.0,"turns":1.0},{"damage":13.0,"enemies":"Blue Slaver","floor":12.0,"turns":4.0},{"damage":7.0,"enemies":"3 Sentries","floor":13.0,"turns":5.0},{"damage":17.0,"enemies":"Slime Boss","floor":16.0,"turns":9.0},{"damage":17.0,"enemies":"Spheric Guardian","floor":18.0,"turns":4.0},{"damage":28.0,"enemies":"Shelled Parasite and Fungi","floor":19.0,"turns":4.0},{"damage":18.0,"enemies":"Centurion and Healer","floor":21.0,"turns":4.0},{"damage":25.0,"enemies":"Cultist and Chosen","floor":22.0,"turns":4.0},{"damage":29.0,"enemies":"HollowMod:Nosk","floor":23.0,"turns":6.0},{"damage":0.0,"enemies":"Gremlin Leader","floor":28.0,"turns":3.0},{"damage":6.0,"enemies":"3 Cultists","floor":30.0,"turns":3.0},{"damage":0.0,"enemies":"Snecko","floor":31.0,"turns":1.0},{"damage":86.0,"enemies":"Automaton","floor":33.0,"turns":8.0},{"damage":17.0,"enemies":"Orb Walker","floor":35.0,"turns":2.0},{"damage":11.0,"enemies":"3 Shapes","floor":37.0,"turns":2.0},{"damage":0.0,"enemies":"Nemesis","floor":40.0,"turns":2.0},{"damage":16.0,"enemies":"Reptomancer","floor":42.0,"turns":2.0},{"damage":21.0,"enemies":"Mind Bloom Boss Battle","floor":45.0,"turns":4.0},{"damage":30.0,"enemies":"Spire Growth","floor":46.0,"turns":3.0},{"damage":10.0,"enemies":"Maw","floor":47.0,"turns":4.0},{"damage":11.0,"enemies":"R_Hoarder","floor":48.0,"turns":4.0},{"damage":101,"enemies":"Awakened One","floor":50,"turns":6}],"seed_played":"6898205541444013635","potions_obtained":[{"floor":0.0,"key":"Death Potion"},{"floor":0.0,"key":"PowerPotion"},{"floor":0.0,"key":"Fruit Juice"},{"floor":2.0,"key":"Guardian:BlockOnCardUsePotion"},{"floor":5.0,"key":"BloodPotion"},{"floor":12.0,"key":"HeartOfIron"},{"floor":13.0,"key":"Languid Potion"},{"floor":18.0,"key":"BlessingOfTheForge"},{"floor":19.0,"key":"DuplicationPotion"},{"floor":22.0,"key":"Fire Potion"},{"floor":23.0,"key":"Guardian:BlockOnCardUsePotion"},{"floor":34.0,"key":"SmokeBomb"},{"floor":38.0,"key":"BloodPotion"},{"floor":42.0,"key":"Energy Potion"},{"floor":45.0,"key":"EntropicBrew"},{"floor":46.0,"key":"champ:CounterPotion"},{"floor":47.0,"key":"BlessingOfTheForge"}],"is_trial":false,"path_per_floor":["M","M","M","?","M","E","M","R","T","?","?","M","E","?","R","B",null,"M","M","$","M","M","E","R","?","T","R","E","R","M","M","R","B",null,"M","$","M","?","?","E","R","E","T","R","?","M","M","E","R","B"],"character_chosen":"IRONCLAD","items_purchased":["Sling","Cleave+1","Another Sword","Pummel+1"],"campfire_rested":2,"item_purchase_floors":[20,20,36,36],"current_hp_per_floor":[85,85,85,68,73,85,79,79,79,79,74,67,66,66,66,55,85,74,52,52,52,45,34,59,59,59,84,85,85,85,85,85,28,90,79,79,74,74,64,75,75,70,70,70,72,68,69,64,64,0,0],"gold":344,"neow_bonus":"THREE_SMALL_POTIONS","is_daily":false,"chose_seed":false,"campfire_upgraded":7,"win_rate":0.0,"timestamp":1608437006,"path_taken":["M","?","M","?","M","E","M","R","T","?","?","M","E","?","R","BOSS","M","M","$","M","M","E","R","?","T","R","E","R","?","M","R","BOSS","M","$","M","?","?","E","R","E","T","R","?","M","M","E","R","BOSS"],"items_purchased_type":["Relic","Card","Relic","Card"],"build_version":"2020-12-13","purchased_purges":0,"victory":false,"max_hp_per_floor":[85,85,85,85,85,85,85,85,85,85,85,85,85,85,85,85,85,85,85,85,85,85,85,85,85,85,85,85,85,85,85,85,85,90,90,90,90,90,90,90,90,90,90,88,88,88,88,88,88,88,88],"relic_stats":{"Nunchaku":[15],"counters":[27,101],"Pen Nib":[9],"Charon\u0027s Ashes":[48],"Bag of Preparation":[36],"War Paint":["Defend_R","Defend_R"],"obtain_stats":[{"Tiny House":34,"Bag of Preparation":17,"Sling":20,"Burning Blood":0,"Ring of Searing":38,"BranchBurnRelic":24,"Nunchaku":13,"Replay:Bottled Snecko":6,"HollowMod:PaleOreRelic":48,"Dead Branch":17,"ReplayTheSpireMod:Ring of Addiction":38,"Circlet":0,"Pen Nib":28,"Charon\u0027s Ashes":45,"War Paint":26,"White Beast Statue":38,"Mercury Hourglass":42,"Calling Bell":17,"Molten Egg 2":11,"Another Sword":36,"Bottled Lightning":9,"Mirror":23,"ReplayTheSpireMod:Lightbulb":43,"TungstenRod":10,"Toy Ornithopter":38,"Meat on the Bone":17},{"Tiny House":18,"Bag of Preparation":9,"Sling":11,"Burning Blood":0,"Ring of Searing":20,"BranchBurnRelic":14,"Nunchaku":8,"Replay:Bottled Snecko":5,"HollowMod:PaleOreRelic":26,"Dead Branch":9,"ReplayTheSpireMod:Ring of Addiction":20,"Circlet":0,"Pen Nib":15,"Charon\u0027s Ashes":23,"War Paint":14,"White Beast Statue":20,"Mercury Hourglass":22,"Calling Bell":9,"Molten Egg 2":6,"Another Sword":19,"Bottled Lightning":6,"Mirror":14,"ReplayTheSpireMod:Lightbulb":22,"TungstenRod":6,"Toy Ornithopter":20,"Meat on the Bone":9},{"Tiny House":72,"Bag of Preparation":35,"Sling":43,"Burning Blood":0,"Ring of Searing":76,"BranchBurnRelic":57,"Nunchaku":26,"Replay:Bottled Snecko":16,"HollowMod:PaleOreRelic":95,"Dead Branch":35,"ReplayTheSpireMod:Ring of Addiction":76,"Circlet":0,"Pen Nib":60,"Charon\u0027s Ashes":84,"War Paint":57,"White Beast Statue":76,"Mercury Hourglass":80,"Calling Bell":35,"Molten Egg 2":17,"Another Sword":74,"Bottled Lightning":17,"Mirror":57,"ReplayTheSpireMod:Lightbulb":80,"TungstenRod":17,"Toy Ornithopter":76,"Meat on the Bone":35}],"Burning Blood":128,"TungstenRod":74,"Toy Ornithopter":38,"Meat on the Bone":48,"Mercury Hourglass":[73]},"card_choices":[{"not_picked":["Replay:Undeath\u0027s Touch","Ghostly Armor"],"picked":"Flex","floor":1.0},{"not_picked":["Perfected Strike","Iron Wave"],"picked":"Cleave","floor":2.0},{"not_picked":["Bloodletting","Iron Wave"],"picked":"Spot Weakness","floor":3.0},{"not_picked":["Metallicize","Clothesline"],"picked":"Inflame","floor":5.0},{"not_picked":["Brutality","Eclipse"],"picked":"Disarm","floor":6.0},{"not_picked":["Sword Boomerang","Thunderclap"],"picked":"Iron Wave","floor":7.0},{"not_picked":["Shockwave","Clash+1"],"picked":"Pummel+1","floor":12.0},{"not_picked":["ReplayTheSpireMod:Muscle Training","ReplayTheSpireMod:Strike From Hell+1"],"picked":"Intimidate","floor":13.0},{"not_picked":["Demonic Infusion","Corruption"],"picked":"Bludgeon+1","floor":16.0},{"not_picked":["ReplayTheSpireMod:Strike From Hell+1","Sword Boomerang+1"],"picked":"Warcry","floor":18.0},{"not_picked":["Second Wind","Replay:Undeath\u0027s Touch+1"],"picked":"Twin Strike+1","floor":19.0},{"not_picked":["True Grit+1","ReplayTheSpireMod:Strike From Hell+1"],"picked":"Thunderclap+1","floor":21.0},{"not_picked":["Shockwave","Rupture"],"picked":"Cleave+1","floor":22.0},{"not_picked":["Corruption","Power Through+1"],"picked":"ReplayTheSpireMod:Limb From Limb+1","floor":23.0},{"not_picked":["Ghostly Armor","ReplayTheSpireMod:Corrosion Curse"],"picked":"Infernal Blade","floor":28.0},{"not_picked":["ReplayTheSpireMod:Strike From Hell+1","Sword Boomerang+1"],"picked":"Pommel Strike+1","floor":30.0},{"not_picked":["Havoc","Evolve"],"picked":"Sword Boomerang+1","floor":31.0},{"not_picked":["Limit Break","Exhume"],"picked":"Demon Form","floor":33.0},{"not_picked":["True Grit+1","Warcry+1"],"picked":"Heavy Blade+1","floor":34.0},{"not_picked":["Headbutt+1","Thunderclap+1"],"picked":"ReplayTheSpireMod:Stacked+1","floor":35.0},{"not_picked":["Evolve","Havoc+1"],"picked":"Run Through+1","floor":37.0},{"not_picked":["True Grit+1","Whirlwind+1"],"picked":"Feed+1","floor":42.0},{"not_picked":["Thunderclap+1","Cleave+1"],"picked":"Dual Wield+1","floor":45.0},{"not_picked":["Havoc","ReplayTheSpireMod:Strike From Hell+1"],"picked":"Sword Boomerang+1","floor":46.0},{"not_picked":["Wild Strike+1","Feel No Pain+1"],"picked":"Massacre+1","floor":47.0},{"not_picked":["Run Through+1","Havoc"],"picked":"Body Slam+1","floor":48.0}],"player_experience":360378,"relics_obtained":[{"floor":6.0,"key":"Replay:Bottled Snecko"},{"floor":9.0,"key":"Bottled Lightning"},{"floor":13.0,"key":"Nunchaku"},{"floor":17.0,"key":"Bag of Preparation"},{"floor":17.0,"key":"Meat on the Bone"},{"floor":17.0,"key":"Dead Branch"},{"floor":23.0,"key":"Mirror"},{"floor":26.0,"key":"War Paint"},{"floor":28.0,"key":"Pen Nib"},{"floor":38.0,"key":"Ring of Searing"},{"floor":38.0,"key":"ReplayTheSpireMod:Ring of Addiction"},{"floor":38.0,"key":"Toy Ornithopter"},{"floor":38.0,"key":"White Beast Statue"},{"floor":42.0,"key":"Mercury Hourglass"},{"floor":43.0,"key":"ReplayTheSpireMod:Lightbulb"},{"floor":45.0,"key":"Charon\u0027s Ashes"},{"floor":48.0,"key":"HollowMod:PaleOreRelic"}],"event_choices":[{"damage_healed":0.0,"max_hp_gain":0.0,"max_hp_loss":0.0,"gold_gain":0.0,"event_name":"Shining Light","player_choice":"Entered Light","floor":4.0,"gold_loss":0.0,"damage_taken":17.0,"cards_upgraded":["Defend_R","Spot Weakness"]},{"damage_healed":0.0,"max_hp_gain":0.0,"max_hp_loss":0.0,"gold_gain":0.0,"event_name":"Big Fish","player_choice":"Box","floor":10.0,"gold_loss":0.0,"damage_taken":0.0,"relics_obtained":["TungstenRod"],"cards_obtained":["Regret"]},{"damage_healed":0.0,"max_hp_gain":0.0,"max_hp_loss":0.0,"gold_gain":0.0,"event_name":"Scrap Ooze","player_choice":"Success","floor":11.0,"gold_loss":0.0,"damage_taken":7.0,"relics_obtained":["Molten Egg 2"]},{"damage_healed":0.0,"max_hp_gain":0.0,"max_hp_loss":0.0,"gold_gain":0.0,"event_name":"Golden Wing","player_choice":"Ignored","floor":14.0,"gold_loss":0.0,"damage_taken":0.0},{"damage_healed":0.0,"max_hp_gain":0.0,"max_hp_loss":0.0,"gold_gain":0.0,"cards_transformed":["Disarm"],"event_name":"Transmorgrifier","player_choice":"Transformed","floor":25.0,"gold_loss":0.0,"damage_taken":0.0,"cards_obtained":["Twin Strike"]},{"damage_healed":0.0,"max_hp_gain":0.0,"max_hp_loss":0.0,"gold_gain":0.0,"event_name":"Winding Halls","player_choice":"Embrace Madness","floor":39.0,"gold_loss":0.0,"damage_taken":11.0,"cards_obtained":["Madness","Madness"]},{"damage_healed":0.0,"max_hp_gain":0.0,"max_hp_loss":0.0,"gold_gain":0.0,"event_name":"MindBloom","player_choice":"Fight","floor":45.0,"gold_loss":0.0,"damage_taken":0.0}],"is_beta":false,"boss_relics":[{"not_picked":["Painkiller Herb","Kintsugi"],"picked":"Calling Bell"},{"not_picked":["Astrolabe","Replay:Grab Bag"],"picked":"Tiny House"}],"items_purged_floors":[],"is_endless":false,"potions_floor_spawned":[2,5,12,13,18,19,22,23,40,42,45,46,47,48],"killed_by":"Awakened One","ascension_level":2}}