{"host":"hfvpa4llnnjpeawn","time":1608452974,"event":{"mods":["2.2 Compatiblity","AchievementEnabler","Act Like it!","Aspiration","Bard","BaseMod","Beaked The Cultist","Better Sensory Stone","Better Skull","Better Third Choice","BetterRewards","CapriCore","Conspire","Downfall","Elementarium","Energized Spire","Hermit","Hubris","Jorbs\u0027s Wanderer Trilogy","Koishi","Lobotomy","LobotomyExtend","Minty Spire (QoL Compilation)","Replay The Spire","Shade Mod","Spicy Shops","StSLib","The Bladedancer","The Factory","The Gatherer","The Jungle","Waifu the Spire","Wandering Minibosses"],"gold_per_floor":[276,57,57,69,69,84,138,138,208,241,241,289,321,356,356,366,366],"floor_reached":16,"playtime":1273,"items_purged":[],"score":203,"play_id":"9f63b817-ffe4-49fa-837f-6528de338a56","local_time":"20201220032934","is_ascension_mode":true,"campfire_choices":[{"data":"blademaster:RagingBlow","floor":8,"key":"SMITH"},{"data":"blademaster:Reversal","floor":15,"key":"SMITH"}],"circlet_count":0,"master_deck":["blademaster:Strike","blademaster:Strike","blademaster:Strike","blademaster:Strike","blademaster:Defend","blademaster:Defend","blademaster:Defend","blademaster:Defend","blademaster:RagingBlow+1","blademaster:HighVoltage","QueenBee","blademaster:Stability","Porccubus","Injury","SnowQueen","QueenOfHatred","LongBird","blademaster:Havoc","blademaster:Overcharge","blademaster:Reversal+1"],"relics":["blademaster:DancersAmulet","CogitoBucket","LetterFromLob","RedMistMask","OrangePellets","Juzu Bracelet","hubris:Towel","Golden Idol","Replay:Mystery Machine","Replay:Bandana","Tiny Chest","HellTrain","Gambling Chip"],"acts_visited":["Exordium"],"potions_floor_usage":[6,16],"damage_taken":[{"damage":0,"enemies":"Cultist","floor":1,"turns":5},{"damage":2,"enemies":"Small Slimes","floor":4,"turns":3},{"damage":6,"enemies":"Jaw Worm","floor":6,"turns":2},{"damage":0,"enemies":"3 Sentries","floor":10,"turns":2},{"damage":0,"enemies":"Gremlin Nob","floor":12,"turns":2},{"damage":27,"enemies":"Blue Slaver","floor":13,"turns":4},{"damage":0,"enemies":"Lagavulin","floor":14,"turns":4},{"damage":77,"enemies":"The Guardian","floor":16,"turns":5}],"seed_played":"-4044967548556114303","potions_obtained":[{"floor":1,"key":"LiquidMemories"},{"floor":14,"key":"SpeedPotion"}],"is_trial":false,"path_per_floor":["M","$","?","M","?","M","T","R","T","E","?","E","M","E","R","B"],"character_chosen":"THE_BLADEMASTER","items_purchased":["OrangePellets","Juzu Bracelet"],"campfire_rested":0,"item_purchase_floors":[2,2],"current_hp_per_floor":[75,75,75,73,73,67,67,67,67,67,71,75,48,51,51,0,0],"gold":366,"neow_bonus":"","is_daily":false,"chose_seed":false,"campfire_upgraded":2,"win_rate":0.0,"timestamp":1608452974,"path_taken":["M","$","?","M","?","M","?","R","T","E","?","E","M","E","R","BOSS"],"items_purchased_type":["Relic","Relic"],"build_version":"2020-12-13","purchased_purges":0,"victory":false,"max_hp_per_floor":[75,75,75,75,75,75,75,75,75,75,75,75,75,75,75,75,75],"card_choices":[{"not_picked":["VoidDream","MHz"],"picked":"QueenBee","floor":1},{"not_picked":["blademaster:ThunderingOpener","blademaster:KiBarrier"],"picked":"blademaster:Stability","floor":1},{"not_picked":["PunishingBird","OSAHOGD","BeautyBeast"],"picked":"Singing Bowl","floor":4},{"not_picked":["VoidDream","OSAHOGD"],"picked":"Porccubus","floor":4},{"not_picked":["blademaster:Sunder","blademaster:WindSlash","blademaster:SlyStabs"],"picked":"SKIP","floor":4},{"not_picked":["Rudolta","CherryBlossoms"],"picked":"SnowQueen","floor":6},{"not_picked":["blademaster:Cut","blademaster:BrainBloom","blademaster:SlyStabs"],"picked":"SKIP","floor":6},{"not_picked":["SpiderBud","PunishingBird","FieryBird"],"picked":"Singing Bowl","floor":10},{"not_picked":["UniverseFragment","SpiderBud"],"picked":"QueenOfHatred","floor":10},{"not_picked":["blademaster:Quickstep","blademaster:Discharge","blademaster:Stability"],"picked":"SKIP","floor":10},{"not_picked":["WallGazer","NakedNest","SpiderBud"],"picked":"Singing Bowl","floor":12},{"not_picked":["GalaxyChild","Wellcheers"],"picked":"LongBird","floor":12},{"not_picked":["blademaster:Cut","blademaster:Stability"],"picked":"blademaster:Havoc","floor":12},{"not_picked":["OldLady","Freischutz","Funeral"],"picked":"Singing Bowl","floor":13},{"not_picked":["blademaster:SharpBlades","blademaster:Quickness"],"picked":"blademaster:Overcharge","floor":13},{"not_picked":["FairyFestival","WhitesApple"],"picked":"DespairKnight","floor":14},{"not_picked":["blademaster:AwakeningDefend","blademaster:Sharpen"],"picked":"blademaster:Reversal","floor":14}],"player_experience":285007,"relics_obtained":[{"floor":1,"key":"LetterFromLob"},{"floor":1,"key":"RedMistMask"},{"floor":7,"key":"Replay:Mystery Machine"},{"floor":10,"key":"blademaster:FuryEveryTurnPerk"},{"floor":10,"key":"Replay:Bandana"},{"floor":12,"key":"Tiny Chest"},{"floor":12,"key":"blademaster:RandomStancePerk"},{"floor":14,"key":"Gambling Chip"},{"floor":14,"key":"blademaster:FinisherDrawCardPerk"}],"event_choices":[{"damage_healed":0,"gold_gain":0,"player_choice":"Take Wound","damage_taken":0,"relics_obtained":["Golden Idol"],"max_hp_gain":0,"max_hp_loss":0,"event_name":"Golden Idol","floor":5,"gold_loss":0,"cards_obtained":["Injury"]}],"is_beta":false,"boss_relics":[],"items_purged_floors":[],"is_endless":false,"potions_floor_spawned":[1,10,14],"killed_by":"The Guardian","ascension_level":1}}