{"host":"30jsp143e4v19aze","time":1608504065,"event":{"mods":["BaseMod","Colored Map","Colored Powertips","Curses Come First","DeckTracker","Highlight Path","Minty Spire (QoL Compilation)","Quick Restart","Relic Stats","StSLib"],"gold_per_floor":[116,132,145,145,165,165,194,208,208,208,208,248,264,305,305,403,403,422,335,335,55,79,115,115,115,115,143,43,43,0,33,33,112,112,125,125,1124,1143,1155,1182,1182,1201,1249,1249,1264,1264,1295,575,575,575,575,575,575,8,43,43],"floor_reached":57,"playtime":4858,"items_purged":["Injury","Strike_R","Normality","Strike_R"],"score":3047,"play_id":"355d37bc-e38d-4f25-a7a5-6e3747dd23b1","local_time":"20201220234105","is_ascension_mode":true,"campfire_choices":[{"data":"Bludgeon","floor":6,"key":"SMITH"},{"data":"Immolate","floor":10,"key":"SMITH"},{"data":"Bloodletting","floor":15,"key":"SMITH"},{"data":"Strike_R","floor":29,"key":"PURGE"},{"data":"Shockwave","floor":32,"key":"SMITH"},{"floor":41,"key":"RECALL"},{"data":"Normality","floor":49,"key":"PURGE"},{"data":"Strike_R","floor":53,"key":"PURGE"}],"circlet_count":0,"master_deck":["AscendersBane","Defend_R","Defend_R","Defend_R","Bash+1","Second Wind","Bludgeon+1","Immolate+1","Flame Barrier","Demon Form","Shrug It Off","Feel No Pain","Barricade","Sword Boomerang","Bloodletting+1","Corruption","Armaments+1","Shockwave+1","Necronomicurse","Power Through","Burning Pact","Pummel+1","Ghostly","Ghostly","Ghostly","Evolve","Offering","Flame Barrier","Power Through","True Grit+1","Mayhem","Power Through+1"],"relics":["Burning Blood","Juzu Bracelet","Blue Candle","Bloody Idol","Sundial","Pantograph","Philosopher\u0027s Stone","Necronomicon","Peace Pipe","Self Forming Clay","Vajra","Matryoshka","Snecko Eye","Whetstone","Mummified Hand","PreservedInsect","Strange Spoon","Happy Flower","Gremlin Horn","Orrery","Anchor"],"acts_visited":["Exordium","TheCity","TheBeyond","TheEnding"],"potions_floor_usage":[7,12,31,42],"damage_taken":[{"damage":8,"enemies":"Small Slimes","floor":1,"turns":3},{"damage":3,"enemies":"2 Louse","floor":2,"turns":4},{"damage":2,"enemies":"Jaw Worm","floor":3,"turns":3},{"damage":4,"enemies":"3 Louse","floor":5,"turns":2},{"damage":20,"enemies":"3 Sentries","floor":7,"turns":5},{"damage":0,"enemies":"Looter","floor":8,"turns":3},{"damage":11,"enemies":"Lagavulin","floor":12,"turns":7},{"damage":3,"enemies":"Blue Slaver","floor":13,"turns":3},{"damage":8,"enemies":"Gremlin Nob","floor":14,"turns":3},{"damage":33,"enemies":"Slime Boss","floor":16,"turns":6},{"damage":21,"enemies":"Spheric Guardian","floor":18,"turns":4},{"damage":0,"enemies":"Chosen","floor":22,"turns":2},{"damage":18,"enemies":"Gremlin Leader","floor":23,"turns":3},{"damage":0,"enemies":"Slavers","floor":27,"turns":1},{"damage":5,"enemies":"Book of Stabbing","floor":31,"turns":4},{"damage":22,"enemies":"Champ","floor":33,"turns":11},{"damage":5,"enemies":"Orb Walker","floor":35,"turns":3},{"damage":2,"enemies":"3 Darklings","floor":38,"turns":4},{"damage":21,"enemies":"Sphere and 2 Shapes","floor":39,"turns":5},{"damage":6,"enemies":"Nemesis","floor":40,"turns":5},{"damage":4,"enemies":"Maw","floor":42,"turns":6},{"damage":8,"enemies":"Writhing Mass","floor":45,"turns":4},{"damage":1,"enemies":"Giant Head","floor":47,"turns":6},{"damage":6,"enemies":"Awakened One","floor":50,"turns":9},{"damage":6,"enemies":"Donu and Deca","floor":51,"turns":10},{"damage":6,"enemies":"Shield and Spear","floor":55,"turns":6},{"damage":44,"enemies":"The Heart","floor":56,"turns":7}],"seed_played":"-9068804821007238462","potions_obtained":[{"floor":3,"key":"ColorlessPotion"},{"floor":5,"key":"AttackPotion"},{"floor":8,"key":"Swift Potion"},{"floor":13,"key":"FairyPotion"},{"floor":14,"key":"ElixirPotion"},{"floor":16,"key":"PowerPotion"},{"floor":31,"key":"LiquidBronze"},{"floor":35,"key":"LiquidMemories"},{"floor":42,"key":"Block Potion"}],"is_trial":false,"path_per_floor":["M","M","M","?","M","R","E","M","T","R","?","E","M","E","R","B",null,"M","$","?","$","M","E","?","?","T","E","$","R","$","E","R","B",null,"M","?","?","M","M","E","R","M","T","?","M","?","E","$","R","B","B",null,"R","$","E","B",null],"character_chosen":"IRONCLAD","items_purchased":["Shockwave","Power Through","Burning Pact","Pummel","Whirlwind","Strange Spoon","Happy Flower","Gremlin Horn","Orrery","Mayhem","Energy Potion"],"campfire_rested":0,"item_purchase_floors":[19,21,21,21,30,48,48,48,54,54,54],"current_hp_per_floor":[48,51,55,75,75,75,61,67,67,67,67,62,65,63,63,48,68,53,53,32,32,38,26,26,26,26,37,37,37,37,37,37,26,34,37,35,35,35,25,30,30,35,35,35,35,35,35,35,35,35,35,35,35,35,35,9],"gold":43,"neow_bonus":"TRANSFORM_TWO_CARDS","is_daily":false,"chose_seed":false,"campfire_upgraded":4,"win_rate":0.0,"timestamp":1608504065,"path_taken":["M","M","M","?","M","R","E","M","T","R","?","E","M","E","R","BOSS","M","$","?","$","M","E","?","?","T","E","$","R","?","E","R","BOSS","M","?","?","M","M","E","R","M","T","?","M","?","E","$","R","BOSS","BOSS","R","$","E","BOSS"],"items_purchased_type":["Card","Card","Card","Card","Card","Relic","Relic","Relic","Relic","Card","Potion"],"build_version":"2020-12-13","purchased_purges":4,"victory":true,"max_hp_per_floor":[75,75,75,75,75,75,75,75,75,75,75,75,75,75,75,75,75,75,75,75,75,75,75,75,37,37,37,37,37,37,37,37,37,37,37,35,35,35,35,35,35,35,35,35,35,35,35,35,35,35,35,35,35,35,35,35],"relic_stats":{"Happy Flower":[10],"Gremlin Horn":[5,5],"counters":[27,129],"Self Forming Clay":[123],"Blue Candle":[17],"PreservedInsect":77,"Juzu Bracelet":1,"Whetstone":["Bash","Pummel"],"Burning Blood":150,"Peace Pipe":3,"Strange Spoon":[48],"Sundial":[14],"Mummified Hand":[36],"Bloody Idol":27,"Pantograph":12,"Snecko Eye":[103,123,124,92],"Necronomicon":[39],"obtain_stats":[{"Happy Flower":48,"Gremlin Horn":48,"Golden Idol":11,"Self Forming Clay":26,"Blue Candle":9,"Vajra":27,"PreservedInsect":47,"Juzu Bracelet":7,"Whetstone":40,"Burning Blood":0,"Peace Pipe":23,"Strange Spoon":48,"Anchor":55,"Matryoshka":31,"Sundial":12,"Mummified Hand":43,"Pantograph":14,"Bloody Idol":24,"Snecko Eye":34,"Orrery":54,"Philosopher\u0027s Stone":17,"Necronomicon":20},{"Happy Flower":23,"Gremlin Horn":23,"Golden Idol":6,"Self Forming Clay":13,"Blue Candle":6,"Vajra":14,"PreservedInsect":23,"Juzu Bracelet":5,"Whetstone":20,"Burning Blood":0,"Peace Pipe":13,"Strange Spoon":23,"Anchor":26,"Matryoshka":15,"Sundial":7,"Mummified Hand":21,"Pantograph":9,"Bloody Idol":13,"Snecko Eye":16,"Orrery":25,"Philosopher\u0027s Stone":10,"Necronomicon":11},{"Happy Flower":97,"Gremlin Horn":97,"Golden Idol":20,"Self Forming Clay":48,"Blue Candle":20,"Vajra":49,"PreservedInsect":97,"Juzu Bracelet":17,"Whetstone":81,"Burning Blood":0,"Peace Pipe":48,"Strange Spoon":97,"Anchor":122,"Matryoshka":53,"Sundial":27,"Mummified Hand":87,"Pantograph":33,"Bloody Idol":48,"Snecko Eye":64,"Orrery":116,"Philosopher\u0027s Stone":39,"Necronomicon":43}]},"card_choices":[{"not_picked":["Perfected Strike","Blood for Blood","Iron Wave"],"picked":"SKIP","floor":1},{"not_picked":["Warcry","Thunderclap"],"picked":"Immolate","floor":2},{"not_picked":["Fire Breathing","Body Slam"],"picked":"Flame Barrier","floor":3},{"not_picked":["Sword Boomerang","Ghostly Armor"],"picked":"Demon Form","floor":5},{"not_picked":["Metallicize","Combust"],"picked":"Shrug It Off","floor":7},{"not_picked":["Inflame","Reckless Charge"],"picked":"Feel No Pain","floor":8},{"not_picked":["Body Slam","Limit Break"],"picked":"Barricade","floor":12},{"not_picked":["Sentinel","True Grit"],"picked":"Sword Boomerang","floor":13},{"not_picked":["Uppercut","Ghostly Armor"],"picked":"Bloodletting","floor":14},{"not_picked":["Feed","Berserk"],"picked":"Corruption","floor":16},{"not_picked":["Cleave","Hemokinesis"],"picked":"Armaments+1","floor":18},{"not_picked":["Dropkick","Rage","True Grit"],"picked":"SKIP","floor":22},{"not_picked":["Twin Strike","Second Wind","Headbutt+1"],"picked":"SKIP","floor":23},{"not_picked":["Twin Strike","Whirlwind+1"],"picked":"Evolve","floor":27},{"not_picked":["Pommel Strike","Ghostly Armor","Rage"],"picked":"SKIP","floor":31},{"not_picked":["Fiend Fire","Impervious"],"picked":"Offering","floor":33},{"not_picked":["Inflame+1","Sword Boomerang+1","Havoc+1"],"picked":"SKIP","floor":35},{"not_picked":["Body Slam","True Grit","Dropkick"],"picked":"SKIP","floor":38},{"not_picked":["Clothesline","Armaments+1"],"picked":"Flame Barrier","floor":39},{"not_picked":["Uppercut","Blood for Blood","Searing Blow"],"picked":"SKIP","floor":40},{"not_picked":["Warcry","Blood for Blood"],"picked":"Power Through","floor":42},{"not_picked":["Thunderclap","Seeing Red","Cleave"],"picked":"SKIP","floor":45},{"not_picked":["Infernal Blade","Metallicize+1","Pummel+1"],"picked":"SKIP","floor":47},{"not_picked":["Juggernaut","Armaments+1"],"picked":"True Grit+1","floor":54},{"not_picked":["Body Slam","Perfected Strike"],"picked":"Power Through+1","floor":55}],"player_experience":2980425,"relics_obtained":[{"floor":7,"key":"Juzu Bracelet"},{"floor":9,"key":"Blue Candle"},{"floor":12,"key":"Sundial"},{"floor":14,"key":"Pantograph"},{"floor":20,"key":"Necronomicon"},{"floor":23,"key":"Peace Pipe"},{"floor":26,"key":"Self Forming Clay"},{"floor":27,"key":"Vajra"},{"floor":31,"key":"Matryoshka"},{"floor":40,"key":"Whetstone"},{"floor":43,"key":"Mummified Hand"},{"floor":47,"key":"PreservedInsect"},{"floor":55,"key":"Anchor"}],"event_choices":[{"damage_healed":25,"gold_gain":0,"player_choice":"Banana","damage_taken":0,"max_hp_gain":0,"max_hp_loss":0,"event_name":"Big Fish","floor":4,"gold_loss":0},{"damage_healed":0,"gold_gain":0,"player_choice":"Take Wound","damage_taken":0,"relics_obtained":["Golden Idol"],"max_hp_gain":0,"max_hp_loss":0,"event_name":"Golden Idol","floor":11,"gold_loss":0,"cards_obtained":["Injury"]},{"damage_healed":0,"gold_gain":0,"player_choice":"Obtained Book","damage_taken":21,"max_hp_gain":0,"max_hp_loss":0,"event_name":"Cursed Tome","floor":20,"gold_loss":0},{"damage_healed":0,"gold_gain":0,"player_choice":"Gave Idol","damage_taken":0,"relics_obtained":["Bloody Idol"],"max_hp_gain":0,"max_hp_loss":0,"event_name":"Forgotten Altar","floor":24,"relics_lost":["Golden Idol"],"gold_loss":0},{"damage_healed":0,"gold_gain":0,"player_choice":"Became a Ghost","damage_taken":0,"max_hp_gain":0,"max_hp_loss":38,"event_name":"Ghosts","floor":25,"gold_loss":0,"cards_obtained":["Ghostly","Ghostly","Ghostly"]},{"damage_healed":0,"gold_gain":0,"player_choice":"Max HP","damage_taken":0,"max_hp_gain":0,"max_hp_loss":2,"event_name":"Winding Halls","floor":36,"gold_loss":0},{"damage_healed":0,"gold_gain":999,"player_choice":"Gold","damage_taken":0,"max_hp_gain":0,"max_hp_loss":0,"event_name":"MindBloom","floor":37,"gold_loss":0,"cards_obtained":["Normality","Normality"]},{"damage_healed":0,"gold_gain":0,"player_choice":"Ignored","damage_taken":0,"max_hp_gain":0,"max_hp_loss":0,"event_name":"SecretPortal","floor":44,"gold_loss":0},{"cards_removed":["Whirlwind"],"damage_healed":0,"gold_gain":0,"player_choice":"Removed Attack","damage_taken":0,"max_hp_gain":0,"max_hp_loss":0,"event_name":"Falling","floor":46,"gold_loss":0}],"is_beta":false,"boss_relics":[{"not_picked":["Coffee Dripper","SacredBark"],"picked":"Philosopher\u0027s Stone"},{"not_picked":["Runic Pyramid","Runic Dome"],"picked":"Snecko Eye"}],"items_purged_floors":[21,28,48,54],"is_endless":false,"potions_floor_spawned":[3,5,8,13,14,16,18,22,31,35,38,39,42],"ascension_level":20}}