{"host":"ruzbe9usp9zhw4m7","time":1608444837,"event":{"mods":["BaseMod","Colored Map","Downfall","Googly Eyes","Hermit","Marisa????????","Minty Spire (QoL Compilation)","Replay The Spire","StSLib","The Bug Knight","The Cursed","The Disciple","The Servant 0.9.4"],"gold_per_floor":[116,116,131,51,67,67,77,77,77,77,90,125,138,151,151,151,151],"floor_reached":16,"playtime":868,"items_purged":[],"score":104,"play_id":"48993ffe-882e-4d9f-a139-2135064417f9","local_time":"20201220001357","is_ascension_mode":false,"campfire_choices":[{"data":"Infinite Blades","floor":8,"key":"SMITH"},{"floor":10,"key":"RECALL"},{"floor":15,"key":"REST"}],"circlet_count":0,"master_deck":["Strike_G","Strike_G","Strike_G","Strike_G","Strike_G","Defend_G","Defend_G","Defend_G","Defend_G","Survivor","Neutralize","Prepared","Well Laid Plans+1","Infinite Blades+1","Underhanded Strike","Choke","Storm of Steel","Backflip"],"relics":["Ring of the Snake","Ancient Tea Set","Ninja Scroll","Quantum Egg"],"acts_visited":["Exordium"],"potions_floor_usage":[13,16,16],"damage_taken":[{"damage":0,"enemies":"Jaw Worm","floor":1,"turns":5},{"damage":0,"enemies":"Small Slimes","floor":3,"turns":4},{"damage":0,"enemies":"Cultist","floor":5,"turns":4},{"damage":20,"enemies":"3 Louse","floor":7,"turns":3},{"damage":15,"enemies":"Exordium Thugs","floor":11,"turns":5},{"damage":29,"enemies":"Replay:BlueRogue","floor":12,"turns":5},{"damage":0,"enemies":"Looter","floor":13,"turns":1},{"damage":0,"enemies":"Red Slaver","floor":14,"turns":1},{"damage":29,"enemies":"The Guardian","floor":16,"turns":9}],"seed_played":"139141374286110973","potions_obtained":[{"floor":1,"key":"BlessingOfTheForge"},{"floor":7,"key":"Dexterity Potion"},{"floor":12,"key":"Adrenaline Potion"},{"floor":13,"key":"Flashbang"}],"is_trial":false,"path_per_floor":["M","?","M","$","M","?","M","R","T","R","M","E","M","M","R","B"],"character_chosen":"THE_SILENT","items_purchased":["Infinite Blades"],"campfire_rested":1,"item_purchase_floors":[4],"current_hp_per_floor":[70,70,70,70,70,70,50,50,50,50,35,6,6,6,27,0,0],"gold":151,"neow_bonus":"RANDOM_COMMON_RELIC","is_daily":false,"chose_seed":false,"campfire_upgraded":1,"win_rate":0.0,"timestamp":1608444837,"path_taken":["M","?","M","$","M","?","?","R","T","R","M","E","M","M","R","BOSS"],"items_purchased_type":["Card"],"build_version":"2020-12-13","purchased_purges":0,"victory":false,"max_hp_per_floor":[70,70,70,70,70,70,70,70,70,70,70,70,70,70,70,70,70],"card_choices":[{"not_picked":["Blur","PiercingWail"],"picked":"Prepared","floor":1},{"not_picked":["Fluid Movement","Caltrops","ReplayTheSpireMod:Tripwire"],"picked":"SKIP","floor":3},{"not_picked":["Dagger Spray","Skewer"],"picked":"Underhanded Strike","floor":5},{"not_picked":["Deadly Poison","Flying Knee","Tools of the Trade"],"picked":"SKIP","floor":7},{"not_picked":["Leg Sweep","Concentrate"],"picked":"Choke","floor":11},{"not_picked":["Poisoned Stab","Blur"],"picked":"Storm of Steel","floor":12},{"not_picked":["Quick Slash","Infinite Blades"],"picked":"Backflip","floor":13},{"not_picked":["Caltrops","Poisoned Stab","Deflect"],"picked":"SKIP","floor":14}],"player_experience":660800,"relics_obtained":[{"floor":12,"key":"Quantum Egg"}],"event_choices":[{"damage_healed":0,"gold_gain":0,"player_choice":"Gave Potion","damage_taken":0,"relics_obtained":["Ninja Scroll"],"max_hp_gain":0,"max_hp_loss":0,"event_name":"WeMeetAgain","floor":6,"gold_loss":0}],"is_beta":false,"boss_relics":[],"items_purged_floors":[],"is_endless":false,"potions_floor_spawned":[1,7,12,13],"killed_by":"The Guardian","ascension_level":0}}