{"host":"an6uhul3yec8m0jh","time":1608465095,"event":{"mods":["ATMod(°¢èªMod)","Act Like it!","BaseMod","Colored Map","Colored Powertips","Gensokyo","Highlight Path","Minty Spire (QoL Compilation)","Quick Restart","StSLib","Waifu the Spire","noobMod"],"gold_per_floor":[115,115,40,66,81,81,108,108,135,153,488,488,488,488,488,587,587,991,394,274,274,3,3,241,91,171,181,213,213,213,230,230,332,332,347,347,394,13,29,62,62,76,76,76,76,94,106,121,121,498,498,498,71,101,101],"floor_reached":56,"playtime":4800,"items_purged":["Defend_P","Defend_P","Strike_P","Strike_P","Madness+1"],"score":1741,"play_id":"d2bbecda-8466-43e1-bbcb-d905315f96f3","local_time":"20201220195135","is_ascension_mode":true,"campfire_choices":[{"data":"Eruption","floor":8.0,"key":"SMITH"},{"floor":12.0,"key":"REST"},{"data":"EmptyMind","floor":15.0,"key":"SMITH"},{"data":"AT_LightSaberMaster","floor":23.0,"key":"SMITH"},{"floor":29.0,"key":"REST"},{"data":"Scrawl","floor":32.0,"key":"SMITH"},{"floor":41.0,"key":"RECALL"},{"floor":49.0,"key":"REST"},{"floor":52.0,"key":"REST"}],"circlet_count":0,"master_deck":["Strike_P+1","Strike_P+1","Defend_P+1","Defend_P+1","Eruption+1","AT_DivineConfetti+1","DevaForm+1","LessonLearned+1","EmptyFist+1","EmptyMind+1","MasterReality+1","AT_LightSaberMaster+1","Scrawl+1","FearNoEvil+1","DeusExMachina+1","Wallop+1","Madness+1","Fasting2+1","TalkToTheHand+1","AT_ChampionStep","Purity+1","Scrawl+1","CutThroughFate+1"],"relics":["PureWater","ice","AT_ATBox","NeowsBlessing","Gensokyo:OccultBall","Matryoshka","Pantograph","Vajra","Juzu Bracelet","Ornamental Fan","Strawberry","VioletLotus","AT_ForceNature","Pen Nib","Gensokyo:SpiderMask","Lee\u0027s Waffle","Singing Bowl","Bottled Lightning","White Beast Statue","Mummified Hand","Gensokyo:MosesMiracle","Fusion Hammer","Du-Vu Doll","Orrery","Bag of Preparation","War Paint","DollysMirror","Damaru"],"acts_visited":["Gensokyo:Gensokyo","Gensokyo:Gensokyoer","TheBeyond","TheEnding"],"potions_floor_usage":[55,55],"damage_taken":[{"damage":0.0,"enemies":"Gensokyo:Python","floor":1.0,"turns":1.0},{"damage":0.0,"enemies":"Gensokyo:Aya","floor":4.0,"turns":1.0},{"damage":0.0,"enemies":"Gensokyo:3_Fairies","floor":5.0,"turns":1.0},{"damage":25.0,"enemies":"Gensokyo:Cirno","floor":7.0,"turns":7.0},{"damage":0.0,"enemies":"Gensokyo:2_Kodama","floor":10.0,"turns":2.0},{"damage":46.0,"enemies":"Gensokyo:Mamizou","floor":11.0,"turns":6.0},{"damage":42.0,"enemies":"Gensokyo:Kokoro","floor":16.0,"turns":8.0},{"damage":50.0,"enemies":"Gensokyo:Chomper","floor":18.0,"turns":4.0},{"damage":41.0,"enemies":"Gensokyo:Koishi","floor":24.0,"turns":3.0},{"damage":33.0,"enemies":"Gensokyo:3_Dogs","floor":27.0,"turns":4.0},{"damage":12.0,"enemies":"Gensokyo:Reisen","floor":28.0,"turns":4.0},{"damage":0.0,"enemies":"Gensokyo:Chomper_and_Gloop","floor":31.0,"turns":1.0},{"damage":77.0,"enemies":"Gensokyo:Eternal_Rivals","floor":33.0,"turns":9.0},{"damage":0.0,"enemies":"Orb Walker","floor":35.0,"turns":1.0},{"damage":4.0,"enemies":"2 Orb Walkers","floor":37.0,"turns":3.0},{"damage":0.0,"enemies":"3 Darklings","floor":39.0,"turns":2.0},{"damage":0.0,"enemies":"Nemesis","floor":40.0,"turns":1.0},{"damage":0.0,"enemies":"Writhing Mass","floor":42.0,"turns":1.0},{"damage":0.0,"enemies":"Sphere and 2 Shapes","floor":46.0,"turns":1.0},{"damage":0.0,"enemies":"4 Shapes","floor":47.0,"turns":2.0},{"damage":0.0,"enemies":"Maw","floor":48.0,"turns":2.0},{"damage":29.0,"enemies":"Awakened One","floor":50.0,"turns":4.0},{"damage":0.0,"enemies":"Shield and Spear","floor":54.0,"turns":2.0},{"damage":0,"enemies":"The Heart","floor":55,"turns":3}],"seed_played":"4132828187661406660","potions_obtained":[{"floor":1.0,"key":"Regen Potion"},{"floor":5.0,"key":"Energy Potion"},{"floor":11.0,"key":"FairyPotion"},{"floor":16.0,"key":"SteroidPotion"},{"floor":24.0,"key":"LiquidBronze"},{"floor":27.0,"key":"FearPotion"},{"floor":31.0,"key":"Block Potion"},{"floor":33.0,"key":"GamblersBrew"},{"floor":35.0,"key":"Block Potion"},{"floor":39.0,"key":"Strength Potion"},{"floor":42.0,"key":"EntropicBrew"},{"floor":48.0,"key":"EssenceOfSteel"},{"floor":54.0,"key":"Ancient Potion"}],"is_trial":false,"path_per_floor":["M","?","$","?","M","?","E","R","T","M","E","R","?","?","R","B",null,"M","$","?","?","$","R","E","$","T","M","E","R","?","M","R","B",null,"M","?","?","$","M","E","R","M","T","?","?","M","M","M","R","B",null,"R","$","E","B",null],"character_chosen":"WATCHER","items_purchased":["AT_ForceNature","Pen Nib","AT_LightSaberMaster","Lee\u0027s Waffle","Orrery","AT_ChampionStep","Bag of Preparation","DollysMirror","CutThroughFate","Swift Potion"],"campfire_rested":4,"item_purchase_floors":[19,19,19,22,38,38,38,53,53,53],"current_hp_per_floor":[72,72,72,72,72,72,62,62,62,62,16,37,37,34,34,17,79,29,29,29,29,86,86,47,47,47,14,4,31,31,33,33,72,93,93,81,79,85,87,89,89,91,91,91,90,92,94,96,119,90,119,119,119,121,121],"gold":101,"neow_bonus":"THREE_ENEMY_KILL","is_daily":false,"chose_seed":false,"campfire_upgraded":4,"win_rate":0.0,"timestamp":1608465095,"path_taken":["M","?","$","?","?","?","E","R","T","M","E","R","?","?","R","BOSS","M","$","?","?","$","R","E","?","T","M","E","R","?","M","R","BOSS","M","?","?","$","M","E","R","M","T","?","?","M","M","M","R","BOSS","R","$","E","BOSS"],"items_purchased_type":["Relic","Relic","Card","Relic","Relic","Card","Relic","Relic","Card","Potion"],"build_version":"2020-12-13","purchased_purges":5,"victory":true,"max_hp_per_floor":[72,72,72,72,72,72,72,72,72,72,72,72,72,79,79,79,79,79,79,79,79,86,86,88,88,88,88,90,90,90,92,92,93,93,93,93,97,103,105,107,107,109,109,109,113,115,117,119,119,119,119,119,119,121,121],"card_choices":[{"not_picked":["Collect","SashWhip"],"picked":"AT_DivineConfetti","floor":1.0},{"not_picked":["Prostrate","CutThroughFate"],"picked":"DevaForm","floor":4.0},{"not_picked":["WaveOfTheHand","ThirdEye"],"picked":"FlurryOfBlows","floor":5.0},{"not_picked":["Collect","Swivel"],"picked":"LessonLearned","floor":7.0},{"not_picked":["Consecrate","ThirdEye"],"picked":"EmptyFist","floor":10.0},{"not_picked":["Protect","Indignation"],"picked":"EmptyMind","floor":11.0},{"not_picked":["Blasphemy","LessonLearned"],"picked":"MasterReality","floor":16.0},{"not_picked":["EmptyBody","Perseverance","Weave"],"picked":"SKIP","floor":18.0},{"not_picked":["Protect","FlyingSleeves+1","Meditate"],"picked":"Singing Bowl","floor":24.0},{"not_picked":["Halt","ConjureBlade"],"picked":"FearNoEvil","floor":27.0},{"not_picked":["MentalFortress","Evaluate","Judgement"],"picked":"Singing Bowl","floor":28.0},{"not_picked":["Prostrate","Indignation","Weave"],"picked":"Singing Bowl","floor":31.0},{"not_picked":["Establishment","AT_RealColorLess"],"picked":"DeusExMachina","floor":33.0},{"not_picked":["ThirdEye+1","SandsOfTime+1"],"picked":"Wallop+1","floor":35.0},{"not_picked":["FollowUp","ThirdEye","SashWhip"],"picked":"Singing Bowl","floor":37.0},{"not_picked":["ThirdEye","FollowUp+1","Perseverance"],"picked":"Singing Bowl","floor":38.0},{"not_picked":["Judgement","DeceiveReality+1"],"picked":"Fasting2+1","floor":38.0},{"not_picked":["WheelKick+1","AT_OneInchPunch+1"],"picked":"TalkToTheHand+1","floor":38.0},{"not_picked":["Consecrate+1","Nirvana+1","FlurryOfBlows"],"picked":"Singing Bowl","floor":38.0},{"not_picked":["Worship","EmptyFist+1","Consecrate"],"picked":"Singing Bowl","floor":38.0},{"not_picked":["LikeWater+1","PathToVictory+1","Sanctity+1"],"picked":"Singing Bowl","floor":39.0},{"not_picked":["BowlingBash","Conclude+1","ThirdEye"],"picked":"Singing Bowl","floor":40.0},{"not_picked":["Evaluate+1","Protect","FlurryOfBlows"],"picked":"Singing Bowl","floor":42.0},{"not_picked":["Jack Of All Trades","AT_PowerWithin"],"picked":"Purity","floor":45.0},{"not_picked":["Magnetism","Blind","AT_PowerWithin"],"picked":"Singing Bowl","floor":45.0},{"not_picked":["AT_PowerWithin","Sadistic Nature","AT_BreakingExtremeWeapon"],"picked":"Singing Bowl","floor":45.0},{"not_picked":["ThirdEye+1","JustLucky+1","FlurryOfBlows"],"picked":"Singing Bowl","floor":46.0},{"not_picked":["EmptyFist+1","FlurryOfBlows","Swivel+1"],"picked":"Singing Bowl","floor":47.0},{"not_picked":["ThirdEye","Wireheading+1","BowlingBash+1"],"picked":"Singing Bowl","floor":48.0},{"not_picked":["AT_DivineConfetti","CarveReality+1","ClearTheMind+1"],"picked":"Singing Bowl","floor":54.0}],"player_experience":135631,"relics_obtained":[{"floor":4.0,"key":"Matryoshka"},{"floor":7.0,"key":"Pantograph"},{"floor":9.0,"key":"Vajra"},{"floor":9.0,"key":"Juzu Bracelet"},{"floor":11.0,"key":"Ornamental Fan"},{"floor":16.0,"key":"Gensokyo:OccultBall"},{"floor":24.0,"key":"Singing Bowl"},{"floor":26.0,"key":"Bottled Lightning"},{"floor":26.0,"key":"White Beast Statue"},{"floor":27.0,"key":"Gensokyo:OccultBall"},{"floor":28.0,"key":"Mummified Hand"},{"floor":33.0,"key":"Gensokyo:OccultBall"},{"floor":35.0,"key":"Gensokyo:MosesMiracle"},{"floor":37.0,"key":"Du-Vu Doll"},{"floor":40.0,"key":"War Paint"},{"floor":47.0,"key":"Gensokyo:OccultBall"},{"floor":54.0,"key":"Damaru"},{"floor":54.0,"key":"Gensokyo:OccultBall"}],"event_choices":[{"damage_healed":0.0,"max_hp_gain":0.0,"max_hp_loss":0.0,"gold_gain":0.0,"event_name":"Winding Halls","player_choice":"Embrace Madness","floor":36.0,"gold_loss":0.0,"damage_taken":12.0,"cards_obtained":["Madness","Madness"]},{"damage_healed":0.0,"max_hp_gain":0.0,"max_hp_loss":0.0,"gold_gain":0.0,"event_name":"Mysterious Sphere","player_choice":"Fight","floor":37.0,"gold_loss":0.0,"damage_taken":0.0},{"cards_removed":["Vigilance"],"damage_healed":0.0,"max_hp_gain":0.0,"max_hp_loss":0.0,"gold_gain":0.0,"event_name":"Falling","player_choice":"Removed Skill","floor":44.0,"gold_loss":0.0,"damage_taken":0.0},{"damage_healed":0.0,"max_hp_gain":0.0,"max_hp_loss":0.0,"gold_gain":0.0,"event_name":"SensoryStone","player_choice":"Memory 3","floor":45.0,"gold_loss":0.0,"damage_taken":10.0}],"is_beta":false,"boss_relics":[{"not_picked":["Calling Bell","Black Star"],"picked":"VioletLotus"},{"not_picked":["Runic Pyramid","Snecko Eye"],"picked":"Fusion Hammer"}],"items_purged_floors":[3,19,22,25,53],"is_endless":false,"potions_floor_spawned":[1,5,11,16,24,27,28,31,33,35,37,39,40,42,46,47,48,54],"ascension_level":4}}