{"host":"ek3xvuouaw6vk9if","time":1608446966,"event":{"mods":["BaseMod","BetterRewards","Downfall","Minty Spire (QoL Compilation)","Permanent Neow","Quick Restart","Replay The Spire","StSLib"],"gold_per_floor":[109,125,139,139,151,179,194,194,217,248,248,112,123,137,137,214,214,225,225,149,166,166,166,166],"floor_reached":23,"playtime":704,"items_purged":["Strike_B"],"score":345,"play_id":"2fc17cc1-12a2-4927-bd3e-bbc50051d056","local_time":"20201220014926","is_ascension_mode":true,"campfire_choices":[{"floor":15,"key":"REST"}],"circlet_count":0,"master_deck":["AscendersBane","Strike_B","Strike_B","Strike_B","Defend_B","Defend_B","Defend_B","Defend_B","Zap","Dualcast","Sickly","Electrodynamics","Crystallizer","Barrage","Rebound","Chill","Barrage","Conserve Battery","Core Surge","Leap","Leap","Sweeping Beam","Ball Lightning","Creative AI","BootSequence","Capacitor","Coolheaded+1"],"relics":["Cracked Core","Smiling Mask","Lantern","PreservedInsect","Runic Dome"],"acts_visited":["Exordium","TheCity"],"potions_floor_usage":[6,10],"damage_taken":[{"damage":0,"enemies":"2 Louse","floor":1,"turns":1},{"damage":6,"enemies":"Jaw Worm","floor":2,"turns":4},{"damage":12,"enemies":"Small Slimes","floor":3,"turns":3},{"damage":16,"enemies":"Red Slaver","floor":5,"turns":3},{"damage":20,"enemies":"Gremlin Nob","floor":6,"turns":4},{"damage":9,"enemies":"Blue Slaver","floor":7,"turns":3},{"damage":16,"enemies":"Lagavulin","floor":10,"turns":5},{"damage":2,"enemies":"Large Slime","floor":13,"turns":5},{"damage":0,"enemies":"Red Slaver","floor":14,"turns":4},{"damage":23,"enemies":"Fading Forest","floor":16,"turns":11},{"damage":10,"enemies":"Chosen","floor":18,"turns":4},{"damage":27,"enemies":"2 Thieves","floor":21,"turns":3},{"damage":20,"enemies":"Gremlin Leader","floor":23,"turns":3}],"seed_played":"-3089120010980750162","potions_obtained":[{"floor":2,"key":"Block Potion"},{"floor":3,"key":"Elixir"},{"floor":7,"key":"FearPotion"},{"floor":10,"key":"PotionOfCapacity"},{"floor":18,"key":"CultistPotion"},{"floor":21,"key":"Swift Potion"}],"is_trial":false,"path_per_floor":["M","M","M","?","M","E","M","?","T","E","?","$","M","M","R","B",null,"M","?","$","M","?","E"],"character_chosen":"DEFECT","items_purchased":["Leap","Sweeping Beam","Capacitor"],"campfire_rested":1,"item_purchase_floors":[12,12,20],"current_hp_per_floor":[64,58,46,46,30,10,1,24,24,8,8,8,6,6,27,10,56,46,46,46,19,19,0,0],"gold":166,"neow_bonus":"THREE_RARE_CARDS","is_daily":false,"chose_seed":false,"campfire_upgraded":0,"win_rate":0.0,"timestamp":1608446966,"path_taken":["M","M","M","?","M","E","M","?","T","E","?","$","M","M","R","BOSS","M","?","$","M","?","E"],"items_purchased_type":["Card","Card","Card"],"build_version":"2020-12-13","purchased_purges":1,"victory":false,"max_hp_per_floor":[71,71,71,71,71,71,71,71,71,71,71,71,71,71,71,71,71,71,71,71,71,71,71,71],"card_choices":[{"not_picked":["Thunder Strike","Meteor Strike"],"picked":"Electrodynamics","floor":0},{"not_picked":["FTL","Leap"],"picked":"Crystallizer","floor":1},{"not_picked":["Stack","Gash"],"picked":"Barrage","floor":2},{"not_picked":["ReplayTheSpireMod:Omega Cannon","Go for the Eyes"],"picked":"Rebound","floor":3},{"not_picked":["Skim","Undo"],"picked":"Chill","floor":5},{"not_picked":["Turbo","Gash"],"picked":"Barrage","floor":6},{"not_picked":["Turbo","Gash"],"picked":"Conserve Battery","floor":7},{"not_picked":["Hologram","Fission"],"picked":"Core Surge","floor":10},{"not_picked":["Redo","Skim"],"picked":"Ball Lightning","floor":13},{"not_picked":["Storm","Reprogram","Streamline"],"picked":"SKIP","floor":14},{"not_picked":["Machine Learning","Core Surge"],"picked":"Creative AI","floor":16},{"not_picked":["Blizzard","Streamline"],"picked":"BootSequence","floor":18},{"not_picked":["Gash","Hello World"],"picked":"Coolheaded+1","floor":21}],"player_experience":695576,"relics_obtained":[{"floor":6,"key":"Smiling Mask"},{"floor":9,"key":"Lantern"},{"floor":10,"key":"PreservedInsect"}],"event_choices":[{"damage_healed":0,"gold_gain":0,"player_choice":"Ignored","damage_taken":0,"max_hp_gain":0,"max_hp_loss":0,"event_name":"Golden Idol","floor":4,"gold_loss":0},{"damage_healed":23,"gold_gain":0,"player_choice":"Banana","damage_taken":0,"max_hp_gain":0,"max_hp_loss":0,"event_name":"Big Fish","floor":8,"gold_loss":0},{"damage_healed":0,"gold_gain":0,"player_choice":"Ignored","damage_taken":0,"max_hp_gain":0,"max_hp_loss":0,"event_name":"Vampires","floor":19,"gold_loss":0},{"damage_healed":0,"gold_gain":0,"player_choice":"Ignored","damage_taken":0,"max_hp_gain":0,"max_hp_loss":0,"event_name":"Ghosts","floor":22,"gold_loss":0}],"is_beta":false,"boss_relics":[{"not_picked":["Kintsugi","Philosopher\u0027s Stone"],"picked":"Runic Dome"}],"items_purged_floors":[12],"is_endless":false,"potions_floor_spawned":[2,3,7,10,18,21],"killed_by":"Gremlin Leader","ascension_level":14}}