{"host":"ln38befi3ugo1bsw","time":1608437093,"event":{"mods":["BaseMod","BetterRewards","Colored Map","Colored Powertips","Downfall","Hermit","Jorbs\u0027s Wanderer Trilogy","Lobotomy","Marisa????????","Minty Spire (QoL Compilation)","READ ME - Guardian Mod","READ ME - Snecko Mod","StSLib","SuperFastMode","The Cursed","The Servant 0.9.4"],"gold_per_floor":[112,130,147,163,163,189,189,199,225,75,40,65,65,78,78,177,177,194,293,312,312,323,355,355,277,349,364,364,398,408,248,248,351,351,368,368,368,394,31,58,58,58,128,128,139,139,154,180,180,180],"floor_reached":51,"playtime":3797,"items_purged":["Wraith"],"score":778,"play_id":"66543936-b1ce-4037-8ff9-4ec80a90dc8c","local_time":"20201219230453","is_ascension_mode":false,"campfire_choices":[{"data":"Feed","floor":7.0,"key":"SMITH"},{"data":"Uppercut","floor":13.0,"key":"SMITH"},{"data":"Juggernaut","floor":15.0,"key":"SMITH"},{"data":"Headbutt","floor":24.0,"key":"SMITH"},{"data":"Bash","floor":32,"key":"SMITH"},{"data":"Demon Form","floor":41,"key":"SMITH"},{"data":"Impervious","floor":44,"key":"SMITH"},{"data":"Shrug It Off","floor":49,"key":"SMITH"}],"circlet_count":0,"master_deck":["Strike_R","Strike_R","Strike_R","Strike_R","Defend_R","Defend_R","Defend_R","Defend_R","Bash+1","Juggernaut+1","Uppercut+1","Headbutt+1","Feed+1","Pommel Strike","Carnage","Pummel+1","Cleave+1","Iron Wave+1","Thunderclap+1","Impervious+1","Warcry","Reaper+1","Armaments+1","Shrug It Off+1","Uppercut+1","Rampage+1","Anger+1","Demon Form+1","Rampage+1","Seeing Red+1","Cleave+1","Blood for Blood+1"],"relics":["Burning Blood","Molten Egg 2","Tiny Chest","ClockworkSouvenir","Blood Vial","Velvet Choker","Mercury Hourglass","Bronze Scales","Bottled Lightning","Anchor","Coffee Dripper","Centennial Puzzle","Thread and Needle","Mango","Bottled Flame","StoneCalendar"],"acts_visited":["Exordium","TheCity","TheBeyond"],"potions_floor_usage":[33,33,48,50],"damage_taken":[{"damage":1.0,"enemies":"Cultist","floor":1.0,"turns":4.0},{"damage":5.0,"enemies":"Small Slimes","floor":2.0,"turns":4.0},{"damage":6.0,"enemies":"2 Louse","floor":3.0,"turns":2.0},{"damage":11.0,"enemies":"Blue Slaver","floor":4.0,"turns":4.0},{"damage":25.0,"enemies":"Gremlin Nob","floor":6.0,"turns":4.0},{"damage":5.0,"enemies":"Looter","floor":8.0,"turns":2.0},{"damage":34.0,"enemies":"Lagavulin","floor":12.0,"turns":6.0},{"damage":0.0,"enemies":"Exordium Wildlife","floor":14.0,"turns":2.0},{"damage":57.0,"enemies":"Hexaghost","floor":16.0,"turns":9.0},{"damage":10.0,"enemies":"Chosen","floor":18.0,"turns":3.0},{"damage":24.0,"enemies":"2 Thieves","floor":20.0,"turns":4.0},{"damage":19.0,"enemies":"Shelled Parasite and Fungi","floor":22.0,"turns":5.0},{"damage":19.0,"enemies":"Slavers","floor":23.0,"turns":5.0},{"damage":13,"enemies":"Snecko","floor":27,"turns":4},{"damage":14,"enemies":"Book of Stabbing","floor":29,"turns":4},{"damage":17,"enemies":"Centurion and Healer","floor":30,"turns":5},{"damage":108,"enemies":"Collector","floor":33,"turns":9},{"damage":8,"enemies":"Orb Walker","floor":35,"turns":3},{"damage":0,"enemies":"Nemesis","floor":40,"turns":5},{"damage":18,"enemies":"3 Darklings","floor":45,"turns":4},{"damage":17,"enemies":"Jaw Worm Horde","floor":47,"turns":4},{"damage":14,"enemies":"Reptomancer","floor":48,"turns":5},{"damage":118,"enemies":"Donu and Deca","floor":50,"turns":8}],"seed_played":"-3023761081423650264","potions_obtained":[{"floor":1.0,"key":"Fire Potion"},{"floor":3.0,"key":"LiquidMemories"},{"floor":6.0,"key":"GamblersBrew"},{"floor":22.0,"key":"BloodPotion"},{"floor":27,"key":"Swift Potion"},{"floor":33,"key":"BloodPotion"},{"floor":35,"key":"Dexterity Potion"},{"floor":48,"key":"FearPotion"}],"is_trial":false,"path_per_floor":["M","M","M","M","?","E","R","M","T","$","?","E","R","M","R","B",null,"M","?","M","T","M","E","R","$","T","M","?","E","M","$","R","B",null,"M","?","?","T","$","E","R","?","T","R","M","?","M","E","R","B",null],"character_chosen":"IRONCLAD","items_purchased":["ClockworkSouvenir","Uppercut+1","Reaper+1","Thread and Needle"],"campfire_rested":0,"item_purchase_floors":[10,25,31,39],"current_hp_per_floor":[80,80,80,75,75,56,56,57,57,57,77,53,53,65,65,20,92,92,92,80,80,73,74,74,74,74,69,69,63,64,64,64,17,108,110,110,110,110,110,126,126,136,136,136,127,127,118,127,127,48],"gold":180,"neow_bonus":"ONE_RANDOM_RARE_CARD","is_daily":false,"chose_seed":false,"campfire_upgraded":8,"win_rate":0.0,"timestamp":1608437093,"path_taken":["M","M","M","M","?","E","R","M","T","?","?","E","R","M","R","BOSS","M","?","M","?","M","E","R","$","T","M","?","E","M","$","R","BOSS","M","?","?","?","$","E","R","?","T","R","?","?","M","E","R","BOSS"],"items_purchased_type":["Relic","Card","Card","Relic"],"build_version":"2020-12-13","purchased_purges":1,"victory":true,"max_hp_per_floor":[80,80,80,80,80,80,80,80,80,80,80,84,84,88,88,92,92,96,96,100,100,104,108,108,108,108,108,108,108,108,108,108,108,108,112,112,112,112,112,126,126,136,136,136,136,136,136,136,136,140],"card_choices":[{"not_picked":["Reckless Charge","Rupture"],"picked":"Uppercut","floor":1.0},{"not_picked":["Clash","Pommel Strike"],"picked":"Headbutt","floor":2.0},{"not_picked":["Metallicize","Second Wind"],"picked":"Feed","floor":3.0},{"not_picked":["Body Slam","Pummel"],"picked":"Pommel Strike","floor":4.0},{"not_picked":["Power Through","Warcry"],"picked":"Pummel+1","floor":6.0},{"not_picked":["Flex","Searing Blow+1"],"picked":"Cleave+1","floor":8.0},{"not_picked":["Fiend Fire+1","Whirlwind+1"],"picked":"Iron Wave+1","floor":12.0},{"not_picked":["Pommel Strike+1","Headbutt+1"],"picked":"Thunderclap+1","floor":14.0},{"not_picked":["Barricade","Berserk"],"picked":"Impervious","floor":16.0},{"not_picked":["Headbutt+1","Dark Embrace"],"picked":"Warcry","floor":18.0},{"not_picked":["Warcry+1","Battle Trance"],"picked":"Reaper+1","floor":20.0},{"not_picked":["Headbutt+1","Clash+1"],"picked":"Armaments+1","floor":22.0},{"not_picked":["Body Slam+1","Carnage+1"],"picked":"Shrug It Off","floor":23.0},{"not_picked":["Entrench+1","Dark Embrace+1"],"picked":"Cleave+1","floor":27},{"not_picked":["Metallicize","Second Wind+1"],"picked":"Rampage+1","floor":29},{"not_picked":["Sever Soul+1","True Grit"],"picked":"Anger+1","floor":30},{"not_picked":["Reaper+1","Offering"],"picked":"Demon Form","floor":33},{"not_picked":["True Grit+1","Pummel+1"],"picked":"Rampage+1","floor":35},{"not_picked":["Iron Wave+1","Whirlwind+1"],"picked":"Seeing Red+1","floor":40},{"not_picked":["Pommel Strike+1","Clothesline+1"],"picked":"Cleave+1","floor":45},{"not_picked":["Perfected Strike+1","Battle Trance"],"picked":"Blood for Blood+1","floor":47},{"not_picked":["Searing Blow+1","Pommel Strike+1","Clothesline+1"],"picked":"SKIP","floor":48}],"player_experience":27561,"relics_obtained":[{"floor":6.0,"key":"Molten Egg 2"},{"floor":9.0,"key":"Tiny Chest"},{"floor":12.0,"key":"Blood Vial"},{"floor":21.0,"key":"Mercury Hourglass"},{"floor":23.0,"key":"Bronze Scales"},{"floor":26.0,"key":"Bottled Lightning"},{"floor":29,"key":"Anchor"},{"floor":38,"key":"Centennial Puzzle"},{"floor":40,"key":"Mango"},{"floor":43,"key":"Bottled Flame"},{"floor":48,"key":"StoneCalendar"}],"event_choices":[{"damage_healed":0.0,"max_hp_gain":0.0,"max_hp_loss":0.0,"gold_gain":0.0,"cards_transformed":["Strike_R"],"event_name":"Transmorgrifier","player_choice":"Transformed","floor":5.0,"gold_loss":0.0,"damage_taken":0.0,"cards_obtained":["Carnage"]},{"damage_healed":20.0,"max_hp_gain":0.0,"max_hp_loss":0.0,"gold_gain":0.0,"event_name":"The Cleric","player_choice":"Healed","floor":11.0,"gold_loss":35.0,"damage_taken":0.0},{"damage_healed":0.0,"max_hp_gain":0.0,"max_hp_loss":0.0,"gold_gain":99.0,"event_name":"Nest","player_choice":"Stole From Cult","floor":19.0,"gold_loss":0.0,"damage_taken":0.0},{"damage_healed":0,"gold_gain":0,"player_choice":"Ignored","damage_taken":0,"max_hp_gain":0,"max_hp_loss":0,"event_name":"Ghosts","floor":28,"gold_loss":0},{"damage_healed":0,"gold_gain":0,"player_choice":"Ignored","damage_taken":0,"max_hp_gain":0,"max_hp_loss":0,"event_name":"Tomb of Lord Red Mask","floor":36,"gold_loss":0},{"damage_healed":0,"gold_gain":0,"player_choice":"Ignored","damage_taken":0,"max_hp_gain":0,"max_hp_loss":0,"event_name":"OrinTheCat","floor":37,"gold_loss":0},{"cards_removed":["Reaper"],"damage_healed":0,"gold_gain":0,"player_choice":"Offered Rare","damage_taken":0,"max_hp_gain":10,"max_hp_loss":0,"event_name":"Bonfire Elementals","floor":42,"gold_loss":0},{"cards_removed":["Cleave"],"damage_healed":0,"gold_gain":0,"player_choice":"Removed Attack","damage_taken":0,"max_hp_gain":0,"max_hp_loss":0,"event_name":"Falling","floor":46,"gold_loss":0}],"is_beta":false,"boss_relics":[{"not_picked":["Astrolabe","Fusion Hammer"],"picked":"Velvet Choker"},{"not_picked":["Runic Cube","Tiny House"],"picked":"Coffee Dripper"}],"items_purged_floors":[39],"is_endless":false,"potions_floor_spawned":[1,3,6,22,27,29,33,35,47,48],"ascension_level":0}}