{"host":"m3herrhkesxm9ooc","time":1608456488,"event":{"mods":["BaseMod","Hermit","Minty Spire (QoL Compilation)","StSLib","The Hierophant"],"gold_per_floor":[115,133,133,143,143,175,175,188,214,290,302,27,46,63,63,139,139,170,170,170,182,199,199,226,242,242,242,242,192,3,23,23,23,23],"floor_reached":33,"playtime":913,"items_purged":[],"score":599,"play_id":"ed2d9703-d269-480b-bd88-a7d90a2a06ef","local_time":"20201220182808","is_ascension_mode":true,"campfire_choices":[{"floor":7,"key":"REST"},{"floor":15,"key":"REST"},{"floor":23,"key":"REST"},{"floor":28,"key":"REST"},{"floor":32,"key":"REST"}],"circlet_count":0,"master_deck":["AscendersBane","hermit:Strike_Hermit","hermit:Strike_Hermit","hermit:Strike_Hermit","hermit:Strike_Hermit","hermit:Defend_Hermit+1","hermit:Defend_Hermit","hermit:Defend_Hermit","hermit:Defend_Hermit","hermit:Snapshot+1","hermit:Covet","hermit:Determination","hermit:HighCaliber","hermit:CursedWeapon","hermit:DeadOrAlive+1","hermit:Deadeye","hermit:BodyArmor","hermit:NoHoldsBarred","hermit:Quickdraw","hermit:BlackWind+1","hermit:Ricochet","RitualDagger","hermit:ShadowCloak","hermit:Headshot","hermit:WideOpen","hermit:Snipe","hermit:FlashPowder","hermit:Feint"],"relics":["hermit:Momento","NeowsBlessing","Bronze Scales","MawBank","Bag of Marbles","Ginger","Black Star","Nilry\u0027s Codex","Lizard Tail","Regal Pillow","Tiny Chest","Strange Spoon"],"acts_visited":["Exordium","TheCity"],"potions_floor_usage":[6,6,8,10,16,22,24,25,31],"damage_taken":[{"damage":0,"enemies":"Cultist","floor":1,"turns":1},{"damage":0,"enemies":"2 Louse","floor":2,"turns":2},{"damage":0,"enemies":"Jaw Worm","floor":4,"turns":1},{"damage":35,"enemies":"Gremlin Nob","floor":6,"turns":5},{"damage":0,"enemies":"Gremlin Gang","floor":8,"turns":2},{"damage":17,"enemies":"3 Sentries","floor":10,"turns":6},{"damage":10,"enemies":"Blue Slaver","floor":13,"turns":2},{"damage":2,"enemies":"Looter","floor":14,"turns":1},{"damage":2,"enemies":"Slime Boss","floor":16,"turns":5},{"damage":2,"enemies":"3 Byrds","floor":18,"turns":3},{"damage":12,"enemies":"Shell Parasite","floor":21,"turns":2},{"damage":8,"enemies":"Snake Plant","floor":22,"turns":2},{"damage":2,"enemies":"Gremlin Leader","floor":24,"turns":3},{"damage":2,"enemies":"3 Cultists","floor":25,"turns":3},{"damage":23,"enemies":"Cultist and Chosen","floor":31,"turns":4},{"damage":134,"enemies":"Collector","floor":33,"turns":9}],"seed_played":"2170280469496358608","potions_obtained":[{"floor":1,"key":"EntropicBrew"},{"floor":4,"key":"ColorlessPotion"},{"floor":5,"key":"EntropicBrew"},{"floor":6,"key":"Swift Potion"},{"floor":13,"key":"ColorlessPotion"},{"floor":16,"key":"AttackPotion"},{"floor":18,"key":"LiquidBronze"},{"floor":24,"key":"DistilledChaos"},{"floor":25,"key":"LiquidMemories"}],"is_trial":false,"path_per_floor":["M","M","?","M","?","E","R","M","T","?","?","$","M","M","R","B",null,"M","?","?","M","M","R","E","M","T","?","R","?","$","M","R","B"],"character_chosen":"HERMIT","items_purchased":["Ginger","Strange Spoon","hermit:FlashPowder"],"campfire_rested":5,"item_purchase_floors":[12,30,30],"current_hp_per_floor":[64,64,43,43,43,8,29,29,29,12,35,35,25,23,44,42,64,62,41,35,23,15,36,34,32,32,32,68,68,68,45,71,0,0],"gold":23,"neow_bonus":"THREE_ENEMY_KILL","is_daily":false,"chose_seed":false,"campfire_upgraded":0,"win_rate":0.0,"timestamp":1608456488,"path_taken":["M","?","?","M","?","E","R","?","T","?","?","$","M","M","R","BOSS","M","?","?","M","?","R","E","M","T","?","R","?","$","?","R","BOSS"],"items_purchased_type":["Relic","Relic","Card"],"build_version":"2020-12-13","purchased_purges":0,"victory":false,"max_hp_per_floor":[71,71,71,71,71,71,71,71,71,71,71,71,71,71,71,71,71,71,71,71,71,71,71,71,71,71,71,71,71,71,71,71,71,71],"card_choices":[{"not_picked":["hermit:Enervate","hermit:WideOpen"],"picked":"hermit:Determination","floor":1},{"not_picked":["hermit:Dive","hermit:TakeCover"],"picked":"hermit:HighCaliber","floor":2},{"not_picked":["hermit:Spite","hermit:TakeAim"],"picked":"hermit:CursedWeapon","floor":4},{"not_picked":["hermit:Midnight","hermit:Ricochet"],"picked":"hermit:DeadOrAlive","floor":6},{"not_picked":["hermit:PistolWhip","hermit:Virtue"],"picked":"hermit:Deadeye","floor":8},{"not_picked":["hermit:FullyLoaded","hermit:TrackingShot"],"picked":"hermit:BodyArmor","floor":10},{"not_picked":["hermit:Deadeye","hermit:Vantage"],"picked":"hermit:NoHoldsBarred","floor":13},{"not_picked":["hermit:Manifest","hermit:TrackingShot"],"picked":"hermit:Quickdraw","floor":14},{"not_picked":["hermit:Purgatory","hermit:Adapt"],"picked":"hermit:BlackWind","floor":16},{"not_picked":["hermit:BigShot","hermit:Snipe+1"],"picked":"hermit:Ricochet","floor":18},{"not_picked":["hermit:TrackingShot","hermit:Dissolve"],"picked":"hermit:ShadowCloak","floor":21},{"not_picked":["hermit:HighCaliber","hermit:GoldenBullet"],"picked":"hermit:Headshot","floor":22},{"not_picked":["hermit:Coalescence","hermit:Dissolve"],"picked":"hermit:WideOpen","floor":24},{"not_picked":["hermit:TrackingShot","hermit:Dive"],"picked":"hermit:Snipe","floor":25},{"not_picked":["hermit:HoleUp","hermit:WideOpen"],"picked":"hermit:Feint","floor":31}],"player_experience":646770,"relics_obtained":[{"floor":6,"key":"Bronze Scales"},{"floor":9,"key":"MawBank"},{"floor":10,"key":"Bag of Marbles"},{"floor":19,"key":"Nilry\u0027s Codex"},{"floor":24,"key":"Lizard Tail"},{"floor":24,"key":"Regal Pillow"},{"floor":26,"key":"Tiny Chest"}],"event_choices":[{"damage_healed":0,"gold_gain":0,"player_choice":"Entered Light","damage_taken":21,"max_hp_gain":0,"max_hp_loss":0,"event_name":"Shining Light","floor":3,"gold_loss":0,"cards_upgraded":["hermit:Snapshot","hermit:Defend_Hermit"]},{"damage_healed":0,"gold_gain":0,"player_choice":"Got Potions","damage_taken":0,"max_hp_gain":0,"max_hp_loss":0,"event_name":"Lab","floor":5,"gold_loss":0},{"damage_healed":0,"gold_gain":30,"player_choice":"Searched \u00272\u0027 times","damage_taken":0,"max_hp_gain":0,"max_hp_loss":0,"event_name":"Dead Adventurer","floor":10,"gold_loss":0},{"damage_healed":23,"gold_gain":0,"player_choice":"Banana","damage_taken":0,"max_hp_gain":0,"max_hp_loss":0,"event_name":"Big Fish","floor":11,"gold_loss":0},{"damage_healed":0,"gold_gain":0,"player_choice":"Obtained Book","damage_taken":21,"max_hp_gain":0,"max_hp_loss":0,"event_name":"Cursed Tome","floor":19,"gold_loss":0},{"damage_healed":0,"gold_gain":0,"player_choice":"Joined the Cult","damage_taken":6,"max_hp_gain":0,"max_hp_loss":0,"event_name":"Nest","floor":20,"gold_loss":0,"cards_obtained":["RitualDagger"]},{"damage_healed":0,"gold_gain":0,"player_choice":"Ignored","damage_taken":0,"max_hp_gain":0,"max_hp_loss":0,"event_name":"Beggar","floor":27,"gold_loss":0},{"damage_healed":0,"gold_gain":0,"player_choice":"Upgraded Two","damage_taken":0,"max_hp_gain":0,"max_hp_loss":0,"event_name":"Designer","floor":29,"gold_loss":50,"cards_upgraded":["hermit:BlackWind","hermit:DeadOrAlive"]}],"is_beta":false,"boss_relics":[{"not_picked":["Astrolabe","hermit:DentedPlate"],"picked":"Black Star"}],"items_purged_floors":[],"is_endless":false,"potions_floor_spawned":[1,4,6,13,16,18,24,25],"killed_by":"Collector","ascension_level":15}}