{"host":"3c27c697js19kaoo","time":1608439501,"event":{"mods":["Aspiration","BaseMod","CapriCore","Dota2Spire","Hermit","Minty Spire (QoL Compilation)","Quick Restart","Remilia£®¿Ÿ√◊¿Ú—«£©","Replay The Spire","Robot Space Explorer","Spicy Shops","StSLib","The Alterego","The Cursed","The Runesmith","The Servant 0.9.4","vexMod","°æ“≈ŒÔø®≈∆°øREMEMod"],"gold_per_floor":[109,109,128,128,144,144,177,252,252,107,107,132,132,57,57,152,152,163,163,177,194,221,221,246,246,246,326,20,129,156,176,176,179,179],"floor_reached":33,"playtime":1222,"items_purged":[],"score":314,"play_id":"5bc8c39f-8376-4ba8-b958-6619027a0996","local_time":"20201220124501","is_ascension_mode":false,"campfire_choices":[{"data":"alterego_mod:Rake","floor":6,"key":"SMITH"},{"data":"Runesmith:Firestorm","floor":11,"key":"SMITH"},{"floor":13,"key":"REST"},{"data":"Runesmith:MetallurgicalResearch","floor":15,"key":"SMITH"},{"floor":23,"key":"REST"},{"floor":25,"key":"REST"},{"floor":32,"key":"DIG"}],"circlet_count":0,"master_deck":["Runesmith:Strike_RS+1","Runesmith:Strike_RS+1","Runesmith:Defend_RS+1","Runesmith:Defend_RS+1","Runesmith:Defend_RS+1","Runesmith:CraftFirestone","Runesmith:Fortify","alterego_mod:Rake+1","Runesmith:ChiselStab","Slice","REME_GrazeFinale","ReplayTheSpireMod:Speed Training","Runesmith:Firestorm+1","Runesmith:MetallurgicalResearch+1","Runesmith:CraftPrismatica","Runesmith:HammerThrow","Runesmith:PerfectChisel","REME_Flogging"],"relics":["Runesmith:BrokenRuby","REME_ComplimentaryCards","NeowsBlessing","Dota2Spire:Dagon","Dota2Spire:LinkenSphere","Strawberry","ReplayTheSpireMod:Ninjato","aspiration:FutureDiary","Red Mask","REME_ArchaeologicalTools","aspiration:HiddenCompartment","Dota2Spire:OrchidMalevolence","Mercury Hourglass","Shovel","Eternal Feather","Dota2Spire:ArcaneBoots","Bag of Marbles"],"acts_visited":["Exordium","TheCity"],"potions_floor_usage":[7,7,12,22,22,29,29],"damage_taken":[{"damage":0,"enemies":"Cultist","floor":1,"turns":1},{"damage":0,"enemies":"Small Slimes","floor":3,"turns":1},{"damage":0,"enemies":"Jaw Worm","floor":5,"turns":1},{"damage":18,"enemies":"Lagavulin","floor":7,"turns":7},{"damage":14,"enemies":"Gremlin Nob","floor":12,"turns":3},{"damage":4,"enemies":"Fading Forest","floor":16,"turns":11},{"damage":23,"enemies":"2 Thieves","floor":18,"turns":3},{"damage":0,"enemies":"Spheric Guardian","floor":20,"turns":3},{"damage":21,"enemies":"Snake Plant","floor":21,"turns":3},{"damage":13,"enemies":"Masked Bandits","floor":22,"turns":4},{"damage":28,"enemies":"Gremlin Leader","floor":24,"turns":7},{"damage":0,"enemies":"Book of Stabbing","floor":27,"turns":3},{"damage":10,"enemies":"Colosseum Slavers","floor":29,"turns":3},{"damage":13,"enemies":"Colosseum Nobs","floor":29,"turns":3},{"damage":0,"enemies":"Cultist and Chosen","floor":31,"turns":3},{"damage":25,"enemies":"Pondfish","floor":33,"turns":4}],"seed_played":"7065494643830078881","potions_obtained":[{"floor":3,"key":"ColorlessPotion"},{"floor":5,"key":"EntropicBrew"},{"floor":16,"key":"SteroidPotion"},{"floor":20,"key":"Reflective Coating"},{"floor":22,"key":"Weak Potion"},{"floor":27,"key":"Adrenaline Potion"}],"is_trial":false,"path_per_floor":["M","$","M","?","M","R","E","?","T","$","R","E","R","$","R","B",null,"M","?","M","M","?","R","E","R","T","E","$","?","T","M","R","B"],"character_chosen":"RUNESMITH_CLASS","items_purchased":["Strawberry","Mercury Hourglass","REME_Flogging"],"campfire_rested":3,"item_purchase_floors":[10,28,28],"current_hp_per_floor":[70,70,70,70,70,70,52,41,41,48,48,34,57,57,57,63,77,54,54,54,33,20,43,15,38,38,38,38,15,15,15,24,0,0],"gold":179,"neow_bonus":"THREE_ENEMY_KILL","is_daily":false,"chose_seed":false,"campfire_upgraded":3,"win_rate":0.0,"timestamp":1608439501,"path_taken":["M","?","M","?","M","R","E","?","T","?","R","E","R","$","R","BOSS","M","?","M","M","?","R","E","R","T","E","$","?","?","?","R","BOSS"],"items_purchased_type":["Relic","Relic","Card"],"build_version":"2020-12-13","purchased_purges":0,"victory":false,"max_hp_per_floor":[70,70,70,70,70,70,70,70,70,77,77,77,77,77,77,77,77,77,77,77,77,77,77,77,77,77,77,77,77,77,77,77,77,77],"card_choices":[{"not_picked":["Runesmith:Overpower","Runesmith:CraftProtectio","Runesmith:Grindstone"],"picked":"SKIP","floor":1},{"not_picked":["Runesmith:UnstableHammer","Runesmith:Overpower"],"picked":"Runesmith:ChiselStab","floor":3},{"not_picked":["Runesmith:Augment","Runesmith:ShiftingStrike"],"picked":"Runesmith:Firestorm","floor":5},{"not_picked":["Runesmith:CraftProtectio","Runesmith:BackupBattery","Runesmith:UnstableHammer"],"picked":"SKIP","floor":7},{"not_picked":["Runesmith:Malloc","Runesmith:CraftMagma"],"picked":"Runesmith:MetallurgicalResearch","floor":12},{"not_picked":["Runesmith:DuctTape","Runesmith:Supernova"],"picked":"Runesmith:CraftPrismatica","floor":16},{"not_picked":["Runesmith:ChiselStab","Runesmith:Attraction","Runesmith:EnergizedChisel"],"picked":"SKIP","floor":18},{"not_picked":["Runesmith:MakeshiftArmor","Runesmith:StaticCage"],"picked":"Runesmith:HammerThrow","floor":20},{"not_picked":["Runesmith:Grindstone","Runesmith:NanitesCloud","Runesmith:RuneHurl"],"picked":"SKIP","floor":21},{"not_picked":["Runesmith:ChiselStab","Runesmith:Overpower"],"picked":"Runesmith:PerfectChisel","floor":22},{"not_picked":["Runesmith:Reinforce","Runesmith:Grindstone","Runesmith:MetallurgicalResearch"],"picked":"SKIP","floor":24},{"not_picked":["Runesmith:HeatExchange","Runesmith:CraftSpiculum+1","Runesmith:MakeshiftArmor"],"picked":"SKIP","floor":27},{"not_picked":["Runesmith:ShiftingStrike","Runesmith:Repurpose","Runesmith:NegativeSpace"],"picked":"SKIP","floor":31}],"player_experience":143746,"relics_obtained":[{"floor":7,"key":"Dota2Spire:Dagon"},{"floor":9,"key":"Dota2Spire:LinkenSphere"},{"floor":12,"key":"ReplayTheSpireMod:Ninjato"},{"floor":22,"key":"Red Mask"},{"floor":24,"key":"REME_ArchaeologicalTools"},{"floor":26,"key":"aspiration:HiddenCompartment"},{"floor":27,"key":"Dota2Spire:OrchidMalevolence"},{"floor":29,"key":"Shovel"},{"floor":29,"key":"Eternal Feather"},{"floor":30,"key":"Dota2Spire:ArcaneBoots"},{"floor":32,"key":"Bag of Marbles"}],"event_choices":[{"damage_healed":0,"gold_gain":75,"player_choice":"Gather Gold","damage_taken":11,"max_hp_gain":0,"max_hp_loss":0,"event_name":"World of Goop","floor":8,"gold_loss":0},{"damage_healed":0,"gold_gain":0,"player_choice":"Simplicity","damage_taken":0,"max_hp_gain":0,"max_hp_loss":0,"event_name":"Back to Basics","floor":19,"gold_loss":0,"cards_upgraded":["Runesmith:Strike_RS","Runesmith:Strike_RS","Runesmith:Defend_RS","Runesmith:Defend_RS","Runesmith:Defend_RS"]},{"damage_healed":0,"gold_gain":0,"player_choice":"Fought Bandits","damage_taken":0,"max_hp_gain":0,"max_hp_loss":0,"event_name":"Masked Bandits","floor":22,"gold_loss":0},{"damage_healed":0,"gold_gain":0,"player_choice":"Fight","damage_taken":0,"max_hp_gain":0,"max_hp_loss":0,"event_name":"Colosseum","floor":29,"gold_loss":0},{"damage_healed":0,"gold_gain":0,"player_choice":"Fought Nobs","damage_taken":0,"max_hp_gain":0,"max_hp_loss":0,"event_name":"Colosseum","floor":29,"gold_loss":0}],"is_beta":false,"boss_relics":[{"not_picked":["aspiration:RunicSpoon","Abe\u0027s Treasure"],"picked":"aspiration:FutureDiary"}],"items_purged_floors":[],"is_endless":false,"potions_floor_spawned":[3,5,16,18,20,22,27],"killed_by":"Pondfish","ascension_level":0}}