{"host":"mcmecz6ns48biz64","time":1608453993,"event":{"mods":["2.2 Compatiblity","AchievementEnabler","Act Like it!","AlwaysNeverKeys","Ascension Unlocker","Aspiration","BaseMod","Beaked The Cultist","Bestiary","Better Match","Better Note","Better Skull","Better Third Choice","BetterRewards","Colored Powertips","Conspire","Displayed Cursed Tome","Downfall","Energized Spire","Friendly Minions","GifTheSpireLib","Halation","Hallownest","Hermit","Hubris","Infinite Spire","Marked Mod","Mimic Mod","Minty Spire (QoL Compilation)","Pale of the Ancients","Permanent Neow","Quick Restart","Reorder Act Four","Replay The Spire","Retaliation","Ruin Mod","Shop Mod","Spikes Relics","StSLib","Stuff the Spire","SuperFastMode","The Blue Laboratory","The Construct","The Cursed","The Disciple","The Dragon Tamer","The Exordian Avenger","The Factory","The Forsaken","The Jungle","The Necromancer","The Sage","TheFirefly","TheVacant","Trackpad","Transform Curses","Uncapped","vexMod"],"gold_per_floor":[117,117,132,132,147,182,182,208,259,259,277,277,297,322,322,399,399,417,417,417,417,437,437,449,464,487,487,487],"floor_reached":27,"playtime":795,"items_purged":["Strike_R"],"score":716,"play_id":"e2f1ea4a-d4af-4ace-9e7d-0dc45372aa25","local_time":"20201220034633","is_ascension_mode":true,"campfire_choices":[{"data":"Armaments","floor":7.0,"key":"SMITH"},{"data":"Battle Trance","floor":10.0,"key":"SMITH"},{"data":"True Grit","floor":12.0,"key":"SMITH"},{"data":"Perfected Strike","floor":15.0,"key":"SMITH"},{"data":"Dual Wield","floor":23,"key":"SMITH"}],"circlet_count":0,"master_deck":["AscendersBane","Strike_R","Strike_R","Strike_R","Strike_R","Defend_R","Defend_R","Defend_R","Defend_R","Bash","Battle Trance+1","DDmod:EasePowerCard","Anger","Armaments+1","Clothesline","StuffTheSpire:Slingshot","True Grit+1","Perfected Strike+1","Offering","Demon Form","Heavy Blade","CurseOfTheBell","Dual Wield+1","Searing Blow+1","ReplayTheSpireMod:Stacked+1"],"relics":["Burning Blood","conspire:InfiniteJournal","StuffTheSpire:DarkSteelAnvil","Membership Card","Pear","vexMod:CardConverter","aspiration:Nostalgia","Sizzling Blood","Potion Belt","hubris:TenFootPole","trackpad:WritersBlock","Toy Ornithopter","Paper Frog","Sozu","Calling Bell","Lantern","LugNut","vexMod:HeadHunter","StuffTheSpire:Experiment12"],"acts_visited":["Exordium","TheCity"],"potions_floor_usage":[27],"damage_taken":[{"damage":15.0,"enemies":"conspire:RoseBush","floor":1.0,"turns":7.0},{"damage":41.0,"enemies":"infinitespire:Voidling","floor":3.0,"turns":6.0},{"damage":9.0,"enemies":"Jaw Worm","floor":5.0,"turns":5.0},{"damage":34.0,"enemies":"Gremlin Nob","floor":6.0,"turns":5.0},{"damage":15.0,"enemies":"Lagavulin","floor":8.0,"turns":5.0},{"damage":10.0,"enemies":"Blue Slaver","floor":11.0,"turns":3.0},{"damage":8.0,"enemies":"Exordium Thugs","floor":13.0,"turns":6.0},{"damage":44.0,"enemies":"3 Sentries","floor":14.0,"turns":10.0},{"damage":61.0,"enemies":"The Guardian","floor":16.0,"turns":9.0},{"damage":9.0,"enemies":"Chosen","floor":18.0,"turns":3.0},{"damage":28,"enemies":"Shell Parasite","floor":22,"turns":2},{"damage":24,"enemies":"Snake Plant","floor":24,"turns":3},{"damage":41,"enemies":"Cultist and Chosen","floor":25,"turns":6},{"damage":66,"enemies":"Nightmare","floor":27,"turns":5}],"seed_played":"-2005270126179090794","potions_obtained":[{"floor":2.0,"key":"Cursed Concoction"},{"floor":2.0,"key":"blueLaboratory:ImpenetrablePotion"},{"floor":3.0,"key":"Reflective Coating"},{"floor":6.0,"key":"blueLaboratory:Moonshine"},{"floor":11.0,"key":"SteroidPotion"},{"floor":13.0,"key":"Flashbang"},{"floor":14.0,"key":"blueLaboratory:RememoryPotion"}],"is_trial":false,"path_per_floor":["M","?","M","$","M","E","R","E","T","R","M","R","M","E","R","B",null,"M","AVR","?","?","M","R","M","M","T","NM"],"character_chosen":"IRONCLAD","items_purchased":["Membership Card","Pear","Battle Trance","DDmod:EasePowerCard","vexMod:CardConverter","aspiration:Nostalgia","Potion Belt","DDmod:EasePowerCard"],"campfire_rested":0,"item_purchase_floors":[0,0,0,0,0,0,0,0],"current_hp_per_floor":[83,83,70,70,74,52,52,55,55,55,61,61,91,92,92,69,98,103,105,102,102,89,89,80,58,58,0,0],"gold":487,"neow_bonus":"","is_daily":false,"chose_seed":false,"campfire_upgraded":5,"win_rate":0.0,"timestamp":1608453993,"path_taken":["M","?","?","$","M","E","R","E","T","R","M","R","M","E","R","BOSS","M","AVR","?","?","M","R","M","?","T","NM"],"items_purchased_type":["Relic","Relic","Card","Card","Relic","Relic","Relic","Card"],"build_version":"2020-12-13","purchased_purges":1,"victory":false,"max_hp_per_floor":[93,93,95,95,97,99,99,101,101,101,101,101,103,105,105,107,107,109,111,111,111,113,113,115,117,117,117,117],"card_choices":[{"not_picked":["StuffTheSpire:RockThrow","DDmod:ScaleUpSkill"],"picked":"Anger","floor":1.0},{"not_picked":["DDmod:PokeAttack","StuffTheSpire:RockThrow"],"picked":"Armaments","floor":3.0},{"not_picked":["DDmod:CallousedSkill","hubris:SharpeningStone"],"picked":"Clothesline","floor":5.0},{"not_picked":["Flex","Clothesline"],"picked":"StuffTheSpire:Slingshot","floor":6.0},{"not_picked":["Run Through","StuffTheSpire:Slingshot"],"picked":"True Grit","floor":8.0},{"not_picked":["Replay:Undeath\u0027s Touch","Clothesline","DDmod:RapidStrikeAttack"],"picked":"SKIP","floor":11.0},{"not_picked":["Perfected Strike","Flex","StuffTheSpire:Resist"],"picked":"SKIP","floor":13.0},{"not_picked":["Flex","StuffTheSpire:Resist"],"picked":"Perfected Strike","floor":13.0},{"not_picked":["StuffTheSpire:Pyroclast","Sword Boomerang"],"picked":"Offering","floor":14.0},{"not_picked":["Limit Break","DDmod:GrandUltimatumAttack"],"picked":"Demon Form","floor":16.0},{"not_picked":["Wild Strike","Headbutt+1"],"picked":"Heavy Blade","floor":18.0},{"not_picked":["Twin Strike+1","Anger"],"picked":"Dual Wield","floor":22},{"not_picked":["Thunderclap","DDmod:SpikedSkill"],"picked":"Searing Blow+1","floor":24},{"not_picked":["Headbutt","Sever Soul"],"picked":"ReplayTheSpireMod:Stacked+1","floor":25}],"player_experience":983725,"relics_obtained":[{"floor":6.0,"key":"hubris:TenFootPole"},{"floor":8.0,"key":"trackpad:WritersBlock"},{"floor":9.0,"key":"Toy Ornithopter"},{"floor":14.0,"key":"Paper Frog"},{"floor":19.0,"key":"Lantern"},{"floor":19.0,"key":"LugNut"},{"floor":19.0,"key":"vexMod:HeadHunter"},{"floor":26,"key":"StuffTheSpire:Experiment12"}],"event_choices":[{"damage_healed":0.0,"max_hp_gain":0.0,"max_hp_loss":0.0,"gold_gain":0.0,"event_name":"Lab","player_choice":"Got Potions","floor":2.0,"gold_loss":0.0,"damage_taken":0.0},{"damage_healed":0.0,"max_hp_gain":0.0,"max_hp_loss":0.0,"gold_gain":0.0,"event_name":"conspire:Investor","player_choice":"Leave","floor":20.0,"gold_loss":0.0,"damage_taken":0.0},{"cards_removed":["DDmod:EasePowerCard"],"damage_healed":0.0,"max_hp_gain":0.0,"max_hp_loss":0.0,"gold_gain":0.0,"event_name":"Purifier","player_choice":"Purged","floor":21.0,"gold_loss":0.0,"damage_taken":0.0}],"is_beta":false,"boss_relics":[{"not_picked":["Electric Blood","halation:Yufonium"],"picked":"Sozu"}],"items_purged_floors":[0],"is_endless":false,"potions_floor_spawned":[3,6,11,13,14,18,25],"killed_by":"Nightmare","ascension_level":20}}