{"host":"9d83omykrosjn1d3","time":1608438914,"event":{"mods":["AchievementEnabler","BaseMod","BetterRewards","Card Forge","Hubris","MarisaÅiñ∂âJÅ@ñÇóùçπÅj","Minty Spire (QoL Compilation)","Permanent Neow","Shop Mod","StSLib","SuperFastMode"],"gold_per_floor":[109,109,109,125,145,179,190,220,220,249,261,293,274,314,326,437,449,478,490,502,230,244,272,272,282,306,334,57,57,92,92,92,196,196,206,256,276,289,340,368,368,368],"floor_reached":41,"playtime":2783,"items_purged":["Defend_B","Zap"],"score":743,"play_id":"c9529d5a-ef47-4728-a0c3-0355b742b318","local_time":"20201220133514","is_ascension_mode":true,"campfire_choices":[{"data":"Recycle","floor":15,"key":"SMITH"},{"data":"Echo Form","floor":29,"key":"SMITH"},{"floor":32,"key":"REST"}],"circlet_count":0,"master_deck":["Creative AI+1","Glacier","Blizzard","Genetic Algorithm+1","Recycle+1","hubris:SpecializedCircuitry","Storm+1","Echo Form+1","Defragment+1","Madness+1","Buffer","Capacitor"],"relics":["Cracked Core","Hammer of Thor","Seething Fire","Anvil of the Gods","Strawberry","hubris:Towel","Pantograph","hubris:PeanutButter","hubris:SoftwareUpdate","Bag of Marbles","Cursed Key","MerchantsRug","PreservedInsect","Darkstone Periapt","hubris:FruitBowl","OrangePellets","Lantern","Happy Flower","Ancient Tea Set","hubris:SlimyHat","hubris:BallOfYels","Coffee Dripper","Ginger","hubris:Zylophone","hubris:MysteriousPyramids"],"acts_visited":["Exordium","TheCity","TheBeyond"],"potions_floor_usage":[8,27],"damage_taken":[{"damage":1,"enemies":"Jaw Worm","floor":1,"turns":5},{"damage":0,"enemies":"2 Louse","floor":4,"turns":2},{"damage":0,"enemies":"Small Slimes","floor":5,"turns":4},{"damage":3,"enemies":"Lagavulin","floor":6,"turns":10},{"damage":6,"enemies":"3 Louse","floor":7,"turns":4},{"damage":10,"enemies":"3 Sentries","floor":8,"turns":8},{"damage":0,"enemies":"Lagavulin","floor":10,"turns":10},{"damage":9,"enemies":"Lots of Slimes","floor":12,"turns":4},{"damage":0,"enemies":"Exordium Thugs","floor":13,"turns":9},{"damage":28,"enemies":"Gremlin Nob","floor":14,"turns":6},{"damage":21,"enemies":"The Guardian","floor":16,"turns":13},{"damage":0,"enemies":"Spheric Guardian","floor":18,"turns":8},{"damage":0,"enemies":"Shell Parasite","floor":22,"turns":12},{"damage":17,"enemies":"Book of Stabbing","floor":23,"turns":8},{"damage":0,"enemies":"Sentry and Sphere","floor":25,"turns":8},{"damage":7,"enemies":"Gremlin Leader","floor":27,"turns":9},{"damage":26,"enemies":"Slavers","floor":30,"turns":4},{"damage":4,"enemies":"Automaton","floor":33,"turns":9},{"damage":0,"enemies":"3 Darklings","floor":35,"turns":4},{"damage":0,"enemies":"Mind Bloom Boss Battle","floor":36,"turns":5},{"damage":2,"enemies":"3 Shapes","floor":37,"turns":4},{"damage":4,"enemies":"Transient","floor":38,"turns":5},{"damage":47,"enemies":"2 Orb Walkers","floor":39,"turns":8},{"damage":13,"enemies":"Nemesis","floor":40,"turns":9},{"damage":25,"enemies":"Sphere and 2 Shapes","floor":41,"turns":3}],"seed_played":"867585913418007791","potions_obtained":[{"floor":5,"key":"SpeedPotion"},{"floor":7,"key":"Dexterity Potion"},{"floor":8,"key":"ColorlessPotion"},{"floor":12,"key":"Dexterity Potion"},{"floor":22,"key":"Weak Potion"},{"floor":27,"key":"Dexterity Potion"},{"floor":30,"key":"Strength Potion"},{"floor":35,"key":"SpeedPotion"},{"floor":37,"key":"EntropicBrew"}],"is_trial":false,"path_per_floor":["M","?","?","M","M","E","M","E","T","E","?","M","M","E","R","B",null,"M","?","?","$","M","E","$","M","T","E","$","R","E","?","R","B",null,"M","?","M","M","?","E","M"],"character_chosen":"DEFECT","items_purchased":["MerchantsRug","PreservedInsect","hubris:FruitBowl","OrangePellets","Lantern","FairyPotion","Defragment","hubris:SlimyHat","Madness"],"campfire_rested":1,"item_purchase_floors":[21,21,24,24,24,24,28,28,28],"current_hp_per_floor":[81,81,81,81,81,78,72,62,62,62,62,53,53,25,25,29,69,69,69,69,69,69,52,2,2,11,4,4,4,6,6,33,54,82,82,91,89,85,38,25,0,0],"gold":368,"neow_bonus":"RANDOM_COMMON_RELIC","is_daily":false,"chose_seed":false,"campfire_upgraded":2,"win_rate":0.0,"timestamp":1608438914,"path_taken":["M","?","?","M","M","E","M","E","T","E","?","M","M","E","R","BOSS","M","?","?","$","?","E","?","M","T","E","$","R","E","?","R","BOSS","M","?","M","M","?","E","M"],"items_purchased_type":["Relic","Relic","Relic","Relic","Relic","Potion","Card","Relic","Card"],"build_version":"2020-12-13","purchased_purges":2,"victory":false,"max_hp_per_floor":[82,82,82,82,82,82,82,82,82,82,82,82,82,82,82,82,82,82,82,82,82,82,82,82,82,91,91,91,91,91,91,91,91,91,91,91,91,91,91,91,91,91],"card_choices":[{"not_picked":["Redo","Doom and Gloom","Streamline"],"picked":"SKIP","floor":1},{"not_picked":["Rebound","Redo","Gash"],"picked":"SKIP","floor":4},{"not_picked":["Gash","Chaos"],"picked":"Genetic Algorithm","floor":5},{"not_picked":["Barrage","Hologram","Undo"],"picked":"SKIP","floor":6},{"not_picked":["Genetic Algorithm","Beam Cell","Go for the Eyes"],"picked":"SKIP","floor":7},{"not_picked":["Aggregate","Machine Learning","Ball Lightning"],"picked":"SKIP","floor":8},{"not_picked":["Streamline","Auto Shields","Sweeping Beam"],"picked":"SKIP","floor":10},{"not_picked":["Barrage","Gash","Beam Cell"],"picked":"SKIP","floor":12},{"not_picked":["Rainbow","Force Field","Loop"],"picked":"SKIP","floor":13},{"not_picked":["Redo","Stack","Darkness"],"picked":"SKIP","floor":14},{"not_picked":["Reboot","Machine Learning"],"picked":"hubris:SpecializedCircuitry","floor":16},{"not_picked":["Barrage+1","Gash","Chaos"],"picked":"SKIP","floor":18},{"not_picked":["Redo","Gash","Beam Cell"],"picked":"SKIP","floor":22},{"not_picked":["Leap","Steam+1"],"picked":"Storm+1","floor":23},{"not_picked":["hubris:PowerSurge","hubris:Ukulele","Leap"],"picked":"SKIP","floor":25},{"not_picked":["Steam","Conserve Battery"],"picked":"Echo Form","floor":27},{"not_picked":["Leap+1","Blizzard","Redo"],"picked":"SKIP","floor":30},{"not_picked":["Creative AI","hubris:DoWhile"],"picked":"Buffer","floor":33},{"not_picked":["Rebound","Melter+1","Darkness+1"],"picked":"SKIP","floor":35},{"not_picked":["Compile Driver+1","Blizzard","Glacier+1"],"picked":"SKIP","floor":37},{"not_picked":["Steam","Redo+1","Hyperbeam"],"picked":"SKIP","floor":38},{"not_picked":["Conserve Battery","Auto Shields"],"picked":"Capacitor","floor":39},{"not_picked":["Hyperbeam","Beam Cell+1","Steam"],"picked":"SKIP","floor":40}],"player_experience":591479,"relics_obtained":[{"floor":6,"key":"Pantograph"},{"floor":8,"key":"hubris:PeanutButter"},{"floor":9,"key":"hubris:SoftwareUpdate"},{"floor":10,"key":"MawBank"},{"floor":14,"key":"Bag of Marbles"},{"floor":23,"key":"Darkstone Periapt"},{"floor":26,"key":"Happy Flower"},{"floor":27,"key":"Ancient Tea Set"},{"floor":30,"key":"hubris:BallOfYels"},{"floor":36,"key":"Ginger"},{"floor":39,"key":"hubris:Zylophone"},{"floor":40,"key":"hubris:MysteriousPyramids"}],"event_choices":[{"damage_healed":0,"gold_gain":0,"player_choice":"Ignored","damage_taken":0,"max_hp_gain":0,"max_hp_loss":0,"event_name":"Liars Game","floor":2,"gold_loss":0},{"damage_healed":0,"gold_gain":0,"player_choice":"Ignored","damage_taken":0,"max_hp_gain":0,"max_hp_loss":0,"event_name":"Ghosts","floor":19,"gold_loss":0},{"damage_healed":0,"gold_gain":0,"player_choice":"Read","damage_taken":0,"max_hp_gain":0,"max_hp_loss":0,"event_name":"The Library","floor":20,"gold_loss":0,"cards_obtained":["Steam"]},{"damage_healed":0,"gold_gain":0,"player_choice":"Ignored","damage_taken":0,"max_hp_gain":0,"max_hp_loss":0,"event_name":"Vampires","floor":31,"gold_loss":0},{"damage_healed":0,"gold_gain":0,"player_choice":"Fight","damage_taken":0,"max_hp_gain":0,"max_hp_loss":0,"event_name":"MindBloom","floor":36,"gold_loss":0},{"damage_healed":0,"gold_gain":0,"player_choice":"Fight","damage_taken":0,"max_hp_gain":0,"max_hp_loss":0,"event_name":"Mysterious Sphere","floor":39,"gold_loss":0}],"is_beta":false,"boss_relics":[{"not_picked":["Pandora\u0027s Box","SacredBark"],"picked":"Cursed Key"},{"not_picked":["Runic Dome","Fusion Hammer"],"picked":"Coffee Dripper"}],"items_purged_floors":[21,24],"is_endless":false,"potions_floor_spawned":[5,7,8,12,13,14,16,22,27,30,35,37,38],"killed_by":"Sphere and 2 Shapes","ascension_level":5}}