{"host":"q89ui3xtee35wkxq","time":1608462334,"event":{"mods":["Act Like it!","BaseMod","BetterRewards","Colored Map","Colored Powertips","Custom Start","Minty Spire (QoL Compilation)","Rare Cards Sparkle","Shop Mod","Swap Starting Deck Mod"],"gold_per_floor":[118,118,118,118,131,164,164,190,242,242,262,288,304,304,304,399,399,415,340,340,45,60,89,106,141,141,141,141,68,68,68],"floor_reached":30,"playtime":2468,"items_purged":[],"score":588,"play_id":"97c11556-8fdd-4eb3-8a38-b36a44911a53","local_time":"20201220140534","is_ascension_mode":true,"campfire_choices":[{"data":"Venomology","floor":7,"key":"SMITH"},{"data":"A Thousand Cuts","floor":10,"key":"SMITH"},{"floor":15,"key":"REST"},{"floor":27,"key":"RECALL"}],"circlet_count":0,"master_deck":["Poisoned Stab","Poisoned Stab","Poisoned Stab","Poisoned Stab","Deflect","Deflect","Deflect","Deflect","Venomology+1","Calculated Gamble+1","PiercingWail","A Thousand Cuts+1","Cloak And Dagger","Noxious Fumes","Infinite Blades","Adrenaline+1","Bouncing Flask+1","Cloak And Dagger+1","Noxious Fumes+1","Grand Finale","Necronomicurse","Prepared+1","Backflip+1"],"relics":["Ring of the Snake","swapstartingdeckmod:DeadBlossom","WarpedTongs","Akabeko","Potion Belt","Juzu Bracelet","Sundial","Toxic Egg 2","Busted Crown","Mummified Hand","Ninja Scroll","Happy Flower","Necronomicon"],"acts_visited":["Exordium","TheCity"],"potions_floor_usage":[6,6,8,8,12,12,13,13,16,22,25,25,30,30,30,30],"damage_taken":[{"damage":4,"enemies":"Jaw Worm","floor":1,"turns":2},{"damage":1,"enemies":"2 Louse","floor":5,"turns":2},{"damage":15,"enemies":"3 Sentries","floor":6,"turns":4},{"damage":7,"enemies":"Gremlin Nob","floor":8,"turns":3},{"damage":2,"enemies":"Cultist","floor":11,"turns":3},{"damage":22,"enemies":"Lagavulin","floor":12,"turns":5},{"damage":5,"enemies":"Blue Slaver","floor":13,"turns":2},{"damage":8,"enemies":"Slime Boss","floor":16,"turns":7},{"damage":7,"enemies":"2 Thieves","floor":18,"turns":3},{"damage":0,"enemies":"Shell Parasite","floor":22,"turns":3},{"damage":0,"enemies":"Slavers","floor":23,"turns":4},{"damage":0,"enemies":"Snecko","floor":24,"turns":3},{"damage":0,"enemies":"Gremlin Leader","floor":25,"turns":3},{"damage":14,"enemies":"Shelled Parasite and Fungi","floor":30,"turns":1}],"seed_played":"4069183105478552205","potions_obtained":[{"floor":6,"key":"ColorlessPotion"},{"floor":8,"key":"LiquidBronze"},{"floor":11,"key":"Swift Potion"},{"floor":22,"key":"Energy Potion"},{"floor":23,"key":"Dexterity Potion"},{"floor":24,"key":"Swift Potion"}],"is_trial":false,"path_per_floor":["M","?","?","?","M","E","R","E","T","R","M","E","M","?","R","B",null,"M","?","?","$","M","E","M","E","T","R","?","$","M"],"character_chosen":"THE_SILENT","items_purchased":["Mummified Hand","Bouncing Flask+1","Prepared+1","Backflip+1"],"campfire_rested":1,"item_purchase_floors":[21,21,29,29],"current_hp_per_floor":[59,59,59,59,58,43,43,43,43,43,41,19,14,14,25,17,37,30,30,30,30,30,30,30,30,30,30,14,14,0,0],"gold":68,"neow_bonus":"","is_daily":false,"chose_seed":false,"campfire_upgraded":2,"win_rate":0.0,"timestamp":1608462334,"path_taken":["M","?","?","?","?","E","R","E","T","R","M","E","M","?","R","BOSS","M","?","?","$","M","E","M","E","T","R","?","$","M"],"items_purchased_type":["Relic","Card","Card","Card"],"build_version":"2020-12-13","purchased_purges":0,"victory":false,"max_hp_per_floor":[70,70,70,70,70,70,70,70,70,70,70,70,70,70,70,70,70,70,70,70,70,70,70,70,70,70,70,70,70,70,70],"card_choices":[{"not_picked":["Outmaneuver","Deflect"],"picked":"Calculated Gamble","floor":1},{"not_picked":["Sucker Punch","Slice"],"picked":"PiercingWail","floor":5},{"not_picked":["Dash","Dagger Throw"],"picked":"A Thousand Cuts","floor":6},{"not_picked":["Underhanded Strike","Heel Hook"],"picked":"Cloak And Dagger","floor":8},{"not_picked":["Slice","Concentrate"],"picked":"Noxious Fumes","floor":11},{"not_picked":["Leg Sweep","Slice","A Thousand Cuts"],"picked":"SKIP","floor":12},{"not_picked":["Leg Sweep","Deadly Poison"],"picked":"Infinite Blades","floor":13},{"not_picked":["Grand Finale","Phantasmal Killer+1"],"picked":"Adrenaline+1","floor":16},{"not_picked":["Slice"],"picked":"SKIP","floor":18},{"not_picked":[],"picked":"Cloak And Dagger+1","floor":22},{"not_picked":["Dodge and Roll+1"],"picked":"SKIP","floor":23},{"not_picked":[],"picked":"Noxious Fumes+1","floor":24},{"not_picked":[],"picked":"Grand Finale","floor":25}],"player_experience":491803,"relics_obtained":[{"floor":6,"key":"Akabeko"},{"floor":8,"key":"Potion Belt"},{"floor":9,"key":"Juzu Bracelet"},{"floor":12,"key":"Sundial"},{"floor":23,"key":"Ninja Scroll"},{"floor":25,"key":"Happy Flower"},{"floor":28,"key":"Necronomicon"}],"event_choices":[{"damage_healed":0,"gold_gain":0,"player_choice":"Ignored","damage_taken":0,"max_hp_gain":0,"max_hp_loss":0,"event_name":"Golden Wing","floor":2,"gold_loss":0},{"damage_healed":0,"gold_gain":0,"player_choice":"Grow","damage_taken":0,"max_hp_gain":0,"max_hp_loss":0,"event_name":"Living Wall","floor":3,"gold_loss":0,"cards_upgraded":["Calculated Gamble"]},{"damage_healed":0,"gold_gain":0,"player_choice":"Rummage","damage_taken":0,"relics_obtained":["WarpedTongs"],"max_hp_gain":0,"max_hp_loss":0,"event_name":"Accursed Blacksmith","floor":4,"gold_loss":0,"cards_obtained":["Pain"]},{"damage_healed":0,"gold_gain":0,"player_choice":"Gave Potion","damage_taken":0,"relics_obtained":["Toxic Egg 2"],"max_hp_gain":0,"max_hp_loss":0,"event_name":"WeMeetAgain","floor":14,"gold_loss":0},{"cards_removed":["Pain"],"damage_healed":0,"gold_gain":0,"player_choice":"Gave Gold","damage_taken":0,"max_hp_gain":0,"max_hp_loss":0,"event_name":"Beggar","floor":19,"gold_loss":75},{"cards_removed":["Deadly Poison"],"damage_healed":0,"gold_gain":0,"player_choice":"Purged","damage_taken":0,"max_hp_gain":0,"max_hp_loss":0,"event_name":"Purifier","floor":20,"gold_loss":0},{"damage_healed":0,"gold_gain":0,"player_choice":"Obtained Book","damage_taken":16,"max_hp_gain":0,"max_hp_loss":0,"event_name":"Cursed Tome","floor":28,"gold_loss":0}],"is_beta":false,"boss_relics":[{"not_picked":["Runic Pyramid","HoveringKite"],"picked":"Busted Crown"}],"items_purged_floors":[],"is_endless":false,"potions_floor_spawned":[6,8,11,22,23,24],"killed_by":"Shelled Parasite and Fungi","ascension_level":8}}