{"host":"ufl0k2so27eic2iy","time":1608452835,"event":{"mods":["BaseMod","Minty Spire (QoL Compilation)","StSLib","The Animator"],"gold_per_floor":[129,129,139,154,180,180,214,237,264,277,277,277,277,28,28,106,106,116,116,127,127,27,52,52,68,68,68,93,93,120,130,130,130,130],"floor_reached":33,"playtime":1326,"items_purged":["animator:Strike","Decay"],"score":499,"play_id":"3c00b9c9-ad04-431b-9495-70e6447638bd","local_time":"20201220082715","is_ascension_mode":true,"campfire_choices":[{"data":"animator:Aqua","floor":6,"key":"SMITH"},{"data":"animator:Aqua","floor":11,"key":"SMITH"},{"data":"animator:YunYun","floor":13,"key":"SMITH"},{"data":"animator:DwarfShaman","floor":15,"key":"SMITH"},{"data":"animator:Hans","floor":24,"key":"SMITH"},{"data":"animator:Arpeggio","floor":27,"key":"SMITH"},{"floor":29,"key":"REST"},{"data":"animator:Zero","floor":32,"key":"SMITH"}],"circlet_count":0,"master_deck":["AscendersBane","animator:Strike_Konosuba+1","animator:Defend_Konosuba+1","animator:Strike+1","animator:Defend+1","animator:Defend+1","animator:Defend+1","animator:Kazuma","animator:Aqua+1","animator:DwarfShaman+1","animator:Arpeggio+1","animator:Aqua+1","animator:YunYun+1","animator:KyokoSakura","animator:Jibril","animator:TukaLunaMarceau","animator:Hans+1","CurseOfTheBell","animator:LeleiLaLalena","animator:ChlammyZell+1","animator:LeleiLaLalena","animator:Bozes","animator:Zero+1"],"relics":["animator:LivingPicture","animator:ColorlessFragment","Art of War","Tiny Chest","Calling Bell","Vajra","Mercury Hourglass","Pocketwatch","Juzu Bracelet","Frozen Egg 2","Happy Flower","Bag of Marbles"],"acts_visited":["Exordium","TheCity"],"potions_floor_usage":[5,8,23,23,30],"damage_taken":[{"damage":2,"enemies":"Small Slimes","floor":1,"turns":5},{"damage":1,"enemies":"Cultist","floor":3,"turns":4},{"damage":1,"enemies":"2 Louse","floor":4,"turns":5},{"damage":14,"enemies":"Looter","floor":5,"turns":4},{"damage":16,"enemies":"Lagavulin","floor":7,"turns":7},{"damage":14,"enemies":"Large Slime","floor":8,"turns":5},{"damage":4,"enemies":"Exordium Wildlife","floor":10,"turns":4},{"damage":8,"enemies":"The Guardian","floor":16,"turns":9},{"damage":7,"enemies":"Chosen","floor":18,"turns":4},{"damage":7,"enemies":"2 Thieves","floor":20,"turns":4},{"damage":37,"enemies":"Slavers","floor":23,"turns":4},{"damage":2,"enemies":"Snake Plant","floor":25,"turns":2},{"damage":15,"enemies":"Gremlin Leader","floor":30,"turns":6},{"damage":0,"enemies":"Centurion and Healer","floor":31,"turns":5},{"damage":60,"enemies":"Collector","floor":33,"turns":6}],"seed_played":"1902540223623838574","potions_obtained":[{"floor":1,"key":"AttackPotion"},{"floor":3,"key":"LiquidMemories"},{"floor":7,"key":"animator:GrowthPotion"},{"floor":16,"key":"Strength Potion"},{"floor":18,"key":"Weak Potion"},{"floor":25,"key":"animator:FalseLifePotion"}],"is_trial":false,"path_per_floor":["M","?","M","M","M","R","E","M","T","M","R","?","R","$","R","B",null,"M","?","M","?","$","E","R","M","T","R","T","R","E","M","R","B"],"character_chosen":"THE_ANIMATOR","items_purchased":["animator:ColorlessFragment"],"campfire_rested":1,"item_purchase_floors":[14],"current_hp_per_floor":[60,60,61,62,52,52,41,32,32,33,33,33,33,33,33,32,58,57,57,57,57,57,26,26,30,30,30,30,50,41,47,47,0,0],"gold":130,"neow_bonus":"TEN_PERCENT_HP_BONUS","is_daily":false,"chose_seed":false,"campfire_upgraded":7,"win_rate":0.0,"timestamp":1608452835,"path_taken":["M","?","M","?","M","R","E","M","T","M","R","?","R","$","R","BOSS","M","?","M","?","$","E","R","M","T","R","?","R","E","M","R","BOSS"],"items_purchased_type":["Relic"],"build_version":"2020-12-13","purchased_purges":2,"victory":false,"max_hp_per_floor":[66,66,66,66,66,66,66,66,66,66,66,66,66,66,66,67,67,67,67,68,68,68,68,68,68,68,68,68,68,68,68,68,68,68],"card_choices":[{"not_picked":["animator:HighElfArcher","animator:Tyuule"],"picked":"animator:DwarfShaman","floor":1},{"not_picked":["animator:DolaRiku","animator:IrohaTamaki"],"picked":"animator:Arpeggio","floor":3},{"not_picked":["animator:ElricAlphonse","animator:ChaikaBohdan"],"picked":"animator:Aqua","floor":4},{"not_picked":["animator:Verdia","animator:Vanir"],"picked":"animator:YunYun","floor":5},{"not_picked":["animator:Sloth","animator:Tyuule"],"picked":"animator:KyokoSakura","floor":7},{"not_picked":["animator:Guy","animator:YaoHaDucy"],"picked":"animator:Jibril","floor":8},{"not_picked":["animator:YaoHaDucy","animator:Vanir"],"picked":"animator:TukaLunaMarceau","floor":10},{"not_picked":["animator:AcuraShin","animator:SwordMaiden"],"picked":"animator:Hans","floor":16},{"not_picked":["animator:YuiTsuruno","animator:TukaLunaMarceau"],"picked":"animator:LeleiLaLalena","floor":18},{"not_picked":["animator:Vanir","animator:Gillette"],"picked":"animator:ChlammyZell+1","floor":20},{"not_picked":["animator:Bozes","animator:Arpeggio"],"picked":"animator:LeleiLaLalena","floor":23},{"not_picked":["animator:YuiTsuruno","animator:Kuribayashi","animator:Jibril"],"picked":"SKIP","floor":25},{"not_picked":["animator:Guy+1","animator:Spearman"],"picked":"animator:Bozes","floor":30},{"not_picked":["animator:IchigoKurosaki","animator:MisaKurobane"],"picked":"animator:Zero","floor":31}],"player_experience":2324948,"relics_obtained":[{"floor":7,"key":"Art of War"},{"floor":9,"key":"Tiny Chest"},{"floor":17,"key":"Vajra"},{"floor":17,"key":"Mercury Hourglass"},{"floor":17,"key":"Pocketwatch"},{"floor":23,"key":"Juzu Bracelet"},{"floor":26,"key":"Frozen Egg 2"},{"floor":28,"key":"Happy Flower"},{"floor":30,"key":"Bag of Marbles"}],"event_choices":[{"damage_healed":0,"gold_gain":0,"player_choice":"Cursed","damage_taken":0,"max_hp_gain":0,"max_hp_loss":0,"event_name":"Wheel of Change","floor":2,"gold_loss":0,"cards_obtained":["Decay"]},{"cards_removed":["animator:Strike"],"damage_healed":0,"gold_gain":0,"player_choice":"Forget","damage_taken":0,"max_hp_gain":0,"max_hp_loss":0,"event_name":"Living Wall","floor":12,"gold_loss":0},{"damage_healed":0,"gold_gain":0,"player_choice":"Simplicity","damage_taken":0,"max_hp_gain":0,"max_hp_loss":0,"event_name":"Back to Basics","floor":19,"gold_loss":0,"cards_upgraded":["animator:Strike_Konosuba","animator:Defend_Konosuba","animator:Strike","animator:Defend","animator:Defend","animator:Defend"]},{"damage_healed":0,"gold_gain":0,"player_choice":"Ignored","damage_taken":0,"max_hp_gain":0,"max_hp_loss":0,"event_name":"Vampires","floor":21,"gold_loss":0}],"is_beta":false,"boss_relics":[{"not_picked":["Runic Dome","animator:CursedBlade"],"picked":"Calling Bell"}],"items_purged_floors":[14,22],"is_endless":false,"potions_floor_spawned":[1,3,4,7,16,18,25],"killed_by":"Collector","ascension_level":15}}