{"host":"3h5qf14xt40jhha0","time":1608451543,"event":{"mods":["AlwaysNeverKeys","BaseMod","Colored Powertips","Minty Spire (QoL Compilation)","Permanent Neow","Relic Stats","StSLib"],"gold_per_floor":[366,441,441,38,50,50,83,101,126,126,126,126,137,168,168,168,168],"floor_reached":16,"playtime":514,"items_purged":[],"score":216,"play_id":"9c78adcb-db6b-4617-a4e2-d1cb6ec1ab11","local_time":"20201220030543","is_ascension_mode":true,"campfire_choices":[{"floor":6,"key":"REST"},{"data":"Doom and Gloom","floor":10,"key":"SMITH"},{"data":"Go for the Eyes","floor":12,"key":"SMITH"},{"data":"Leap","floor":15,"key":"SMITH"}],"circlet_count":0,"master_deck":["AscendersBane","Strike_B","Strike_B","Strike_B","Strike_B","Defend_B","Defend_B","Defend_B","Defend_B","Zap","Dualcast","Go for the Eyes+1","Doom and Gloom+1","Rebound","Leap+1","Cold Snap"],"relics":["Cracked Core","CaptainsWheel","DataDisk","Sundial","Mummified Hand"],"acts_visited":["Exordium"],"potions_floor_usage":[13,16,16],"damage_taken":[{"damage":9.0,"enemies":"Jaw Worm","floor":1.0,"turns":4.0},{"damage":4,"enemies":"Cultist","floor":5,"turns":3},{"damage":7,"enemies":"Lagavulin","floor":7,"turns":6},{"damage":0,"enemies":"Small Slimes","floor":8,"turns":3},{"damage":6,"enemies":"3 Louse","floor":13,"turns":3},{"damage":10,"enemies":"3 Sentries","floor":14,"turns":5},{"damage":9,"enemies":"Hexaghost","floor":16,"turns":7}],"seed_played":"-7351975460822266271","potions_obtained":[{"floor":7,"key":"Fruit Juice"},{"floor":8,"key":"Weak Potion"},{"floor":13,"key":"LiquidBronze"}],"is_trial":false,"path_per_floor":["M","?","?","$","M","R","E","M","T","R","T","R","M","E","R","B"],"character_chosen":"DEFECT","items_purchased":["CaptainsWheel","Doom and Gloom"],"campfire_rested":1,"item_purchase_floors":[4,4],"current_hp_per_floor":[55,44,9,9,5,24,17,17,17,17,17,17,16,6,6,0,0],"gold":168,"neow_bonus":"TWO_FIFTY_GOLD","is_daily":false,"chose_seed":false,"campfire_upgraded":3,"win_rate":0.0,"timestamp":1608451543,"path_taken":["M","?","?","$","M","R","E","M","T","R","?","R","?","E","R","BOSS"],"items_purchased_type":["Relic","Card"],"build_version":"2020-12-13","purchased_purges":0,"victory":false,"max_hp_per_floor":[64,64,64,64,64,64,64,64,64,64,64,64,69,69,69,69,69],"relic_stats":{"counters":[7,31],"Sundial":[2],"Mummified Hand":[0],"obtain_stats":[{"CaptainsWheel":4,"DataDisk":7,"Sundial":11,"Mummified Hand":14,"Cracked Core":0},{"CaptainsWheel":1,"DataDisk":3,"Sundial":4,"Mummified Hand":6,"Cracked Core":0},{"CaptainsWheel":4,"DataDisk":13,"Sundial":16,"Mummified Hand":24,"Cracked Core":0}]},"card_choices":[{"not_picked":["Turbo","Loop"],"picked":"Go for the Eyes","floor":1.0},{"not_picked":["Stack","Steam"],"picked":"Rebound","floor":5},{"not_picked":["Recycle","Gash"],"picked":"Leap","floor":7},{"not_picked":["Turbo","Gash","Stack"],"picked":"SKIP","floor":8},{"not_picked":["Double Energy","Hello World"],"picked":"Cold Snap","floor":13},{"not_picked":["Go for the Eyes","Aggregate","Force Field"],"picked":"SKIP","floor":14}],"player_experience":1260716,"relics_obtained":[{"floor":7,"key":"DataDisk"},{"floor":11,"key":"Sundial"},{"floor":14,"key":"Mummified Hand"}],"event_choices":[{"damage_healed":0.0,"max_hp_gain":0.0,"max_hp_loss":0.0,"gold_gain":75.0,"event_name":"World of Goop","player_choice":"Gather Gold","floor":2.0,"gold_loss":0.0,"damage_taken":11.0},{"damage_healed":0.0,"max_hp_gain":0.0,"max_hp_loss":0.0,"gold_gain":0.0,"event_name":"Scrap Ooze","player_choice":"Fled","floor":3.0,"gold_loss":0.0,"damage_taken":35.0}],"is_beta":false,"boss_relics":[],"items_purged_floors":[],"is_endless":false,"potions_floor_spawned":[7,8,13],"killed_by":"Hexaghost","ascension_level":20}}