{"host":"0azimyi6n3ugndj4","time":1608477984,"event":{"mods":["BaseMod","Bestiary","Conspire","Curses Come First","Defuse TimeMaze Blight","Hyrulean Relics","Infinite Spire","Minty Spire (QoL Compilation)","Relic Sorter","Relic Stats","Replay The Spire","StSLib","SuperFastMode","Uncapped","¡¼?Úª?ø«¡½REMEMod"],"gold_per_floor":[153,153,186,210,210,210,210],"floor_reached":6,"playtime":56,"items_purged":[],"score":143,"play_id":"1bba332d-6773-4eda-8b03-6e932d942560","local_time":"20201221002624","daily_mods":["Insanity","Chimera","Specialized","Vintage","ControlledChaos","Allstar","Diverse","Colorless Cards","Heirloom","Time Dilation","Binary","Elite Swarm","Lethality","Midas","Uncertain Future"],"is_ascension_mode":true,"campfire_choices":[],"circlet_count":0,"master_deck":["Demon Form","Wraith Form v2","Echo Form","DevaForm","AscendersBane","Bash","Survivor","Zap","Eruption","Strike_R","Strike_G","Strike_B","Defend_R","Defend_G","Defend_P","Dark Embrace","CutThroughFate","ReplayTheSpireMod:Trickstab","Blur","Tempest","Leg Sweep","SashWhip","Skim","Body Slam","Draining Mist","Evaluate","Trip","Replay:Anticipation","PanicButton","Flex","Draining Mist","Underhanded Strike","SashWhip","FlurryOfBlows","ReplaySort","Double Energy","Cloak And Dagger","Expertise","Impatience","REME_TwoStrings","Slice","CutThroughFate","Iron Wave","Replay:ManipulateFuture","Heatsinks","Flying Knee","REME_Repentance","Go for the Eyes","Prepared","JustLucky","Replay:Undeath\u0027s Touch","FlurryOfBlows","Protect","Sword Boomerang","Replay:Cycle","Replay:BluntJabs","Escape Plan","Protect","Flash of Steel","Acrobatics","FlurryOfBlows","Clothesline","Anger","Genetic Algorithm","Prepared","Meditate","Meditate","Meditate","Meditate","Meditate","ReplayTheSpireMod:Private Reserves","The Bomb","Crow Ritual","Panacea","Bandage Up","Phantasmal Killer"],"relics":["Cracked Core","Frozen Eye","REME_ComplimentaryCards","infinitespire:Magic Flask","Replay:Baseball","FossilizedHelix","Bronze Scales","zeldaRelics:CouragePiece","Golden Idol"],"acts_visited":["Exordium"],"potions_floor_usage":[],"damage_taken":[{"damage":21,"enemies":"Small Slimes","floor":1,"turns":2},{"damage":0,"enemies":"Jaw Worm","floor":3,"turns":2},{"damage":34,"enemies":"Gremlin Nob","floor":6,"turns":3}],"seed_played":"8919352328822673468","potions_obtained":[{"floor":1,"key":"PotionOfCapacity"},{"floor":3,"key":"Elixir"}],"is_trial":true,"path_per_floor":["M","?","M","T","?","E"],"character_chosen":"DEFECT","items_purchased":[],"campfire_rested":0,"item_purchase_floors":[],"current_hp_per_floor":[43,38,38,38,14,0,0],"gold":210,"neow_bonus":"","is_daily":false,"chose_seed":false,"campfire_upgraded":0,"win_rate":0.0,"timestamp":1608477984,"path_taken":["M","?","M","?","?","E"],"items_purchased_type":[],"build_version":"2020-12-13","purchased_purges":0,"victory":false,"max_hp_per_floor":[71,71,71,71,71,71,71],"relic_stats":{"counters":[3,7],"Golden Idol":0,"Bronze Scales":[3],"obtain_stats":[{"Frozen Eye":0,"Replay:Baseball":1,"Golden Idol":5,"Bronze Scales":3,"zeldaRelics:CouragePiece":4,"infinitespire:Magic Flask":0,"Cracked Core":0,"FossilizedHelix":2,"REME_ComplimentaryCards":0},{"Frozen Eye":0,"Replay:Baseball":1,"Golden Idol":2,"Bronze Scales":2,"zeldaRelics:CouragePiece":2,"infinitespire:Magic Flask":0,"Cracked Core":0,"FossilizedHelix":1,"REME_ComplimentaryCards":0},{"Frozen Eye":0,"Replay:Baseball":2,"Golden Idol":4,"Bronze Scales":4,"zeldaRelics:CouragePiece":4,"infinitespire:Magic Flask":0,"Cracked Core":0,"FossilizedHelix":2,"REME_ComplimentaryCards":0}]},"card_choices":[],"player_experience":1487390,"relics_obtained":[{"floor":1,"key":"Replay:Baseball"},{"floor":3,"key":"Bronze Scales"},{"floor":4,"key":"zeldaRelics:CouragePiece"}],"event_choices":[{"damage_healed":0,"gold_gain":0,"player_choice":"Success","damage_taken":5,"relics_obtained":["FossilizedHelix"],"max_hp_gain":0,"max_hp_loss":0,"event_name":"Scrap Ooze","floor":2,"gold_loss":0},{"damage_healed":0,"gold_gain":0,"player_choice":"Take Damage","damage_taken":24,"relics_obtained":["Golden Idol"],"max_hp_gain":0,"max_hp_loss":0,"event_name":"Golden Idol","floor":5,"gold_loss":0}],"is_beta":false,"boss_relics":[],"items_purged_floors":[],"is_endless":false,"potions_floor_spawned":[1,3],"killed_by":"Gremlin Nob","ascension_level":20}}