{"host":"1tl36azeqm6yhdgj","time":1608422752,"event":{"mods":["AchievementEnabler","BaseMod","Minty Spire (QoL Compilation)","StSLib","The IronCluck","everything is the same but u backflip on backflip"],"gold_per_floor":[115,131,148,167,100,130,130,156,156,156,176,206,225,245,245,245,245],"floor_reached":16,"playtime":717,"items_purged":[],"score":223,"play_id":"8fb0a14c-ad30-4645-b75c-eba3340f70e7","local_time":"20201219190552","is_ascension_mode":true,"campfire_choices":[{"floor":7.0,"key":"REST"},{"floor":10,"key":"REST"},{"floor":15,"key":"REST"}],"circlet_count":0,"master_deck":["AscendersBane","Strike_R","Strike_R","Strike_R","Strike_R","Defend_R","Defend_R","Defend_R","Bash","Injury","Ghostly Armor","Brutality","Dropkick","Spot Weakness","Anger","Fire Breathing","Feel No Pain","Dropkick","Thunderclap","Uppercut","Shrug It Off","Clash"],"relics":["Burning Blood","Blue Candle","Darkstone Periapt","Bottled Lightning","Happy Flower"],"acts_visited":["Exordium"],"potions_floor_usage":[8,12,14,16],"damage_taken":[{"damage":12.0,"enemies":"Jaw Worm","floor":1.0,"turns":4.0},{"damage":8.0,"enemies":"2 Louse","floor":2.0,"turns":3.0},{"damage":5.0,"enemies":"Cultist","floor":3.0,"turns":4.0},{"damage":22.0,"enemies":"2 Fungi Beasts","floor":4.0,"turns":4.0},{"damage":57.0,"enemies":"Gremlin Nob","floor":6.0,"turns":5.0},{"damage":18,"enemies":"3 Sentries","floor":8,"turns":6},{"damage":16,"enemies":"Lots of Slimes","floor":11,"turns":4},{"damage":20,"enemies":"Lagavulin","floor":12,"turns":6},{"damage":6,"enemies":"Blue Slaver","floor":13,"turns":3},{"damage":9,"enemies":"2 Fungi Beasts","floor":14,"turns":3},{"damage":36,"enemies":"The Guardian","floor":16,"turns":6}],"seed_played":"-1347644347479675922","potions_obtained":[{"floor":2.0,"key":"ElixirPotion"},{"floor":4.0,"key":"EntropicBrew"},{"floor":11,"key":"Weak Potion"},{"floor":13,"key":"Energy Potion"},{"floor":14,"key":"ColorlessPotion"}],"is_trial":false,"path_per_floor":["M","M","M","M","?","E","R","E","T","R","M","E","M","M","R","B"],"character_chosen":"IRONCLAD","items_purchased":[],"campfire_rested":3,"item_purchase_floors":[],"current_hp_per_floor":[62,60,61,45,45,9,31,19,19,41,31,17,17,14,36,0,0],"gold":245,"neow_bonus":"TRANSFORM_TWO_CARDS","is_daily":false,"chose_seed":false,"campfire_upgraded":0,"win_rate":0.0,"timestamp":1608422752,"path_taken":["M","M","M","M","?","E","R","E","T","R","M","E","M","M","R","BOSS"],"items_purchased_type":[],"build_version":"2020-12-13","purchased_purges":0,"victory":false,"max_hp_per_floor":[75,75,75,75,75,75,75,75,75,75,75,75,75,75,75,75,75],"card_choices":[{"not_picked":["Rage","Sword Boomerang"],"picked":"Dropkick","floor":1.0},{"not_picked":["True Grit","Whirlwind"],"picked":"Spot Weakness","floor":2.0},{"not_picked":["Pommel Strike","Clothesline"],"picked":"Anger","floor":3.0},{"not_picked":["Entrench","Infernal Blade"],"picked":"Fire Breathing","floor":4.0},{"not_picked":["Fire Breathing","Shrug It Off"],"picked":"Feel No Pain","floor":6.0},{"not_picked":["Wild Strike","Hemokinesis"],"picked":"Dropkick","floor":8},{"not_picked":["Twin Strike","Warcry"],"picked":"Thunderclap","floor":11},{"not_picked":["Entrench","Offering"],"picked":"Uppercut","floor":12},{"not_picked":["Second Wind","Headbutt"],"picked":"Shrug It Off","floor":13},{"not_picked":["Perfected Strike","Heavy Blade"],"picked":"Clash","floor":14}],"player_experience":1970483,"relics_obtained":[{"floor":6.0,"key":"Blue Candle"},{"floor":8,"key":"Darkstone Periapt"},{"floor":9,"key":"Bottled Lightning"},{"floor":12,"key":"Happy Flower"}],"event_choices":[{"damage_healed":0.0,"max_hp_gain":0.0,"max_hp_loss":0.0,"gold_gain":0.0,"event_name":"World of Goop","player_choice":"Left Gold","floor":5.0,"gold_loss":67.0,"damage_taken":0.0}],"is_beta":false,"boss_relics":[],"items_purged_floors":[],"is_endless":false,"potions_floor_spawned":[2,4,11,13,14],"killed_by":"The Guardian","ascension_level":16}}