{"host":"cyiefo55v5hz1ih5","time":1608453429,"event":{"mods":["2.2 Compatiblity","AchievementEnabler","BaseMod","Downfall","GifTheSpireLib","Hubris","Minty Spire (QoL Compilation)","Replay The Spire","Robot Space Explorer","StSLib"],"gold_per_floor":[99,116,116,136,136,156,180,197,223,239,259,259,66,83,95,200,200,125,154,154,171,271,300,300,320,346,271,287,307,321,321,341,439,439,439,457,484,219,234,234,234,159,19,19,37,52,247,263,278,278,278,309,80,80,30],"floor_reached":56,"playtime":8545,"items_purged":["champ:Strike","champ:Strike","champ:Strike","champ:Strike","champ:Defend"],"score":1421,"play_id":"fdf3548e-074c-41af-a99e-2a1fcf2022fb","local_time":"20201220033709","is_ascension_mode":true,"campfire_choices":[{"floor":1,"key":"RECALL"},{"data":"champ:GladiatorStyle","floor":18,"key":"SMITH"},{"data":"champ:EnchantShield","floor":20,"key":"SMITH"},{"data":"champ:FanOfKnives","floor":27,"key":"SMITH"},{"data":"champ:CalledShot","floor":35,"key":"SMITH"},{"data":"champ:RecklessLeap","floor":42,"key":"SMITH"},{"data":"champ:Balance","floor":44,"key":"SMITH"},{"data":"champ:PerfectForm","floor":54,"key":"SMITH"}],"circlet_count":0,"master_deck":["champ:Defend","champ:Defend","champ:Defend","champ:Execute","champ:Taunt+1","champ:FlashCut","champ:DefensiveShout","champ:Balance+1","champ:CalledShot+1","champ:GladiatorStyle+1","champ:Backstep+1","champ:RecklessLeap+1","champ:BringItOn","champ:EnchantShield+1","champ:GutPunch+1","champ:DefensiveStyle","champ:FanOfKnives+1","champ:IgnorePain+1","champ:Haymaker+1","champ:PerfectForm+1","champ:HoldFirm+1","champ:VampiricStrike","champ:Backstep+1"],"relics":["champ:ChampionCrown","Blood Vial","hubris:GlazedTorus","ChewingGum","downfall:HeartBlessingRed","champ:DeflectingBracers","Vajra","Toxic Egg 2","hubris:SlimyHat","downfall:HeartBlessingGreen","hubris:Icosahedron","hubris:CuriousFeather","ClockworkSouvenir","hubris:Towel","downfall:HeartBlessingBlue","Thread and Needle","Simple Rune"],"acts_visited":["Exordium","TheCity","TheBeyond","TheEnding"],"potions_floor_usage":[8,9,16,19,23,23,26,33,38,43,49,55,55,55],"damage_taken":[{"damage":5,"enemies":"2 Louse","floor":2,"turns":3},{"damage":5,"enemies":"Jaw Worm","floor":4,"turns":4},{"damage":5,"enemies":"Cultist","floor":6,"turns":3},{"damage":0,"enemies":"Lots of Slimes","floor":8,"turns":1},{"damage":19,"enemies":"Gremlin Nob","floor":9,"turns":3},{"damage":10,"enemies":"Large Slime","floor":10,"turns":3},{"damage":6,"enemies":"Exordium Thugs","floor":11,"turns":3},{"damage":6,"enemies":"downfall:FleeingMerchant","floor":13,"turns":4},{"damage":16,"enemies":"3 Louse","floor":14,"turns":4},{"damage":5,"enemies":"Red Slaver","floor":15,"turns":3},{"damage":32,"enemies":"downfall:Silent","floor":16,"turns":8},{"damage":25,"enemies":"Gremlin Leader","floor":19,"turns":6},{"damage":20,"enemies":"Chosen","floor":21,"turns":4},{"damage":39,"enemies":"Slavers","floor":23,"turns":5},{"damage":15,"enemies":"Spheric Guardian","floor":25,"turns":3},{"damage":28,"enemies":"Gremlin Leader","floor":26,"turns":4},{"damage":23,"enemies":"Snecko","floor":28,"turns":3},{"damage":5,"enemies":"Centurion and Healer","floor":29,"turns":4},{"damage":18,"enemies":"Shelled Parasite and Fungi","floor":30,"turns":3},{"damage":3,"enemies":"3 Cultists","floor":32,"turns":2},{"damage":23,"enemies":"downfall:Defect","floor":33,"turns":7},{"damage":18,"enemies":"3 Darklings","floor":36,"turns":4},{"damage":24,"enemies":"Giant Head","floor":37,"turns":8},{"damage":20,"enemies":"downfall:FleeingMerchant","floor":38,"turns":4},{"damage":29,"enemies":"Orb Walker","floor":39,"turns":3},{"damage":28,"enemies":"downfall:FleeingMerchant","floor":43,"turns":4},{"damage":15,"enemies":"Jaw Worm Horde","floor":46,"turns":4},{"damage":0,"enemies":"downfall:FleeingMerchant","floor":47,"turns":1},{"damage":20,"enemies":"Spire Growth","floor":48,"turns":4},{"damage":37,"enemies":"4 Shapes","floor":49,"turns":10},{"damage":36,"enemies":"downfall:Watcher","floor":50,"turns":7},{"damage":66,"enemies":"downfall:CharBossMerchant","floor":52,"turns":10},{"damage":61,"enemies":"downfall:NeowBoss","floor":55,"turns":26}],"seed_played":"-4660933080635680306","potions_obtained":[{"floor":5,"key":"champ:TechniquePotion"},{"floor":5,"key":"Explosive Potion"},{"floor":5,"key":"Death Potion"},{"floor":14,"key":"Adrenaline Potion"},{"floor":15,"key":"Adrenaline Potion"},{"floor":16,"key":"Adrenaline Potion"},{"floor":19,"key":"Block Potion"},{"floor":23,"key":"Toxic Potion"},{"floor":26,"key":"Weak Potion"},{"floor":30,"key":"DuplicationPotion"},{"floor":46,"key":"Fire Potion"},{"floor":48,"key":"BlessingOfTheForge"},{"floor":49,"key":"Dexterity Potion"},{"floor":52,"key":"champ:CounterPotion"}],"is_trial":false,"path_per_floor":["R","M","?","M","?","M","T","M","E","M","M","?","$","M","M","B",null,"R","E","R","M","?","E","T","M","E","R","M","M","M","?","M","B",null,"R","M","E","$","M","?","T","R","$","R","?","M","$","M","M","B",null,"E","$","R","B",null],"character_chosen":"THE_CHAMP","items_purchased":["champ:Backstep+1","champ:RecklessLeap","ClockworkSouvenir","champ:Backstep+1"],"campfire_rested":0,"item_purchase_floors":[13,13,38,53],"current_hp_per_floor":[90,90,90,90,90,90,90,90,76,78,79,84,85,76,78,73,95,95,95,95,90,90,83,83,85,87,87,89,91,90,90,95,95,95,95,95,95,95,86,86,86,96,98,98,72,64,66,78,82,94,105,82,82,82,105],"gold":30,"neow_bonus":"UPGRADE_CARD","is_daily":false,"chose_seed":false,"campfire_upgraded":7,"win_rate":0.0,"timestamp":1608453429,"path_taken":["R","M","?","M","?","M","T","?","E","M","?","?","?","M","M","BOSS","R","E","R","M","?","E","T","M","E","R","?","M","M","?","M","BOSS","R","M","E","$","M","?","T","R","$","R","?","M","?","?","M","BOSS","E","$","R","BOSS"],"items_purchased_type":["Card","Card","Relic","Card"],"build_version":"2020-12-13","purchased_purges":5,"victory":true,"max_hp_per_floor":[90,90,90,90,90,90,90,90,90,90,90,95,95,95,95,95,95,95,95,95,95,95,95,95,95,95,95,95,95,95,95,95,95,95,95,95,95,95,95,95,95,105,105,105,105,105,105,105,105,105,105,105,105,105,105],"card_choices":[{"not_picked":["champ:Encircle","champ:ViciousMockery","champ:Control"],"picked":"SKIP","floor":2},{"not_picked":["champ:CrookedStrike","champ:FanOfKnives"],"picked":"champ:FlashCut","floor":4},{"not_picked":["champ:AdrenalArmor","champ:EnragedBash","champ:TornadoPunch"],"picked":"SKIP","floor":6},{"not_picked":["champ:SkillfulDodge","champ:Lariat"],"picked":"champ:DefensiveShout","floor":8},{"not_picked":["champ:CalledShot","champ:StanceDance"],"picked":"champ:Balance","floor":9},{"not_picked":["champ:ShieldSigil","champ:StanceDance"],"picked":"champ:CalledShot","floor":10},{"not_picked":["champ:EndlessRage","champ:Haymaker"],"picked":"champ:GladiatorStyle","floor":11},{"not_picked":["champ:DefensiveStyle","champ:FanOfKnives","champ:SwordSigil"],"picked":"SKIP","floor":13},{"not_picked":["champ:Circumvent","champ:RageSigil"],"picked":"champ:BringItOn","floor":14},{"not_picked":["champ:Backstep","champ:PerfectedStrike","champ:BerserkerStyle"],"picked":"SKIP","floor":15},{"not_picked":["champ:CrownThrow","champ:MurderStrike"],"picked":"champ:EnchantShield","floor":16},{"not_picked":["champ:BerserkersShout","champ:Backstep+1"],"picked":"champ:GutPunch+1","floor":19},{"not_picked":["champ:SwordSigil","champ:CrookedStrike","champ:BringItOn"],"picked":"SKIP","floor":21},{"not_picked":["champ:GladiatorsShout","champ:HeavySlash","champ:EnragedBash"],"picked":"SKIP","floor":23},{"not_picked":["champ:FlashCut","champ:AdrenalArmor+1"],"picked":"champ:DefensiveStyle","floor":25},{"not_picked":["champ:Backstep+1","champ:RecklessLeap+1"],"picked":"champ:FanOfKnives","floor":26},{"not_picked":["champ:Control+1","champ:RageSigil+1","champ:PerfectedStrike+1"],"picked":"SKIP","floor":28},{"not_picked":["champ:FightOn","champ:CrookedStrike","champ:RisingSlash"],"picked":"SKIP","floor":29},{"not_picked":["champ:DefensiveShout+1","champ:DefensiveStyle","champ:BringItOn+1"],"picked":"SKIP","floor":30},{"not_picked":["champ:PreciseThrust","champ:ShieldSigil+1","champ:GutPunch+1"],"picked":"SKIP","floor":32},{"not_picked":["champ:ShieldSlam","champ:StrikeOfGenius"],"picked":"champ:IgnorePain+1","floor":33},{"not_picked":["champ:FanOfKnives","champ:Duel","champ:GladiatorsShout+1"],"picked":"SKIP","floor":36},{"not_picked":["champ:TornadoPunch","champ:SwordSigil+1","champ:ArenaPreparation+1"],"picked":"SKIP","floor":37},{"not_picked":["champ:BladeFlurry+1","champ:Encircle+1"],"picked":"champ:Haymaker+1","floor":38},{"not_picked":["champ:Circumvent+1","champ:RisingSlash+1","champ:DeathBlow"],"picked":"SKIP","floor":39},{"not_picked":["champ:Circumvent+1","champ:RisingSlash+1","champ:DeathBlow"],"picked":"SKIP","floor":39},{"not_picked":["champ:ShieldWall","champ:GladiatorStyle+1","champ:SwordSigil+1"],"picked":"SKIP","floor":43},{"not_picked":["champ:ShieldSigil+1","champ:Backstep+1"],"picked":"champ:PerfectForm","floor":45},{"not_picked":["champ:DefensiveStyle+1","champ:ViciousMockery+1","champ:FocusedDefense+1"],"picked":"SKIP","floor":46},{"not_picked":["champ:GladiatorsShout+1","champ:EndlessRage"],"picked":"champ:HoldFirm+1","floor":47},{"not_picked":["champ:FocusedDefense+1","champ:ShieldWall","champ:Lariat+1"],"picked":"SKIP","floor":48},{"not_picked":["champ:RageSigil+1","champ:Lariat+1","champ:Encircle+1"],"picked":"SKIP","floor":49},{"not_picked":["champ:Devastate","champ:PerfectedStrike+1"],"picked":"champ:VampiricStrike","floor":52}],"player_experience":791228,"relics_obtained":[{"floor":7,"key":"Blood Vial"},{"floor":9,"key":"hubris:GlazedTorus"},{"floor":19,"key":"champ:DeflectingBracers"},{"floor":23,"key":"Vajra"},{"floor":24,"key":"Toxic Egg 2"},{"floor":26,"key":"hubris:SlimyHat"},{"floor":37,"key":"hubris:CuriousFeather"},{"floor":45,"key":"Thread and Needle"},{"floor":52,"key":"Simple Rune"}],"event_choices":[{"damage_healed":0,"gold_gain":0,"player_choice":"Got Potions","damage_taken":0,"max_hp_gain":0,"max_hp_loss":0,"event_name":"Lab","floor":5,"gold_loss":0},{"damage_healed":0,"gold_gain":0,"player_choice":"Donut","damage_taken":0,"max_hp_gain":5,"max_hp_loss":0,"event_name":"Big Fish","floor":12,"gold_loss":0}],"is_beta":false,"boss_relics":[{"not_picked":["Cursed Key","Velvet Choker"],"picked":"ChewingGum"},{"not_picked":["Honey Jar","Pandora\u0027s Box","Snecko Eye"]}],"items_purged_floors":[13,38,43,47,53],"is_endless":false,"potions_floor_spawned":[6,14,15,16,19,21,23,26,30,46,48,49,52],"ascension_level":1}}