{"host":"pug7jmvpgpbk2b89","time":1608456008,"event":{"mods":["10 clothes from DAL","Act Like it!","Aspiration","BaseMod","Gensokyo","Library of Ruina","Marisa（F雨　魔理沙）","Minty Spire (QoL Compilation)","MostiFishMod","Remilia（蕾米莉亚）","RumiaBox-露米娅的神秘盒子","Spicy Shops","StSLib","TestMod","The Administrix","Waifu the Spire","Youmu（魂魄妖梦）","vexMod","【东方二次创作】八云紫mod","【功能Mod】混沌之环修复补丁","【遗物Mod】简单游戏","【遗物卡牌】REMEMod"],"gold_per_floor":[115,115,115,129,229,261,273,292,292,303,303,328,328,163,163,260,260,278,278,74,74,94,121,133,33,85,100,100,118,118,129,129,229,229,246,264,280,296,341,341,367,367,367,367,386,398,278,296,296,395,395,412,412],"floor_reached":52,"playtime":3242,"items_purged":["AdministrixMod:Strike_Administrix","Pain","Shame","AdministrixMod:BloodlessSapphire"],"score":868,"play_id":"7d9ab698-3714-4858-9db6-bad91f56dfc4","local_time":"20201220172008","daily_mods":["Heirloom"],"is_ascension_mode":false,"campfire_choices":[{"data":"AdministrixMod:GuanyinBlessing","floor":13,"key":"SMITH"},{"data":"AdministrixMod:BishamonBlessing","floor":15,"key":"SMITH"},{"data":"AdministrixMod:GirlsDoItBetter","floor":32,"key":"SMITH"},{"data":"AdministrixMod:WifeLightning","floor":40,"key":"SMITH"},{"data":"AdministrixMod:Mastermind","floor":42,"key":"SMITH"},{"data":"AdministrixMod:RebukeDesires","floor":49,"key":"SMITH"}],"circlet_count":0,"master_deck":["AdministrixMod:RedCloak","AdministrixMod:BlueCloak","BootSequence","AdministrixMod:FiendishCrimson","AdministrixMod:JustRewards","AdministrixMod:ReachToHeaven","AdministrixMod:HiddenPower","AdministrixMod:ShadowPlay","AdministrixMod:ExtolVirtue","AdministrixMod:DreamsMausoleum","AdministrixMod:RebukeDesires+1","AdministrixMod:RisingSunPrince","AdministrixMod:GuanyinBlessing+1","AdministrixMod:ChooseYourEnd","AdministrixMod:BishamonBlessing+1","AdministrixMod:MixOfMercury","AdministrixMod:Convergence","AdministrixMod:HaveItAll","AdministrixMod:GirlsDoItBetter+1","AdministrixMod:FaithfulFlames","AdministrixMod:FalseDeath","AdministrixMod:FiendishCrimson","AdministrixMod:FiendishCrimson","AdministrixMod:FiendishCrimson","AdministrixMod:BloodlessSapphire","AdministrixMod:BloodlessSapphire","AdministrixMod:SyncreticSurge+1","AdministrixMod:WickedPunishment","AdministrixMod:HarmonicReverence+1","AdministrixMod:RegentEdict","AdministrixMod:ImmortalPurity+1","AdministrixMod:ImmortalGrace","AdministrixMod:WifeLightning+1","AdministrixMod:RegentEdict+1","AdministrixMod:RegentEdict","AdministrixMod:LightOfYourLife+1","AdministrixMod:Mastermind+1","AdministrixMod:LightOfYourLife+1","AdministrixMod:CastOffRegrets","AdministrixMod:NoblePath","AdministrixMod:ArmillarySphere","AdministrixMod:DeathByGlamour"],"relics":["AdministrixMod:ConductorRitualBaton","testmod-TestBox","DaveBox","EasyRelic","REME_ComplimentaryCards","testmod-FatalChain","ShadowXiaoBlade","Ice Cream","Question Card","REME_IWantAll","DianDianMeat","WarpedTongs","Nunchaku","ImportantClient","AdministrixMod:BloodSoakedVeil","AdministrixMod:DragonsEyeCharm","SentryEyes","Centennial Puzzle","testmod-HarvestTotem","testmod-Alchemist","PageOfQueenBee","Mummified Hand","HereWithMe"],"acts_visited":["Exordium","TheCity","TheBeyond","Gensokyo:Gensokyo"],"potions_floor_usage":[],"damage_taken":[{"damage":0,"enemies":"Cultist","floor":1,"turns":1},{"damage":0,"enemies":"Jaw Worm","floor":4,"turns":1},{"damage":0,"enemies":"3 Sentries","floor":6,"turns":2},{"damage":0,"enemies":"2 Louse","floor":7,"turns":1},{"damage":0,"enemies":"Exordium Wildlife","floor":8,"turns":2},{"damage":0,"enemies":"Gremlin Gang","floor":10,"turns":1},{"damage":1,"enemies":"Gremlin Nob","floor":12,"turns":2},{"damage":4,"enemies":"Slime Boss","floor":16,"turns":4},{"damage":5,"enemies":"Spheric Guardian","floor":18,"turns":3},{"damage":4,"enemies":"Shell Parasite","floor":22,"turns":3},{"damage":15,"enemies":"REME_1_Revenger","floor":23,"turns":3},{"damage":0,"enemies":"3 Cultists","floor":24,"turns":2},{"damage":0,"enemies":"Shelled Parasite and Fungi","floor":27,"turns":1},{"damage":3,"enemies":"Snake Plant","floor":29,"turns":2},{"damage":0,"enemies":"Snecko","floor":31,"turns":2},{"damage":7,"enemies":"Collector","floor":33,"turns":4},{"damage":12,"enemies":"3 Shapes","floor":35,"turns":1},{"damage":0,"enemies":"3 Darklings","floor":36,"turns":1},{"damage":15,"enemies":"Transient","floor":37,"turns":5},{"damage":0,"enemies":"Writhing Mass","floor":38,"turns":3},{"damage":1,"enemies":"2 Orb Walkers","floor":39,"turns":2},{"damage":45,"enemies":"Nemesis","floor":41,"turns":4},{"damage":0,"enemies":"Sphere and 2 Shapes","floor":45,"turns":2},{"damage":24,"enemies":"4 Shapes","floor":46,"turns":1},{"damage":22,"enemies":"Spire Growth","floor":48,"turns":3},{"damage":9,"enemies":"Donu and Deca","floor":50,"turns":5},{"damage":0,"enemies":"Gensokyo:Python","floor":52,"turns":2}],"seed_played":"8791318978824446729","potions_obtained":[{"floor":7,"key":"FearPotion"},{"floor":8,"key":"Ancient Potion"},{"floor":16,"key":"Energy Potion"},{"floor":36,"key":"testmod-TimePotion"},{"floor":50,"key":"PowerPotion"}],"is_trial":true,"path_per_floor":["M","?","$","M","?","E","M","M","T","M","?","E","R","$","R","B",null,"M","?","$","?","M","E","M","$","T","M","$","M","?","M","R","B",null,"M","M","M","M","?","R","E","R","T","?","M","M","$","M","R","B",null,"M"],"character_chosen":"TheAdministrix","items_purchased":["AdministrixMod:Convergence","AdministrixMod:DragonsEyeCharm"],"campfire_rested":0,"item_purchase_floors":[14,20],"current_hp_per_floor":[65,65,65,65,65,65,69,69,69,70,72,93,93,100,100,138,230,247,266,266,266,282,292,322,322,322,349,349,376,377,377,377,395,804,856,910,903,903,966,966,1218,1218,1218,1218,1218,1284,1284,1262,1262,1352,1352,1352,1352],"gold":412,"neow_bonus":"","is_daily":false,"chose_seed":false,"campfire_upgraded":6,"win_rate":0.0,"timestamp":1608456008,"path_taken":["M","?","?","M","?","E","M","M","T","?","?","E","R","$","R","BOSS","M","?","$","?","M","E","M","?","T","M","$","?","?","M","R","BOSS","M","M","M","M","?","R","E","R","T","?","M","M","$","M","R","BOSS","M"],"items_purchased_type":["Card","Relic"],"build_version":"2020-12-13","purchased_purges":4,"victory":false,"max_hp_per_floor":[65,65,65,65,65,65,69,69,69,70,72,94,94,101,101,143,230,248,267,267,267,287,308,330,330,330,353,353,377,377,377,377,402,804,856,910,910,910,966,966,1218,1218,1218,1218,1218,1284,1284,1284,1284,1352,1352,1352,1352],"card_choices":[{"not_picked":["AdministrixMod:RegentEdict","AdministrixMod:BloodlessSapphire"],"picked":"AdministrixMod:FiendishCrimson","floor":1},{"not_picked":["AdministrixMod:RisingSunPrince","AdministrixMod:RebukeDesires","AdministrixMod:RegentEdict"],"picked":"AdministrixMod:JustRewards","floor":4},{"not_picked":["AdministrixMod:Wuji","AdministrixMod:FuneraryRites","AdministrixMod:BloodlessSapphire"],"picked":"AdministrixMod:ReachToHeaven","floor":6},{"not_picked":["AdministrixMod:HiddenPower","AdministrixMod:ShadowPlay","AdministrixMod:ExtolVirtue","AdministrixMod:DreamsMausoleum"],"picked":"Singing Bowl","floor":7},{"not_picked":["AdministrixMod:ExtolVirtue","AdministrixMod:Transcension","AdministrixMod:QuietConspiracy"],"picked":"AdministrixMod:RebukeDesires","floor":8},{"not_picked":["AdministrixMod:FeastOfDew","AdministrixMod:SyncreticPlunge","AdministrixMod:Transition"],"picked":"AdministrixMod:RisingSunPrince","floor":10},{"not_picked":["AdministrixMod:GuanyinBlessing","AdministrixMod:ChooseYourEnd","AdministrixMod:BishamonBlessing","AdministrixMod:MixOfMercury"],"picked":"Singing Bowl","floor":12},{"not_picked":["AdministrixMod:HaveItAll","AdministrixMod:GirlsDoItBetter","AdministrixMod:FaithfulFlames","AdministrixMod:FalseDeath"],"picked":"Singing Bowl","floor":16},{"not_picked":["AdministrixMod:SealAway","AdministrixMod:CenturiesAscent","AdministrixMod:Metempsychosis+1"],"picked":"AdministrixMod:SyncreticSurge+1","floor":18},{"not_picked":["AdministrixMod:Transition","AdministrixMod:TouchOfCinnabar+1","AdministrixMod:QuietConspiracy"],"picked":"AdministrixMod:WickedPunishment","floor":22},{"not_picked":["AdministrixMod:CrackingPangu","AdministrixMod:ChooseYourEnd+1","AdministrixMod:PlateOfAntiquity"],"picked":"AdministrixMod:HarmonicReverence+1","floor":23},{"not_picked":["AdministrixMod:QuietConspiracy+1","AdministrixMod:RebukeDesires","AdministrixMod:TrickOfTheLight"],"picked":"AdministrixMod:RegentEdict","floor":24},{"not_picked":["AdministrixMod:WickedPunishment","AdministrixMod:SeventeenArticleLaser","AdministrixMod:BattleforgedBonds"],"picked":"AdministrixMod:ImmortalPurity+1","floor":27},{"not_picked":["AdministrixMod:CrackingPangu+1","AdministrixMod:ArmillarySphere","AdministrixMod:NewWardrobe+1"],"picked":"AdministrixMod:ImmortalGrace","floor":29},{"not_picked":["AdministrixMod:NoblePath","AdministrixMod:RebukeDesires","AdministrixMod:ExtolVirtue","AdministrixMod:UnstableVigor"],"picked":"SKIP","floor":31},{"not_picked":["AdministrixMod:HopeInTheDark","AdministrixMod:BrewingCloister","AdministrixMod:LuminaryPath"],"picked":"AdministrixMod:WifeLightning","floor":33},{"not_picked":["AdministrixMod:ShadowPlay","AdministrixMod:PlateOfAntiquity","AdministrixMod:Convergence"],"picked":"AdministrixMod:RegentEdict+1","floor":35},{"not_picked":["AdministrixMod:Convergence+1","AdministrixMod:DiversionaryTactic+1","AdministrixMod:PassageOfAges"],"picked":"AdministrixMod:RegentEdict","floor":36},{"not_picked":["AdministrixMod:LightOfYourLife","AdministrixMod:RegentEdict","AdministrixMod:CrackingPangu","AdministrixMod:RisingSunPrince+1"],"picked":"SKIP","floor":37},{"not_picked":["AdministrixMod:RebukeDesires+1","AdministrixMod:WickedPunishment","AdministrixMod:DiversionaryTactic+1","AdministrixMod:SipOfSparks+1"],"picked":"SKIP","floor":38},{"not_picked":["AdministrixMod:Mastermind","AdministrixMod:CastOffRegrets","AdministrixMod:NoblePath"],"picked":"AdministrixMod:LightOfYourLife+1","floor":39},{"not_picked":["Spores","WorkerBee","Loyalty"],"picked":"Singing Bowl","floor":41},{"not_picked":["AdministrixMod:HopeInTheDark","AdministrixMod:HiddenPower+1","AdministrixMod:CenturiesAscent+1","AdministrixMod:Katabasis"],"picked":"SKIP","floor":41},{"not_picked":["AdministrixMod:DreamsMausoleum","AdministrixMod:DiversionaryTactic","AdministrixMod:LightOfYourLife+1","AdministrixMod:ImmortalGrace+1"],"picked":"SKIP","floor":45},{"not_picked":["AdministrixMod:QuietConspiracy","AdministrixMod:ImmortalPurity","AdministrixMod:Overdrive+1"],"picked":"AdministrixMod:ArmillarySphere","floor":46},{"not_picked":["AdministrixMod:ReachToHeaven+1","AdministrixMod:ImmortalGrace","AdministrixMod:ArmillarySphere","AdministrixMod:DreamsMausoleum+1"],"picked":"SKIP","floor":48},{"not_picked":["AdministrixMod:ImmortalClarity","AdministrixMod:WifeLightning","AdministrixMod:BattleforgedBonds"],"picked":"AdministrixMod:DeathByGlamour","floor":50},{"not_picked":["AdministrixMod:Transition","AdministrixMod:RegentEdict","AdministrixMod:ArmillarySphere","AdministrixMod:ChooseYourEnd"],"picked":"SKIP","floor":52}],"player_experience":26078,"relics_obtained":[{"floor":1,"key":"Question Card"},{"floor":6,"key":"REME_IWantAll"},{"floor":9,"key":"DianDianMeat"},{"floor":12,"key":"Nunchaku"},{"floor":16,"key":"ImportantClient"},{"floor":23,"key":"SentryEyes"},{"floor":26,"key":"Centennial Puzzle"},{"floor":39,"key":"testmod-Alchemist"},{"floor":41,"key":"PageOfQueenBee"},{"floor":43,"key":"Mummified Hand"}],"event_choices":[{"cards_removed":["AdministrixMod:Defend_Administrix"],"damage_healed":0,"gold_gain":0,"player_choice":"Purged","damage_taken":0,"max_hp_gain":0,"max_hp_loss":0,"event_name":"Purifier","floor":2,"gold_loss":0},{"damage_healed":0,"gold_gain":100,"player_choice":"Pray","damage_taken":0,"max_hp_gain":0,"max_hp_loss":0,"event_name":"Golden Shrine","floor":5,"gold_loss":0},{"damage_healed":0,"gold_gain":0,"player_choice":"Rummage","damage_taken":0,"relics_obtained":["WarpedTongs"],"max_hp_gain":0,"max_hp_loss":0,"event_name":"Accursed Blacksmith","floor":11,"gold_loss":0,"cards_obtained":["Pain"]},{"damage_healed":0,"gold_gain":0,"player_choice":"Ignored","damage_taken":0,"max_hp_gain":0,"max_hp_loss":0,"event_name":"Ghosts","floor":21,"gold_loss":0},{"damage_healed":0,"gold_gain":0,"player_choice":"Fight","damage_taken":0,"max_hp_gain":0,"max_hp_loss":0,"event_name":"Mysterious Sphere","floor":39,"gold_loss":0},{"damage_healed":0,"gold_gain":0,"player_choice":"Ignored","damage_taken":0,"max_hp_gain":0,"max_hp_loss":0,"event_name":"NoteForYourself","floor":44,"gold_loss":0}],"is_beta":false,"boss_relics":[{"not_picked":["Philosopher\u0027s Stone","vexMod:MegatonBomb"],"picked":"AdministrixMod:BloodSoakedVeil"},{"not_picked":["MetatronsCube","Calling Bell"],"picked":"testmod-HarvestTotem"},{"not_picked":["Pandora\u0027s Box","Black Star"],"picked":"HereWithMe"}],"items_purged_floors":[14,20,25,47],"is_endless":true,"potions_floor_spawned":[7,8,16,18,29,31,33,36,48,50],"killed_by":"Gensokyo:Python","ascension_level":0}}