{"host":"tpad8qsc9e0g0pa5","time":1608442341,"event":{"mods":["BaseMod","Minty Spire (QoL Compilation)","Quick Restart","StSLib","The Bug Knight","The Servant 0.9.4"],"gold_per_floor":[116,126,51,51,66,105,105,120,143,143,143,158,233,256,256,386,386,401,401,416,86,106,106,145,145,218,11,31,31,52,75,75,203,203,227,240,93,93,111,131,152,152,201,301,301,315,59,79,79,79,79,79,54,97,97],"floor_reached":56,"playtime":6970,"items_purged":["Defend_S","ShatteredReality","ShatteredReality","Strike_S"],"score":1273,"play_id":"4b4f8061-0aa8-4fd0-8b1e-4a731160cf5a","local_time":"20201220133221","is_ascension_mode":false,"campfire_choices":[{"floor":7.0,"key":"REST"},{"floor":15.0,"key":"REST"},{"floor":23.0,"key":"REST"},{"floor":32.0,"key":"REST"},{"data":"Duplication","floor":45.0,"key":"SMITH"},{"floor":49.0,"key":"RECALL"},{"data":"FlawlessForm","floor":52.0,"key":"SMITH"}],"circlet_count":0,"master_deck":["Defend_S","KidneyShot","Exchange","Defy","Defy","Spin","Spin","Duplication","Defy","Reset","LightFlow","Spin+1","MoonPhase+1","BottledTime","Duplication+1","Spin","DoubleEdge+1","BottledTime+1","Defy","FlawlessForm+1","MoonPhase"],"relics":["Uniform","Golden Idol","Potion Belt","PreservedInsect","Empty Cage","TheAbacus","Vajra","Mercury Hourglass","Pantograph","Membership Card","MysterySword","Sling","HornCleat","Lee\u0027s Waffle","Toy Ornithopter"],"acts_visited":["Exordium","TheCity","TheBeyond","TheEnding"],"potions_floor_usage":[55,55,55],"damage_taken":[{"damage":0.0,"enemies":"2 Louse","floor":1.0,"turns":3.0},{"damage":0.0,"enemies":"Small Slimes","floor":2.0,"turns":4.0},{"damage":3.0,"enemies":"Jaw Worm","floor":5.0,"turns":4.0},{"damage":2.0,"enemies":"Gremlin Nob","floor":6.0,"turns":4.0},{"damage":4.0,"enemies":"Exordium Wildlife","floor":8.0,"turns":4.0},{"damage":1.0,"enemies":"Blue Slaver","floor":12.0,"turns":4.0},{"damage":0.0,"enemies":"Lots of Slimes","floor":14.0,"turns":2.0},{"damage":47.0,"enemies":"Slime Boss","floor":16.0,"turns":11.0},{"damage":20.0,"enemies":"Chosen","floor":18.0,"turns":6.0},{"damage":16.0,"enemies":"2 Thieves","floor":20.0,"turns":4.0},{"damage":11.0,"enemies":"Chosen and Byrds","floor":22.0,"turns":7.0},{"damage":17.0,"enemies":"Slavers","floor":24.0,"turns":4.0},{"damage":14.0,"enemies":"Snake Plant","floor":28.0,"turns":3.0},{"damage":7.0,"enemies":"Centurion and Healer","floor":30.0,"turns":3.0},{"damage":0.0,"enemies":"Sentry and Sphere","floor":31.0,"turns":5.0},{"damage":6.0,"enemies":"Collector","floor":33.0,"turns":9.0},{"damage":0.0,"enemies":"3 Darklings","floor":35.0,"turns":3.0},{"damage":9.0,"enemies":"3 Shapes","floor":36.0,"turns":3.0},{"damage":0.0,"enemies":"Transient","floor":39.0,"turns":5.0},{"damage":0.0,"enemies":"3 Darklings","floor":40.0,"turns":3.0},{"damage":0.0,"enemies":"Sphere and 2 Shapes","floor":41.0,"turns":3.0},{"damage":11.0,"enemies":"Writhing Mass","floor":46.0,"turns":4.0},{"damage":0.0,"enemies":"Maw","floor":48.0,"turns":5.0},{"damage":0.0,"enemies":"Time Eater","floor":50.0,"turns":10.0},{"damage":0.0,"enemies":"Shield and Spear","floor":54.0,"turns":5.0},{"damage":2,"enemies":"The Heart","floor":55,"turns":11}],"seed_played":"-199257141016771783","potions_obtained":[{"floor":2.0,"key":"LiquidMemories"},{"floor":5.0,"key":"SteroidPotion"},{"floor":6.0,"key":"BlessingOfTheForge"},{"floor":12.0,"key":"Fire Potion"},{"floor":18.0,"key":"ColorlessPotion"},{"floor":30.0,"key":"Swift Potion"},{"floor":31.0,"key":"Regen Potion"},{"floor":33.0,"key":"SmokeBomb"},{"floor":35.0,"key":"AttackPotion"},{"floor":41.0,"key":"Energy Potion"},{"floor":46.0,"key":"Fire Potion"}],"is_trial":false,"path_per_floor":["M","M","$","?","M","E","R","M","T","?","?","M","?","M","R","B",null,"M","?","M","$","M","R","E","T","T","$","M","?","M","M","R","B",null,"M","M","$","?","M","M","M","?","T","?","R","M","$","M","R","B",null,"R","$","E","B",null],"character_chosen":"THE_SERVANT","items_purchased":["LightFlow","TheAbacus","Membership Card","Sling","Defy","HornCleat","Lee\u0027s Waffle","Block Potion","BlessingOfTheForge"],"campfire_rested":4,"item_purchase_floors":[21,21,27,37,47,47,47,47,53],"current_hp_per_floor":[71,71,71,54,51,49,70,66,66,59,64,63,52,52,74,27,76,56,56,40,40,29,51,34,34,34,34,20,8,1,1,23,57,76,76,67,67,67,67,67,67,67,67,67,67,56,83,83,83,83,83,83,83,83,83],"gold":97,"neow_bonus":"TEN_PERCENT_HP_BONUS","is_daily":false,"chose_seed":false,"campfire_upgraded":2,"win_rate":0.0,"timestamp":1608442341,"path_taken":["M","M","$","?","M","E","R","M","T","?","?","M","?","M","R","BOSS","M","?","M","$","M","R","E","?","T","$","M","?","?","M","R","BOSS","M","M","$","?","M","M","M","?","T","?","R","M","$","?","R","BOSS","R","$","E","BOSS"],"items_purchased_type":["Card","Relic","Relic","Relic","Card","Relic","Relic","Potion","Potion"],"build_version":"2020-12-13","purchased_purges":4,"victory":true,"max_hp_per_floor":[71,71,71,71,71,71,71,71,71,71,76,76,76,76,76,76,76,76,76,76,76,76,76,76,76,76,76,76,76,76,76,76,76,76,76,76,76,76,76,76,76,76,76,76,76,76,83,83,83,83,83,83,83,83,83],"card_choices":[{"not_picked":["Alleviate","Rewind"],"picked":"Defy","floor":1.0},{"not_picked":["Deadline","Advance","Potential"],"picked":"SKIP","floor":2.0},{"not_picked":["Starlight","FanOfKnives"],"picked":"Defy","floor":5.0},{"not_picked":["Defy","Potential","SilverBlades"],"picked":"SKIP","floor":6.0},{"not_picked":["WasteNot","Gouge","Defy"],"picked":"SKIP","floor":8.0},{"not_picked":["Rewind","BottledTime"],"picked":"Spin","floor":12.0},{"not_picked":["Ricochet","Alleviate"],"picked":"Spin","floor":14.0},{"not_picked":["Embodiment","Dilation"],"picked":"Duplication","floor":16.0},{"not_picked":["ReturningBlade","Collapse"],"picked":"Defy","floor":18.0},{"not_picked":["Rearm","Potential"],"picked":"Reset","floor":20.0},{"not_picked":["ShatteredReality","Advance"],"picked":"Spin+1","floor":22.0},{"not_picked":["Moonlight","Spin","RealityMarble+1"],"picked":"SKIP","floor":24.0},{"not_picked":["RealityMarble+1","SoulSculpture","Foresight"],"picked":"SKIP","floor":28.0},{"not_picked":["Sabotage","Potential"],"picked":"MoonPhase+1","floor":30.0},{"not_picked":["Alleviate","Starlight"],"picked":"BottledTime","floor":31.0},{"not_picked":["KillingDoll","SoulSculpture"],"picked":"Duplication","floor":33.0},{"not_picked":["GearUp+1","Ricochet","Barrier"],"picked":"SKIP","floor":35.0},{"not_picked":["Gouge+1","FastForward"],"picked":"Spin","floor":36.0},{"not_picked":["Ricochet","Reset"],"picked":"DoubleEdge+1","floor":39.0},{"not_picked":["Alleviate+1","Spin","Rearm"],"picked":"SKIP","floor":40.0},{"not_picked":["ShatteredReality","Replace"],"picked":"BottledTime+1","floor":41.0},{"not_picked":["Luminosity+1","StarChef","GearUp"],"picked":"SKIP","floor":46.0},{"not_picked":["Potential+1","Misdirection"],"picked":"FlawlessForm","floor":48.0},{"not_picked":["Rearm","Misdirection"],"picked":"MoonPhase","floor":54.0}],"player_experience":244512,"relics_obtained":[{"floor":6.0,"key":"Potion Belt"},{"floor":9.0,"key":"PreservedInsect"},{"floor":24.0,"key":"Vajra"},{"floor":25.0,"key":"Mercury Hourglass"},{"floor":26.0,"key":"Pantograph"},{"floor":54.0,"key":"Toy Ornithopter"}],"event_choices":[{"damage_healed":0.0,"max_hp_gain":0.0,"max_hp_loss":0.0,"gold_gain":0.0,"event_name":"Golden Idol","player_choice":"Take Damage","floor":4.0,"gold_loss":0.0,"damage_taken":17.0,"relics_obtained":["Golden Idol"]},{"cards_removed":["Defend_S"],"damage_healed":0.0,"max_hp_gain":0.0,"max_hp_loss":0.0,"gold_gain":0.0,"event_name":"Golden Wing","player_choice":"Card Removal","floor":10.0,"gold_loss":0.0,"damage_taken":7.0},{"damage_healed":0.0,"max_hp_gain":5.0,"max_hp_loss":0.0,"gold_gain":0.0,"event_name":"Big Fish","player_choice":"Donut","floor":11.0,"gold_loss":0.0,"damage_taken":0.0},{"damage_healed":0.0,"max_hp_gain":0.0,"max_hp_loss":0.0,"gold_gain":75.0,"event_name":"World of Goop","player_choice":"Gather Gold","floor":13.0,"gold_loss":0.0,"damage_taken":11.0},{"damage_healed":0.0,"max_hp_gain":0.0,"max_hp_loss":0.0,"gold_gain":0.0,"cards_transformed":["Defend_S","Strike_S"],"event_name":"Drug Dealer","player_choice":"Became Test Subject","floor":19.0,"gold_loss":0.0,"damage_taken":0.0,"cards_obtained":["ShatteredReality","ShatteredReality"]},{"damage_healed":0.0,"max_hp_gain":0.0,"max_hp_loss":0.0,"gold_gain":0.0,"event_name":"Knowing Skull","player_choice":"POTION ","floor":29.0,"potions_obtained":["Weak Potion"],"gold_loss":0.0,"damage_taken":12.0,"cards_obtained":[]},{"damage_healed":0.0,"max_hp_gain":0.0,"max_hp_loss":0.0,"gold_gain":0.0,"event_name":"Tomb of Lord Red Mask","player_choice":"Ignored","floor":38.0,"gold_loss":0.0,"damage_taken":0.0},{"damage_healed":0.0,"max_hp_gain":0.0,"max_hp_loss":0.0,"gold_gain":0.0,"event_name":"SensoryStone","player_choice":"Memory 1","floor":42.0,"gold_loss":0.0,"damage_taken":0.0},{"damage_healed":0.0,"max_hp_gain":0.0,"max_hp_loss":0.0,"gold_gain":100.0,"event_name":"Golden Shrine","player_choice":"Pray","floor":44.0,"gold_loss":0.0,"damage_taken":0.0}],"is_beta":false,"boss_relics":[{"not_picked":["Black Star","Calling Bell"],"picked":"Empty Cage"},{"not_picked":["Coffee Dripper","Fusion Hammer"],"picked":"MysterySword"}],"items_purged_floors":[3,21,27,37],"is_endless":false,"potions_floor_spawned":[2,5,6,12,18,30,31,33,35,41,46,48],"ascension_level":0}}