{"host":"brnfk772nsb90w3t","time":1608467143,"event":{"mods":["AchievementEnabler","BaseMod","Colored Powertips","Downfall","Highlight Path","Minty Spire (QoL Compilation)","Quick Restart","Shop Mod","StSLib","SuperFastMode"],"gold_per_floor":[99,99,128,228,228,228,228,78,103,103,121,138,202,213,223,325,325,325,355,373,373,391,391,391,423,436,386,386,399,38,58,76,176,226,226,226,226,241,259,290,290,300,329,341,371,50,77,89,120,132],"floor_reached":51,"playtime":2726,"items_purged":[],"score":832,"play_id":"3822d0cb-5477-43e2-954e-65087a6b8b8c","local_time":"20201220202543","is_ascension_mode":false,"campfire_choices":[{"floor":1.0,"key":"RECALL"},{"data":"Guardian:TwinSlam","floor":8.0,"key":"SMITH"},{"data":"Guardian:PrimingBeam","floor":10.0,"key":"SMITH"},{"data":"Guardian:ConstructionForm","floor":18.0,"key":"SMITH"},{"data":"Guardian:ShieldCharger","floor":21.0,"key":"SMITH"},{"data":"Guardian:CurlUp","floor":23.0,"key":"SMITH"},{"data":"Guardian:TimeSifter","floor":35,"key":"SMITH"},{"data":"Guardian:ArmoredProtocol","floor":37,"key":"SMITH"},{"data":"Guardian:Clone","floor":44,"key":"SMITH"}],"circlet_count":0,"master_deck":["Guardian:Strike_Guardian","Guardian:Strike_Guardian","Guardian:Strike_Guardian","Guardian:Strike_Guardian","Guardian:Defend_Guardian","Guardian:Defend_Guardian","Guardian:Defend_Guardian","Guardian:Defend_Guardian","Guardian:CurlUp+1","Guardian:TwinSlam+1","Guardian:PrimingBeam+1","Guardian:ShieldCharger+1","Guardian:Reroute","Guardian:RollAttack","Guardian:ChargeUp","Guardian:ConstructionForm+1","Guardian:FloatingOrbs+1","Guardian:Incinerate+1","Guardian:PrimingBeam+1","Guardian:Clone+1","Guardian:GuardianWhirl","Guardian:ChargeUp+1","Guardian:ArmoredProtocol+1","Guardian:ArmoredProtocol+1","Guardian:TimeBomb+1","Guardian:TimeSifter+1","Guardian:FloatingOrbs+1","Guardian:Planning+1","Guardian:PrismaticBarrier+1","Guardian:Suspension+1","Guardian:Gem_Purple","Guardian:Gem_Cyan"],"relics":["Guardian:ModeShifterPlus","downfall:HeartsMalice","Matryoshka","CaptainsWheel","Ancient Tea Set","downfall:HeartBlessingRed","downfall:HeartBlessingBlue","Happy Flower","Mercury Hourglass","Bird Faced Urn","Darkstone Periapt","Bottled Lightning","Meat on the Bone","Mango","Tiny House","Bottled Flame","Orichalcum","MawBank"],"acts_visited":["Exordium","TheCity","TheBeyond"],"potions_floor_usage":[40],"damage_taken":[{"damage":0.0,"enemies":"Small Slimes","floor":2.0,"turns":1.0},{"damage":0.0,"enemies":"Lagavulin","floor":3.0,"turns":1.0},{"damage":0.0,"enemies":"Gremlin Nob","floor":9.0,"turns":1.0},{"damage":0.0,"enemies":"2 Louse","floor":11.0,"turns":2.0},{"damage":6.0,"enemies":"Jaw Worm","floor":12.0,"turns":2.0},{"damage":3.0,"enemies":"Lagavulin Event","floor":13.0,"turns":4.0},{"damage":4.0,"enemies":"Blue Slaver","floor":14.0,"turns":3.0},{"damage":0.0,"enemies":"Gremlin Gang","floor":15.0,"turns":3.0},{"damage":26.0,"enemies":"downfall:Silent","floor":16.0,"turns":9.0},{"damage":15.0,"enemies":"Gremlin Leader","floor":19.0,"turns":10.0},{"damage":12.0,"enemies":"Shell Parasite","floor":20.0,"turns":4.0},{"damage":0.0,"enemies":"3 Byrds","floor":22.0,"turns":2.0},{"damage":24.0,"enemies":"Slavers","floor":25.0,"turns":3.0},{"damage":11.0,"enemies":"Shelled Parasite and Fungi","floor":26.0,"turns":5.0},{"damage":2.0,"enemies":"Cultist and Chosen","floor":29.0,"turns":3.0},{"damage":0.0,"enemies":"downfall:FleeingMerchant","floor":30.0,"turns":4.0},{"damage":14.0,"enemies":"Centurion and Healer","floor":31.0,"turns":5.0},{"damage":0,"enemies":"3 Cultists","floor":32,"turns":3},{"damage":43,"enemies":"downfall:Ironclad","floor":33,"turns":9},{"damage":3,"enemies":"3 Shapes","floor":38,"turns":2},{"damage":0,"enemies":"Orb Walker","floor":39,"turns":3},{"damage":63,"enemies":"Nemesis","floor":40,"turns":11},{"damage":6,"enemies":"Transient","floor":42,"turns":5},{"damage":20,"enemies":"Reptomancer","floor":43,"turns":7},{"damage":6,"enemies":"3 Darklings","floor":45,"turns":4},{"damage":12,"enemies":"4 Shapes","floor":47,"turns":6},{"damage":2,"enemies":"Transient","floor":49,"turns":5},{"damage":84,"enemies":"downfall:Defect","floor":50,"turns":10}],"seed_played":"-5915551911793411780","potions_obtained":[{"floor":3.0,"key":"CultistPotion"},{"floor":11.0,"key":"Block Potion"},{"floor":14.0,"key":"SkillPotion"},{"floor":15.0,"key":"Regen Potion"},{"floor":19.0,"key":"Ancient Potion"},{"floor":43,"key":"DistilledChaos"}],"is_trial":false,"path_per_floor":["R","M","E","?","?","?","T","R","E","R","M","M","?","M","M","B",null,"R","E","M","R","M","R","T","E","M","?","?","M","$","M","M","B",null,"R","?","R","M","M","E","T","M","E","R","M","?","M","?","M","B",null],"character_chosen":"GUARDIAN","items_purchased":["Mango","Guardian:ArmoredProtocol"],"campfire_rested":0,"item_purchase_floors":[30,30],"current_hp_per_floor":[80,80,80,80,85,78,78,88,88,88,88,82,79,75,75,49,95,95,80,70,70,72,72,72,48,51,85,85,85,101,91,95,58,114,114,114,114,113,114,76,76,78,68,68,70,128,122,122,126,58],"gold":144,"neow_bonus":"THREE_ENEMY_KILL","is_daily":false,"chose_seed":false,"campfire_upgraded":8,"win_rate":0.0,"timestamp":1608467143,"path_taken":["R","M","E","?","?","?","T","R","E","R","M","M","?","M","M","BOSS","R","E","M","R","M","R","T","E","M","?","?","M","?","M","M","BOSS","R","?","R","M","M","E","T","?","E","R","M","?","M","?","M","BOSS"],"items_purchased_type":["Relic","Card"],"build_version":"2020-12-13","purchased_purges":0,"victory":true,"max_hp_per_floor":[80,80,80,80,85,85,85,95,95,95,95,95,95,95,95,95,95,95,95,95,95,95,95,95,95,95,95,95,95,109,109,109,109,114,114,114,114,114,114,114,114,114,114,114,114,128,128,128,128,128],"card_choices":[{"not_picked":["Guardian:VentSteam","Guardian:WalkerClaw"],"picked":"Guardian:Gem_Red","floor":2.0},{"not_picked":["Guardian:CrystalBeam","Guardian:TemporalShield"],"picked":"Guardian:PrimingBeam","floor":3.0},{"not_picked":["Guardian:WalkerClaw","Guardian:TimeSifter"],"picked":"Guardian:ShieldCharger","floor":9.0},{"not_picked":["Guardian:ShieldCharger","Guardian:ShieldSpikes"],"picked":"Guardian:Reroute","floor":11.0},{"not_picked":["Guardian:Planning","Guardian:DonusPower"],"picked":"Guardian:RollAttack","floor":12.0},{"not_picked":["Guardian:Gem_Lightblue","Guardian:CrystalBeam"],"picked":"Guardian:ChargeUp","floor":13.0},{"not_picked":["Guardian:PiercingHide","Guardian:RollAttack"],"picked":"Guardian:Gem_Red","floor":14.0},{"not_picked":["Guardian:TimeCapacitor","Guardian:Gem_Cyan"],"picked":"Guardian:Gem_Red","floor":15.0},{"not_picked":["Guardian:AncientConstruct","Guardian:ExploitGems"],"picked":"Guardian:ConstructionForm","floor":16.0},{"not_picked":["Guardian:HyperBeam_Guardian","Guardian:DonusPower"],"picked":"Guardian:FloatingOrbs+1","floor":19.0},{"not_picked":["Guardian:PrimingBeam","Guardian:FloatingOrbs"],"picked":"Guardian:Incinerate+1","floor":20.0},{"not_picked":["Guardian:PiercingHide","Guardian:VentSteam"],"picked":"Guardian:Gem_Fragmented","floor":22.0},{"not_picked":["Guardian:DonusPower+1","Guardian:Clone"],"picked":"Guardian:PrimingBeam+1","floor":25.0},{"not_picked":["Guardian:PiercingHide","Guardian:FastForward"],"picked":"Guardian:Clone","floor":26.0},{"not_picked":["Guardian:Suspension","Guardian:RefractedBeam"],"picked":"Guardian:ChargeUp","floor":29.0},{"not_picked":["Guardian:StasisStrike","Guardian:Gem_Crimson"],"picked":"Guardian:ArmoredProtocol+1","floor":30.0},{"not_picked":["Guardian:ShieldSpikes","Guardian:CrystalBeam","Guardian:ChargeUp"],"picked":"SKIP","floor":31.0},{"not_picked":["Guardian:DonusPower","Guardian:Suspension"],"picked":"Guardian:TimeBomb+1","floor":32},{"not_picked":["Guardian:ConstructionForm","Guardian:StasisStrike"],"picked":"Guardian:TimeSifter","floor":33},{"not_picked":["Guardian:PiercingHide+1","Guardian:Planning"],"picked":"Guardian:Gem_Purple","floor":34},{"not_picked":["Guardian:WalkerClaw+1","Guardian:Reroute+1"],"picked":"Guardian:Planning+1","floor":38},{"not_picked":["Guardian:CrystalBeam","Guardian:TemporalShield","Guardian:PrimingBeam+1"],"picked":"SKIP","floor":39},{"not_picked":["Guardian:PrimingBeam+1","Guardian:VentSteam+1"],"picked":"Guardian:Gem_Synthetic","floor":40},{"not_picked":["Guardian:TemporalShield+1","Guardian:TemporalStrike+1"],"picked":"Guardian:ChargeCore+1","floor":42},{"not_picked":["Guardian:Gem_Green","Guardian:SpikerProtocol+1"],"picked":"Guardian:PrismaticBarrier+1","floor":43},{"not_picked":["Guardian:VentSteam+1","Guardian:Reroute"],"picked":"Guardian:Suspension+1","floor":45},{"not_picked":["Guardian:Gem_Lightblue","Guardian:StasisStrike"],"picked":"Guardian:Gem_Purple","floor":47},{"not_picked":["Guardian:PrismaticBarrier","Guardian:RollAttack"],"picked":"Guardian:Gem_Cyan","floor":49}],"player_experience":622073,"relics_obtained":[{"floor":3.0,"key":"Matryoshka"},{"floor":7.0,"key":"Ancient Tea Set"},{"floor":9.0,"key":"Happy Flower"},{"floor":19.0,"key":"Bird Faced Urn"},{"floor":24.0,"key":"Darkstone Periapt"},{"floor":24.0,"key":"Bottled Lightning"},{"floor":25.0,"key":"Meat on the Bone"},{"floor":40,"key":"Bottled Flame"},{"floor":41,"key":"Orichalcum"},{"floor":43,"key":"MawBank"}],"event_choices":[{"damage_healed":0.0,"max_hp_gain":5.0,"max_hp_loss":0.0,"gold_gain":0.0,"event_name":"Big Fish","player_choice":"Donut","floor":5.0,"gold_loss":0.0,"damage_taken":0.0},{"damage_healed":0.0,"max_hp_gain":0.0,"max_hp_loss":0.0,"gold_gain":0.0,"event_name":"Scrap Ooze","player_choice":"Success","floor":6.0,"gold_loss":0.0,"damage_taken":7.0,"relics_obtained":["CaptainsWheel"]},{"damage_healed":0.0,"max_hp_gain":0.0,"max_hp_loss":0.0,"gold_gain":0.0,"event_name":"The Library","player_choice":"Read","floor":28.0,"gold_loss":0.0,"damage_taken":0.0,"cards_obtained":["Guardian:GuardianWhirl"]},{"damage_healed":0,"gold_gain":0,"player_choice":"Copied","damage_taken":0,"max_hp_gain":0,"max_hp_loss":0,"event_name":"Duplicator","floor":36,"gold_loss":0,"cards_obtained":["Guardian:FloatingOrbs"]},{"cards_removed":["Guardian:ChargeCore"],"damage_healed":0,"gold_gain":0,"player_choice":"Removed Attack","damage_taken":0,"max_hp_gain":0,"max_hp_loss":0,"event_name":"Falling","floor":48,"gold_loss":0}],"is_beta":false,"boss_relics":[{"not_picked":["Runic Pyramid","Guardian:StasisSlotReductionRelic"],"picked":"Guardian:ModeShifterPlus"},{"not_picked":["Busted Crown","Philosopher\u0027s Stone"],"picked":"Tiny House"}],"items_purged_floors":[],"is_endless":false,"potions_floor_spawned":[3,11,14,15,16,19,26,33,38,43],"ascension_level":0}}