{"host":"dwyzfvnzfcqffr30","time":1608428442,"event":{"mods":["2.2 Compatiblity","Act Like it!","BaseMod","Beaked The Cultist","Better Altar","Better Sensory Stone","Better Third Choice","Clockwork Mod","Colored Map","Colored Powertips","Conspire","Downfall","Elementarium","GifTheSpireLib","Halation","Hermit","Hubris","Jedi Mod","Menagerie","Mimic Mod","Minty Spire (QoL Compilation)","Permanent Neow","Random Character Button","Replay The Spire","Spicy Shops","StSLib","Stuff the Spire","The Construct","The Druid","TheFirefly","Trackpad","vexMod"],"gold_per_floor":[409,53,53,66,291,316,316,342,342,372,388,388,400,417,417,519,519,532,565,578,578,230,261,261,271,304,319,354,354,379,392,392,495,495,508,519,519,519,519,545,556,581,581,581,596,596,623,636,636,636,636,636,16,43,43,43],"floor_reached":55,"playtime":4969,"items_purged":["Shame","Elementarium:GildedStrike+1","Elementarium:GildedStrike+1"],"score":1368,"play_id":"e840847f-f32b-4f5d-8e65-a5897ea9a697","local_time":"20201219174042","is_ascension_mode":true,"campfire_choices":[{"floor":7,"key":"RECALL"},{"floor":15,"key":"REST"},{"floor":24,"key":"REST"},{"floor":29,"key":"REST"},{"floor":32,"key":"REST"},{"floor":46,"key":"REST"},{"floor":49,"key":"REST"},{"floor":52,"key":"REST"}],"circlet_count":0,"master_deck":["theDruid:Defend_O+1","theDruid:Defend_O+1","theDruid:Defend_O+1","theDruid:Defend_O+1","theDruid:BriarArmor+1","theDruid:WildSlash+1","MasterReality+1","theDruid:PlagueClaw+1","theDruid:PrimalStrength+1","theDruid:PrimalStrength+1","theDruid:WallofRoots+1","theDruid:BloodiedFur+1","theDruid:FuriousSlash+1","theDruid:ThornStrike+1","Menagerie:Staggershock+1","theDruid:TearOpen+1","theDruid:HerbalismKit+1","theDruid:ExposingSlash+1","Elementarium:GildedStrike+1","Elementarium:GildedStrike+1","Elementarium:GildedStrike+1","theDruid:FaerieFire+1","theDruid:Gore+1","theDruid:FuriousSlash+1","theDruid:Forage+1","theDruid:Mutilate+1","theDruid:Rabid+1","theDruid:BristlingBulwark+1"],"relics":["theDruid:CrownOfTheWilds","NeowsBlessing","Bottled Tornado","Quantum Egg","Frozen Egg 2","Toxic Egg 2","Molten Egg 2","Juzu Bracelet","hubris:EvacipatedBox","hubris:FruitBowl","Replay:Baseball","HandDrill","Ginger","theDruid:BoarsTusk","theDruid:RedRose","vexMod:BigBerry","Replay:Bottled Steam","Replay:Wax Seal","trackpad:BottledTsunami","Orichalcum","The Courier","halation:PenCase","Mirror","Elementarium:ElementariumTrophy","sneckomod:SneckoTalon","Akabeko","StuffTheSpire:NeowsTribute","Replay:Ringing Soul","vexMod:BarristanHead","StuffTheSpire:BottledEssence","ReplayTheSpireMod:TigerMarble","halation:KoshaPiece","Blue Candle"],"acts_visited":["Menagerie:Menagerie","Elementarium:Elementarium","TheBeyond","TheEnding"],"potions_floor_usage":[16,18,18,19,23,25,25,26,27,28,28,30,30,30,31,31,33,33,33,35,36,36,40,40,40,41,41,41,42,45,45,45,47,47,48,50,50,50,50,50,50,55,55,55,55,55,55,55],"damage_taken":[{"damage":0,"enemies":"Menagerie:2_RABBITS","floor":1,"turns":1},{"damage":1,"enemies":"Menagerie:MonstrousExperiment","floor":4,"turns":1},{"damage":0,"enemies":"Menagerie:VoidReaper","floor":6,"turns":1},{"damage":30,"enemies":"Menagerie:MaskedSummoner","floor":8,"turns":6},{"damage":12,"enemies":"Menagerie:VoidReaper","floor":10,"turns":4},{"damage":0,"enemies":"Menagerie:WhisperingWraith","floor":11,"turns":4},{"damage":0,"enemies":"Menagerie:3_RABBITS","floor":13,"turns":3},{"damage":0,"enemies":"Menagerie:RedMage","floor":14,"turns":2},{"damage":0,"enemies":"Menagerie:AVATARS","floor":16,"turns":3},{"damage":8,"enemies":"Elementarium:VoidCorruption","floor":18,"turns":4},{"damage":15,"enemies":"Gremlin Leader","floor":19,"turns":4},{"damage":9,"enemies":"Elementarium:MUD_AND_TAR_GOLEMS","floor":20,"turns":3},{"damage":27,"enemies":"Elementarium:WarGolem","floor":23,"turns":5},{"damage":16,"enemies":"Elementarium:VoidBeast","floor":25,"turns":4},{"damage":0,"enemies":"Elementarium:RubyGolem","floor":26,"turns":4},{"damage":0,"enemies":"Elementarium:RubyGolem","floor":27,"turns":2},{"damage":22,"enemies":"Elementarium:FIRE_NOBILITY","floor":28,"turns":7},{"damage":8,"enemies":"Elementarium:WarGolem","floor":30,"turns":4},{"damage":16,"enemies":"Elementarium:3_ELEMENTALS","floor":31,"turns":6},{"damage":4,"enemies":"Elementarium:GoldenDragon","floor":33,"turns":6},{"damage":4,"enemies":"Orb Walker","floor":35,"turns":3},{"damage":49,"enemies":"3 Shapes","floor":36,"turns":5},{"damage":17,"enemies":"Reptomancer","floor":40,"turns":5},{"damage":0,"enemies":"Writhing Mass","floor":41,"turns":4},{"damage":3,"enemies":"Giant Head","floor":42,"turns":6},{"damage":12,"enemies":"Maw","floor":45,"turns":4},{"damage":31,"enemies":"Nemesis","floor":47,"turns":7},{"damage":31,"enemies":"4 Shapes","floor":48,"turns":10},{"damage":11,"enemies":"hubris:GrandSnecko","floor":50,"turns":6},{"damage":73,"enemies":"Shield and Spear","floor":54,"turns":7},{"damage":62,"enemies":"The Heart","floor":55,"turns":6}],"seed_played":"6394772980851995755","potions_obtained":[{"floor":11,"key":"champ:CounterPotion"},{"floor":14,"key":"AttackPotion"},{"floor":16,"key":"Weak Potion"},{"floor":27,"key":"Toxic Potion"},{"floor":30,"key":"Venom Potion"},{"floor":33,"key":"Weak Potion"},{"floor":36,"key":"AttackPotion"},{"floor":41,"key":"Guardian:BlockOnCardUsePotion"},{"floor":54,"key":"LiquidBronze"}],"is_trial":false,"path_per_floor":["M","$","?","M","?","E","R","E","T","E","M","?","M","M","R","B",null,"M","?","M","?","$","E","R","M","MIM","M","E","R","E","M","R","B",null,"M","M","?","?","?","E","M","E","T","?","M","R","E","M","R","B",null,"R","$","E","B"],"character_chosen":"DRUID","items_purchased":["theDruid:PrimalStrength+1","Replay:Baseball","HandDrill","Replay:Wax Seal","trackpad:BottledTsunami","StuffTheSpire:BottledEssence","ReplayTheSpireMod:TigerMarble","halation:KoshaPiece","Strength Potion","Dexterity Potion","DuplicationPotion"],"campfire_rested":7,"item_purchase_floors":[2,2,2,22,22,53,53,53,53,53,53],"current_hp_per_floor":[68,68,68,67,67,67,67,37,37,25,25,25,25,25,47,47,113,105,90,81,51,51,37,73,57,57,57,35,71,63,52,88,89,112,108,64,76,76,76,64,64,66,66,66,54,90,64,38,74,63,106,120,120,57,0,0],"gold":43,"neow_bonus":"THREE_ENEMY_KILL","is_daily":false,"chose_seed":false,"campfire_upgraded":0,"win_rate":0.0,"timestamp":1608428442,"path_taken":["M","$","?","M","?","E","R","E","T","E","M","?","M","M","R","BOSS","M","?","M","?","$","E","R","M","MIM","M","E","R","E","M","R","BOSS","M","M","?","?","?","E","M","E","T","?","M","R","E","M","R","BOSS","R","$","E","BOSS"],"items_purchased_type":["Card","Relic","Relic","Relic","Relic","Relic","Relic","Relic","Potion","Potion","Potion"],"build_version":"2020-12-13","purchased_purges":3,"victory":false,"max_hp_per_floor":[75,75,75,75,75,75,75,75,75,75,75,75,75,75,75,75,120,120,120,120,120,120,120,120,120,120,120,120,120,120,120,120,120,120,120,120,120,120,120,120,120,120,120,120,120,120,120,120,120,120,120,120,120,120,120,120],"card_choices":[{"not_picked":["theDruid:Moonbeam+1","theDruid:BrambleLash+1"],"picked":"theDruid:PlagueClaw+1","floor":1},{"not_picked":["theDruid:Slingshot+1","theDruid:AstralShield+1"],"picked":"theDruid:WallofRoots+1","floor":4},{"not_picked":["theDruid:ForestsSoul+1","theDruid:Recoil+1"],"picked":"theDruid:BloodiedFur+1","floor":6},{"not_picked":["theDruid:InsectSwarm+1","theDruid:Starfall+1"],"picked":"theDruid:FuriousSlash+1","floor":8},{"not_picked":["theDruid:ThickHide+1","theDruid:Pathfinder+1"],"picked":"theDruid:ThornStrike+1","floor":10},{"not_picked":["theDruid:Moonbeam+1","theDruid:FelineGrace+1","theDruid:TwilightsCall+1"],"picked":"SKIP","floor":11},{"not_picked":["Menagerie:CrumblingSanctuary+1","Menagerie:WallOfBlossoms+1"],"picked":"Menagerie:Staggershock+1","floor":12},{"not_picked":["theDruid:Swipe+1","theDruid:AstralShield+1"],"picked":"theDruid:TearOpen+1","floor":13},{"not_picked":["theDruid:Resupply+1","theDruid:InsectSwarm+1","theDruid:LunarScythe+1"],"picked":"SKIP","floor":14},{"not_picked":["theDruid:SurvivalCache+1","theDruid:SerratedFlesh+1"],"picked":"theDruid:HerbalismKit+1","floor":16},{"not_picked":["theDruid:AstralShield+1","theDruid:Starfall+1"],"picked":"theDruid:ExposingSlash+1","floor":18},{"not_picked":["theDruid:Guidance+1","theDruid:ThickHide+1","theDruid:AstralShield+1"],"picked":"SKIP","floor":20},{"not_picked":["theDruid:FuriousSlash+1","theDruid:Impale+1"],"picked":"theDruid:FaerieFire+1","floor":23},{"not_picked":["theDruid:Swipe+1","theDruid:CelestialSurge+1","theDruid:ThornStrike+1"],"picked":"SKIP","floor":25},{"not_picked":["theDruid:Starfall+1","theDruid:BackupSupplies+1"],"picked":"theDruid:Gore+1","floor":26},{"not_picked":["theDruid:BackupSupplies+1","theDruid:ThornStrike+1","theDruid:Prowl+1"],"picked":"SKIP","floor":27},{"not_picked":["theDruid:Slingshot+1","theDruid:WallofRoots+1"],"picked":"theDruid:FuriousSlash+1","floor":28},{"not_picked":["theDruid:FuriousSlash+1","theDruid:FaerieFire+1"],"picked":"theDruid:Forage+1","floor":30},{"not_picked":["theDruid:Swipe+1","theDruid:FelineGrace+1"],"picked":"theDruid:Mutilate+1","floor":31},{"not_picked":["theDruid:CelestialSurge+1","theDruid:WildFrenzy+1"],"picked":"theDruid:Rabid+1","floor":33},{"not_picked":["theDruid:Stampede+1","theDruid:Starfall+1","theDruid:Scavenge+1"],"picked":"SKIP","floor":35},{"not_picked":["theDruid:Rummage+1","theDruid:ThickHide+1","theDruid:FaerieFire+1"],"picked":"SKIP","floor":36},{"not_picked":["theDruid:TwilightsCall+1","theDruid:Pathfinder+1"],"picked":"theDruid:BristlingBulwark+1","floor":40},{"not_picked":["theDruid:InsectSwarm+1","theDruid:AstralShield+1","theDruid:BackupSupplies+1"],"picked":"SKIP","floor":41},{"not_picked":["theDruid:RockSlide+1","theDruid:ExposingSlash+1","theDruid:Scavenge+1"],"picked":"SKIP","floor":42},{"not_picked":["theDruid:TwilightsCall+1","theDruid:Resupply+1","theDruid:ExposingSlash+1"],"picked":"SKIP","floor":45},{"not_picked":["theDruid:ThornStrike+1","theDruid:BloodiedFur+1","theDruid:ForestsSoul+1"],"picked":"SKIP","floor":47},{"not_picked":["theDruid:Rummage+1","theDruid:PlagueClaw+1","theDruid:Gore+1"],"picked":"SKIP","floor":48},{"not_picked":["theDruid:IronbarkArmor+1","theDruid:TakeShelter+1","theDruid:Slingshot+1"],"picked":"SKIP","floor":54}],"player_experience":2119466,"relics_obtained":[{"floor":6,"key":"Ginger"},{"floor":8,"key":"theDruid:BoarsTusk"},{"floor":10,"key":"theDruid:RedRose"},{"floor":19,"key":"Replay:Bottled Steam"},{"floor":23,"key":"Orichalcum"},{"floor":26,"key":"The Courier"},{"floor":28,"key":"halation:PenCase"},{"floor":30,"key":"Mirror"},{"floor":40,"key":"Akabeko"},{"floor":42,"key":"StuffTheSpire:NeowsTribute"},{"floor":43,"key":"Replay:Ringing Soul"},{"floor":47,"key":"vexMod:BarristanHead"},{"floor":54,"key":"Blue Candle"}],"event_choices":[{"damage_healed":0,"gold_gain":0,"player_choice":"Simplicity","damage_taken":0,"max_hp_gain":0,"max_hp_loss":0,"event_name":"betterThird:BetterWriting","floor":0,"gold_loss":0},{"damage_healed":0,"gold_gain":225,"player_choice":"Raid","damage_taken":0,"max_hp_gain":0,"max_hp_loss":0,"event_name":"Menagerie:SpiderNest","floor":5,"gold_loss":0,"cards_obtained":["Shame"]},{"damage_healed":0,"gold_gain":0,"player_choice":"Peek","damage_taken":0,"max_hp_gain":0,"max_hp_loss":0,"event_name":"Menagerie:OvergrownLibrary","floor":12,"gold_loss":0},{"damage_healed":0,"gold_gain":0,"player_choice":"Enter","damage_taken":0,"max_hp_gain":0,"max_hp_loss":0,"event_name":"Elementarium:OtherworldlyPassage","floor":19,"gold_loss":0},{"damage_healed":0,"gold_gain":0,"player_choice":"Strike","damage_taken":30,"max_hp_gain":0,"max_hp_loss":0,"event_name":"Elementarium:OnrushingOffering","floor":21,"gold_loss":0,"cards_obtained":["Elementarium:GildedStrike","Elementarium:GildedStrike","Elementarium:GildedStrike","Elementarium:GildedStrike","Elementarium:GildedStrike"]},{"damage_healed":0,"gold_gain":0,"player_choice":"Leave","damage_taken":0,"max_hp_gain":0,"max_hp_loss":0,"event_name":"conspire:Investor","floor":38,"gold_loss":0},{"damage_healed":0,"gold_gain":0,"player_choice":"Ignored","damage_taken":0,"max_hp_gain":0,"max_hp_loss":0,"event_name":"Elementarium:ChestOfTheGoldenMirage","floor":44,"gold_loss":0},{"damage_healed":0,"gold_gain":0,"player_choice":"Ignored","damage_taken":0,"max_hp_gain":0,"max_hp_loss":0,"event_name":"Elementarium:ChestOfTheGoldenMirage","floor":44,"gold_loss":0}],"is_beta":false,"boss_relics":[{"not_picked":["vexMod:TanglingVine","ReplayTheSpireMod:DimensionalGlitch","hubris:Stopwatch"],"picked":"vexMod:BigBerry"},{"not_picked":["hubris:HollowSoul","jedi:battlestandard","construct:ClawGrip"],"picked":"sneckomod:SneckoTalon"}],"items_purged_floors":[22,53,53],"is_endless":false,"potions_floor_spawned":[10,11,14,16,27,28,30,31,33,35,36,41,48,54],"killed_by":"The Heart","ascension_level":9}}