{"host":"gs0a38e4jr2axiip","time":1608500871,"event":{"mods":["Abigail Mod","Act Like it!","BaseMod","Bestiary","Better Note","BetterRewards","CCEM","Colored Map","Conspire","Downfall","Exacting","Gensokyo","Hallownest","Highlight Path","Hubris","Infinite Spire","Jedi Mod","Koishi","MarisaÅiñ∂âJÅ@ñÇóùçπÅj","Minty Spire (QoL Compilation)","Permanent Neow","Prisma Mod","Replay The Spire","Shade Mod","Shop Mod","Spire Birthday Party","StSLib","The Dragon Tamer","The Gatherer","The Necromancer","The Servant 0.9.4","Unceasing Turn Reminder","Waifu the Spire","Wandering Minibosses","Yuyuko"],"gold_per_floor":[99,112,138,151,98,109,109,109,559,590,607,640,137,149,165,165,165],"floor_reached":16,"playtime":1263,"items_purged":[],"score":114,"play_id":"b04edc32-95da-44d5-8b4e-3a97195868f2","local_time":"20201220154751","is_ascension_mode":false,"campfire_choices":[{"floor":1,"key":"RECALL"}],"circlet_count":0,"master_deck":["sneckomod:Strike+1","sneckomod:Strike","sneckomod:Strike","sneckomod:Defend","sneckomod:Defend","sneckomod:Defend","sneckomod:TailWhip","sneckomod:SnekBite+1","sneckomod:Unknown","sneckomod:Unknown","sneckomod:UnknownClassSILVER","sneckomod:WideSting","sneckomod:DiceBlock","sneckomod:SoulRoll","sneckomod:UnknownClassInstall","sneckomod:DiceCrush","Slimebound:Icky","Slimebound:Icky","Slimebound:Icky","sneckomod:QuickBite","sneckomod:UnknownClassTHE_CHAMP_GRAY","sneckomod:UnknownRareSkill","sneckomod:ImprovisedAttack+1","sneckomod:UnknownBlock","sneckomod:SlitherStrike","sneckomod:IronFang","sneckomod:UnknownClassWHITE"],"relics":["ReplayTheSpireMod:DimensionalGlitch","Whetstone","Replay:Wax Seal","Blue Doll","hubris:MysteriousPyramids","CCEMRelics:SpiritsEdge"],"acts_visited":["Exordium"],"potions_floor_usage":[13,13,15,15,15,15,16,16,16,16],"damage_taken":[{"damage":0,"enemies":"Cultist","floor":2,"turns":2},{"damage":20,"enemies":"Gremlin Nob","floor":3,"turns":4},{"damage":1,"enemies":"Jaw Worm","floor":4,"turns":2},{"damage":3,"enemies":"downfall:FleeingMerchant","floor":5,"turns":4},{"damage":4,"enemies":"2 Louse","floor":6,"turns":3},{"damage":44,"enemies":"3 Sentries","floor":10,"turns":11},{"damage":9,"enemies":"Blue Slaver","floor":11,"turns":4},{"damage":0,"enemies":"3 Louse","floor":12,"turns":2},{"damage":0,"enemies":"downfall:FleeingMerchant","floor":13,"turns":4},{"damage":0,"enemies":"2 Fungi Beasts","floor":14,"turns":3},{"damage":8,"enemies":"Blue Slaver","floor":15,"turns":2},{"damage":15,"enemies":"downfall:Ironclad","floor":16,"turns":2}],"seed_played":"-3280595271455874034","potions_obtained":[{"floor":6,"key":"Swift Potion"},{"floor":10,"key":"SpeedPotion"},{"floor":11,"key":"ColorlessPotion"},{"floor":14,"key":"ColorlessPotion"}],"is_trial":false,"path_per_floor":["R","M","E","M","$","M","T","?","?","E","M","M","$","M","M","B"],"character_chosen":"THE_SNECKO","items_purchased":["sneckomod:UnknownClassInstall","CCEMRelics:SpiritsEdge","sneckomod:ImprovisedAttack+1","sneckomod:UnknownBlock","sneckomod:SlitherStrike","EntropicBrew","EssenceOfSteel"],"campfire_rested":0,"item_purchase_floors":[5,13,13,13,13,13,13],"current_hp_per_floor":[90,90,70,69,66,62,62,62,62,18,12,12,12,12,4,0,0],"gold":165,"neow_bonus":"BOSS_RELIC","is_daily":false,"chose_seed":false,"campfire_upgraded":0,"win_rate":0.0,"timestamp":1608500871,"path_taken":["R","M","E","M","?","M","T","?","?","E","M","M","$","M","M","BOSS"],"items_purchased_type":["Card","Relic","Card","Card","Card","Potion","Potion"],"build_version":"2020-12-13","purchased_purges":0,"victory":false,"max_hp_per_floor":[90,90,90,90,90,90,90,90,90,90,90,90,90,90,90,90,90],"card_choices":[{"not_picked":["sneckomod:UnknownCommonAttack","sneckomod:QuickMove"],"picked":"sneckomod:UnknownClassSILVER","floor":2},{"not_picked":["sneckomod:TrashToTreasure","sneckomod:UnknownClassWHITE"],"picked":"sneckomod:WideSting","floor":3},{"not_picked":["sneckomod:UnknownCommonSkill","sneckomod:UnknownWeak"],"picked":"sneckomod:DiceBlock","floor":4},{"not_picked":["sneckomod:UnknownWeak","sneckomod:UnknownClassBLUE"],"picked":"sneckomod:SoulRoll","floor":5},{"not_picked":["sneckomod:SoulRoll","sneckomod:Cheat"],"picked":"sneckomod:DiceCrush","floor":6},{"not_picked":["sneckomod:UnknownClassCHLOE_RED","sneckomod:SoulDraw","sneckomod:UnknownClassInstall"],"picked":"SKIP","floor":10},{"not_picked":["sneckomod:UnknownWeak","sneckomod:UnknownStrike"],"picked":"sneckomod:QuickBite","floor":11},{"not_picked":["sneckomod:UnknownWeak","sneckomod:Unknown2Cost"],"picked":"sneckomod:UnknownClassTHE_CHAMP_GRAY","floor":12},{"not_picked":["sneckomod:UnknownClassPURPLE","sneckomod:Unknown1Cost"],"picked":"sneckomod:UnknownRareSkill","floor":13},{"not_picked":["sneckomod:DiceBoulder","sneckomod:UnknownBlock"],"picked":"sneckomod:IronFang","floor":14},{"not_picked":["sneckomod:UnknownCommonAttack","sneckomod:UnknownVulnerable"],"picked":"sneckomod:UnknownClassWHITE","floor":15}],"player_experience":771967,"relics_obtained":[{"floor":3,"key":"Whetstone"},{"floor":7,"key":"Replay:Wax Seal"},{"floor":8,"key":"Blue Doll"},{"floor":10,"key":"hubris:MysteriousPyramids"}],"event_choices":[],"is_beta":false,"boss_relics":[],"items_purged_floors":[],"is_endless":false,"potions_floor_spawned":[6,10,11,14],"killed_by":"downfall:Ironclad","ascension_level":0}}