{"host":"jl15pmpb41l0mhji","time":1608496792,"event":{"mods":["2.2 Compatiblity","AchievementEnabler","Aspiration","Astrologer","BaseMod","Better Altar","Better Match","Better Note","Better Sensory Stone","Better Skull","Better Third Choice","Better Vampires","CCEM","Clawfect","Colored Map","Defuse TimeMaze Blight","Displayed Cursed Tome","Downfall","Emptier Cage","FruityMod","GifTheSpireLib","Hermit","Highlight Path","Hubris","JesterMod","Minty Spire (QoL Compilation)","Permanent Neow","Random Character Button","Relic Stats","Replay The Spire","Shade Mod","Spicy Shops","StSLib","Stuff the Spire","The Blue Laboratory","The Bug Knight","The Disciple","The Hierophant","The Necromancer","The Runesmith"],"gold_per_floor":[114,114,114,132,147,147,187,57,127,141,160,160,179,204,204,335,335,349,370,391,43,62,62,96,96,96,109,109,109,109],"floor_reached":29,"playtime":1963,"items_purged":["champ:Strike","champ:GladiatorsShout"],"score":249,"play_id":"72423dd6-1361-4a50-880b-8afc2721ceda","local_time":"20201220143952","is_ascension_mode":false,"campfire_choices":[{"data":"champ:RecklessLeap","floor":6,"key":"SMITH"},{"data":"champ:FocusedBerserking","floor":12,"key":"SMITH"},{"data":"champ:Encircle","floor":15,"key":"SMITH"},{"data":"champ:BerserkerStyle","floor":23,"key":"SMITH"},{"data":"champ:Defend","floor":25,"key":"SMITH"}],"circlet_count":0,"master_deck":["champ:Strike","champ:Strike","champ:Strike","champ:Defend+1","champ:Defend","champ:Defend","champ:Defend","champ:Taunt","champ:Encircle","champ:Encircle+1","champ:RecklessLeap+1","champ:FocusedBerserking+1","champ:Shatter+1","champ:Duel","champ:Devastate","champ:HeartStrike","champ:BerserkerStyle+1","champ:FightOn","champ:Shatter"],"relics":["champ:ChampionCrown","Replay:Baseball","Golden Idol","ReplayFunnel","InkBottle","aspiration:MobileForge","Ornamental Fan","Oddly Smooth Stone","hubris:Zylophone"],"acts_visited":["Exordium","TheCity"],"potions_floor_usage":[16,19,19,20,24,29],"damage_taken":[{"damage":5,"enemies":"Small Slimes","floor":1,"turns":3},{"damage":7,"enemies":"2 Louse","floor":4,"turns":2},{"damage":7,"enemies":"Cultist","floor":5,"turns":3},{"damage":37,"enemies":"3 Sentries","floor":7,"turns":6},{"damage":41,"enemies":"Large Slime","floor":10,"turns":5},{"damage":3,"enemies":"Looter","floor":11,"turns":3},{"damage":5,"enemies":"Red Slaver","floor":13,"turns":3},{"damage":31,"enemies":"Lots of Slimes","floor":14,"turns":5},{"damage":63,"enemies":"The Guardian","floor":16,"turns":7},{"damage":36,"enemies":"Shell Parasite","floor":18,"turns":3},{"damage":33,"enemies":"Chosen","floor":19,"turns":2},{"damage":53,"enemies":"Snake Plant","floor":20,"turns":4},{"damage":46,"enemies":"3 Cultists","floor":22,"turns":5},{"damage":52,"enemies":"HollowMod:Nosk","floor":24,"turns":5},{"damage":61,"enemies":"Shelled Parasite and Fungi","floor":27,"turns":4},{"damage":14,"enemies":"Snake Plant","floor":29,"turns":3}],"seed_played":"8913225241967177298","potions_obtained":[{"floor":3,"key":"Dexterity Potion"},{"floor":3,"key":"GamblersBrew"},{"floor":3,"key":"Swift Potion"},{"floor":10,"key":"Adrenaline Potion"},{"floor":16,"key":"champ:OpenerPotion"},{"floor":19,"key":"SteroidPotion"},{"floor":27,"key":"blueLaboratory:ImpenetrablePotion"}],"is_trial":false,"path_per_floor":["M","?","?","M","M","R","E","$","T","M","M","R","M","M","R","B",null,"M","M","M","$","M","R","E","R","T","M","?","M"],"character_chosen":"THE_CHAMP","items_purchased":["champ:Shatter+1","Ornamental Fan"],"campfire_rested":0,"item_purchase_floors":[8,21],"current_hp_per_floor":[90,83,83,83,83,83,75,75,75,73,75,75,72,81,81,76,88,70,71,55,55,41,41,38,38,38,8,8,0,0],"gold":109,"neow_bonus":"RANDOM_COMMON_RELIC","is_daily":false,"chose_seed":false,"campfire_upgraded":5,"win_rate":0.0,"timestamp":1608496792,"path_taken":["M","?","?","M","M","R","E","$","T","?","M","R","M","M","R","BOSS","M","M","M","$","M","R","E","R","T","M","?","M"],"items_purchased_type":["Card","Relic"],"build_version":"2020-12-13","purchased_purges":2,"victory":false,"max_hp_per_floor":[90,83,83,83,83,83,83,83,83,83,83,83,83,88,88,88,88,88,88,88,88,88,88,88,88,88,88,88,88,88],"relic_stats":{"counters":[16,63],"Golden Idol":82,"Ornamental Fan":[28],"obtain_stats":[{"ReplayFunnel":7,"hubris:Zylophone":26,"Replay:Baseball":0,"Golden Idol":2,"aspiration:MobileForge":17,"Ornamental Fan":21,"Oddly Smooth Stone":24,"champ:ChampionCrown":0,"InkBottle":9},{"ReplayFunnel":4,"hubris:Zylophone":14,"Replay:Baseball":0,"Golden Idol":1,"aspiration:MobileForge":9,"Ornamental Fan":12,"Oddly Smooth Stone":14,"champ:ChampionCrown":0,"InkBottle":4},{"ReplayFunnel":14,"hubris:Zylophone":56,"Replay:Baseball":0,"Golden Idol":3,"aspiration:MobileForge":37,"Ornamental Fan":46,"Oddly Smooth Stone":56,"champ:ChampionCrown":0,"InkBottle":14}],"InkBottle":[15]},"card_choices":[{"not_picked":["champ:FlashCut","champ:DefensiveStyle"],"picked":"champ:Encircle","floor":1},{"not_picked":["champ:IronFortress","champ:Backstep"],"picked":"champ:Encircle","floor":4},{"not_picked":["champ:PerfectedStrike","champ:FocusedGladiator"],"picked":"champ:RecklessLeap","floor":5},{"not_picked":["champ:SkillfulDodge","champ:StanceDance"],"picked":"champ:FocusedBerserking","floor":7},{"not_picked":["champ:EndlessRage","champ:CrookedStrike"],"picked":"champ:Duel","floor":10},{"not_picked":["champ:BringItOn","champ:CrookedStrike"],"picked":"champ:GladiatorsShout","floor":11},{"not_picked":["champ:CrookedStrike","champ:TornadoPunch"],"picked":"champ:FightOn","floor":13},{"not_picked":["champ:SkillfulDodge","champ:PreciseThrust","champ:FalseCounter"],"picked":"SKIP","floor":14},{"not_picked":["champ:PerfectForm","champ:SteelEdge"],"picked":"champ:Devastate","floor":16},{"not_picked":["champ:StanceDance","champ:GladiatorsShout","champ:Circumvent+1"],"picked":"SKIP","floor":18},{"not_picked":["champ:ShieldWall","champ:DefensiveShout+1"],"picked":"champ:HeartStrike","floor":19},{"not_picked":["champ:TornadoPunch","champ:BerserkersShout+1"],"picked":"champ:BerserkerStyle","floor":20},{"not_picked":["champ:BerserkerStyle","champ:ShieldWall"],"picked":"champ:FightOn","floor":22},{"not_picked":["champ:Riposte","champ:TornadoPunch"],"picked":"champ:Shatter","floor":24},{"not_picked":["champ:Riposte","champ:PerfectedStrike","champ:Backstep"],"picked":"SKIP","floor":27}],"player_experience":1976979,"relics_obtained":[{"floor":7,"key":"ReplayFunnel"},{"floor":9,"key":"InkBottle"},{"floor":24,"key":"Oddly Smooth Stone"},{"floor":26,"key":"hubris:Zylophone"}],"event_choices":[{"damage_healed":0,"gold_gain":0,"player_choice":"Lose Max HP","damage_taken":0,"relics_obtained":["Golden Idol"],"max_hp_gain":0,"max_hp_loss":7,"event_name":"Golden Idol","floor":2,"gold_loss":0},{"damage_healed":0,"gold_gain":0,"player_choice":"Got Potions","damage_taken":0,"max_hp_gain":0,"max_hp_loss":0,"event_name":"Lab","floor":3,"gold_loss":0},{"cards_removed":["champ:Execute"],"damage_healed":0,"gold_gain":0,"player_choice":"Purged","damage_taken":0,"max_hp_gain":0,"max_hp_loss":0,"event_name":"Purifier","floor":28,"gold_loss":0}],"is_beta":false,"boss_relics":[{"not_picked":["Replay:Ancient Bell","hubris:HollowSoul"],"picked":"aspiration:MobileForge"}],"items_purged_floors":[8,21],"is_endless":false,"potions_floor_spawned":[5,10,11,14,16,18,19,27],"killed_by":"Snake Plant","ascension_level":0}}