{"host":"79p0n9jgvmu4oxs9","time":1608467668,"event":{"mods":["AchievementEnabler","Act Like it!","BaseMod","Colored Map","Downfall","Friendly Minions","GifTheSpireLib","Minty Spire (QoL Compilation)","Rare Cards Sparkle","StSLib","The Dragon Tamer"],"gold_per_floor":[0,25,125,125,41,70,122,122,142,142,155,182,182,182,203,313,313,313,354,365,365,386,386,386,386,486,486,486,504,4,4,31,140,140,65,105,30,48,48,81,159,135,150,170,198,198,2,15,34,34],"floor_reached":51,"playtime":3040,"items_purged":[],"score":858,"play_id":"969f5676-2a95-4215-9fef-4a065f4f6928","local_time":"20201220043428","is_ascension_mode":false,"campfire_choices":[{"data":"expansioncontent:QuickStudy","floor":1,"key":"SMITH"},{"data":"hexamod:DynamicBlow","floor":4,"key":"SMITH"},{"data":"hexamod:Sear","floor":8,"key":"SMITH"},{"data":"hexamod:BurningTouch","floor":10,"key":"SMITH"},{"floor":18,"key":"REST"},{"floor":23,"key":"REST"},{"floor":25,"key":"REST"},{"floor":27,"key":"RECALL"},{"floor":35,"key":"REST"},{"floor":37,"key":"REST"}],"circlet_count":0,"master_deck":["hexamod:Sear+1","hexamod:Float+1","expansioncontent:QuickStudy+1","hexamod:DynamicBlow+1","hexamod:NightmareGuise+1","hexamod:HeatCrush+1","hexamod:SecondSeal","hexamod:BurningTouch+1","hexamod:FourthSeal","hexamod:FlamesFromBeyond+1","hexamod:FirstSeal","hexamod:SixthSeal","hexamod:EtherealExpedition+1","RitualDagger+1","hexamod:AdvancingGuard+1","Ghostly+1","Ghostly+1","Ghostly+1","hexamod:CouncilsJustice+1","hexamod:CouncilsJustice+1","hexamod:CouncilsJustice+1","hexamod:UnleashSpirits+1","hexamod:UnleashSpirits","hexamod:NightmareGuise+1","hexamod:SpectersWail+1","hexamod:ThirdSeal","hexamod:TimeOfNeed+1","hexamod:CouncilsJustice+1","hexamod:NightmareStrike","hexamod:SecondSeal","Panacea+1","hexamod:GhostShield+1","hexamod:Hexaguard"],"relics":["hexamod:SpiritBrand","Ginger","Mercury Hourglass","Juzu Bracelet","Fusion Hammer","Omamori","HornCleat","Matryoshka","Necronomicon","Black Star","downfall:HeartBlessingBlue","Torii","Ice Cream","downfall:HeartBlessingRed","InkBottle","The Courier","Kunai","Mummified Hand","DollysMirror","Happy Flower","Boot"],"acts_visited":["Exordium","TheCity","TheBeyond"],"potions_floor_usage":[15,16,16,16,22,33,50,50,50],"damage_taken":[{"damage":14,"enemies":"Gremlin Nob","floor":2,"turns":4},{"damage":0,"enemies":"downfall:FleeingMerchant","floor":5,"turns":4},{"damage":0,"enemies":"Lagavulin","floor":6,"turns":5},{"damage":6,"enemies":"Jaw Worm","floor":9,"turns":3},{"damage":0,"enemies":"2 Louse","floor":11,"turns":2},{"damage":7,"enemies":"Small Slimes","floor":12,"turns":3},{"damage":5,"enemies":"2 Fungi Beasts","floor":15,"turns":4},{"damage":14,"enemies":"downfall:Ironclad","floor":16,"turns":6},{"damage":26,"enemies":"Slavers","floor":19,"turns":4},{"damage":28,"enemies":"3 Byrds","floor":20,"turns":5},{"damage":15,"enemies":"Chosen","floor":22,"turns":5},{"damage":1,"enemies":"Centurion and Healer","floor":29,"turns":5},{"damage":5,"enemies":"downfall:FleeingMerchant","floor":30,"turns":4},{"damage":10,"enemies":"Shelled Parasite and Fungi","floor":32,"turns":3},{"damage":0,"enemies":"downfall:Defect","floor":33,"turns":6},{"damage":19,"enemies":"Giant Head","floor":36,"turns":6},{"damage":1,"enemies":"Orb Walker","floor":38,"turns":3},{"damage":0,"enemies":"Nemesis","floor":40,"turns":3},{"damage":0,"enemies":"downfall:FleeingMerchant","floor":42,"turns":4},{"damage":13,"enemies":"3 Shapes","floor":43,"turns":3},{"damage":0,"enemies":"Maw","floor":44,"turns":4},{"damage":0,"enemies":"3 Darklings","floor":45,"turns":3},{"damage":0,"enemies":"Jaw Worm Horde","floor":48,"turns":2},{"damage":1,"enemies":"Transient","floor":49,"turns":5},{"damage":25,"enemies":"downfall:Silent","floor":50,"turns":4}],"seed_played":"-7800637217584519651","potions_obtained":[{"floor":2,"key":"Explosive Potion"},{"floor":9,"key":"Block Potion"},{"floor":12,"key":"Dexterity Potion"},{"floor":12,"key":"Regen Potion"},{"floor":15,"key":"sneckomod:MuddlingPotion"},{"floor":19,"key":"sneckomod:MuddlingPotion"},{"floor":20,"key":"hexamod:InfernoChargePotion"},{"floor":20,"key":"BlessingOfTheForge"},{"floor":21,"key":"CultistPotion"},{"floor":22,"key":"GamblersBrew"},{"floor":22,"key":"PowerPotion"},{"floor":29,"key":"Slimebound:ThreeZeroPotion"},{"floor":33,"key":"FearPotion"},{"floor":36,"key":"SkillPotion"}],"is_trial":false,"path_per_floor":["R","E","?","R","$","E","T","R","M","R","M","M","?","?","M","B",null,"R","E","M","?","M","R","T","R","?","R","?","M","$","?","M","B",null,"R","E","R","M","?","E","T","$","M","M","M","?","$","M","M","B",null],"character_chosen":"THE_SPIRIT","items_purchased":["hexamod:HeatCrush","HornCleat","Matryoshka","hexamod:TimeOfNeed","DollysMirror","Happy Flower","Boot","Panacea"],"campfire_rested":5,"item_purchase_floors":[5,30,30,42,42,42,47,47],"current_hp_per_floor":[70,56,56,56,56,56,56,56,50,50,50,43,36,36,47,40,70,70,51,23,23,15,36,36,57,57,57,35,35,35,19,16,23,35,45,33,45,44,44,44,44,45,39,39,39,39,39,39,45,27],"gold":34,"neow_bonus":"RANDOM_COLORLESS_2","is_daily":false,"chose_seed":false,"campfire_upgraded":4,"win_rate":0.0,"timestamp":1608467668,"path_taken":["R","E","?","R","$","E","T","R","M","R","M","M","?","?","M","BOSS","R","E","M","?","M","R","T","R","?","R","?","M","$","?","M","BOSS","R","E","R","M","?","E","T","?","M","M","M","?","?","M","M","BOSS"],"items_purchased_type":["Card","Relic","Relic","Card","Relic","Relic","Relic","Card"],"build_version":"2020-12-13","purchased_purges":0,"victory":true,"max_hp_per_floor":[70,70,70,70,70,70,70,70,70,70,70,70,70,70,70,70,70,70,70,70,70,70,70,70,70,70,70,35,35,35,35,35,35,35,45,45,45,45,45,45,45,45,45,45,45,45,45,45,45,45],"card_choices":[{"not_picked":["Chrysalis","Secret Weapon"],"picked":"expansioncontent:QuickStudy","floor":0},{"not_picked":["hexamod:HauntingEcho","hexamod:Haunt"],"picked":"hexamod:DynamicBlow","floor":2},{"not_picked":["hexamod:GhostflameBarrier","hexamod:FastForward"],"picked":"hexamod:NightmareGuise","floor":5},{"not_picked":["hexamod:RainOfEmbers","hexamod:Hexaguard"],"picked":"hexamod:SecondSeal","floor":6},{"not_picked":["hexamod:ThermalTransfer","hexamod:NightmareStrike"],"picked":"hexamod:BurningTouch","floor":9},{"not_picked":["hexamod:PhantomCloak","hexamod:EtherealExpedition"],"picked":"hexamod:FourthSeal","floor":11},{"not_picked":["hexamod:CatchUp","hexamod:InspiringFlames"],"picked":"hexamod:FlamesFromBeyond","floor":12},{"not_picked":["hexamod:SwordOfDarkness","hexamod:NightmareStrike","hexamod:GhostLash"],"picked":"SKIP","floor":15},{"not_picked":["hexamod:TurnItUp","hexamod:UnleashSpirits"],"picked":"hexamod:SixthSeal","floor":16},{"not_picked":["hexamod:SwordOfDarkness","hexamod:Hexaguard+1"],"picked":"hexamod:EtherealExpedition+1","floor":19},{"not_picked":["hexamod:GhostShield","hexamod:SpectralAdrenaline","hexamod:GhostLash"],"picked":"SKIP","floor":20},{"not_picked":["hexamod:EtherealExpedition","hexamod:CatchUp"],"picked":"hexamod:AdvancingGuard+1","floor":22},{"not_picked":["hexamod:RainOfEmbers","hexamod:SecondSeal","hexamod:SwordOfDarkness"],"picked":"SKIP","floor":29},{"not_picked":["hexamod:FastForward","hexamod:EtherealExpedition"],"picked":"hexamod:UnleashSpirits","floor":30},{"not_picked":["hexamod:ShieldOfDarkness","hexamod:InspiringFlames","hexamod:NecessarySacrifice+1"],"picked":"SKIP","floor":32},{"not_picked":["hexamod:SixthSeal","hexamod:CrushingStance"],"picked":"hexamod:UnleashSpirits","floor":33},{"not_picked":["hexamod:Rewind","hexamod:RecurringNightmare"],"picked":"hexamod:NightmareGuise+1","floor":36},{"not_picked":["hexamod:NightmareStrike+1","hexamod:AdvancingGuard"],"picked":"hexamod:SpectersWail+1","floor":38},{"not_picked":["hexamod:Haunt+1","hexamod:PowerFromBeyond"],"picked":"hexamod:ThirdSeal","floor":40},{"not_picked":["hexamod:ThermalTransfer","hexamod:Firestarter+1","hexamod:Hexaguard+1"],"picked":"SKIP","floor":42},{"not_picked":["hexamod:SecondSeal","hexamod:BurningTouch+1"],"picked":"hexamod:NightmareStrike","floor":43},{"not_picked":["hexamod:RainOfEmbers","hexamod:PhantomCloak"],"picked":"hexamod:SecondSeal","floor":43},{"not_picked":["hexamod:Incineration+1","hexamod:DynamicBlow","hexamod:PhantomCloak"],"picked":"SKIP","floor":44},{"not_picked":["hexamod:RetreatToShadows","hexamod:Again","hexamod:ShieldOfDarkness"],"picked":"SKIP","floor":44},{"not_picked":["hexamod:GhostLash+1","hexamod:Firestarter","hexamod:NecessarySacrifice+1"],"picked":"SKIP","floor":45},{"not_picked":["hexamod:SixthSeal","hexamod:AdvancingGuard"],"picked":"hexamod:GhostShield+1","floor":48},{"not_picked":["hexamod:ThermalTransfer","hexamod:ShieldOfDarkness+1"],"picked":"hexamod:Hexaguard","floor":49},{"not_picked":["hexamod:NightmareGuise+1","hexamod:GhostOfSpirePast","hexamod:InspiringFlames"],"picked":"SKIP","floor":49}],"player_experience":844906,"relics_obtained":[{"floor":2,"key":"Ginger"},{"floor":6,"key":"Mercury Hourglass"},{"floor":7,"key":"Juzu Bracelet"},{"floor":19,"key":"Omamori"},{"floor":31,"key":"Necronomicon"},{"floor":36,"key":"Torii"},{"floor":36,"key":"Ice Cream"},{"floor":40,"key":"InkBottle"},{"floor":40,"key":"The Courier"},{"floor":41,"key":"Kunai"},{"floor":41,"key":"Mummified Hand"}],"event_choices":[{"damage_healed":0,"gold_gain":0,"player_choice":"Forge","damage_taken":0,"max_hp_gain":0,"max_hp_loss":0,"event_name":"Accursed Blacksmith","floor":39,"gold_loss":0,"cards_upgraded":["hexamod:UnleashSpirits"]},{"damage_healed":0,"gold_gain":0,"player_choice":"Ignored","damage_taken":0,"max_hp_gain":0,"max_hp_loss":0,"event_name":"Mysterious Sphere","floor":46,"gold_loss":0}],"is_beta":false,"boss_relics":[{"not_picked":["Snecko Eye","SacredBark"],"picked":"Fusion Hammer"},{"not_picked":["Philosopher\u0027s Stone","Coffee Dripper"],"picked":"Black Star"}],"items_purged_floors":[],"is_endless":false,"potions_floor_spawned":[2,9,12,15,20,22,32,43,48,49],"ascension_level":0}}