{"host":"mqhvlr3kpxebko0t","time":1608508482,"event":{"mods":["AchievementEnabler","BaseMod","Colored Map","Colored Powertips","Keyboard Shortcuts","Minty Spire (QoL Compilation)","StSLib","SuperFastMode"],"gold_per_floor":[115,133,58,76,1,26,26,57,84,118,136,156,172,190,190,190,190],"floor_reached":16,"playtime":241,"items_purged":["Strike_P"],"score":283,"play_id":"384028fd-189a-409c-838b-aaa34f0ab9d4","local_time":"20201221085442","is_ascension_mode":true,"campfire_choices":[{"data":"CrushJoints","floor":15,"key":"SMITH"}],"circlet_count":0,"master_deck":["AscendersBane","Strike_P","Strike_P","Strike_P","Defend_P","Defend_P","Defend_P","Eruption+1","Vigilance","FollowUp","WheelKick","DeusExMachina","CrushJoints+1","FearNoEvil","Scrawl"],"relics":["PureWater","NeowsBlessing","Bag of Marbles","Tiny Chest","Blood Vial","MealTicket"],"acts_visited":["Exordium"],"potions_floor_usage":[10,16],"damage_taken":[{"damage":0,"enemies":"Cultist","floor":1,"turns":1},{"damage":0,"enemies":"Jaw Worm","floor":2,"turns":1},{"damage":0,"enemies":"2 Louse","floor":4,"turns":1},{"damage":3,"enemies":"Gremlin Nob","floor":6,"turns":3},{"damage":27,"enemies":"3 Sentries","floor":8,"turns":6},{"damage":0,"enemies":"Lagavulin","floor":10,"turns":2},{"damage":5,"enemies":"Red Slaver","floor":11,"turns":3},{"damage":8,"enemies":"3 Louse","floor":12,"turns":2},{"damage":0,"enemies":"2 Fungi Beasts","floor":13,"turns":3},{"damage":0,"enemies":"Blue Slaver","floor":14,"turns":2},{"damage":25,"enemies":"The Guardian","floor":16,"turns":7}],"seed_played":"-7416912520577745859","potions_obtained":[{"floor":4,"key":"Ancient Potion"},{"floor":6,"key":"DistilledChaos"},{"floor":10,"key":"LiquidBronze"},{"floor":12,"key":"Weak Potion"}],"is_trial":false,"path_per_floor":["M","M","$","M","?","E","?","E","T","E","M","M","M","M","R","B"],"character_chosen":"WATCHER","items_purchased":[],"campfire_rested":0,"item_purchase_floors":[],"current_hp_per_floor":[61,61,61,61,61,58,58,31,31,33,30,24,26,28,28,5,5],"gold":190,"neow_bonus":"THREE_ENEMY_KILL","is_daily":false,"chose_seed":false,"campfire_upgraded":1,"win_rate":0.0,"timestamp":1608508482,"path_taken":["M","?","$","M","?","E","?","E","T","E","M","M","?","M","R","BOSS"],"items_purchased_type":[],"build_version":"2020-12-13","purchased_purges":1,"victory":false,"max_hp_per_floor":[68,68,68,68,68,68,68,68,68,68,68,68,68,68,68,68,68],"card_choices":[{"not_picked":["SashWhip","WaveOfTheHand"],"picked":"FollowUp","floor":1},{"not_picked":["CutThroughFate","SashWhip"],"picked":"WheelKick","floor":2},{"not_picked":["CutThroughFate","SashWhip","JustLucky"],"picked":"SKIP","floor":4},{"not_picked":["FlurryOfBlows","FlyingSleeves","JustLucky"],"picked":"SKIP","floor":6},{"not_picked":["ThirdEye","Halt","FollowUp"],"picked":"SKIP","floor":8},{"not_picked":["LikeWater","Indignation"],"picked":"DeusExMachina","floor":10},{"not_picked":["Perseverance","Halt"],"picked":"CrushJoints","floor":11},{"not_picked":["FollowUp","CutThroughFate","EmptyBody"],"picked":"SKIP","floor":12},{"not_picked":["Protect","FlurryOfBlows"],"picked":"FearNoEvil","floor":13},{"not_picked":["Swivel","Wireheading"],"picked":"Scrawl","floor":14}],"player_experience":663124,"relics_obtained":[{"floor":6,"key":"Bag of Marbles"},{"floor":8,"key":"Tiny Chest"},{"floor":9,"key":"Blood Vial"},{"floor":10,"key":"MealTicket"}],"event_choices":[{"cards_removed":["Defend_P"],"damage_healed":0,"gold_gain":0,"player_choice":"Card Removal","damage_taken":0,"max_hp_gain":0,"max_hp_loss":0,"event_name":"The Cleric","floor":5,"gold_loss":75},{"damage_healed":0,"gold_gain":0,"player_choice":"Forge","damage_taken":0,"max_hp_gain":0,"max_hp_loss":0,"event_name":"Accursed Blacksmith","floor":7,"gold_loss":0,"cards_upgraded":["Eruption"]}],"is_beta":false,"boss_relics":[],"items_purged_floors":[3],"is_endless":false,"potions_floor_spawned":[4,6,10,12],"killed_by":"The Guardian","ascension_level":18}}