{"host":"y3iy5gb13b300rns","time":1608438580,"event":{"mods":["BaseMod","Bestiary","Curses Come First","Minty Spire (QoL Compilation)","Replay The Spire","StSLib","The Runesmith"],"gold_per_floor":[115,290,290,305,315,315,315],"floor_reached":6,"playtime":600,"items_purged":[],"score":38,"play_id":"688b47f4-4a37-47c5-9419-8ec6b7dddeec","local_time":"20201219222940","is_ascension_mode":true,"campfire_choices":[],"circlet_count":0,"master_deck":["Runesmith:Strike_RS","Runesmith:Strike_RS","Runesmith:Strike_RS","Runesmith:Strike_RS","Runesmith:Defend_RS","Runesmith:Defend_RS","Runesmith:Defend_RS","Runesmith:Defend_RS","Runesmith:CraftFirestone","Runesmith:Fortify","Runesmith:CreatorForm","Runesmith:ChaoticBlast","Doubt","Runesmith:FrozenChisel","Runesmith:CraftMagma"],"relics":["Runesmith:BrokenRuby"],"acts_visited":["Exordium"],"potions_floor_usage":[5,6],"damage_taken":[{"damage":11,"enemies":"Jaw Worm","floor":1,"turns":4},{"damage":10,"enemies":"Cultist","floor":4,"turns":6},{"damage":1,"enemies":"2 Louse","floor":5,"turns":3},{"damage":29,"enemies":"Gremlin Nob","floor":6,"turns":5}],"seed_played":"-3553672798618859226","potions_obtained":[{"floor":1,"key":"EssenceOfSteel"},{"floor":5,"key":"Energy Potion"}],"is_trial":false,"path_per_floor":["M","?","T","M","M","E"],"character_chosen":"RUNESMITH_CLASS","items_purchased":[],"campfire_rested":0,"item_purchase_floors":[],"current_hp_per_floor":[59,59,59,49,48,19,19],"gold":315,"neow_bonus":"ONE_RANDOM_RARE_CARD","is_daily":false,"chose_seed":false,"campfire_upgraded":0,"win_rate":0.0,"timestamp":1608438580,"path_taken":["M","?","?","M","?","E"],"items_purchased_type":[],"build_version":"2020-12-13","purchased_purges":0,"victory":false,"max_hp_per_floor":[70,70,70,70,70,70,70],"card_choices":[{"not_picked":["Runesmith:HammerAndChisel","Runesmith:UnstableHammer"],"picked":"Runesmith:ChaoticBlast","floor":1},{"not_picked":["Runesmith:StaticCage","Runesmith:UnstableHammer"],"picked":"Runesmith:FrozenChisel","floor":4},{"not_picked":["Runesmith:Superposition","Runesmith:Attraction"],"picked":"Runesmith:CraftMagma","floor":5}],"player_experience":360781,"relics_obtained":[],"event_choices":[{"damage_healed":0,"gold_gain":175,"player_choice":"AGREE","damage_taken":0,"max_hp_gain":0,"max_hp_loss":0,"event_name":"Liars Game","floor":2,"gold_loss":0,"cards_obtained":["Doubt"]}],"is_beta":false,"boss_relics":[],"items_purged_floors":[],"is_endless":false,"potions_floor_spawned":[1,5],"killed_by":"Gremlin Nob","ascension_level":1}}