{"host":"pbf6u3tyx46snqc7","time":1608471552,"event":{"mods":["AchievementEnabler","BaseMod","Colored Map","Minty Spire (QoL Compilation)","Rare Cards Sparkle","Shop Mod","SuperFastMode"],"gold_per_floor":[119,44,44,44,56,85,111,123,158,170,202,226,71,71,71,148,148,168,93,119,132,149,183,183,198,250,269,284,299,299,42,42,115,115,135,153,153,153,167,167,167,185,185,195,195,0,0,10,10,10],"floor_reached":51,"playtime":2046,"items_purged":["Strike_B","Defend_B"],"score":1213,"play_id":"3007db65-a735-41c6-b049-ce98a87a7151","local_time":"20201220223912","is_ascension_mode":true,"campfire_choices":[{"data":"Blizzard","floor":8.0,"key":"SMITH"},{"data":"Dualcast","floor":10.0,"key":"SMITH"},{"data":"Zap","floor":15.0,"key":"SMITH"},{"floor":24.0,"key":"REST"},{"floor":30.0,"key":"REST"},{"floor":32.0,"key":"REST"},{"data":"Buffer","floor":40.0,"key":"SMITH"},{"floor":47,"key":"REST"},{"floor":49,"key":"REST"}],"circlet_count":0,"master_deck":["AscendersBane","Defend_B","Defend_B","Defend_B","Zap+1","Dualcast+1","Ball Lightning+1","Cold Snap+1","Blizzard+1","Conserve Battery","Skim","Cold Snap","Biased Cognition","CurseOfTheBell","Consume+1","Capacitor+1","Ball Lightning+1","Compile Driver","Buffer+1","Loop+1","Core Surge","Madness","Madness"],"relics":["Cracked Core","NeowsBlessing","MawBank","Whetstone","ClockworkSouvenir","Calling Bell","HornCleat","TungstenRod","Boot","Omamori","Oddly Smooth Stone","Potion Belt","Anchor","Cursed Key","Regal Pillow","Red Mask"],"acts_visited":["Exordium","TheCity","TheBeyond"],"potions_floor_usage":[44,50,50,50],"damage_taken":[{"damage":0.0,"enemies":"Jaw Worm","floor":1.0,"turns":1.0},{"damage":0.0,"enemies":"Small Slimes","floor":5.0,"turns":1.0},{"damage":0.0,"enemies":"Lagavulin","floor":6.0,"turns":1.0},{"damage":0.0,"enemies":"Cultist","floor":7.0,"turns":3.0},{"damage":7.0,"enemies":"Gremlin Gang","floor":11.0,"turns":3.0},{"damage":9.0,"enemies":"Red Slaver","floor":12.0,"turns":2.0},{"damage":19.0,"enemies":"Hexaghost","floor":16.0,"turns":8.0},{"damage":4.0,"enemies":"Chosen","floor":18.0,"turns":4.0},{"damage":0.0,"enemies":"Spheric Guardian","floor":21.0,"turns":4.0},{"damage":18.0,"enemies":"Snake Plant","floor":22.0,"turns":5.0},{"damage":38.0,"enemies":"Slavers","floor":23.0,"turns":5.0},{"damage":0.0,"enemies":"Snecko","floor":25.0,"turns":5.0},{"damage":0.0,"enemies":"3 Cultists","floor":27.0,"turns":4.0},{"damage":16.0,"enemies":"Centurion and Healer","floor":28.0,"turns":6.0},{"damage":0.0,"enemies":"Snecko","floor":29.0,"turns":5.0},{"damage":26.0,"enemies":"Champ","floor":33.0,"turns":10.0},{"damage":0.0,"enemies":"Orb Walker","floor":35.0,"turns":3.0},{"damage":0.0,"enemies":"3 Darklings","floor":36.0,"turns":5.0},{"damage":11.0,"enemies":"4 Shapes","floor":39.0,"turns":6.0},{"damage":6.0,"enemies":"Writhing Mass","floor":42.0,"turns":5.0},{"damage":0,"enemies":"Sphere and 2 Shapes","floor":44,"turns":4},{"damage":33,"enemies":"Maw","floor":48,"turns":8},{"damage":10,"enemies":"Time Eater","floor":50,"turns":11}],"seed_played":"567666666666228495","potions_obtained":[{"floor":5.0,"key":"Dexterity Potion"},{"floor":7.0,"key":"FocusPotion"},{"floor":18.0,"key":"SteroidPotion"},{"floor":22.0,"key":"Ancient Potion"},{"floor":25.0,"key":"Explosive Potion"},{"floor":28.0,"key":"EssenceOfDarkness"},{"floor":35.0,"key":"BlessingOfTheForge"},{"floor":39.0,"key":"Ancient Potion"},{"floor":42.0,"key":"Explosive Potion"},{"floor":48,"key":"Weak Potion"}],"is_trial":false,"path_per_floor":["M","?","?","$","M","E","M","R","T","R","M","M","$","?","R","B",null,"M","$","T","M","M","E","R","M","T","M","M","M","R","$","R","B",null,"M","M","?","?","M","R","?","M","T","M","?","?","R","M","R","B",null],"character_chosen":"DEFECT","items_purchased":["ClockworkSouvenir","Anchor"],"campfire_rested":5,"item_purchase_floors":[13,31],"current_hp_per_floor":[64,64,64,64,64,64,64,64,64,64,57,48,48,48,48,29,61,57,57,57,57,39,1,22,22,22,22,6,6,27,27,48,22,59,59,59,59,59,48,48,48,42,42,42,30,30,66,33,69,59],"gold":10,"neow_bonus":"THREE_ENEMY_KILL","is_daily":false,"chose_seed":false,"campfire_upgraded":4,"win_rate":0.0,"timestamp":1608471552,"path_taken":["M","?","?","?","M","E","M","R","T","R","M","M","$","?","R","BOSS","M","$","?","M","?","E","R","M","T","?","M","M","R","?","R","BOSS","M","M","?","?","?","R","?","M","T","M","?","?","R","M","R","BOSS"],"items_purchased_type":["Relic","Relic"],"build_version":"2020-12-13","purchased_purges":2,"victory":true,"max_hp_per_floor":[71,71,71,71,71,71,71,71,71,71,71,71,71,71,71,71,71,71,71,71,71,71,71,71,71,71,71,71,71,71,71,71,71,71,71,71,71,71,71,71,71,71,71,71,71,71,71,71,71,71],"card_choices":[{"not_picked":["Hologram","Rebound"],"picked":"Ball Lightning","floor":1.0},{"not_picked":["Force Field","Hologram"],"picked":"Blizzard","floor":5.0},{"not_picked":["Rip and Tear","Go for the Eyes"],"picked":"Conserve Battery","floor":6.0},{"not_picked":["Turbo","Conserve Battery"],"picked":"Skim","floor":7.0},{"not_picked":["Reinforced Body","Conserve Battery"],"picked":"Rebound","floor":11.0},{"not_picked":["Capacitor","Steam"],"picked":"Cold Snap","floor":12.0},{"not_picked":["Multi-Cast","Thunder Strike"],"picked":"Biased Cognition","floor":16.0},{"not_picked":["Cold Snap","Storm"],"picked":"Consume+1","floor":18.0},{"not_picked":["Redo","White Noise"],"picked":"Capacitor+1","floor":21.0},{"not_picked":["Static Discharge","Ball Lightning+1","Turbo+1"],"picked":"SKIP","floor":22.0},{"not_picked":["Static Discharge","Turbo+1"],"picked":"Ball Lightning+1","floor":22.0},{"not_picked":["Gash","Cold Snap","Beam Cell"],"picked":"SKIP","floor":23.0},{"not_picked":["Hello World","Beam Cell"],"picked":"Compile Driver","floor":25.0},{"not_picked":["Steam","White Noise"],"picked":"Buffer","floor":27.0},{"not_picked":["Rebound","Go for the Eyes","Redo"],"picked":"SKIP","floor":28.0},{"not_picked":["Sweeping Beam","Steam+1","Go for the Eyes"],"picked":"SKIP","floor":29.0},{"not_picked":["Steam Power","Compile Driver"],"picked":"Loop+1","floor":35.0},{"not_picked":["Rip and Tear+1","Leap","Reinforced Body"],"picked":"SKIP","floor":36.0},{"not_picked":["Cold Snap","Chill"],"picked":"Core Surge","floor":39.0},{"not_picked":["Hologram","Heatsinks","Conserve Battery"],"picked":"SKIP","floor":42.0},{"not_picked":["Hologram","Tempest+1","Sweeping Beam+1"],"picked":"SKIP","floor":44},{"not_picked":["Compile Driver","Hologram","Melter"],"picked":"SKIP","floor":48}],"player_experience":301880,"relics_obtained":[{"floor":6.0,"key":"MawBank"},{"floor":9.0,"key":"Whetstone"},{"floor":17.0,"key":"HornCleat"},{"floor":17.0,"key":"TungstenRod"},{"floor":17.0,"key":"Boot"},{"floor":20.0,"key":"Omamori"},{"floor":23.0,"key":"Oddly Smooth Stone"},{"floor":26.0,"key":"Potion Belt"},{"floor":43.0,"key":"Regal Pillow"}],"event_choices":[{"cards_removed":["Strike_B"],"damage_healed":0.0,"max_hp_gain":0.0,"max_hp_loss":0.0,"gold_gain":0.0,"event_name":"The Cleric","player_choice":"Card Removal","floor":2.0,"gold_loss":75.0,"damage_taken":0.0},{"damage_healed":0.0,"max_hp_gain":0.0,"max_hp_loss":0.0,"gold_gain":0.0,"cards_transformed":["Strike_B"],"event_name":"Living Wall","player_choice":"Change","floor":3.0,"gold_loss":0.0,"damage_taken":0.0,"cards_obtained":["Cold Snap"]},{"cards_removed":["Strike_B"],"damage_healed":0.0,"max_hp_gain":0.0,"max_hp_loss":0.0,"gold_gain":0.0,"event_name":"Bonfire Elementals","player_choice":"Offered Basic","floor":14.0,"gold_loss":0.0,"damage_taken":0.0},{"damage_healed":0.0,"max_hp_gain":0.0,"max_hp_loss":0.0,"gold_gain":0.0,"event_name":"Mysterious Sphere","player_choice":"Ignored","floor":37.0,"gold_loss":0.0,"damage_taken":0.0},{"damage_healed":0.0,"max_hp_gain":0.0,"max_hp_loss":0.0,"gold_gain":0.0,"event_name":"Wheel of Change","player_choice":"Cursed","floor":38.0,"gold_loss":0.0,"damage_taken":0.0,"cards_obtained":["Decay"]},{"cards_removed":["Rebound"],"damage_healed":0.0,"max_hp_gain":0.0,"max_hp_loss":0.0,"gold_gain":0.0,"event_name":"Falling","player_choice":"Removed Attack","floor":41.0,"gold_loss":0.0,"damage_taken":0.0},{"damage_healed":0,"gold_gain":0,"player_choice":"Embrace Madness","damage_taken":13,"max_hp_gain":0,"max_hp_loss":0,"event_name":"Winding Halls","floor":45,"gold_loss":0,"cards_obtained":["Madness","Madness"]},{"damage_healed":0,"gold_gain":0,"player_choice":"Paid","damage_taken":0,"relics_obtained":["Red Mask"],"max_hp_gain":0,"max_hp_loss":0,"event_name":"Tomb of Lord Red Mask","floor":46,"gold_loss":195}],"is_beta":false,"boss_relics":[{"not_picked":["SacredBark","Ectoplasm"],"picked":"Calling Bell"},{"not_picked":["Snecko Eye","Runic Pyramid"],"picked":"Cursed Key"}],"items_purged_floors":[19,31],"is_endless":false,"potions_floor_spawned":[5,7,11,18,22,25,28,35,39,42,48],"ascension_level":16}}