{"host":"867cnhxguf2bzj4x","time":1608466346,"event":{"mods":["BaseMod","GifTheSpireLib","Minty Spire (QoL Compilation)","StSLib","The Bug Knight","The Cursed","The Hierophant","The Servant 0.9.4"],"gold_per_floor":[110,110,13,24,24,52,52,127,154,154,169,184,184,199,199,199,199],"floor_reached":16,"playtime":500,"items_purged":[],"score":125,"play_id":"539573fd-cd2b-4d16-a89f-e43b32ce5a70","local_time":"20201220131226","is_ascension_mode":false,"campfire_choices":[{"data":"Discovery","floor":7,"key":"SMITH"},{"data":"HollowMod:WraithStrike","floor":10,"key":"SMITH"},{"floor":13,"key":"REST"},{"data":"HollowMod:WraithStrike","floor":15,"key":"SMITH"}],"circlet_count":0,"master_deck":["HollowMod:NailStrikeStart","HollowMod:NailStrikeStart","HollowMod:NailStrikeStart","HollowMod:NailStrikeStart","HollowMod:QuickDashStart","HollowMod:QuickDashStart","HollowMod:QuickDashStart","HollowMod:FocusHealStart","HollowMod:PogoStrike","Discovery+1","HollowMod:AbyssShriek","HollowMod:WraithStrike+1","HollowMod:NewLittleFool","HollowMod:WraithStrike+1"],"relics":["HollowMod:VesselMask","NeowsBlessing","Anchor","Bronze Scales","Toy Ornithopter"],"acts_visited":["Exordium"],"potions_floor_usage":[16,16],"damage_taken":[{"damage":0,"enemies":"Jaw Worm","floor":1,"turns":1},{"damage":0,"enemies":"Small Slimes","floor":4,"turns":1},{"damage":0,"enemies":"Lagavulin","floor":6,"turns":1},{"damage":0,"enemies":"Cultist","floor":11,"turns":2},{"damage":7,"enemies":"2 Fungi Beasts","floor":12,"turns":3},{"damage":0,"enemies":"3 Louse","floor":14,"turns":1},{"damage":79,"enemies":"The Guardian","floor":16,"turns":9}],"seed_played":"-5473703284036630257","potions_obtained":[{"floor":4,"key":"BlessingOfTheForge"},{"floor":6,"key":"LiquidMemories"},{"floor":11,"key":"PowerPotion"}],"is_trial":false,"path_per_floor":["M","?","$","M","?","E","R","?","T","R","M","M","R","M","R","B"],"character_chosen":"THE_BUGKNIGHT","items_purchased":["Discovery"],"campfire_rested":1,"item_purchase_floors":[3],"current_hp_per_floor":[75,68,68,68,65,65,65,54,54,54,54,47,69,69,69,0,0],"gold":199,"neow_bonus":"THREE_ENEMY_KILL","is_daily":false,"chose_seed":false,"campfire_upgraded":3,"win_rate":0.0,"timestamp":1608466346,"path_taken":["M","?","$","M","?","E","R","?","T","R","M","M","R","M","R","BOSS"],"items_purchased_type":["Card"],"build_version":"2020-12-13","purchased_purges":0,"victory":false,"max_hp_per_floor":[75,75,75,75,75,75,75,75,75,75,75,75,75,75,75,75,75],"card_choices":[{"not_picked":["HollowMod:ShadowDash","HollowMod:DoubleDash","HollowMod:LifebloodCocoon"],"picked":"SKIP","floor":1},{"not_picked":["HollowMod:QuirrelsAssistance","HollowMod:ShadowDash"],"picked":"HollowMod:AbyssShriek","floor":4},{"not_picked":["HollowMod:BaldurShell","HollowMod:InfectedAttack"],"picked":"HollowMod:WraithStrike","floor":6},{"not_picked":["HollowMod:HowlingWraiths","HollowMod:TaintedHusks"],"picked":"HollowMod:NewLittleFool","floor":11},{"not_picked":["HollowMod:PerfectDash","HollowMod:ChannelNail","HollowMod:TaintedHusks"],"picked":"SKIP","floor":12},{"not_picked":["HollowMod:ChannelNail","HollowMod:BrokenVessel"],"picked":"HollowMod:WraithStrike","floor":14}],"player_experience":78523,"relics_obtained":[{"floor":6,"key":"Bronze Scales"},{"floor":9,"key":"Toy Ornithopter"}],"event_choices":[{"cards_removed":["HollowMod:QuickDashStart"],"damage_healed":0,"gold_gain":0,"player_choice":"Card Removal","damage_taken":7,"max_hp_gain":0,"max_hp_loss":0,"event_name":"Golden Wing","floor":2,"gold_loss":0},{"damage_healed":0,"gold_gain":0,"player_choice":"Success","damage_taken":3,"relics_obtained":["Anchor"],"max_hp_gain":0,"max_hp_loss":0,"event_name":"Scrap Ooze","floor":5,"gold_loss":0},{"damage_healed":0,"gold_gain":75,"player_choice":"Gather Gold","damage_taken":11,"max_hp_gain":0,"max_hp_loss":0,"event_name":"World of Goop","floor":8,"gold_loss":0}],"is_beta":false,"boss_relics":[],"items_purged_floors":[],"is_endless":false,"potions_floor_spawned":[4,6,11],"killed_by":"The Guardian","ascension_level":0}}