{"host":"newqdrzxfhh2im9e","time":1608485877,"event":{"mods":["AchievementEnabler","BaseMod","BetterRewards","Block Reminder","Colored Map","Jorbs\u0027s Wanderer Trilogy","Minty Spire (QoL Compilation)","Rare Cards Sparkle","Shop Mod","StSLib"],"gold_per_floor":[119,119,129,140,140,140,240,251,251,41,72,72,72,104,104,207,207,223,3,0,0,0,0,20,35,114,114,8,25,25,56,56,56,56],"floor_reached":33,"playtime":1095,"items_purged":[],"score":285,"play_id":"5ca6f048-6a6f-474c-b73a-d8bcc957ce8f","local_time":"20201220093757","is_ascension_mode":true,"campfire_choices":[{"data":"Reprogram","floor":6,"key":"SMITH"},{"data":"Self Repair","floor":13,"key":"SMITH"},{"floor":15,"key":"REST"},{"data":"RitualDagger","floor":23,"key":"SMITH"},{"floor":27,"key":"REST"},{"floor":30,"key":"REST"},{"floor":32,"key":"REST"}],"circlet_count":0,"master_deck":["Strike_B","Strike_B","Strike_B","Defend_B","Defend_B","Defend_B","Zap","Dualcast","Reprogram+1","Auto Shields","Self Repair+1","Doom and Gloom","Multi-Cast","CurseOfTheBell","Auto Shields+1","Defragment","RitualDagger+1","Lockon+1","Self Repair","Hello World","BootSequence","Machine Learning"],"relics":["Cracked Core","NeowsBlessing","Bottled Lightning","Art of War","Smiling Mask","Bag of Preparation","Calling Bell","Centennial Puzzle","Letter Opener","TungstenRod","Vajra","Question Card","Matryoshka"],"acts_visited":["Exordium","TheCity"],"potions_floor_usage":[8,14,16,18,31,33],"damage_taken":[{"damage":0,"enemies":"2 Louse","floor":1,"turns":1},{"damage":0,"enemies":"Cultist","floor":3,"turns":1},{"damage":0,"enemies":"Small Slimes","floor":4,"turns":1},{"damage":20,"enemies":"Gremlin Gang","floor":8,"turns":6},{"damage":34,"enemies":"Gremlin Nob","floor":11,"turns":6},{"damage":40,"enemies":"Lagavulin","floor":14,"turns":9},{"damage":16,"enemies":"Slime Boss","floor":16,"turns":6},{"damage":5,"enemies":"3 Byrds","floor":18,"turns":3},{"damage":30,"enemies":"Shell Parasite","floor":24,"turns":7},{"damage":45,"enemies":"3 Cultists","floor":25,"turns":7},{"damage":21,"enemies":"Centurion and Healer","floor":29,"turns":6},{"damage":48,"enemies":"Gremlin Leader","floor":31,"turns":9},{"damage":63,"enemies":"Automaton","floor":33,"turns":10}],"seed_played":"2711327240051772379","potions_obtained":[{"floor":1,"key":"SkillPotion"},{"floor":4,"key":"Ancient Potion"},{"floor":14,"key":"LiquidMemories"},{"floor":16,"key":"Explosive Potion"},{"floor":29,"key":"Fruit Juice"},{"floor":31,"key":"GamblersBrew"}],"is_trial":false,"path_per_floor":["M","?","M","M","?","R","?","M","T","$","E","?","R","E","R","B",null,"M","$","?","?","?","R","M","M","T","R","$","M","R","E","R","B"],"character_chosen":"DEFECT","items_purchased":["Self Repair","Art of War","Vajra","Defragment","Hello World","BootSequence"],"campfire_rested":4,"item_purchase_floors":[10,10,19,19,28,28],"current_hp_per_floor":[75,75,75,75,75,75,75,55,55,55,28,53,53,23,45,39,75,75,75,75,70,70,70,50,15,15,37,37,33,55,29,53,0,0],"gold":56,"neow_bonus":"THREE_ENEMY_KILL","is_daily":false,"chose_seed":false,"campfire_upgraded":3,"win_rate":0.0,"timestamp":1608485877,"path_taken":["M","?","M","?","?","R","?","?","T","$","E","?","R","E","R","BOSS","M","$","?","?","?","R","?","M","T","R","$","M","R","E","R","BOSS"],"items_purchased_type":["Card","Relic","Relic","Card","Card","Card"],"build_version":"2020-12-13","purchased_purges":0,"victory":false,"max_hp_per_floor":[75,75,75,75,75,75,75,75,75,75,75,75,75,75,75,75,75,75,75,75,75,75,75,75,75,75,75,75,75,75,80,80,80,80],"card_choices":[{"not_picked":["Gash","Compile Driver"],"picked":"Reprogram","floor":1},{"not_picked":["Go for the Eyes","Sweeping Beam"],"picked":"Auto Shields","floor":3},{"not_picked":["Gash","Redo","Go for the Eyes"],"picked":"SKIP","floor":4},{"not_picked":["Gash","Streamline","Stack"],"picked":"SKIP","floor":8},{"not_picked":["Redo","Rebound","Barrage"],"picked":"SKIP","floor":11},{"not_picked":["Cold Snap","Amplify"],"picked":"Doom and Gloom","floor":14},{"not_picked":["Fission","Seek"],"picked":"Multi-Cast","floor":16},{"not_picked":["Steam Power+1","Sweeping Beam"],"picked":"Auto Shields+1","floor":18},{"not_picked":["Coolheaded","FTL"],"picked":"Lockon+1","floor":24},{"not_picked":["Beam Cell+1","Coolheaded+1"],"picked":"Self Repair","floor":25},{"not_picked":["Scrape","Barrage","Gash","Hologram"],"picked":"SKIP","floor":29},{"not_picked":["Hologram","Turbo","FTL"],"picked":"Machine Learning","floor":31}],"player_experience":619947,"relics_obtained":[{"floor":9,"key":"Bottled Lightning"},{"floor":11,"key":"Smiling Mask"},{"floor":14,"key":"Bag of Preparation"},{"floor":17,"key":"Centennial Puzzle"},{"floor":17,"key":"Letter Opener"},{"floor":17,"key":"TungstenRod"},{"floor":26,"key":"Question Card"},{"floor":31,"key":"Matryoshka"}],"event_choices":[{"cards_removed":["Strike_B"],"damage_healed":0,"gold_gain":0,"player_choice":"Offered Basic","damage_taken":0,"max_hp_gain":0,"max_hp_loss":0,"event_name":"Bonfire Elementals","floor":2,"gold_loss":0},{"damage_healed":0,"gold_gain":0,"player_choice":"Leave","damage_taken":0,"max_hp_gain":0,"max_hp_loss":0,"event_name":"The Cleric","floor":5,"gold_loss":0},{"damage_healed":0,"gold_gain":100,"player_choice":"Pray","damage_taken":0,"max_hp_gain":0,"max_hp_loss":0,"event_name":"Golden Shrine","floor":7,"gold_loss":0},{"damage_healed":25,"gold_gain":0,"player_choice":"Banana","damage_taken":0,"max_hp_gain":0,"max_hp_loss":0,"event_name":"Big Fish","floor":12,"gold_loss":0},{"damage_healed":0,"gold_gain":0,"player_choice":"Paid Fearfully","damage_taken":0,"max_hp_gain":0,"max_hp_loss":0,"event_name":"Masked Bandits","floor":20,"gold_loss":3},{"damage_healed":0,"gold_gain":0,"player_choice":"Joined the Cult","damage_taken":6,"max_hp_gain":0,"max_hp_loss":0,"event_name":"Nest","floor":21,"gold_loss":0,"cards_obtained":["RitualDagger"]},{"cards_removed":["Defend_B"],"damage_healed":0,"gold_gain":0,"player_choice":"Purged","damage_taken":0,"max_hp_gain":0,"max_hp_loss":0,"event_name":"Purifier","floor":22,"gold_loss":0}],"is_beta":false,"boss_relics":[{"not_picked":["Cursed Key","Busted Crown"],"picked":"Calling Bell"}],"items_purged_floors":[],"is_endless":false,"potions_floor_spawned":[1,4,14,16,29,31],"killed_by":"Automaton","ascension_level":1}}