{"host":"cz3p2o9n3b1gdmkz","time":1608445614,"event":{"mods":["AchievementEnabler","BaseMod","CapriCore","GungeonMod","Hermit","Lobotomy","Minty Spire (QoL Compilation)","Replay The Spire","Shop Mod","StSLib","SuperFastMode","The Cursed","The Dragon Tamer","The Gatherer","The Jungle","The Poker Player","The Runesmith"],"gold_per_floor":[119,119,138,157,157,157,167,186,264,292,140,140,172,244,244,394,394,412,412,427,427,9,9,9,29,29,29,29],"floor_reached":27,"playtime":760,"items_purged":[],"score":487,"play_id":"425f1b8a-2fc4-4411-8606-be2694958425","local_time":"20201220152654","is_ascension_mode":true,"campfire_choices":[{"data":"hermit:NoHoldsBarred","floor":6.0,"key":"SMITH"},{"data":"hermit:Snapshot","floor":12.0,"key":"SMITH"},{"data":"hermit:Strike_Hermit","floor":15.0,"key":"SMITH"},{"floor":23.0,"key":"REST"}],"circlet_count":0,"master_deck":["AscendersBane","hermit:Strike_Hermit","hermit:Strike_Hermit","hermit:Strike_Hermit","hermit:Strike_Hermit+1","hermit:Defend_Hermit","hermit:Defend_Hermit","hermit:Defend_Hermit+1","hermit:Defend_Hermit","hermit:Snapshot+1","hermit:Covet","hermit:NoHoldsBarred+1","Pain","hermit:Adapt+1","Decay","Normality","Clumsy","hermit:Scavenge","Hallucinations","Deflect"],"relics":["hermit:Momento","Dead Branch","FaceOfCleric","Frozen Egg 2","DemoMod:GundromedaStrain","Medical Kit","Juzu Bracelet","Replay:Mystery Machine","Replay:Ancient Bell","Gremlin Food","StrikeDummy","Shovel","Enchiridion","Pantograph","PrismaticShard","Ring of Fury","DemoMod:GlassGuonStoneRelic","The Courier"],"acts_visited":["Exordium","TheCity"],"potions_floor_usage":[25],"damage_taken":[{"damage":0.0,"enemies":"Cultist","floor":1.0,"turns":4.0},{"damage":1.0,"enemies":"Jaw Worm","floor":3.0,"turns":2.0},{"damage":0.0,"enemies":"2 Louse","floor":4.0,"turns":2.0},{"damage":0.0,"enemies":"Large Slime","floor":7.0,"turns":4.0},{"damage":0.0,"enemies":"3 Louse","floor":8.0,"turns":1.0},{"damage":2.0,"enemies":"Lagavulin","floor":10.0,"turns":7.0},{"damage":31.0,"enemies":"Gremlin Nob","floor":13.0,"turns":4.0},{"damage":12.0,"enemies":"Slime Boss","floor":16.0,"turns":6.0},{"damage":16.0,"enemies":"2 Thieves","floor":18.0,"turns":4.0},{"damage":13.0,"enemies":"3 Byrds","floor":20.0,"turns":3.0},{"damage":18,"enemies":"Snake Plant","floor":25,"turns":2},{"damage":29,"enemies":"Gremlin Leader","floor":27,"turns":2}],"seed_played":"7100544342426601305","potions_obtained":[{"floor":1.0,"key":"Adrenaline Potion"},{"floor":8.0,"key":"LiquidBronze"},{"floor":10.0,"key":"SkillPotion"},{"floor":20.0,"key":"Weak Potion"}],"is_trial":false,"path_per_floor":["M","$","M","M","?","R","M","M","T","E","$","R","E","?","R","B",null,"M","?","M","?","$","R","?","M","T","E"],"character_chosen":"HERMIT","items_purchased":["Medical Kit","Pantograph","PrismaticShard"],"campfire_rested":1,"item_purchase_floors":[11,22,22],"current_hp_per_floor":[64,64,63,63,63,63,64,65,65,64,64,64,34,34,34,23,58,43,22,10,24,24,45,45,28,28,0,0],"gold":29,"neow_bonus":"ONE_RARE_RELIC","is_daily":false,"chose_seed":false,"campfire_upgraded":3,"win_rate":0.0,"timestamp":1608445614,"path_taken":["M","?","?","M","?","R","M","M","T","E","$","R","E","?","R","BOSS","M","?","M","?","$","R","?","M","T","E"],"items_purchased_type":["Relic","Relic","Relic"],"build_version":"2020-12-13","purchased_purges":0,"victory":false,"max_hp_per_floor":[64,64,64,64,64,64,65,66,66,67,67,67,68,68,68,69,69,70,70,71,71,71,71,71,72,72,72,72],"card_choices":[{"not_picked":["hermit:WideOpen","hermit:Brawl","hermit:NoHoldsBarred"],"picked":"SKIP","floor":1.0},{"not_picked":["hermit:WideOpen","hermit:Brawl"],"picked":"hermit:NoHoldsBarred","floor":1.0},{"not_picked":["hermit:ShadowCloak","hermit:Dive","hermit:ItchyTrigger"],"picked":"SKIP","floor":3.0},{"not_picked":["hermit:Manifest","hermit:WideOpen","hermit:Maintenance"],"picked":"SKIP","floor":4.0},{"not_picked":["hermit:BodyArmor","hermit:Gestalt","hermit:Coalescence"],"picked":"SKIP","floor":7.0},{"not_picked":["hermit:Headshot","hermit:LuckOfTheDraw","hermit:Grudge"],"picked":"SKIP","floor":8.0},{"not_picked":["hermit:Gestalt","hermit:Quickdraw","hermit:FatalDesire+1"],"picked":"SKIP","floor":10.0},{"not_picked":["hermit:CalledShot","hermit:Roulette","hermit:Vantage"],"picked":"SKIP","floor":13.0},{"not_picked":["hermit:FinalCanter","hermit:BlackWind"],"picked":"hermit:Adapt+1","floor":16.0},{"not_picked":["TheCursedMod:Dregs","Voices"],"picked":"Decay","floor":17.0},{"not_picked":["Looming Evil","ReplayTheSpireMod:Splinters"],"picked":"Normality","floor":17.0},{"not_picked":["Overencumbered","Regret"],"picked":"Clumsy","floor":17.0},{"not_picked":["hermit:LoneWolf","hermit:Midnight","hermit:GhostlyPresence"],"picked":"SKIP","floor":18.0},{"not_picked":["hermit:Manifest","hermit:Coalescence"],"picked":"hermit:Scavenge","floor":20.0},{"not_picked":["Gatherer:TreeGrowth","Gatherer:BambuSword"],"picked":"Deflect","floor":25}],"player_experience":988385,"relics_obtained":[{"floor":9.0,"key":"Frozen Egg 2"},{"floor":10.0,"key":"DemoMod:GundromedaStrain"},{"floor":13.0,"key":"Juzu Bracelet"},{"floor":14.0,"key":"Replay:Mystery Machine"},{"floor":19.0,"key":"Enchiridion"},{"floor":24,"key":"Ring of Fury"},{"floor":26,"key":"The Courier"}],"event_choices":[{"damage_healed":0.0,"max_hp_gain":0.0,"max_hp_loss":0.0,"gold_gain":0.0,"event_name":"FaceTrader","player_choice":"Trade","floor":5.0,"gold_loss":0.0,"damage_taken":0.0,"relics_obtained":["FaceOfCleric"]},{"damage_healed":0.0,"max_hp_gain":0.0,"max_hp_loss":0.0,"gold_gain":0.0,"event_name":"Cursed Tome","player_choice":"Obtained Book","floor":19.0,"gold_loss":0.0,"damage_taken":21.0},{"damage_healed":14.0,"max_hp_gain":0.0,"max_hp_loss":0.0,"gold_gain":0.0,"event_name":"The Library","player_choice":"Heal","floor":21.0,"gold_loss":0.0,"damage_taken":0.0}],"is_beta":false,"boss_relics":[{"not_picked":["Honey Jar","Tiny House"],"picked":"Replay:Ancient Bell"},{"not_picked":["Dream Catcher","CeramicFish"],"picked":"Gremlin Food"},{"not_picked":["DemoMod:MemoryAlloy","Replay:Bottled Snecko"],"picked":"StrikeDummy"},{"not_picked":["DemoMod:Antibody","Replay:Arrowhead"],"picked":"Shovel"}],"items_purged_floors":[],"is_endless":false,"potions_floor_spawned":[1,8,10,20],"killed_by":"Gremlin Leader","ascension_level":15}}