{"host":"BK","time":1608485731,"event":{"mods":["BaseMod","Highlight Path","Minty Spire (QoL Compilation)","StSLib"],"gold_per_floor":[112,112,30,44,119,145,145,173,196,35,35,35,35,54,54,128,128,142,142,160,160,160,160],"floor_reached":22,"playtime":847,"items_purged":["Strike_B"],"score":380,"play_id":"c6af8c66-eabc-4beb-bab5-16e8e3d6bf41","local_time":"20201220103531","is_ascension_mode":true,"campfire_choices":[{"floor":7,"key":"REST"},{"floor":11,"key":"REST"},{"data":"Ball Lightning","floor":15,"key":"SMITH"}],"circlet_count":0,"master_deck":["AscendersBane","Strike_B","Strike_B+1","Strike_B+1","Defend_B","Defend_B","Defend_B","Defend_B","Zap","Dualcast","Chill","Streamline","Coolheaded+1","Self Repair","Ball Lightning+1","CurseOfTheBell","Genetic Algorithm","RitualDagger"],"relics":["Cracked Core","DataDisk","Vajra","Whetstone","Lantern","Calling Bell","Art of War","Sundial","Du-Vu Doll"],"acts_visited":["Exordium","TheCity"],"potions_floor_usage":[6,16,16,22,22],"damage_taken":[{"damage":7,"enemies":"Jaw Worm","floor":1,"turns":3},{"damage":3,"enemies":"Cultist","floor":4,"turns":4},{"damage":38,"enemies":"Gremlin Nob","floor":6,"turns":5},{"damage":19,"enemies":"Lagavulin","floor":8,"turns":6},{"damage":10,"enemies":"2 Louse","floor":14,"turns":2},{"damage":30,"enemies":"Slime Boss","floor":16,"turns":9},{"damage":9,"enemies":"3 Byrds","floor":18,"turns":5},{"damage":19,"enemies":"Spheric Guardian","floor":20,"turns":4},{"damage":24,"enemies":"Snake Plant","floor":22,"turns":4}],"seed_played":"5648534172206795690","potions_obtained":[{"floor":6,"key":"EntropicBrew"}],"is_trial":false,"path_per_floor":["M","?","$","M","?","E","R","E","T","$","R","$","?","M","R","B",null,"M","?","M","?","M"],"character_chosen":"DEFECT","items_purchased":["Streamline","AttackPotion","Ball Lightning","Fire Potion"],"campfire_rested":2,"item_purchase_floors":[3,3,10,10],"current_hp_per_floor":[57,62,62,59,59,21,43,31,31,31,53,53,53,50,50,27,64,62,56,44,22,0,0],"gold":160,"neow_bonus":"RANDOM_COMMON_RELIC","is_daily":false,"chose_seed":false,"campfire_upgraded":1,"win_rate":0.0,"timestamp":1608485731,"path_taken":["M","?","$","M","?","E","R","E","T","$","R","$","?","M","R","BOSS","M","?","M","?","M"],"items_purchased_type":["Card","Potion","Card","Potion"],"build_version":"2020-12-18","purchased_purges":1,"victory":false,"max_hp_per_floor":[71,76,76,76,76,76,76,76,76,76,76,76,76,76,76,76,76,76,76,76,81,81,81],"card_choices":[{"not_picked":["Beam Cell","Aggregate"],"picked":"Chill","floor":1},{"not_picked":["Static Discharge","Hologram"],"picked":"Coolheaded","floor":4},{"not_picked":["BootSequence","Melter"],"picked":"Self Repair","floor":6},{"not_picked":["Stack","Double Energy","Steam"],"picked":"SKIP","floor":8},{"not_picked":["Hyperbeam","Barrage","Cold Snap"],"picked":"SKIP","floor":14},{"not_picked":["Darkness","Steam"],"picked":"Genetic Algorithm","floor":18},{"not_picked":["Consume","Conserve Battery","Fusion"],"picked":"SKIP","floor":20}],"player_experience":2390744,"relics_obtained":[{"floor":6,"key":"Vajra"},{"floor":8,"key":"Whetstone"},{"floor":9,"key":"Lantern"},{"floor":17,"key":"Art of War"},{"floor":17,"key":"Sundial"},{"floor":17,"key":"Du-Vu Doll"}],"event_choices":[{"damage_healed":0,"gold_gain":0,"player_choice":"Donut","damage_taken":0,"max_hp_gain":5,"max_hp_loss":0,"event_name":"Big Fish","floor":2,"gold_loss":0},{"damage_healed":0,"gold_gain":75,"player_choice":"Gained Gold","damage_taken":0,"max_hp_gain":0,"max_hp_loss":0,"event_name":"Golden Wing","floor":5,"gold_loss":0},{"damage_healed":0,"gold_gain":0,"player_choice":"Upgraded","damage_taken":0,"max_hp_gain":0,"max_hp_loss":0,"event_name":"Upgrade Shrine","floor":13,"gold_loss":0,"cards_upgraded":["Coolheaded"]},{"damage_healed":0,"gold_gain":0,"player_choice":"Joined the Cult","damage_taken":6,"max_hp_gain":0,"max_hp_loss":0,"event_name":"Nest","floor":19,"gold_loss":0,"cards_obtained":["RitualDagger"]},{"damage_healed":0,"gold_gain":0,"player_choice":"Shed Blood","damage_taken":27,"max_hp_gain":5,"max_hp_loss":0,"event_name":"Forgotten Altar","floor":21,"gold_loss":0}],"is_beta":true,"boss_relics":[{"not_picked":["Snecko Eye","Coffee Dripper"],"picked":"Calling Bell"}],"items_purged_floors":[10],"is_endless":false,"potions_floor_spawned":[6,20],"killed_by":"Snake Plant","ascension_level":20}}