{"host":"0fmi5fguj5lvt8pf","time":1608431220,"event":{"mods":["BaseMod","Colored Map","Curses Come First","Downfall","Minty Spire (QoL Compilation)","Permanent Neow","StSLib","Waifu the Spire"],"gold_per_floor":[199,184,202,218,218,318,318,350,350,350,350,350,370,390,409,505,505,505,521,521,548,548,548,548,548,560,560,560],"floor_reached":27,"playtime":1147,"items_purged":[],"score":254,"play_id":"da07ca90-0f9b-45ca-8d73-5e1bb519abb4","local_time":"20201219182700","is_ascension_mode":false,"campfire_choices":[{"data":"Slimebound:CorrosiveSpit","floor":1.0,"key":"SMITH"},{"floor":10.0,"key":"REST"},{"data":"Slimebound:Split","floor":18,"key":"SMITH"},{"data":"Slimebound:MassFeed","floor":20,"key":"SMITH"},{"floor":23,"key":"RECALL"}],"circlet_count":0,"master_deck":["Slimebound:Strike_Slimebound","Slimebound:Strike_Slimebound","Slimebound:Strike_Slimebound","Slimebound:Tackle","Slimebound:Defend_Slimebound","Slimebound:Defend_Slimebound","Slimebound:Defend_Slimebound","Slimebound:Defend_Slimebound","Slimebound:Split+1","Slimebound:CorrosiveSpit+1","Slimebound:ViciousTackle","Slimebound:SpikyOuterGoop","Slimebound:Gluttony+1","Slimebound:SlimeSpikes","Slimebound:SplitLeeching","Slimebound:Nibble","Slimebound:MassFeed+1","Slimebound:PressTheAttack","Slimebound:LeadByExample","Necronomicurse","Slimebound:GrowthPunch+1"],"relics":["Slimebound:AbsorbEndCombatUpgraded","Matryoshka","Bag of Marbles","Blue Candle","Mummified Hand","Dream Catcher","Lantern","Necronomicon"],"acts_visited":["Exordium","TheCity"],"potions_floor_usage":[16,16,21,27],"damage_taken":[{"damage":10.0,"enemies":"downfall:FleeingMerchant","floor":2.0,"turns":4.0},{"damage":8.0,"enemies":"2 Louse","floor":3.0,"turns":2.0},{"damage":13.0,"enemies":"Jaw Worm","floor":4.0,"turns":3.0},{"damage":45.0,"enemies":"3 Sentries","floor":8.0,"turns":6.0},{"damage":0,"enemies":"Cultist","floor":11,"turns":1},{"damage":11,"enemies":"3 Louse","floor":13,"turns":3},{"damage":10,"enemies":"Red Slaver","floor":14,"turns":3},{"damage":18,"enemies":"2 Fungi Beasts","floor":15,"turns":3},{"damage":34,"enemies":"downfall:Ironclad","floor":16,"turns":9},{"damage":25,"enemies":"Chosen","floor":19,"turns":5},{"damage":37,"enemies":"Slavers","floor":21,"turns":4},{"damage":30,"enemies":"Shell Parasite","floor":26,"turns":3},{"damage":16,"enemies":"Book of Stabbing","floor":27,"turns":3}],"seed_played":"-4090196921146645783","potions_obtained":[{"floor":14,"key":"Regen Potion"},{"floor":15,"key":"DuplicationPotion"},{"floor":16,"key":"Swift Potion"},{"floor":26,"key":"Dexterity Potion"}],"is_trial":false,"path_per_floor":["R","$","M","M","?","?","T","E","T","R","M","?","M","M","M","B",null,"R","M","R","E","?","R","T","?","M","E"],"character_chosen":"SLIMEBOUND","items_purchased":[],"campfire_rested":1,"item_purchase_floors":[],"current_hp_per_floor":[60,59,53,50,50,50,50,11,11,29,29,29,24,26,18,25,60,60,63,63,62,49,49,49,33,15,0,0],"gold":560,"neow_bonus":"HUNDRED_GOLD","is_daily":false,"chose_seed":false,"campfire_upgraded":3,"win_rate":0.0,"timestamp":1608431220,"path_taken":["R","$","M","M","?","?","T","E","?","R","?","?","?","M","M","BOSS","R","M","R","E","?","R","T","?","?","E"],"items_purchased_type":[],"build_version":"2020-12-13","purchased_purges":0,"victory":false,"max_hp_per_floor":[60,60,60,60,60,60,60,60,60,60,60,60,60,60,60,60,60,60,63,63,71,76,76,76,76,80,80,80],"card_choices":[{"not_picked":["Slimebound:PressTheAttack","Slimebound:GoopSpray"],"picked":"Slimebound:ViciousTackle","floor":2.0},{"not_picked":["Slimebound:BestDefense","Slimebound:FinishingTackle"],"picked":"Slimebound:SpikyOuterGoop","floor":3.0},{"not_picked":["Slimebound:GoopSpray","Slimebound:SplitBruiser","Slimebound:ProtectTheBoss"],"picked":"SKIP","floor":4.0},{"not_picked":["Slimebound:LeechEnergy","Slimebound:FinishingTackle"],"picked":"Slimebound:Gluttony","floor":8.0},{"not_picked":["Slimebound:FormOfPuddle","Slimebound:DisruptingSlam"],"picked":"Slimebound:SlimeSpikes","floor":11},{"not_picked":["Slimebound:Replication","Slimebound:ComboTackle"],"picked":"Slimebound:SplitLeeching","floor":13},{"not_picked":["Slimebound:GoopSpray","Slimebound:ViciousTackle","Slimebound:Grow"],"picked":"SKIP","floor":14},{"not_picked":["Slimebound:SlimeTap","Slimebound:SplitLeeching"],"picked":"Slimebound:Nibble","floor":15},{"not_picked":["Slimebound:MassRepurpose","Slimebound:MinionMaster"],"picked":"Slimebound:MassFeed","floor":16},{"not_picked":["Slimebound:SlimeTap","Slimebound:Schlurp"],"picked":"Slimebound:PressTheAttack","floor":19},{"not_picked":["Slimebound:GoopSpray","Slimebound:SplitAcid"],"picked":"Slimebound:LeadByExample","floor":21},{"not_picked":["Slimebound:PressTheAttack","Slimebound:SplitBruiser"],"picked":"Slimebound:GrowthPunch+1","floor":26}],"player_experience":1204564,"relics_obtained":[{"floor":7.0,"key":"Matryoshka"},{"floor":8.0,"key":"Bag of Marbles"},{"floor":9.0,"key":"Blue Candle"},{"floor":9.0,"key":"Mummified Hand"},{"floor":21,"key":"Dream Catcher"},{"floor":24,"key":"Lantern"},{"floor":25,"key":"Necronomicon"}],"event_choices":[{"damage_healed":0,"gold_gain":0,"player_choice":"Forge","damage_taken":0,"max_hp_gain":0,"max_hp_loss":0,"event_name":"Accursed Blacksmith","floor":12,"gold_loss":0,"cards_upgraded":["Slimebound:Gluttony"]}],"is_beta":false,"boss_relics":[{"not_picked":["Astrolabe","Sozu"],"picked":"Slimebound:AbsorbEndCombatUpgraded"}],"items_purged_floors":[],"is_endless":false,"potions_floor_spawned":[14,15,16,26],"killed_by":"Book of Stabbing","ascension_level":0}}