{"host":"jzehok24c0182h89","time":1608459616,"event":{"mods":["Bard","BaseMod","Colored Map","Colored Powertips","Downfall","Hermit","Marisa????????","Minty Spire (QoL Compilation)","Random Character Button","Shade Mod","StSLib","The Alterego","The Blackbeard","The Bug Knight","The Construct","The Cursed","The Disciple","The Hierophant","The Necromancer","The Servant 0.9.4"],"gold_per_floor":[114,188,64,74,50,78,78,89,144,144,163,179,199,219,219,317,317,327,327,327,345,364,364,399,399,480,509,409,420,432,432,432,535,535,547,565,565,94,108,140,140,190,244,91,124,124,206,224,224,224,224],"floor_reached":50,"playtime":4680,"items_purged":["Strike_Br","Strike_Br","Strike_Br"],"score":667,"play_id":"7ee89baf-bcb5-4490-8a49-6dd37e51173a","local_time":"20201220052016","is_ascension_mode":false,"campfire_choices":[{"data":"ExoVibe","floor":7,"key":"SMITH"},{"data":"Analog","floor":10,"key":"SMITH"},{"data":"SecondHand","floor":15,"key":"SMITH"},{"data":"Flay","floor":23,"key":"SMITH"},{"data":"ExoVibe","floor":25,"key":"SMITH"},{"data":"WindUp","floor":32,"key":"SMITH"},{"data":"Engulf","floor":41,"key":"SMITH"},{"data":"Vivace","floor":46,"key":"SMITH"},{"floor":49,"key":"RECALL"}],"circlet_count":0,"master_deck":["Strike_Br+1","Defend_Br","Defend_Br","Defend_Br","Defend_Br","SecondHand+1","PatternShift","BiteCommand","ExoVibe+33","Analog+1","Allegretto+1","Engulf+1","HandsUpB","PrimeTime","ExoVibe+11","Flay+1","Vivace+1","WindUp+1","ResonantCall","Backlash","LockedScales+1","EscortCommand","LockedMedicine","Analog+1","CurseOfTheBell"],"relics":["Chronometer","NeowsBlessing","MysticCrockPot","Regal Pillow","Whetstone","Snecko Eye","alterego_mod:SomeoneToFightFor","construct:FoamFinger","HornCleat","Sundial","Coffee Dripper","Calling Bell","Juzu Bracelet","Molten Egg 2","WingedGreaves","Eternal Feather","Toy Ornithopter","Ginger","OrangePellets","Bottled Flame","Singing Bowl"],"acts_visited":["Exordium","TheCity","TheBeyond"],"potions_floor_usage":[22,29,30,33,36,40,48,50,50,50],"damage_taken":[{"damage":0,"enemies":"Cultist","floor":1,"turns":1},{"damage":0,"enemies":"Jaw Worm","floor":4,"turns":1},{"damage":0,"enemies":"HollowMod:MossKnight","floor":6,"turns":2},{"damage":0,"enemies":"Small Slimes","floor":8,"turns":4},{"damage":0,"enemies":"Exordium Wildlife","floor":11,"turns":6},{"damage":0,"enemies":"2 Fungi Beasts","floor":12,"turns":3},{"damage":0,"enemies":"Blue Slaver","floor":13,"turns":4},{"damage":2,"enemies":"Large Slime","floor":14,"turns":3},{"damage":22,"enemies":"Slime Boss","floor":16,"turns":16},{"damage":2,"enemies":"Shell Parasite","floor":18,"turns":7},{"damage":10,"enemies":"2 Thieves","floor":21,"turns":4},{"damage":1,"enemies":"Centurion and Healer","floor":22,"turns":5},{"damage":17,"enemies":"Slavers","floor":24,"turns":6},{"damage":0,"enemies":"Gremlin Leader","floor":27,"turns":5},{"damage":0,"enemies":"Snake Plant","floor":29,"turns":4},{"damage":6,"enemies":"Shelled Parasite and Fungi","floor":30,"turns":6},{"damage":19,"enemies":"Champ","floor":33,"turns":13},{"damage":0,"enemies":"3 Shapes","floor":35,"turns":4},{"damage":1,"enemies":"Orb Walker","floor":36,"turns":3},{"damage":0,"enemies":"Jaw Worm Horde","floor":39,"turns":7},{"damage":0,"enemies":"Reptomancer","floor":40,"turns":6},{"damage":17,"enemies":"2 Orb Walkers","floor":42,"turns":5},{"damage":0,"enemies":"Giant Head","floor":45,"turns":6},{"damage":5,"enemies":"Maw","floor":48,"turns":7},{"damage":101,"enemies":"Time Eater","floor":50,"turns":10}],"seed_played":"-4293072736424908085","potions_obtained":[{"floor":4,"key":"LiquidMemories"},{"floor":6,"key":"SteroidPotion"},{"floor":11,"key":"sneckomod:MuddlingPotion"},{"floor":14,"key":"PowerPotion"},{"floor":18,"key":"Fruit Juice"},{"floor":27,"key":"GamblersBrew"},{"floor":29,"key":"SkillPotion"},{"floor":35,"key":"FearPotion"},{"floor":39,"key":"sneckomod:MuddlingPotion"},{"floor":40,"key":"EssenceOfSteel"}],"is_trial":false,"path_per_floor":["M","T","$","M","$","E","R","M","T","R","M","M","M","M","R","B",null,"M","?","?","M","M","R","E","R","T","E","$","M","M","?","R","B",null,"M","M","?","$","M","E","R","?","T","$","E","R","T","M","R","B"],"character_chosen":"CHRONO_CLASS","items_purchased":["ExoVibe","Tempo","Eternal Feather","EntropicBrew","OrangePellets"],"campfire_rested":0,"item_purchase_floors":[3,5,38,38,44],"current_hp_per_floor":[65,65,65,65,65,65,65,65,65,65,65,65,65,63,63,41,65,63,63,63,53,52,52,35,35,35,35,35,40,48,35,35,23,75,75,74,74,74,75,75,75,58,58,58,58,73,73,77,77,0,0],"gold":224,"neow_bonus":"THREE_ENEMY_KILL","is_daily":false,"chose_seed":false,"campfire_upgraded":8,"win_rate":0.0,"timestamp":1608459616,"path_taken":["M","?","$","M","$","E","R","M","T","R","M","M","?","M","R","BOSS","M","?","?","M","M","R","E","R","T","E","?","M","M","?","R","BOSS","M","M","?","$","M","E","R","?","T","$","E","R","?","M","R","BOSS"],"items_purchased_type":["Card","Card","Relic","Potion","Relic"],"build_version":"2020-12-13","purchased_purges":3,"victory":false,"max_hp_per_floor":[65,65,65,65,65,65,65,65,65,65,65,65,65,65,65,65,65,65,65,65,65,65,65,65,65,65,65,65,70,70,75,75,75,75,75,75,75,75,75,75,75,75,75,75,75,75,75,77,77,77,77],"card_choices":[{"not_picked":["Facsimile","CrunchTime"],"picked":"BiteCommand","floor":1},{"not_picked":["Tempo","AlternateTimeline"],"picked":"Analog","floor":4},{"not_picked":["Goo","LockedWarPaint"],"picked":"Engulf","floor":6},{"not_picked":["LockedFlame","BiteCommand"],"picked":"HandsUpB","floor":8},{"not_picked":["Stagnate","CrunchTime"],"picked":"PrimeTime","floor":11},{"not_picked":["Engulf","BiteCommand","CrunchTime"],"picked":"SKIP","floor":12},{"not_picked":["VestedLegacy","Analog"],"picked":"ExoVibe","floor":13},{"not_picked":["PrimeTime","FormalWear"],"picked":"Tempo","floor":14},{"not_picked":["RageCommand","Fragmentalize"],"picked":"Flay","floor":16},{"not_picked":["LockedMedicine","CrunchTime"],"picked":"WindUp","floor":18},{"not_picked":["DaylightSavings","WatchCommand"],"picked":"ResonantCall","floor":21},{"not_picked":["BlueShift","WatchCommand"],"picked":"Backlash","floor":22},{"not_picked":["Stagnate","HandsUpC"],"picked":"LockedScales+1","floor":24},{"not_picked":["DaylightSavings","LockedBlood","Backlash"],"picked":"SKIP","floor":27},{"not_picked":["BiteCommand","LockedFlame","Parity"],"picked":"SKIP","floor":29},{"not_picked":["LockedUrn","LockedScales"],"picked":"EscortCommand","floor":30},{"not_picked":["RageCommand","LockedAstrolabe"],"picked":"LockedBell","floor":33},{"not_picked":["LockedBlood","EscortCommand+1"],"picked":"LockedMedicine","floor":35},{"not_picked":["ExoVibe","PrimeTime+1"],"picked":"Analog+1","floor":36},{"not_picked":["MasterKey","AlternateTimeline","Engulf+1"],"picked":"SKIP","floor":39},{"not_picked":["ReapSow+1","Break+1","PrimeTime+1"],"picked":"SKIP","floor":40},{"not_picked":["Accruing+1","OverTime+1","Backlash+1"],"picked":"SKIP","floor":45},{"not_picked":["LockedWarPaint","PrimeTime+1","BiteCommand+1"],"picked":"Singing Bowl","floor":48}],"player_experience":822489,"relics_obtained":[{"floor":2,"key":"MysticCrockPot"},{"floor":6,"key":"Regal Pillow"},{"floor":9,"key":"Whetstone"},{"floor":24,"key":"construct:FoamFinger"},{"floor":26,"key":"HornCleat"},{"floor":27,"key":"Sundial"},{"floor":37,"key":"Juzu Bracelet"},{"floor":37,"key":"Molten Egg 2"},{"floor":37,"key":"WingedGreaves"},{"floor":40,"key":"Toy Ornithopter"},{"floor":42,"key":"Ginger"},{"floor":45,"key":"Bottled Flame"},{"floor":47,"key":"Singing Bowl"}],"event_choices":[{"damage_healed":0,"gold_gain":0,"player_choice":"Choice 2","damage_taken":0,"relics_obtained":["alterego_mod:SomeoneToFightFor"],"max_hp_gain":0,"max_hp_loss":0,"event_name":"Secret Garden","floor":20,"gold_loss":0},{"damage_healed":0,"gold_gain":0,"player_choice":"Shed Blood","damage_taken":18,"max_hp_gain":5,"max_hp_loss":0,"event_name":"Forgotten Altar","floor":31,"gold_loss":0},{"damage_healed":0,"gold_gain":0,"player_choice":"Fight","damage_taken":0,"max_hp_gain":0,"max_hp_loss":0,"event_name":"Mysterious Sphere","floor":42,"gold_loss":0}],"is_beta":false,"boss_relics":[{"not_picked":["Empty Cage","Chronograph"],"picked":"Snecko Eye"},{"not_picked":["Metronome","Sozu"],"picked":"Coffee Dripper"}],"items_purged_floors":[3,28,38],"is_endless":false,"potions_floor_spawned":[4,6,11,12,14,18,27,29,35,39,40],"killed_by":"Time Eater","ascension_level":0}}