{"host":"5qewjvycy34u7aeo","time":1608453062,"event":{"mods":["Act Like it!","Aspiration","BaseMod","Conspire","Downfall","GifTheSpireLib","Hubris","Infinite Spire","Minty Spire (QoL Compilation)","Permanent Neow","Replay The Spire","Shop Mod","StSLib","Stuff the Spire"],"gold_per_floor":[99,118,128,128,148,179,257,288,303,228,228,228,239,39,55,154,154,154,169,181,106,106,120,120,151,167,192,192,210,105,105,124,225,225,150,162,182,207,207,242,242,262,262,279,279,329,444,444,464,464,464,492,380,380,380],"floor_reached":56,"playtime":6402,"items_purged":["Guardian:Strike_Guardian","Hallucinations","Guardian:Defend_Guardian","Guardian:CurlUp","Guardian:BronzeOrb","Guardian:ShieldCharger"],"score":1514,"play_id":"429625b0-a852-4d56-af0f-5e8b26fb6431","local_time":"20201220003102","is_ascension_mode":true,"campfire_choices":[{"floor":1,"key":"DIG"},{"floor":10,"key":"REST"},{"floor":18,"key":"RECALL"},{"data":"Guardian:StasisField","floor":21,"key":"SMITH"},{"data":"Guardian:Strike_Guardian","floor":35,"key":"PURGE"},{"data":"Guardian:PrismaticBarrier","floor":43,"key":"SMITH"},{"data":"StuffTheSpire:Vigor","floor":54,"key":"SMITH"}],"circlet_count":0,"master_deck":["Guardian:TwinSlam+1","Guardian:Reroute","Guardian:SpikerProtocol","Guardian:StasisField+1","Guardian:RollAttack+1","Guardian:ShieldSpikes","Guardian:PrismaticBarrier+1","Guardian:TemporalStrike","Guardian:PiercingHide","Guardian:PiercingHide","Guardian:BronzeOrb","Guardian:SpikerProtocol+1","Guardian:TemporalStrike+1","Guardian:TemporalStrike+1","StuffTheSpire:Vigor+1","Guardian:SpikerProtocol","Guardian:EvasiveProtocol","Apotheosis","Guardian:EvasiveProtocol","Guardian:TemporalStrike+1"],"relics":["Black Star","White Beast Statue","InkBottle","HornCleat","hubris:TinFlute","hubris:Reverence","downfall:HeartBlessingGreen","downfall:BrokenWingStatue","Membership Card","Replay:Drink Me","downfall:HeartBlessingRed","Blood Vial","aspiration:Lifesprig","hubris:SphereOfDissonance","hubris:TenFootPole","Ring of Fangs","Ring of Panic","MerchantsRug","StuffTheSpire:ForceGauntlet","conspire:SpecialSausage","downfall:HeartBlessingBlue","conspire:DecoderRing","infinitespire:BottledMercury","StuffTheSpire:EmeraldSignet","ReplayTheSpireMod:Lightbulb","aspiration:HummingbirdHeart","Du-Vu Doll","Juzu Bracelet","conspire:RunicOctahedron","Replay:Accelerometer","Bag of Marbles","Whetstone"],"acts_visited":[],"potions_floor_usage":[6,6,8,8,13,16,16,16,29,47,47],"damage_taken":[{"damage":5,"enemies":"Small Slimes","floor":2,"turns":4},{"damage":1,"enemies":"Cultist","floor":3,"turns":4},{"damage":0,"enemies":"2 Louse","floor":5,"turns":2},{"damage":32,"enemies":"Gremlin Nob","floor":6,"turns":5},{"damage":33,"enemies":"Lagavulin","floor":8,"turns":8},{"damage":6,"enemies":"Large Slime","floor":9,"turns":9},{"damage":0,"enemies":"Gremlin Gang","floor":13,"turns":6},{"damage":0,"enemies":"downfall:FleeingMerchant","floor":14,"turns":4},{"damage":4,"enemies":"Lots of Slimes","floor":15,"turns":3},{"damage":17,"enemies":"downfall:Silent","floor":16,"turns":17},{"damage":5,"enemies":"3 Byrds","floor":19,"turns":1},{"damage":2,"enemies":"Snecko","floor":20,"turns":7},{"damage":7,"enemies":"Snake Plant","floor":23,"turns":4},{"damage":0,"enemies":"conspire:Head Lice","floor":25,"turns":7},{"damage":0,"enemies":"conspire:HollyBat","floor":26,"turns":8},{"damage":2,"enemies":"Book of Stabbing","floor":27,"turns":6},{"damage":0,"enemies":"Shelled Parasite and Fungi","floor":29,"turns":7},{"damage":0,"enemies":"downfall:FleeingMerchant","floor":30,"turns":4},{"damage":0,"enemies":"Sentry and Sphere","floor":32,"turns":4},{"damage":20,"enemies":"downfall:Ironclad","floor":33,"turns":12},{"damage":0,"enemies":"3 Darklings","floor":36,"turns":4},{"damage":0,"enemies":"Orb Walker","floor":37,"turns":3},{"damage":0,"enemies":"R_Hoarder","floor":38,"turns":5},{"damage":6,"enemies":"Nemesis","floor":40,"turns":10},{"damage":0,"enemies":"3 Darklings","floor":42,"turns":4},{"damage":0,"enemies":"Transient","floor":44,"turns":5},{"damage":0,"enemies":"Mind Bloom Boss Battle","floor":46,"turns":4},{"damage":0,"enemies":"downfall:FleeingMerchant","floor":47,"turns":4},{"damage":0,"enemies":"Jaw Worm Horde","floor":49,"turns":6},{"damage":0,"enemies":"downfall:Watcher","floor":50,"turns":4},{"damage":18,"enemies":"downfall:CharBossMerchant","floor":52,"turns":15},{"damage":0,"enemies":"downfall:NeowBoss","floor":55,"turns":22}],"seed_played":"1964056492710989052","potions_obtained":[{"floor":2,"key":"ColorlessPotion"},{"floor":3,"key":"sneckomod:MuddlingPotion"},{"floor":5,"key":"Strength Potion"},{"floor":6,"key":"Guardian:DefensiveModePotion"},{"floor":9,"key":"ColorlessPotion"},{"floor":13,"key":"Adrenaline Potion"},{"floor":14,"key":"SteroidPotion"},{"floor":15,"key":"SkillPotion"},{"floor":16,"key":"Dexterity Potion"},{"floor":19,"key":"champ:CounterPotion"},{"floor":20,"key":"LiquidMemories"},{"floor":23,"key":"Block Potion"},{"floor":25,"key":"Strength Potion"},{"floor":27,"key":"Reflective Coating"},{"floor":29,"key":"SpeedPotion"},{"floor":32,"key":"FearPotion"},{"floor":33,"key":"Languid Potion"},{"floor":36,"key":"SkillPotion"},{"floor":38,"key":"Adrenaline Potion"},{"floor":44,"key":"Death Potion"},{"floor":47,"key":"Ancient Potion"},{"floor":49,"key":"PowerPotion"},{"floor":52,"key":"Explosive Potion"}],"is_trial":false,"path_per_floor":["R","M","M","?","M","E","T","E","M","R","?","?","M","$","M","B",null,"R","M","M","R","?","M","T","E","M","E","?","M","$","AVR","M","B",null,"R","M","M","E","?","E","T","M","R","M","?","?","$","AVR","M","B",null,"E","$","R","B",null],"character_chosen":"GUARDIAN","items_purchased":["Membership Card","MerchantsRug","Guardian:BronzeOrb","Guardian:EvasiveProtocol","Apotheosis","Juzu Bracelet","Guardian:Gem_Purple"],"campfire_rested":1,"item_purchase_floors":[14,30,30,47,47,47,53],"current_hp_per_floor":[80,75,74,74,74,42,42,9,3,27,27,27,27,27,23,6,60,60,55,53,53,53,46,46,46,48,48,48,50,52,52,54,36,60,70,70,70,70,70,64,64,66,66,68,68,70,70,70,70,70,70,54,54,54,60],"gold":380,"neow_bonus":"BOSS_RELIC","is_daily":false,"chose_seed":false,"campfire_upgraded":3,"win_rate":0.0,"timestamp":1608453062,"path_taken":["R","M","M","?","?","E","T","E","M","R","?","?","?","$","M","BOSS","R","M","?","R","?","M","T","E","M","E","?","M","?","AVR","M","BOSS","R","M","M","E","?","E","T","M","R","?","?","?","$","AVR","M","BOSS","E","$","R","BOSS"],"items_purchased_type":["Relic","Relic","Card","Card","Card","Relic","Card"],"build_version":"2020-12-13","purchased_purges":6,"victory":true,"max_hp_per_floor":[80,80,80,80,80,80,80,80,80,80,80,80,80,80,80,80,60,60,60,60,60,60,60,60,60,60,60,60,60,60,60,60,60,60,70,70,70,70,70,70,70,70,70,70,70,70,70,70,70,70,70,70,70,70,70],"card_choices":[{"not_picked":["Guardian:ChargeCore","Guardian:Recover","Guardian:Suspension"],"picked":"SKIP","floor":2},{"not_picked":["Guardian:Suspension","Guardian:ShieldCharger","Guardian:WalkerClaw"],"picked":"SKIP","floor":3},{"not_picked":["Guardian:CrystalBeam","Guardian:Clone"],"picked":"Guardian:Gem_Purple","floor":5},{"not_picked":["Guardian:WalkerClaw","Guardian:CrystalBeam","Guardian:BronzeArmor"],"picked":"SKIP","floor":6},{"not_picked":["Guardian:BronzeOrb","Guardian:CrystalBeam"],"picked":"Guardian:Gem_Blue","floor":8},{"not_picked":["Guardian:Gem_Yellow","Guardian:PrismaticBeam"],"picked":"Guardian:Reroute","floor":9},{"not_picked":["Guardian:FloatingOrbs","Guardian:ChargeUp"],"picked":"Guardian:SpikerProtocol","floor":13},{"not_picked":["Guardian:Orbwalk","Guardian:TemporalShield","Guardian:GuardianWhirl"],"picked":"SKIP","floor":14},{"not_picked":["Guardian:CrystalBeam","Guardian:Reroute"],"picked":"Guardian:Gem_Cyan","floor":15},{"not_picked":["Guardian:GatlingBeam","Guardian:AncientConstruct"],"picked":"Guardian:StasisField","floor":16},{"not_picked":["Guardian:Suspension","Guardian:Emergency","Guardian:ChargeCore"],"picked":"SKIP","floor":19},{"not_picked":["Guardian:TemporalShield","Guardian:Clone"],"picked":"Guardian:RollAttack+1","floor":20},{"not_picked":["Guardian:PrimingBeam","Guardian:Gem_Lightblue","Guardian:Gem_Yellow"],"picked":"SKIP","floor":23},{"not_picked":["Guardian:Gem_Green","Guardian:ShieldSpikes"],"picked":"Guardian:PrismaticBarrier","floor":25},{"not_picked":["Guardian:TemporalShield","Guardian:WalkerClaw"],"picked":"Guardian:TemporalStrike","floor":26},{"not_picked":["Guardian:ArmoredProtocol","Guardian:WalkerClaw"],"picked":"Guardian:PiercingHide","floor":27},{"not_picked":["Guardian:RollAttack","Guardian:TemporalStrike","Guardian:Orbwalk"],"picked":"SKIP","floor":29},{"not_picked":["Guardian:Planning","Guardian:VentSteam"],"picked":"Guardian:PiercingHide","floor":30},{"not_picked":["Guardian:TimeBomb","Guardian:ChargeCore"],"picked":"Guardian:Gem_Cyan","floor":32},{"not_picked":["Guardian:RevengeProtocol","Guardian:AncientConstruct"],"picked":"Guardian:Gem_Orange","floor":33},{"not_picked":["Guardian:Gem_Green","Guardian:CrystalBeam+1"],"picked":"Guardian:SpikerProtocol+1","floor":36},{"not_picked":["Guardian:RollAttack","Guardian:Clone"],"picked":"Guardian:TemporalStrike+1","floor":37},{"not_picked":["Guardian:CrystalBeam+1","Guardian:Orbwalk"],"picked":"Guardian:Gem_Green","floor":38},{"not_picked":["Guardian:Reroute","Guardian:Gem_Green"],"picked":"Guardian:Gem_Lightblue","floor":40},{"not_picked":["Guardian:CrystalBeam+1","Guardian:Reroute+1"],"picked":"Guardian:Gem_Lightblue","floor":42},{"not_picked":["Guardian:Planning","Guardian:PolyBeam"],"picked":"Guardian:TemporalStrike","floor":44},{"not_picked":["StuffTheSpire:Harmony","StuffTheSpire:Innocence"],"picked":"StuffTheSpire:Vigor","floor":45},{"not_picked":["Guardian:StasisStrike","Guardian:Gem_Green"],"picked":"Guardian:SpikerProtocol","floor":47},{"not_picked":["Guardian:WalkerClaw","Guardian:RefractedBeam"],"picked":"Guardian:EvasiveProtocol","floor":49},{"not_picked":["Guardian:WalkerClaw+1","Guardian:Gem_Red"],"picked":"Guardian:TemporalStrike+1","floor":52}],"player_experience":372382,"relics_obtained":[{"floor":1,"key":"White Beast Statue"},{"floor":6,"key":"Pen Nib"},{"floor":6,"key":"InkBottle"},{"floor":7,"key":"HornCleat"},{"floor":8,"key":"hubris:TinFlute"},{"floor":8,"key":"hubris:Reverence"},{"floor":25,"key":"Blood Vial"},{"floor":25,"key":"aspiration:Lifesprig"},{"floor":27,"key":"hubris:SphereOfDissonance"},{"floor":27,"key":"hubris:TenFootPole"},{"floor":28,"key":"Ring of Fangs"},{"floor":28,"key":"Ring of Panic"},{"floor":38,"key":"conspire:DecoderRing"},{"floor":38,"key":"infinitespire:BottledMercury"},{"floor":40,"key":"StuffTheSpire:EmeraldSignet"},{"floor":40,"key":"ReplayTheSpireMod:Lightbulb"},{"floor":41,"key":"aspiration:HummingbirdHeart"},{"floor":46,"key":"Du-Vu Doll"},{"floor":52,"key":"Bag of Marbles"},{"floor":52,"key":"Whetstone"}],"event_choices":[{"cards_removed":["Guardian:Defend_Guardian"],"damage_healed":0,"gold_gain":0,"player_choice":"Purged","damage_taken":0,"max_hp_gain":0,"max_hp_loss":0,"event_name":"Purifier","floor":4,"gold_loss":0},{"damage_healed":0,"gold_gain":0,"cards_transformed":["Guardian:Defend_Guardian"],"player_choice":"Transformed","damage_taken":0,"max_hp_gain":0,"max_hp_loss":0,"event_name":"Transmorgrifier","floor":39,"gold_loss":0,"cards_obtained":["Guardian:ShieldCharger"]}],"is_beta":false,"boss_relics":[{"not_picked":["Astrolabe","Kintsugi"],"picked":"Replay:Drink Me"},{"not_picked":["Replay:Wanted Poster","aspiration:DefectSkillbook"],"picked":"conspire:SpecialSausage"}],"items_purged_floors":[14,30,31,47,48,53],"is_endless":false,"potions_floor_spawned":[2,3,5,6,9,13,14,15,16,19,20,23,25,26,27,29,30,32,33,36,37,38,40,42,44,46,47,49,52],"ascension_level":1}}