{"host":"0fmi5fguj5lvt8pf","time":1608489127,"event":{"mods":["BaseMod","Colored Map","Curses Come First","Downfall","Minty Spire (QoL Compilation)","Permanent Neow","StSLib","Waifu the Spire"],"gold_per_floor":[99,114,114,114,125,141,141,172,189,139,157,74,74,85,95,197,197,147,173,173,193,208,223,291,16,16,16,16,16,34,34,52,151,151,101,151,101,101,124,74,148,159,159,190,207,217,103,141,155,155,155,155,155],"floor_reached":52,"playtime":3849,"items_purged":["Slimebound:Defend_Slimebound","Slimebound:Defend_Slimebound"],"score":682,"play_id":"5506bb70-5d33-4c23-84fe-6e141a255555","local_time":"20201220103207","is_ascension_mode":false,"campfire_choices":[{"data":"Slimebound:Split","floor":1.0,"key":"SMITH"},{"floor":10.0,"key":"REST"},{"floor":18.0,"key":"RECALL"},{"data":"Slimebound:Equalize","floor":25.0,"key":"SMITH"},{"data":"Slimebound:SamplingLick","floor":27.0,"key":"SMITH"},{"data":"Slimebound:Recycling","floor":35.0,"key":"SMITH"},{"data":"Slimebound:Repurpose","floor":37.0,"key":"SMITH"},{"data":"Slimebound:Darklings","floor":40.0,"key":"SMITH"}],"circlet_count":0,"master_deck":["Slimebound:Strike_Slimebound","Slimebound:Strike_Slimebound","Slimebound:Tackle","Slimebound:Defend_Slimebound","Slimebound:Defend_Slimebound","Slimebound:Split+1","Slimebound:CorrosiveSpit","Slimebound:MinionMaster","Slimebound:LevelUp+1","Slimebound:SamplingLick","Slimebound:GrowthPunch","Slimebound:RejuvenatingLick","Slimebound:Equalize+1","Slimebound:Nibble","Slimebound:Teamwork","Slimebound:Gluttony","Slimebound:PressTheAttack","Slimebound:RallyTheTroops","Slimebound:Recycling","RitualDagger+1","Slimebound:SamplingLick+1","Slimebound:Nibble+1","Slimebound:SamplingLick+1","Slimebound:Repurpose+1","Slimebound:Recycling+1","Slimebound:Darklings+1","Slimebound:Recollect","Slimebound:Prepare"],"relics":["Slimebound:AbsorbEndCombatUpgraded","Slimebound:GreedOozeRelic","InkBottle","hexamod:BolsterEngine","Black Star","Bottled Tornado","downfall:HeartBlessingRed","downfall:HeartBlessingGreen","downfall:HeartBlessingBlue","Oddly Smooth Stone","Slimebound:SlimedTailRelic","Smiling Mask","Gremlin Horn","Orichalcum","Prayer Wheel","Letter Opener"],"acts_visited":["Exordium","TheCity","TheBeyond","TheEnding"],"potions_floor_usage":[52],"damage_taken":[{"damage":14.0,"enemies":"2 Louse","floor":2.0,"turns":2.0},{"damage":11.0,"enemies":"Cultist","floor":5.0,"turns":3.0},{"damage":8.0,"enemies":"Small Slimes","floor":6.0,"turns":3.0},{"damage":42.0,"enemies":"Gremlin Nob","floor":8.0,"turns":4.0},{"damage":13.0,"enemies":"3 Louse","floor":9.0,"turns":3.0},{"damage":14.0,"enemies":"2 Fungi Beasts","floor":11.0,"turns":3.0},{"damage":4.0,"enemies":"downfall:FleeingMerchant","floor":12.0,"turns":4.0},{"damage":8.0,"enemies":"Large Slime","floor":14.0,"turns":3.0},{"damage":2.0,"enemies":"Blue Slaver","floor":15.0,"turns":2.0},{"damage":53.0,"enemies":"downfall:Watcher","floor":16.0,"turns":6.0},{"damage":20.0,"enemies":"3 Byrds","floor":21.0,"turns":4.0},{"damage":9.0,"enemies":"Chosen","floor":22.0,"turns":4.0},{"damage":32.0,"enemies":"Snake Plant","floor":23.0,"turns":3.0},{"damage":10.0,"enemies":"3 Cultists","floor":30.0,"turns":4.0},{"damage":8.0,"enemies":"Sentry and Sphere","floor":32.0,"turns":3.0},{"damage":70.0,"enemies":"downfall:Silent","floor":33.0,"turns":9.0},{"damage":8.0,"enemies":"Mind Bloom Boss Battle","floor":36.0,"turns":3.0},{"damage":0.0,"enemies":"Orb Walker","floor":42.0,"turns":2.0},{"damage":31.0,"enemies":"Giant Head","floor":44.0,"turns":6.0},{"damage":18.0,"enemies":"3 Shapes","floor":45.0,"turns":3.0},{"damage":33.0,"enemies":"Writhing Mass","floor":46.0,"turns":4.0},{"damage":8.0,"enemies":"downfall:FleeingMerchant","floor":47.0,"turns":4.0},{"damage":18.0,"enemies":"downfall:FleeingMerchant","floor":48.0,"turns":4.0},{"damage":16.0,"enemies":"Transient","floor":49.0,"turns":5.0},{"damage":29.0,"enemies":"downfall:Defect","floor":50.0,"turns":5.0},{"damage":132,"enemies":"downfall:CharBossMerchant","floor":52,"turns":8}],"seed_played":"-8121925133770131054","potions_obtained":[{"floor":5.0,"key":"Energy Potion"},{"floor":8.0,"key":"SteroidPotion"},{"floor":9.0,"key":"Energy Potion"},{"floor":20.0,"key":"CultistPotion"},{"floor":32.0,"key":"Energy Potion"},{"floor":44.0,"key":"FearPotion"},{"floor":49.0,"key":"AttackPotion"}],"is_trial":false,"path_per_floor":["R","M","?","?","M","M","T","E","M","R","M","$","?","M","M","B",null,"R","T","?","M","M","M","T","R","?","R","?","?","M","T","M","B",null,"R","?","R","?","T","R","T","M","?","E","M","M","$","$","M","B",null,"E"],"character_chosen":"SLIMEBOUND","items_purchased":["Slimebound:Teamwork","Fire Potion","Letter Opener"],"campfire_rested":1,"item_purchase_floors":[12,47,48],"current_hp_per_floor":[42,38,38,38,39,43,43,15,16,34,38,44,44,56,60,29,60,60,60,60,54,60,46,46,56,56,56,56,70,70,70,70,38,70,70,70,70,70,70,70,70,70,70,67,70,67,70,70,70,70,70,0,0],"gold":155,"neow_bonus":"THREE_RARE_CARDS","is_daily":false,"chose_seed":false,"campfire_upgraded":6,"win_rate":0.0,"timestamp":1608489127,"path_taken":["R","M","?","?","?","M","T","E","M","R","M","?","?","M","M","BOSS","R","?","?","M","M","M","T","R","?","R","?","?","M","?","M","BOSS","R","?","R","?","?","R","T","M","?","E","M","M","$","$","M","BOSS","E"],"items_purchased_type":["Card","Potion","Relic"],"build_version":"2020-12-13","purchased_purges":2,"victory":false,"max_hp_per_floor":[60,60,60,60,60,60,60,60,60,60,60,60,60,60,60,60,60,60,60,60,60,60,60,60,70,70,70,70,70,70,70,70,70,70,70,70,70,70,70,70,70,70,70,70,70,70,70,70,70,70,70,70,70],"card_choices":[{"not_picked":["Slimebound:RallyTheTroops","Slimebound:CheckThePlaybook"],"picked":"Slimebound:MinionMaster","floor":0.0},{"not_picked":["Slimebound:ViciousTackle","Slimebound:SplitLeeching"],"picked":"Slimebound:LevelUp","floor":2.0},{"not_picked":["Slimebound:SplitAcid","Slimebound:FirmFortitude"],"picked":"Slimebound:SamplingLick","floor":5.0},{"not_picked":["Slimebound:LeechEnergy","Slimebound:ForwardTackle"],"picked":"Slimebound:GrowthPunch","floor":6.0},{"not_picked":["Slimebound:FormOfPuddle","Slimebound:RollThrough"],"picked":"Slimebound:RejuvenatingLick","floor":8.0},{"not_picked":["Slimebound:SplitBruiser","Slimebound:DisruptingSlam"],"picked":"Slimebound:Equalize","floor":9.0},{"not_picked":["Slimebound:SlimeSpikes","Slimebound:SlimeBrawl"],"picked":"Slimebound:Nibble","floor":11.0},{"not_picked":["Slimebound:DisruptingSlam","Slimebound:SlimeBrawl","Slimebound:Schlurp"],"picked":"SKIP","floor":12.0},{"not_picked":["Slimebound:Grow","Slimebound:RollThrough"],"picked":"Slimebound:PressTheAttack","floor":14.0},{"not_picked":["Slimebound:SplitBruiser","Slimebound:SpikyOuterGoop"],"picked":"Slimebound:RallyTheTroops","floor":15.0},{"not_picked":["Slimebound:RallyTheTroops","Slimebound:Overexert"],"picked":"Slimebound:Recycling","floor":16.0},{"not_picked":["Slimebound:LeechingTouch","Slimebound:BestDefense"],"picked":"Slimebound:SamplingLick","floor":21.0},{"not_picked":["Slimebound:SamplingLick","Slimebound:LeechingTouch"],"picked":"Slimebound:Nibble+1","floor":22.0},{"not_picked":["Slimebound:BestDefense","Slimebound:GoopTackle"],"picked":"Slimebound:SamplingLick+1","floor":23.0},{"not_picked":["Slimebound:SplitBruiser+1","Slimebound:Repurpose","Slimebound:ViciousTackle"],"picked":"SKIP","floor":30.0},{"not_picked":["Slimebound:FinishingTackle","Slimebound:ProtectTheBoss"],"picked":"Slimebound:Repurpose","floor":32.0},{"not_picked":["Slimebound:DuplicatedForm","Slimebound:OneTwoCombo"],"picked":"Slimebound:Recycling","floor":33.0},{"not_picked":["Slimebound:ComboTackle+1","Slimebound:PressTheAttack","Slimebound:Dissolve+1"],"picked":"SKIP","floor":42.0},{"not_picked":["Slimebound:Teamwork","Slimebound:Grow+1"],"picked":"Slimebound:Recollect","floor":44.0},{"not_picked":["Slimebound:LeechEnergy+1","Slimebound:FlameTackle+1","Slimebound:Gluttony"],"picked":"SKIP","floor":45.0},{"not_picked":["Slimebound:SplitLeeching+1","Slimebound:FinishingTackle+1","Slimebound:GoopTackle+1"],"picked":"SKIP","floor":45.0},{"not_picked":["Slimebound:ComboTackle+1","Slimebound:RainOfGoop","Slimebound:SlimeSpikes"],"picked":"SKIP","floor":46.0},{"not_picked":["Slimebound:GrowthPunch","Slimebound:SlimeBarrage+1","Slimebound:RollThrough+1"],"picked":"SKIP","floor":46.0},{"not_picked":["Slimebound:Nibble","Slimebound:Prepare+1","Slimebound:Recycling"],"picked":"SKIP","floor":47.0},{"not_picked":["Slimebound:ItLooksTasty+1","Slimebound:Grow+1","Slimebound:Replication+1"],"picked":"SKIP","floor":48.0},{"not_picked":["Slimebound:SlimeBrawl","Slimebound:LeechingTouch"],"picked":"Slimebound:Prepare","floor":49.0},{"not_picked":["Slimebound:LeechEnergy+1","Slimebound:SplitBruiser","Slimebound:LeechingTouch+1"],"picked":"SKIP","floor":49.0}],"player_experience":1205736,"relics_obtained":[{"floor":7.0,"key":"InkBottle"},{"floor":8.0,"key":"hexamod:BolsterEngine"},{"floor":24.0,"key":"Bottled Tornado"},{"floor":31.0,"key":"Oddly Smooth Stone"},{"floor":36.0,"key":"Slimebound:SlimedTailRelic"},{"floor":39.0,"key":"Smiling Mask"},{"floor":41.0,"key":"Gremlin Horn"},{"floor":44.0,"key":"Orichalcum"},{"floor":44.0,"key":"Prayer Wheel"}],"event_choices":[{"damage_healed":0.0,"max_hp_gain":0.0,"max_hp_loss":0.0,"gold_gain":0.0,"event_name":"Accursed Blacksmith","player_choice":"Forge","floor":4.0,"gold_loss":0.0,"damage_taken":0.0,"cards_upgraded":["Slimebound:LevelUp"]},{"damage_healed":0.0,"max_hp_gain":0.0,"max_hp_loss":0.0,"gold_gain":0.0,"cards_transformed":["Slimebound:Strike_Slimebound"],"event_name":"Transmorgrifier","player_choice":"Transformed","floor":13.0,"gold_loss":0.0,"damage_taken":0.0,"cards_obtained":["Slimebound:Gluttony"]},{"damage_healed":23.0,"max_hp_gain":0.0,"max_hp_loss":0.0,"gold_gain":0.0,"event_name":"The Library","player_choice":"Heal","floor":29.0,"gold_loss":0.0,"damage_taken":0.0}],"is_beta":false,"boss_relics":[{"not_picked":["Ectoplasm","SacredBark"],"picked":"Black Star"},{"not_picked":["Calling Bell","Cursed Key"],"picked":"Slimebound:AbsorbEndCombatUpgraded"}],"items_purged_floors":[47,48],"is_endless":false,"potions_floor_spawned":[5,8,9,14,15,16,22,32,44,46,49],"killed_by":"downfall:CharBossMerchant","ascension_level":0}}