{"host":"uv231blk40vjdojr","time":1608497466,"event":{"mods":["BaseMod","Minty Spire (QoL Compilation)","Relic Stats"],"gold_per_floor":[114,114,94,113,126,152,152,183,208,221,221,231,7,7,7,82,82,99,24,74,87,0,0,26,26,26,26,26,56,56,146,146,219,219,255,255,255,255,298,298,340,394,394,44,100,100,114,129,129,129],"floor_reached":51,"playtime":2839,"items_purged":["Defend_B"],"score":1521,"play_id":"64f93cdb-09ec-4a40-a72f-9e84766869fe","local_time":"20201220215106","is_ascension_mode":true,"campfire_choices":[{"data":"Ball Lightning","floor":7.0,"key":"SMITH"},{"floor":15.0,"key":"REST"},{"floor":23.0,"key":"REST"},{"data":"Meteor Strike","floor":30.0,"key":"SMITH"},{"floor":32.0,"key":"REST"},{"data":"Coolheaded","floor":40.0,"key":"SMITH"},{"floor":46.0,"key":"REST"},{"floor":49,"key":"REST"}],"circlet_count":0,"master_deck":["AscendersBane","Defend_B","Defend_B","Zap","Dualcast","Ball Lightning","Ball Lightning+1","Coolheaded","Go for the Eyes","Meteor Strike+1","Darkness","Apotheosis","Echo Form","Self Repair","Undo","Reinforced Body","Coolheaded+1","Skim+1","All For One","Double Energy+1","HandOfGreed+1","Redo+1","Capacitor","Recycle","Loop","Coolheaded"],"relics":["Cracked Core","NeowsBlessing","Ancient Tea Set","Toy Ornithopter","MealTicket","Snecko Eye","Pocketwatch","Bottled Tornado","Anchor","Astrolabe","Lantern","Bottled Flame","Gremlin Horn","Bottled Lightning"],"acts_visited":["Exordium","TheCity","TheBeyond"],"potions_floor_usage":[50],"damage_taken":[{"damage":0.0,"enemies":"2 Louse","floor":1.0,"turns":1.0},{"damage":0.0,"enemies":"Jaw Worm","floor":4.0,"turns":1.0},{"damage":0.0,"enemies":"Cultist","floor":5.0,"turns":1.0},{"damage":11.0,"enemies":"Gremlin Nob","floor":6.0,"turns":3.0},{"damage":10.0,"enemies":"3 Sentries","floor":8.0,"turns":4.0},{"damage":22.0,"enemies":"Gremlin Gang","floor":10.0,"turns":5.0},{"damage":5.0,"enemies":"2 Fungi Beasts","floor":12.0,"turns":3.0},{"damage":10.0,"enemies":"The Guardian","floor":16.0,"turns":10.0},{"damage":17.0,"enemies":"3 Byrds","floor":18.0,"turns":3.0},{"damage":12.0,"enemies":"Shell Parasite","floor":21.0,"turns":3.0},{"damage":29.0,"enemies":"Slavers","floor":24.0,"turns":4.0},{"damage":26.0,"enemies":"Gremlin Leader","floor":29.0,"turns":5.0},{"damage":0.0,"enemies":"Champ","floor":33.0,"turns":6.0},{"damage":1.0,"enemies":"Orb Walker","floor":35.0,"turns":2.0},{"damage":6.0,"enemies":"3 Darklings","floor":39.0,"turns":3.0},{"damage":2.0,"enemies":"4 Shapes","floor":41.0,"turns":5.0},{"damage":17.0,"enemies":"Giant Head","floor":42.0,"turns":7.0},{"damage":50.0,"enemies":"Reptomancer","floor":45.0,"turns":4.0},{"damage":37.0,"enemies":"Spire Growth","floor":47.0,"turns":5.0},{"damage":0,"enemies":"Transient","floor":48,"turns":6},{"damage":36,"enemies":"Time Eater","floor":50,"turns":7}],"seed_played":"2533153557081899279","potions_obtained":[{"floor":1.0,"key":"EssenceOfSteel"},{"floor":3.0,"key":"Explosive Potion"},{"floor":4.0,"key":"FearPotion"},{"floor":12.0,"key":"EssenceOfDarkness"},{"floor":16.0,"key":"SpeedPotion"},{"floor":29.0,"key":"CultistPotion"},{"floor":35.0,"key":"Block Potion"}],"is_trial":false,"path_per_floor":["M","?","?","M","M","E","R","E","T","M","?","M","$","?","R","B",null,"M","?","?","M","?","R","E","$","T","?","?","E","R","?","R","B",null,"M","?","?","?","M","R","M","E","T","$","E","R","M","M","R","B",null],"character_chosen":"DEFECT","items_purchased":["Apotheosis","Steam","Gremlin Horn"],"campfire_rested":5,"item_purchase_floors":[13,13,44],"current_hp_per_floor":[64,57,57,57,57,46,46,36,36,14,14,9,24,24,45,35,62,50,50,50,38,38,59,50,65,65,65,65,59,59,41,62,71,71,71,71,71,67,67,67,67,60,60,67,31,51,34,54,67,31],"gold":129,"neow_bonus":"THREE_ENEMY_KILL","is_daily":false,"chose_seed":false,"campfire_upgraded":3,"win_rate":0.0,"timestamp":1608497466,"path_taken":["M","?","?","M","?","E","R","E","T","?","?","?","$","?","R","BOSS","M","?","?","M","?","R","E","$","T","?","?","E","R","?","R","BOSS","M","?","?","?","M","R","M","E","T","$","E","R","M","M","R","BOSS"],"items_purchased_type":["Card","Card","Relic"],"build_version":"2020-12-13","purchased_purges":1,"victory":true,"max_hp_per_floor":[71,71,71,71,71,71,71,71,71,71,71,71,71,71,71,71,71,71,71,71,71,71,71,71,71,71,71,71,71,71,71,71,71,71,71,71,71,67,67,67,67,67,67,67,67,67,67,67,67,67],"relic_stats":{"Gremlin Horn":[5,5],"counters":[21,88],"Astrolabe":["Double Energy","HandOfGreed","Redo"],"Snecko Eye":[110,148,133,128],"MealTicket":37,"obtain_stats":[{"Lantern":42,"NeowsBlessing":0,"Gremlin Horn":44,"Astrolabe":34,"Bottled Tornado":26,"Ancient Tea Set":6,"Anchor":29,"Bottled Flame":43,"Snecko Eye":17,"MealTicket":9,"Bottled Lightning":45,"Cracked Core":0,"Toy Ornithopter":8,"Pocketwatch":24},{"Lantern":17,"NeowsBlessing":0,"Gremlin Horn":17,"Astrolabe":13,"Bottled Tornado":11,"Ancient Tea Set":4,"Anchor":12,"Bottled Flame":17,"Snecko Eye":8,"MealTicket":5,"Bottled Lightning":18,"Cracked Core":0,"Toy Ornithopter":5,"Pocketwatch":11},{"Lantern":66,"NeowsBlessing":0,"Gremlin Horn":66,"Astrolabe":49,"Bottled Tornado":38,"Ancient Tea Set":6,"Anchor":43,"Bottled Flame":66,"Snecko Eye":28,"MealTicket":10,"Bottled Lightning":70,"Cracked Core":0,"Toy Ornithopter":10,"Pocketwatch":38}],"Toy Ornithopter":5,"Pocketwatch":[21]},"card_choices":[{"not_picked":["Barrage","Steam"],"picked":"Melter","floor":1.0},{"not_picked":["Blizzard","Rebound"],"picked":"Ball Lightning","floor":4.0},{"not_picked":["White Noise","Machine Learning"],"picked":"Ball Lightning","floor":5.0},{"not_picked":["Compile Driver","Cold Snap"],"picked":"Auto Shields","floor":6.0},{"not_picked":["Leap","Recycle"],"picked":"Coolheaded","floor":8.0},{"not_picked":["Compile Driver","Ball Lightning"],"picked":"Go for the Eyes","floor":10.0},{"not_picked":["Stack","Beam Cell"],"picked":"Darkness","floor":12.0},{"not_picked":["Amplify","Electrodynamics"],"picked":"Echo Form","floor":16.0},{"not_picked":["Stack","Beam Cell","Cold Snap"],"picked":"SKIP","floor":18.0},{"not_picked":["Streamline","Steam Power"],"picked":"Self Repair","floor":21.0},{"not_picked":["Rebound","Chill+1","Scrape"],"picked":"SKIP","floor":24.0},{"not_picked":["Rebound","Chill+1","Scrape"],"picked":"SKIP","floor":24.0},{"not_picked":["Melter","Rip and Tear"],"picked":"Skim+1","floor":29.0},{"not_picked":["Hyperbeam","Amplify"],"picked":"All For One","floor":33.0},{"not_picked":["Beam Cell","Chaos","Leap"],"picked":"SKIP","floor":35.0},{"not_picked":["Conserve Battery","Darkness","Leap"],"picked":"SKIP","floor":39.0},{"not_picked":["Lockon","Compile Driver+1"],"picked":"Capacitor","floor":41.0},{"not_picked":["Steam+1","Conserve Battery"],"picked":"Recycle","floor":42.0},{"not_picked":["Capacitor","Beam Cell+1"],"picked":"Loop","floor":45.0},{"not_picked":["Tempest","Rebound"],"picked":"Coolheaded","floor":47.0},{"not_picked":["Rainbow","Rebound+1","Double Energy"],"picked":"SKIP","floor":48}],"player_experience":510867,"relics_obtained":[{"floor":6.0,"key":"Ancient Tea Set"},{"floor":8.0,"key":"Toy Ornithopter"},{"floor":9.0,"key":"MealTicket"},{"floor":24.0,"key":"Pocketwatch"},{"floor":26.0,"key":"Bottled Tornado"},{"floor":29.0,"key":"Anchor"},{"floor":42.0,"key":"Lantern"},{"floor":43.0,"key":"Bottled Flame"},{"floor":45.0,"key":"Bottled Lightning"}],"event_choices":[{"cards_removed":["Strike_B"],"damage_healed":0.0,"max_hp_gain":0.0,"max_hp_loss":0.0,"gold_gain":0.0,"event_name":"Golden Wing","player_choice":"Card Removal","floor":2.0,"gold_loss":0.0,"damage_taken":7.0},{"damage_healed":0.0,"max_hp_gain":0.0,"max_hp_loss":0.0,"gold_gain":0.0,"event_name":"The Woman in Blue","player_choice":"Bought 1 Potion","floor":3.0,"gold_loss":0.0,"damage_taken":0.0},{"damage_healed":0.0,"max_hp_gain":0.0,"max_hp_loss":0.0,"gold_gain":0.0,"cards_transformed":["Strike_B"],"event_name":"Transmorgrifier","player_choice":"Transformed","floor":11.0,"gold_loss":0.0,"damage_taken":0.0,"cards_obtained":["Meteor Strike"]},{"damage_healed":0.0,"max_hp_gain":0.0,"max_hp_loss":0.0,"gold_gain":0.0,"event_name":"Liars Game","player_choice":"Ignored","floor":14.0,"gold_loss":0.0,"damage_taken":0.0},{"cards_removed":["Strike_B"],"damage_healed":0.0,"max_hp_gain":0.0,"max_hp_loss":0.0,"gold_gain":0.0,"event_name":"Beggar","player_choice":"Gave Gold","floor":19.0,"gold_loss":75.0,"damage_taken":0.0},{"damage_healed":0.0,"max_hp_gain":0.0,"max_hp_loss":0.0,"gold_gain":50.0,"event_name":"Nest","player_choice":"Stole From Cult","floor":20.0,"gold_loss":0.0,"damage_taken":0.0},{"damage_healed":0.0,"max_hp_gain":0.0,"max_hp_loss":0.0,"gold_gain":0.0,"event_name":"Masked Bandits","player_choice":"Paid Fearfully","floor":22.0,"gold_loss":87.0,"damage_taken":0.0},{"damage_healed":0.0,"max_hp_gain":0.0,"max_hp_loss":0.0,"gold_gain":0.0,"event_name":"The Library","player_choice":"Read","floor":27.0,"gold_loss":0.0,"damage_taken":0.0,"cards_obtained":["Undo"]},{"damage_healed":0.0,"max_hp_gain":0.0,"max_hp_loss":0.0,"gold_gain":0.0,"cards_transformed":["Defend_B","Strike_B"],"event_name":"Drug Dealer","player_choice":"Became Test Subject","floor":28.0,"gold_loss":0.0,"damage_taken":0.0,"cards_obtained":["Reinforced Body","Coolheaded"]},{"damage_healed":0.0,"max_hp_gain":0.0,"max_hp_loss":0.0,"gold_gain":90.0,"event_name":"Knowing Skull","player_choice":"CARD GOLD ","floor":31.0,"potions_obtained":[],"gold_loss":0.0,"damage_taken":18.0,"cards_obtained":["Panacea"]},{"cards_removed":["Melter"],"damage_healed":0.0,"max_hp_gain":0.0,"max_hp_loss":0.0,"gold_gain":0.0,"event_name":"Falling","player_choice":"Removed Attack","floor":36.0,"gold_loss":0.0,"damage_taken":0.0},{"damage_healed":0.0,"max_hp_gain":0.0,"max_hp_loss":0.0,"gold_gain":0.0,"event_name":"SensoryStone","player_choice":"Memory 1","floor":37.0,"gold_loss":0.0,"damage_taken":0.0},{"damage_healed":0.0,"max_hp_gain":0.0,"max_hp_loss":4.0,"gold_gain":0.0,"event_name":"Winding Halls","player_choice":"Max HP","floor":38.0,"gold_loss":0.0,"damage_taken":0.0}],"is_beta":false,"boss_relics":[{"not_picked":["Runic Pyramid","SacredBark"],"picked":"Snecko Eye"},{"not_picked":["Coffee Dripper","Sozu"],"picked":"Astrolabe"}],"items_purged_floors":[44],"is_endless":false,"potions_floor_spawned":[1,4,12,16,29,35,41,47,48],"ascension_level":18}}