{"host":"m6aaltr68g9tvoay","time":1608503472,"event":{"mods":["AchievementEnabler","BaseMod","Colored Map","Minty Spire (QoL Compilation)","StSLib"],"gold_per_floor":[111,76,96,106,106,106,117,117,117,117,16,47,67,87,87,87,87],"floor_reached":16,"playtime":414,"items_purged":["Strike_B"],"score":184,"play_id":"7997209d-5214-4fbb-8880-d338d505e5bc","local_time":"20201220143112","is_ascension_mode":true,"campfire_choices":[{"data":"Redo","floor":6,"key":"SMITH"},{"data":"Glacier","floor":10,"key":"SMITH"},{"data":"Melter","floor":15,"key":"SMITH"}],"circlet_count":0,"master_deck":["AscendersBane","Strike_B","Strike_B","Strike_B","Defend_B","Defend_B","Defend_B","Defend_B","Zap","Dualcast","Cold Snap","Redo+1","Gash","Glacier+1","Ball Lightning","Coolheaded","Melter+1","Gash"],"relics":["Cracked Core","DataDisk","Frozen Egg 2","CaptainsWheel"],"acts_visited":["Exordium"],"potions_floor_usage":[12],"damage_taken":[{"damage":7,"enemies":"Jaw Worm","floor":1,"turns":2},{"damage":10,"enemies":"Small Slimes","floor":3,"turns":2},{"damage":0,"enemies":"Cultist","floor":4,"turns":3},{"damage":6,"enemies":"Looter","floor":7,"turns":2},{"damage":19,"enemies":"Lagavulin","floor":12,"turns":5},{"damage":2,"enemies":"Blue Slaver","floor":13,"turns":3},{"damage":0,"enemies":"Red Slaver","floor":14,"turns":3},{"damage":39,"enemies":"Hexaghost","floor":16,"turns":9}],"seed_played":"6143105937750895307","potions_obtained":[{"floor":1,"key":"GamblersBrew"},{"floor":14,"key":"Ancient Potion"}],"is_trial":false,"path_per_floor":["M","?","M","M","?","R","M","?","T","R","$","E","M","M","R","B"],"character_chosen":"DEFECT","items_purchased":["Ball Lightning"],"campfire_rested":0,"item_purchase_floors":[11],"current_hp_per_floor":[57,71,61,61,66,66,60,60,60,60,60,41,39,39,39,0,0],"gold":87,"neow_bonus":"RANDOM_COMMON_RELIC","is_daily":false,"chose_seed":false,"campfire_upgraded":3,"win_rate":0.0,"timestamp":1608503472,"path_taken":["M","?","M","M","?","R","M","?","T","R","$","E","M","M","R","BOSS"],"items_purchased_type":["Card"],"build_version":"2020-12-13","purchased_purges":1,"victory":false,"max_hp_per_floor":[71,71,71,71,76,76,76,76,76,76,76,76,76,76,76,76,76],"card_choices":[{"not_picked":["Storm","Turbo"],"picked":"Cold Snap","floor":1},{"not_picked":["Stack","Rebound"],"picked":"Redo","floor":3},{"not_picked":["Hologram","Steam Power"],"picked":"Gash","floor":4},{"not_picked":["Beam Cell","Cold Snap"],"picked":"Glacier","floor":7},{"not_picked":["All For One","Skim"],"picked":"Coolheaded","floor":12},{"not_picked":["Go for the Eyes","Conserve Battery"],"picked":"Melter","floor":13},{"not_picked":["Steam","Doom and Gloom"],"picked":"Gash","floor":14}],"player_experience":1271769,"relics_obtained":[{"floor":9,"key":"Frozen Egg 2"},{"floor":12,"key":"CaptainsWheel"}],"event_choices":[{"damage_healed":17,"gold_gain":0,"player_choice":"Healed","damage_taken":0,"max_hp_gain":0,"max_hp_loss":0,"event_name":"The Cleric","floor":2,"gold_loss":35},{"damage_healed":0,"gold_gain":0,"player_choice":"Donut","damage_taken":0,"max_hp_gain":5,"max_hp_loss":0,"event_name":"Big Fish","floor":5,"gold_loss":0},{"damage_healed":0,"gold_gain":0,"player_choice":"Ignored","damage_taken":0,"max_hp_gain":0,"max_hp_loss":0,"event_name":"Liars Game","floor":8,"gold_loss":0}],"is_beta":false,"boss_relics":[],"items_purged_floors":[11],"is_endless":false,"potions_floor_spawned":[1,14],"killed_by":"Hexaghost","ascension_level":16}}