{"host":"gs0a38e4jr2axiip","time":1608498178,"event":{"mods":["Abigail Mod","Act Like it!","BaseMod","Bestiary","Better Note","BetterRewards","CCEM","Colored Map","Conspire","Downfall","Exacting","Gensokyo","Hallownest","Highlight Path","Hubris","Infinite Spire","Jedi Mod","Koishi","MarisaÅiñ∂âJÅ@ñÇóùçπÅj","Minty Spire (QoL Compilation)","Permanent Neow","Prisma Mod","Replay The Spire","Shade Mod","Shop Mod","Spire Birthday Party","StSLib","The Dragon Tamer","The Gatherer","The Necromancer","The Servant 0.9.4","Unceasing Turn Reminder","Waifu the Spire","Wandering Minibosses","Yuyuko"],"gold_per_floor":[119,119,119,135,155,183,198,198,294,73,73,105,105,139,139,235,235,235,235,235],"floor_reached":18,"playtime":1452,"items_purged":["Normality"],"score":203,"play_id":"834cbefd-9c1d-4d0c-87ba-186a048debae","local_time":"20201220150258","is_ascension_mode":false,"metric_token":2259,"campfire_choices":[{"floor":11,"key":"RECALL"},{"floor":13,"key":"REST"},{"floor":15,"key":"REST"}],"dtmod_dragon_data":[45,50,1,-1,8,0],"circlet_count":0,"master_deck":["DTMod:Strike+1","DTMod:Strike","DTMod:Strike","DTMod:DoubleHit","DTMod:TargetDefense","DTMod:TargetDefense","DTMod:TargetDefense","DTMod:TargetDefense","DTMod:SwitchingTactic","DTMod:CleansingStrike","DTMod:DragonDance","DTMod:BurningForce","DTMod:ComboAttack","DTMod:Harmonize","Linger over Flower+1","DTMod:SneakAttack","hubris:Disease","DTMod:TriAttack"],"relics":["hubris:RunicObelisk","ReplayTheSpireMod:Ring of Collecting","Ring of Fury","Replay:Wax Seal","hubris:DisguiseKit","Ring of Greed","Tiny Chest","Membership Card","MerchantsRug","conspire:TreasureMap","Gremlin Food","Bronze Scales","Black Star"],"acts_visited":["Exordium","TheCity"],"potions_floor_usage":[6,14,16,18,18,18],"damage_taken":[{"damage":0,"enemies":"Jaw Worm","floor":1,"turns":4},{"damage":0,"enemies":"Small Slimes","floor":4,"turns":3},{"damage":0,"enemies":"Cultist","floor":5,"turns":3},{"damage":2,"enemies":"Lagavulin","floor":6,"turns":5},{"damage":4,"enemies":"conspire:2 RoseBushes","floor":7,"turns":5},{"damage":0,"enemies":"3 Sentries","floor":12,"turns":6},{"damage":4,"enemies":"Lagavulin","floor":14,"turns":5},{"damage":38,"enemies":"Hexaghost","floor":16,"turns":8},{"damage":10,"enemies":"Chosen","floor":18,"turns":4}],"seed_played":"-7445755062817347834","potions_obtained":[{"floor":5,"key":"LifebloodPotion"},{"floor":6,"key":"LifebloodPotion"},{"floor":6,"key":"Ancient Potion"},{"floor":14,"key":"Weak Potion"},{"floor":16,"key":"EntropicBrew"}],"is_trial":false,"path_per_floor":["M","?","?","M","M","E","M","?","T","$","R","E","R","E","R_BF","B",null,"M"],"character_chosen":"THE_DT","items_purchased":["MerchantsRug","DTMod:Harmonize","conspire:TreasureMap"],"campfire_rested":2,"item_purchase_floors":[10,10,10],"current_hp_per_floor":[45,45,45,45,45,43,39,39,39,39,39,39,45,43,45,7,45,35,35,35],"gold":235,"neow_bonus":"BOSS_RELIC","is_daily":false,"chose_seed":false,"campfire_upgraded":0,"win_rate":0.0,"timestamp":1608498178,"path_taken":["M","?","?","M","?","E","M","?","T","$","R","E","R","E","R_BF","BOSS","M"],"items_purchased_type":["Relic","Card","Relic"],"build_version":"2020-12-13","purchased_purges":1,"victory":false,"max_hp_per_floor":[45,45,45,45,45,45,45,45,45,45,45,45,45,45,45,45,45,45,45,45],"card_choices":[{"not_picked":["DTMod:FlameSlash","DTMod:Haste"],"picked":"DTMod:CleansingStrike","floor":1},{"not_picked":["DTMod:BuildUp","DTMod:QuickFly"],"picked":"DTMod:DragonDance","floor":4},{"not_picked":["DTMod:ForkedFire","DTMod:Cover","DTMod:BizarreTactic"],"picked":"SKIP","floor":5},{"not_picked":["DTMod:Hide","DTMod:Observe"],"picked":"DTMod:BurningForce","floor":6},{"not_picked":["DTMod:Hide","DTMod:BreakAttack"],"picked":"DTMod:ComboAttack","floor":7},{"not_picked":["DTMod:RunningTactic","DTMod:HeatWave","DTMod:Safeguard"],"picked":"Linger over Flower","floor":12},{"not_picked":["DTMod:MasterPlan","DTMod:Weaken","Unstable Ward"],"picked":"DTMod:SneakAttack","floor":14},{"not_picked":["DTMod:Inferno","DTMod:Outburst","Living to Die"],"picked":"DTMod:TriAttack","floor":16}],"player_experience":769243,"relics_obtained":[{"floor":2,"key":"ReplayTheSpireMod:Ring of Collecting"},{"floor":2,"key":"Ring of Fury"},{"floor":6,"key":"Replay:Wax Seal"},{"floor":9,"key":"Ring of Greed"},{"floor":9,"key":"Tiny Chest"},{"floor":9,"key":"Membership Card"},{"floor":12,"key":"Gremlin Food"},{"floor":14,"key":"Bronze Scales"}],"event_choices":[{"cards_removed":["DTMod:Strike"],"damage_healed":0,"gold_gain":0,"player_choice":"Offered Basic","damage_taken":0,"max_hp_gain":0,"max_hp_loss":0,"event_name":"Bonfire Elementals","floor":3,"gold_loss":0}],"is_beta":false,"boss_relics":[{"not_picked":["Coffee Dripper","hubris:CrackedHourglass"],"picked":"Black Star"}],"items_purged_floors":[10],"is_endless":false,"potions_floor_spawned":[5,6,14,16],"killed_by":"Chosen","ascension_level":0}}