{"host":"h78e02h09yhg9y5r","time":1608429860,"event":{"mods":["ATMod(阿瑾Mod)","AchievementEnabler","Act Like it!","Aspiration","BaseMod","BetterRewards","Dota2Spire","Downfall","Hermit","KinomotoSakuraMod(木之本樱)","Minty Spire (QoL Compilation)","MostiFishMod","RumiaBox-露米娅的神秘盒子","Shop Mod","Spicy Shops","StSLib","The Runesmith","TheWitcher","【功能Mod】混沌之环修复补丁"],"gold_per_floor":[127,16,16,49,49,95,129,129,129,163,116,134,192,241,241,396,396,431,481,509,369,430,498,498,516,516,535,599,599,632,70,70,236,236,190,224,224,104,159,209,209,209,209,300,300,376,376,9,9,154],"floor_reached":51,"playtime":2410,"items_purged":["SnafuTest:DefaultCommonSkill","Injury","SnafuTest:PowerVainGlory+1","SnafuTest:DefaultCommonSkill"],"score":1225,"play_id":"95a22466-3a45-4f96-825b-19017a0d02e7","local_time":"20201220100420","is_ascension_mode":false,"campfire_choices":[{"floor":8,"key":"REST"},{"data":"SnafuTest:LeadingCharge","floor":15,"key":"SMITH"},{"data":"SnafuTest:ConciliatoryPresence","floor":24,"key":"SMITH"},{"data":"SnafuTest:PowerLadyOfLake","floor":29,"key":"SMITH"},{"floor":32,"key":"REST"},{"data":"1","floor":42,"key":"LIFT"},{"data":"2","floor":45,"key":"LIFT"},{"data":"3","floor":47,"key":"LIFT"},{"data":"SnafuTest:WhiteWolfRise","floor":49,"key":"SMITH"}],"circlet_count":0,"master_deck":["SnafuTest:DefaultCommonAttack+1","SnafuTest:BountyHunt","SnafuTest:SignAxii","AT_DarkMatter","SnafuTest:MercilessReaper","SnafuTest:FlashingRaid","SnafuTest:ConciliatoryPresence+1","SnafuTest:LeadingCharge+1","SnafuTest:AssassinOfKings","SnafuTest:PowerVainGlory+1","SnafuTest:SpellButterflyIllusion+1","SnafuTest:PowerLadyOfLake+1","SnafuTest:SignIgni+1","MostiFishMod:PerfectForm+1","SnafuTest:BlackSunReturn","SnafuTest:SignQuen+1","SnafuTest:WhiteWolfRise+1"],"relics":["SnafuTest:PlaceholderRelic","DaveBox","AT_ATBox","Sling","Question Card","Golden Idol","SnafuTest:QuenRelic","Dota2Spire:DivineRapier","ArrowTower","AT_ChloranthyRing","Dota2Spire:BladeMail","Dota2Spire:HandOfMidas","Ornamental Fan","ImportantClient","Astrolabe","aspiration:AnachronicSnailShell","SSSystem","AT_Manta","Girya","SnafuTest:CatRelic","GuanYuAspect","KSMOD_SwordJade","Dota2Spire:ShivaGuard","Dota2Spire:MagicBottle","Sundial","AT_MibuBalloonWealth","SecretRecord","Strange Spoon"],"acts_visited":["Exordium","TheCity","TheBeyond"],"potions_floor_usage":[12,25],"damage_taken":[{"damage":10,"enemies":"2 Louse","floor":1,"turns":4},{"damage":6,"enemies":"Jaw Worm","floor":4,"turns":3},{"damage":20,"enemies":"3 Sentries","floor":6,"turns":7},{"damage":0,"enemies":"Cultist","floor":7,"turns":2},{"damage":17,"enemies":"Lagavulin","floor":10,"turns":3},{"damage":0,"enemies":"Blue Slaver","floor":11,"turns":2},{"damage":0,"enemies":"Gremlin Nob","floor":12,"turns":4},{"damage":0,"enemies":"Red Slaver","floor":13,"turns":1},{"damage":5,"enemies":"3 Sentries","floor":14,"turns":3},{"damage":0,"enemies":"Slime Boss","floor":16,"turns":5},{"damage":0,"enemies":"Spheric Guardian","floor":18,"turns":2},{"damage":0,"enemies":"Shell Parasite","floor":20,"turns":1},{"damage":0,"enemies":"Snake Plant","floor":22,"turns":3},{"damage":7,"enemies":"Slavers","floor":23,"turns":3},{"damage":16,"enemies":"Book of Stabbing","floor":25,"turns":3},{"damage":0,"enemies":"Snecko","floor":27,"turns":2},{"damage":0,"enemies":"3 Cultists","floor":28,"turns":3},{"damage":5,"enemies":"Snake Plant","floor":30,"turns":2},{"damage":0,"enemies":"Automaton","floor":33,"turns":4},{"damage":1,"enemies":"Orb Walker","floor":35,"turns":3},{"damage":0,"enemies":"3 Shapes","floor":36,"turns":1},{"damage":1,"enemies":"3 Darklings","floor":39,"turns":3},{"damage":0,"enemies":"Nemesis","floor":40,"turns":3},{"damage":0,"enemies":"Reptomancer","floor":44,"turns":2},{"damage":1,"enemies":"Transient","floor":46,"turns":5},{"damage":0,"enemies":"Awakened One","floor":50,"turns":4}],"seed_played":"613087864005276650","potions_obtained":[{"floor":10,"key":"Regen Potion"},{"floor":12,"key":"LiquidBronze"},{"floor":22,"key":"EssenceOfSteel"},{"floor":23,"key":"Dota2Spire:HealingSalve"},{"floor":28,"key":"Dexterity Potion"},{"floor":46,"key":"Block Potion"}],"is_trial":false,"path_per_floor":["M","$","?","M","?","E","M","R","T","E","M","E","M","E","R","B",null,"M","?","M","$","M","E","R","E","T","M","M","R","M","$","R","B",null,"M","M","?","$","M","E","T","R","T","E","R","M","R","$","R","B",null],"character_chosen":"THE_WITCHER","items_purchased":["SnafuTest:MercilessReaper","champ:CounterPotion","SnafuTest:CatRelic","MostiFishMod:PerfectForm","SnafuTest:BlackSunReturn","SecretRecord","Strange Spoon"],"campfire_rested":2,"item_purchase_floors":[2,21,31,31,31,48,48],"current_hp_per_floor":[65,65,65,59,59,39,39,61,61,44,44,56,56,51,51,51,75,75,75,75,75,75,68,68,52,52,52,52,52,47,47,69,69,38,38,38,38,38,38,38,38,38,38,38,38,38,38,38,38,38],"gold":154,"neow_bonus":"","is_daily":false,"chose_seed":false,"campfire_upgraded":4,"win_rate":0.0,"timestamp":1608429860,"path_taken":["M","$","?","M","?","E","M","R","T","E","?","E","M","E","R","BOSS","M","?","M","$","M","E","R","E","T","M","M","R","?","$","R","BOSS","M","M","?","?","M","E","?","R","T","E","R","M","R","?","R","BOSS"],"items_purchased_type":["Card","Potion","Relic","Card","Card","Relic","Relic"],"build_version":"2020-12-13","purchased_purges":4,"victory":true,"max_hp_per_floor":[75,75,75,75,75,75,75,75,75,75,75,75,75,75,75,75,75,75,75,75,75,75,75,75,75,75,75,75,75,75,75,75,75,38,38,38,38,38,38,38,38,38,38,38,38,38,38,38,38,38],"card_choices":[{"not_picked":["SnafuTest:MCMockAndRun","SnafuTest:SmashingSlash","SnafuTest:DesperateRemediation"],"picked":"SKIP","floor":1},{"not_picked":["SnafuTest:MCSuccubusSeduction","SnafuTest:UndefeatedNarcissism","SnafuTest:ArmoredSortie"],"picked":"SnafuTest:FlashingRaid","floor":4},{"not_picked":["SnafuTest:SignYrden","SnafuTest:PowerProbingFeint","SnafuTest:SpellChainLightning"],"picked":"SnafuTest:ConciliatoryPresence","floor":6},{"not_picked":["SnafuTest:PowerVainGlory","SnafuTest:PowerMartialMagical","SnafuTest:PowerTrialOfGrasses","SnafuTest:Meditation"],"picked":"SKIP","floor":7},{"not_picked":["SnafuTest:BombSamum","SnafuTest:WorldMap","SnafuTest:AncestralRitual"],"picked":"SnafuTest:PayExoticTreasure","floor":10},{"not_picked":["SnafuTest:BombDancingStar","SnafuTest:SpellButterflyIllusion","SnafuTest:MCMockAndRun"],"picked":"SnafuTest:PaySmithWorkshop","floor":11},{"not_picked":["SnafuTest:MercilessReaper","SnafuTest:PowerVainGlory","SnafuTest:Portal"],"picked":"SnafuTest:LeadingCharge","floor":12},{"not_picked":["SnafuTest:SpellBitingFrost","SnafuTest:Siege","SnafuTest:SpellChainLightning","SnafuTest:SpellTelekinesis"],"picked":"SKIP","floor":13},{"not_picked":["SnafuTest:SneakKill","SnafuTest:SpellChainLightning","SnafuTest:SpellIncendiaryShower","SnafuTest:BlueWhale"],"picked":"SKIP","floor":14},{"not_picked":["SnafuTest:LeadingCharge","SnafuTest:GraveDancingPaleFire","SnafuTest:BlackSunRise"],"picked":"SnafuTest:AssassinOfKings","floor":16},{"not_picked":["SnafuTest:BombNorthernWind","SnafuTest:FirstAid","SnafuTest:PayHappyHour+1","SnafuTest:WorldMap"],"picked":"SKIP","floor":18},{"not_picked":["SnafuTest:BombSamum+1","SnafuTest:PowerAlwaysOnRoads","SnafuTest:SpellBlindFury","SnafuTest:SpellBitingFrost"],"picked":"SKIP","floor":20},{"not_picked":["SnafuTest:SpellTelekinesis+1","SnafuTest:Portal+1","SnafuTest:SpellBlindFury","SnafuTest:MercilessReaper"],"picked":"SKIP","floor":22},{"not_picked":["SnafuTest:FeignDeath","SnafuTest:BombDevilsPuffball","SnafuTest:BombDragonsDream"],"picked":"SnafuTest:PayExoticTreasure","floor":23},{"not_picked":["SnafuTest:SpellChainLightning+1","SnafuTest:GetPaid","SnafuTest:SpellTortoise"],"picked":"SnafuTest:PowerLadyOfLake","floor":25},{"not_picked":["SnafuTest:SpellChainLightning+1","SnafuTest:PowerHangmenTree+1","SnafuTest:SpellArcaneDomain+1","SnafuTest:DesperateRemediation"],"picked":"SKIP","floor":27},{"not_picked":["SnafuTest:MilitaryReview","SnafuTest:CareTaker+1","SnafuTest:SneakKill+1","SnafuTest:AncestralRitual+1"],"picked":"SKIP","floor":28},{"not_picked":["SnafuTest:PayWeaponSmith","SnafuTest:WeddingDance+1","SnafuTest:ArmoredSortie"],"picked":"SnafuTest:SignIgni+1","floor":30},{"not_picked":["SnafuTest:DecisiveOpportunity","SnafuTest:LeadingCharge","SnafuTest:PowerLadyOfLake"],"picked":"SnafuTest:PayExoticTreasure","floor":33},{"not_picked":["SnafuTest:PowerFireDamnation","SnafuTest:PowerTrialOfGrasses+1","SnafuTest:SpellTortoise"],"picked":"SnafuTest:SignQuen+1","floor":35},{"not_picked":["SnafuTest:NoPass+1","SnafuTest:SpellTelekinesis+1","SnafuTest:SpellButterflyIllusion+1","SnafuTest:SmashingSlash"],"picked":"SKIP","floor":36},{"not_picked":["SnafuTest:SpellButterflyIllusion+1","SnafuTest:CareTaker+1","SnafuTest:Shooting+1","SnafuTest:BombNorthernWind"],"picked":"SKIP","floor":39},{"not_picked":["SnafuTest:SpellBlindFury","SnafuTest:SwiftAssault+1","SnafuTest:WitchHunt+1"],"picked":"SnafuTest:WhiteWolfRise","floor":40},{"not_picked":["SnafuTest:MelitelesCare","SnafuTest:SignIgni+1","SnafuTest:Offering+1","SnafuTest:SwiftAssault"],"picked":"SKIP","floor":44},{"not_picked":["SnafuTest:SpellBlindFury+1","SnafuTest:PaySmithWorkshop","SnafuTest:SpellButterflyIllusion","SnafuTest:Meditation+1"],"picked":"SKIP","floor":46}],"player_experience":523817,"relics_obtained":[{"floor":1,"key":"Question Card"},{"floor":5,"key":"SnafuTest:QuenRelic"},{"floor":6,"key":"Dota2Spire:DivineRapier"},{"floor":9,"key":"ArrowTower"},{"floor":10,"key":"AT_ChloranthyRing"},{"floor":12,"key":"Dota2Spire:HandOfMidas"},{"floor":14,"key":"Ornamental Fan"},{"floor":16,"key":"ImportantClient"},{"floor":23,"key":"aspiration:AnachronicSnailShell"},{"floor":25,"key":"AT_Manta"},{"floor":26,"key":"Girya"},{"floor":40,"key":"Dota2Spire:ShivaGuard"},{"floor":41,"key":"Dota2Spire:MagicBottle"},{"floor":43,"key":"Sundial"},{"floor":44,"key":"AT_MibuBalloonWealth"}],"event_choices":[{"damage_healed":0,"gold_gain":0,"player_choice":"Take Wound","damage_taken":0,"relics_obtained":["Golden Idol"],"max_hp_gain":0,"max_hp_loss":0,"event_name":"Golden Idol","floor":3,"gold_loss":0,"cards_obtained":["Injury"]},{"damage_healed":0,"gold_gain":0,"player_choice":"Relic","damage_taken":0,"max_hp_gain":0,"max_hp_loss":0,"event_name":"Wheel of Change","floor":5,"gold_loss":0},{"damage_healed":0,"gold_gain":100,"player_choice":"Bet on Murderer","damage_taken":0,"max_hp_gain":0,"max_hp_loss":0,"event_name":"The Joust","floor":19,"gold_loss":50},{"damage_healed":0,"gold_gain":0,"player_choice":"Forge","damage_taken":0,"max_hp_gain":0,"max_hp_loss":0,"event_name":"Accursed Blacksmith","floor":37,"gold_loss":0,"cards_upgraded":["MostiFishMod:PerfectForm"]}],"is_beta":false,"boss_relics":[{"not_picked":["TakeMeEscape","Runic Dome"],"picked":"Astrolabe"},{"not_picked":["BirthdayGift-Icosahedron","HereWithMe"],"picked":"GuanYuAspect"}],"items_purged_floors":[2,21,31,38],"is_endless":false,"potions_floor_spawned":[10,12,22,23,28,44,46],"ascension_level":0}}