{"host":"9r4xop0yxveozoj0","time":1608498941,"event":{"mods":["2.2 Compatiblity","BaseMod","Better Third Choice","Colored Map","Colored Powertips","Hubris","Infinite Spire","Minty Spire (QoL Compilation)","Permanent Neow","Replay The Spire","StSLib","The Blue Laboratory"],"gold_per_floor":[116,126,126,139,156,189,207,220,268,268,279,295,295,315,315,411,411,431,449,460,385,398,398,412,425,425,436,450,450,450,478,478,575,575,588,599,609,624,343,343,343],"floor_reached":40,"playtime":2735,"items_purged":["Go for the Eyes"],"score":472,"play_id":"acef4712-21bc-45cf-94c4-d972dfc378ff","local_time":"20201220161541","is_ascension_mode":false,"campfire_choices":[{"floor":10,"key":"REST"},{"floor":15,"key":"REST"},{"floor":23,"key":"REST"},{"floor":32,"key":"REST"}],"circlet_count":0,"master_deck":["Strike_B","Strike_B","Defend_B","Defend_B","Defend_B","Defend_B","Zap","Hyperbeam","Gash","Gash","Echo Form","hubris:Fate","Hyperbeam","Self Repair","Sunder+1","Hyperbeam","Gash+1","ReplayGash+1","Replay:Dark Deal","Gash"],"relics":["Cracked Core","Dream Catcher","Bronze Scales","Velvet Choker","Juzu Bracelet","Ring of Fury","ReplayTheSpireMod:Ring of Addiction","White Beast Statue","Chameleon Ring","Empty Cage"],"acts_visited":["Exordium","TheCity","TheBeyond"],"potions_floor_usage":[2,4,5,6,8,16,18,31,33,33,33,36,37,38,40,40],"damage_taken":[{"damage":8,"enemies":"Small Slimes","floor":1,"turns":2},{"damage":0,"enemies":"Cultist","floor":2,"turns":2},{"damage":1,"enemies":"Jaw Worm","floor":4,"turns":2},{"damage":0,"enemies":"2 Fungi Beasts","floor":5,"turns":1},{"damage":8,"enemies":"3 Sentries","floor":6,"turns":3},{"damage":11,"enemies":"3 Louse","floor":7,"turns":2},{"damage":12,"enemies":"Exordium Thugs","floor":8,"turns":3},{"damage":7,"enemies":"Blue Slaver","floor":11,"turns":2},{"damage":0,"enemies":"Exordium Wildlife","floor":12,"turns":1},{"damage":0,"enemies":"2 Fungi Beasts","floor":14,"turns":1},{"damage":8,"enemies":"Fading Forest","floor":16,"turns":11},{"damage":1,"enemies":"3 Byrds","floor":18,"turns":2},{"damage":12,"enemies":"2 Thieves","floor":19,"turns":3},{"damage":15,"enemies":"Cultist and Chosen","floor":20,"turns":4},{"damage":0,"enemies":"Centurion and Healer","floor":22,"turns":3},{"damage":0,"enemies":"Snecko","floor":24,"turns":4},{"damage":6,"enemies":"Sentry and Sphere","floor":25,"turns":4},{"damage":21,"enemies":"Snake Plant","floor":27,"turns":2},{"damage":0,"enemies":"3 Cultists","floor":28,"turns":2},{"damage":0,"enemies":"Slavers","floor":31,"turns":1},{"damage":33,"enemies":"Collector","floor":33,"turns":8},{"damage":7,"enemies":"3 Darklings","floor":35,"turns":2},{"damage":6,"enemies":"Orb Walker","floor":36,"turns":2},{"damage":0,"enemies":"Maw","floor":37,"turns":6},{"damage":45,"enemies":"Spire Growth","floor":38,"turns":4},{"damage":65,"enemies":"Nemesis","floor":40,"turns":4}],"seed_played":"6642170121927399450","potions_obtained":[{"floor":1,"key":"blueLaboratory:RelayPotion"},{"floor":3,"key":"blueLaboratory:Moonshine"},{"floor":3,"key":"AttackPotion"},{"floor":3,"key":"Ancient Potion"},{"floor":4,"key":"blueLaboratory:PolymorphPotion"},{"floor":7,"key":"Explosive Potion"},{"floor":14,"key":"Elixir"},{"floor":29,"key":"blueLaboratory:NullPotion"},{"floor":29,"key":"Weak Potion"},{"floor":29,"key":"LiquidMemories"},{"floor":31,"key":"Strength Potion"},{"floor":33,"key":"Strength Potion"},{"floor":35,"key":"Toxic Potion"},{"floor":36,"key":"blueLaboratory:BottledHope"},{"floor":37,"key":"Dexterity Potion"}],"is_trial":false,"path_per_floor":["M","M","?","M","M","E","M","M","T","R","M","M","?","M","R","B",null,"M","M","M","$","M","R","M","M","T","M","M","?","?","E","R","B",null,"M","M","M","M","$","E"],"character_chosen":"DEFECT","items_purchased":["Energy Potion","Replay:Dark Deal","Gash"],"campfire_rested":4,"item_purchase_floors":[39,39,39],"current_hp_per_floor":[67,67,67,66,66,58,47,35,35,57,50,50,33,33,55,53,75,74,62,54,54,61,75,75,69,69,55,65,65,65,65,75,42,75,75,75,75,37,37,0,0],"gold":343,"neow_bonus":"TRANSFORM_CARD","is_daily":false,"chose_seed":false,"campfire_upgraded":0,"win_rate":0.0,"timestamp":1608498941,"path_taken":["M","M","?","M","M","E","M","?","T","R","M","M","?","M","R","BOSS","M","M","M","$","M","R","M","M","T","M","M","?","?","E","R","BOSS","M","M","M","M","$","E"],"items_purchased_type":["Potion","Card","Card"],"build_version":"2020-12-13","purchased_purges":1,"victory":false,"max_hp_per_floor":[75,75,75,75,75,75,75,75,75,75,75,75,75,75,75,75,75,75,75,75,75,75,75,75,75,75,75,75,75,75,75,75,75,75,75,75,75,75,75,75,75],"card_choices":[{"not_picked":["FIFO Queue","Steam Power","Rebound"],"picked":"SKIP","floor":1},{"not_picked":["Melter","Auto Shields"],"picked":"Gash","floor":2},{"not_picked":["Stack","Panic Button","Coolheaded"],"picked":"SKIP","floor":4},{"not_picked":["Fusion","ReplayGash"],"picked":"Gash","floor":5},{"not_picked":["FIFO Queue","Chaos"],"picked":"Echo Form","floor":6},{"not_picked":["ReplayTheSpireMod:Calculation Training","ReplayTheSpireMod:Repulse"],"picked":"Go for the Eyes","floor":7},{"not_picked":["Rebound","Ball Lightning","Hologram"],"picked":"SKIP","floor":8},{"not_picked":["Hello World","Blizzard","Streamline"],"picked":"SKIP","floor":11},{"not_picked":["Sweeping Beam","ReplaySort","Beam Cell"],"picked":"SKIP","floor":12},{"not_picked":["infinitespire:NeuralNetwork","Replay:Fractal Strike"],"picked":"hubris:Fate","floor":13},{"not_picked":["hubris:SpecializedCircuitry","Coolheaded","Turbo"],"picked":"SKIP","floor":14},{"not_picked":["Rainbow","ReplayTheSpireMod:Omega Cannon"],"picked":"Hyperbeam","floor":16},{"not_picked":["Streamline","Leap+1","Stack"],"picked":"SKIP","floor":18},{"not_picked":["Cold Snap","Leap+1"],"picked":"Self Repair","floor":19},{"not_picked":["Rip and Tear+1","Leap","Consume"],"picked":"SKIP","floor":20},{"not_picked":["Compile Driver","Undo","Mirror Shield"],"picked":"SKIP","floor":22},{"not_picked":["Steam Power","Stack"],"picked":"Hologram+1","floor":24},{"not_picked":["Turbo+1","Genetic Algorithm","Rip and Tear"],"picked":"SKIP","floor":25},{"not_picked":["Conserve Battery+1","BasicCrystalCard+1","Steam Power"],"picked":"SKIP","floor":27},{"not_picked":["Panic Button","Time Bomb+1","ReplayTheSpireMod:System Scan"],"picked":"SKIP","floor":28},{"not_picked":["Steam Power","Ball Lightning","Steam"],"picked":"SKIP","floor":31},{"not_picked":["Steam","Reinforced Body+1"],"picked":"Sunder+1","floor":32},{"not_picked":["Biased Cognition","Thunder Strike"],"picked":"Hyperbeam","floor":33},{"not_picked":["Redo+1","Cold Snap"],"picked":"Gash+1","floor":35},{"not_picked":["Compile Driver+1","Streamline"],"picked":"ReplayGash+1","floor":36},{"not_picked":["Coolheaded","Lockon","Tempest+1"],"picked":"SKIP","floor":37},{"not_picked":["Compile Driver+1","BasicCrystalCard+1","Beam Cell+1"],"picked":"SKIP","floor":38}],"player_experience":157302,"relics_obtained":[{"floor":6,"key":"Dream Catcher"},{"floor":9,"key":"Bronze Scales"},{"floor":26,"key":"Juzu Bracelet"},{"floor":29,"key":"Ring of Fury"},{"floor":29,"key":"ReplayTheSpireMod:Ring of Addiction"},{"floor":29,"key":"White Beast Statue"},{"floor":29,"key":"Chameleon Ring"}],"event_choices":[{"damage_healed":0,"gold_gain":0,"player_choice":"Got Potions","damage_taken":0,"max_hp_gain":0,"max_hp_loss":0,"event_name":"Lab","floor":3,"gold_loss":0},{"cards_removed":["Hologram"],"damage_healed":0,"gold_gain":0,"player_choice":"Purged","damage_taken":0,"max_hp_gain":0,"max_hp_loss":0,"event_name":"Purifier","floor":30,"gold_loss":0}],"is_beta":false,"boss_relics":[{"not_picked":["Replay:Drink Me","Astrolabe"],"picked":"Velvet Choker"},{"not_picked":["SlaversCollar","Sozu"],"picked":"Empty Cage"}],"items_purged_floors":[21],"is_endless":false,"potions_floor_spawned":[1,4,7,14,20,22,27,31,33,35,36,37,38],"killed_by":"Nemesis","ascension_level":0}}