{"host":"cz3p2o9n3b1gdmkz","time":1608486659,"event":{"mods":["AchievementEnabler","BaseMod","CapriCore","GungeonMod","Hermit","Lobotomy","Minty Spire (QoL Compilation)","Replay The Spire","Shop Mod","StSLib","SuperFastMode","The Cursed","The Dragon Tamer","The Gatherer","The Jungle","The Poker Player","The Runesmith"],"gold_per_floor":[112,123,135,60,84,84,97,123,149,149,162,162,162],"floor_reached":12,"playtime":313,"items_purged":[],"score":160,"play_id":"a61da979-21dc-4a44-a89b-f03f97baf5f0","local_time":"20201221025059","is_ascension_mode":true,"campfire_choices":[{"data":"Sunder","floor":6,"key":"SMITH"}],"circlet_count":0,"master_deck":["AscendersBane","Strike_B","Strike_B","Strike_B","Defend_B","Defend_B","Defend_B","Zap","Dualcast","Beam Cell","Sunder+1","Beam Cell","Steam","Streamline+1","Steam"],"relics":["Cracked Core","Smiling Mask","ReplayTheSpireMod:Lightbulb","Replay:Antivirus Software","DemoMod:GlassGuonStoneRelic"],"acts_visited":["Exordium"],"potions_floor_usage":[11,12,12],"damage_taken":[{"damage":1,"enemies":"Cultist","floor":1,"turns":3},{"damage":7,"enemies":"Jaw Worm","floor":2,"turns":2},{"damage":0,"enemies":"Small Slimes","floor":3,"turns":2},{"damage":21,"enemies":"3 Louse","floor":7,"turns":3},{"damage":7,"enemies":"Gremlin Nob","floor":8,"turns":3},{"damage":27,"enemies":"Gremlin Gang","floor":11,"turns":3},{"damage":2,"enemies":"3 Sentries","floor":12,"turns":2}],"seed_played":"4538686121000195161","potions_obtained":[{"floor":2,"key":"Swift Potion"},{"floor":3,"key":"SpeedPotion"},{"floor":7,"key":"EssenceOfSteel"},{"floor":11,"key":"SkillPotion"}],"is_trial":false,"path_per_floor":["M","M","M","?","T","R","M","E","T","?","M","E"],"character_chosen":"DEFECT","items_purchased":[],"campfire_rested":0,"item_purchase_floors":[],"current_hp_per_floor":[63,56,56,56,56,56,35,28,28,28,1,0,0],"gold":162,"neow_bonus":"THREE_CARDS","is_daily":false,"chose_seed":false,"campfire_upgraded":1,"win_rate":0.0,"timestamp":1608486659,"path_taken":["M","?","?","?","?","R","?","E","T","?","M","E"],"items_purchased_type":[],"build_version":"2020-12-13","purchased_purges":0,"victory":false,"max_hp_per_floor":[71,71,71,71,71,71,71,71,71,71,71,71,71],"card_choices":[{"not_picked":["Go for the Eyes","Melter"],"picked":"Beam Cell","floor":0},{"not_picked":["Ball Lightning","BootSequence"],"picked":"Sunder","floor":1},{"not_picked":["Glacier","Leap"],"picked":"Beam Cell","floor":2},{"not_picked":["Conserve Battery","Redo","Static Discharge"],"picked":"SKIP","floor":3},{"not_picked":["FIFO Queue","Streamline"],"picked":"Steam","floor":7},{"not_picked":["FIFO Queue","Ball Lightning","Steam"],"picked":"SKIP","floor":8},{"not_picked":["Chaos","Ball Lightning"],"picked":"Steam","floor":11}],"player_experience":1002611,"relics_obtained":[{"floor":5,"key":"Smiling Mask"},{"floor":8,"key":"ReplayTheSpireMod:Lightbulb"},{"floor":9,"key":"Replay:Antivirus Software"}],"event_choices":[{"cards_removed":["Defend_B"],"damage_healed":0,"gold_gain":0,"player_choice":"Card Removal","damage_taken":0,"max_hp_gain":0,"max_hp_loss":0,"event_name":"The Cleric","floor":4,"gold_loss":75}],"is_beta":false,"boss_relics":[],"items_purged_floors":[],"is_endless":false,"potions_floor_spawned":[2,3,7,11],"killed_by":"3 Sentries","ascension_level":20}}