{"host":"pcbz64t4k17ey4z1","time":1608473416,"event":{"mods":["2.2 Compatiblity","AchievementEnabler","Act Like it!","Aspiration","BaseMod","Beaked The Cultist","Better Match","BetterRewards","Card Forge","Colored Map","Colored Powertips","Conspire","Disable Question Mark Monsters","Fireblade Mod","Friendly Minions","GifTheSpireLib","Glutton Mod","Googly Eyes","Hermit","Hubris","Infinite Spire","Koishi","Marisa????????","Minty Spire (QoL Compilation)","Permanent Neow","Potionbrewer","Quick Restart","Random Character Button","Rare Cards Sparkle","Relic Filter","Replay The Spire","Shade Mod","Shop Mod","Small Relic Pack","StSLib","Stuff the Spire","SuperFastMode","The Animator","The Cursed","The Druid","The Gatherer","The Hierophant","The IronCluck","The Runesmith","Waifu the Spire","Wandering Minibosses","vexMod"],"gold_per_floor":[115,127,144,89,99,127,127,160,160,194,207,218,218,246,246,321,321,334,334,334,349,359,359,387,5,31,48,48,65,100,130,130,208,308,319,221,443,455,468,493,513,557,582,611,628,660,660,680,680,680],"floor_reached":51,"playtime":3443,"items_purged":[],"score":2635,"play_id":"52e321f1-d61e-4431-9964-225a22f8a482","local_time":"20201220141016","is_ascension_mode":true,"campfire_choices":[{"data":"Crescendo","floor":7,"key":"SMITH"},{"data":"LikeWater","floor":13,"key":"SMITH"},{"data":"ThirdEye","floor":15,"key":"SMITH"},{"data":"ThirdEye","floor":23,"key":"SMITH"},{"data":"Devotion","floor":32,"key":"SMITH"},{"floor":47,"key":"RECALL"},{"data":"Panacea","floor":49,"key":"SMITH"}],"circlet_count":0,"master_deck":["AscendersBane","Eruption+1","Vigilance+1","hubris:DuctTapeCard+2","Specialist+1","Prostrate+1","Wireheading+1","Halt+1","Consecrate+1","LikeWater+1","Crescendo+1","InnerPeace+1","Weave","ThirdEye+1","Brilliance","ThirdEye+1","Consecrate","Collect+1","FlurryOfBlows+1","JustLucky+1","LikeWater","Devotion+1","DeusExMachina","Adaptation","Panacea+1","ThirdEye+1","Weave+1","Replay:Cycle","Nirvana","BattleHymn+1","Replay:AllIn"],"relics":["PureWater","Hammer of Thor","Seething Fire","Anvil of the Gods","ClockworkSouvenir","hubris:DuctTape","Ornamental Fan","hubris:FunFungus","PreservedInsect","Replay:WaspNest","Mercury Hourglass","Smiling Mask","beaked:ShinyBauble","Coffee Dripper","ReplayFunnel","Enchiridion","Replay:Bottled Steam","Replay:Kaleidoscope","Red Mask","Turnip","Replay:Grab Bag","vexMod:TanglingVine","Replay:Wanted Poster","hubris:Backtick","Unceasing Top","conspire:SpecialSausage","wanderingMiniBosses:AbyssPearl","potionbrewer:MortarAndPestle","Garlic","vexMod:FocusSash","Damaru","Potion Belt"],"acts_visited":["Exordium","TheCity","TheBeyond"],"potions_floor_usage":[6,16,21,21,22,33,35,39,50,50],"damage_taken":[{"damage":0,"enemies":"Jaw Worm","floor":1,"turns":2},{"damage":6,"enemies":"2 Louse","floor":2,"turns":3},{"damage":0,"enemies":"Small Slimes","floor":3,"turns":9},{"damage":0,"enemies":"2 Fungi Beasts","floor":5,"turns":4},{"damage":0,"enemies":"Lagavulin","floor":6,"turns":7},{"damage":0,"enemies":"Replay:BlueRogue","floor":8,"turns":6},{"damage":0,"enemies":"Gremlin Nob","floor":10,"turns":3},{"damage":0,"enemies":"Exordium Thugs","floor":11,"turns":2},{"damage":0,"enemies":"Looter","floor":12,"turns":3},{"damage":0,"enemies":"Lagavulin","floor":14,"turns":5},{"damage":0,"enemies":"Slime Boss","floor":16,"turns":3},{"damage":2,"enemies":"3 Byrds","floor":18,"turns":3},{"damage":7,"enemies":"2 Thieves","floor":21,"turns":6},{"damage":2,"enemies":"Centurion and Healer","floor":22,"turns":5},{"damage":0,"enemies":"conspire:SneckoGhost","floor":24,"turns":2},{"damage":0,"enemies":"Snake Plant","floor":27,"turns":2},{"damage":0,"enemies":"3 Cultists","floor":29,"turns":3},{"damage":0,"enemies":"Masked Bandits","floor":30,"turns":2},{"damage":0,"enemies":"conspire:Head Lice","floor":31,"turns":4},{"damage":16,"enemies":"hubris:MusketHawk","floor":33,"turns":5},{"damage":10,"enemies":"3 Darklings","floor":35,"turns":3},{"damage":0,"enemies":"Orb Walker","floor":38,"turns":1},{"damage":4,"enemies":"Transient","floor":39,"turns":6},{"damage":0,"enemies":"Reptomancer","floor":40,"turns":2},{"damage":1,"enemies":"4 Shapes","floor":41,"turns":2},{"damage":5,"enemies":"Nightmare","floor":44,"turns":4},{"damage":14,"enemies":"3 Darklings","floor":45,"turns":2},{"damage":0,"enemies":"Giant Head","floor":46,"turns":4},{"damage":0,"enemies":"Writhing Mass","floor":48,"turns":1},{"damage":8,"enemies":"hubris:GrandSnecko","floor":50,"turns":6}],"seed_played":"-8232887983131765220","potions_obtained":[{"floor":3,"key":"FearPotion"},{"floor":5,"key":"potionbrewer:DiscountPotion"},{"floor":11,"key":"potionbrewer:NoxiousPotion"},{"floor":16,"key":"SteroidPotion"},{"floor":21,"key":"ColorlessPotion"},{"floor":29,"key":"DuplicationPotion"},{"floor":31,"key":"potionbrewer:BarricadePotion"},{"floor":33,"key":"potionbrewer:StunPotion"},{"floor":39,"key":"LiquidBronze"},{"floor":40,"key":"SpeedPotion"},{"floor":42,"key":"StancePotion"},{"floor":45,"key":"Swift Potion"}],"is_trial":false,"path_per_floor":["M","M","M","$","M","E","R","E","T","E","M","M","R","E","R","B",null,"M","AVR","?","M","M","R","E","$","T","M","?","M","?","E","R","B",null,"M","$","?","M","M","E","M","?","T","NM","M","E","R","M","R","B",null],"character_chosen":"WATCHER","items_purchased":["ClockworkSouvenir","Scrawl+1","Good Instincts","hubris:DuctTape","Ornamental Fan","Specialist","Prostrate","potionbrewer:BoundlessPotion","Consecrate","Replay:Kaleidoscope","FlurryOfBlows+1","Panacea"],"campfire_rested":0,"item_purchase_floors":[0,0,0,0,0,0,0,0,4,25,25,36],"current_hp_per_floor":[61,56,68,68,68,68,68,68,68,68,68,68,68,68,68,68,68,68,68,47,49,59,59,59,59,59,59,59,64,68,68,68,57,65,56,56,56,56,68,68,67,68,68,68,59,68,68,68,68,64],"gold":680,"neow_bonus":"","is_daily":false,"chose_seed":false,"campfire_upgraded":6,"win_rate":0.0,"timestamp":1608473416,"path_taken":["M","M","M","$","M","E","R","E","T","E","M","M","R","E","R","BOSS","M","AVR","?","M","M","R","E","$","T","M","?","M","?","E","R","BOSS","M","$","?","M","M","E","M","?","T","NM","M","E","R","M","R","BOSS"],"items_purchased_type":["Relic","Card","Card","Relic","Relic","Card","Card","Potion","Card","Relic","Card","Card"],"build_version":"2020-12-13","purchased_purges":0,"victory":true,"max_hp_per_floor":[68,68,68,68,68,68,68,68,68,68,68,68,68,68,68,68,68,68,68,68,68,68,68,68,68,68,68,68,68,68,68,68,68,68,68,68,68,68,68,68,68,68,68,68,68,68,68,68,68,68],"card_choices":[{"not_picked":["EmptyBody","FlyingSleeves"],"picked":"Wireheading","floor":1},{"not_picked":["Wireheading","EmptyFist"],"picked":"Halt","floor":2},{"not_picked":["BowlingBash","SashWhip","EmptyMind"],"picked":"SKIP","floor":3},{"not_picked":["FollowUp","CrushJoints"],"picked":"LikeWater","floor":5},{"not_picked":["Omniscience","ThirdEye"],"picked":"Crescendo","floor":6},{"not_picked":["EmptyBody","SashWhip"],"picked":"InnerPeace","floor":8},{"not_picked":["SpiritShield","Replay:ManipulateFuture"],"picked":"Indignation","floor":10},{"not_picked":["EmptyMind","SandsOfTime"],"picked":"Weave","floor":11},{"not_picked":["EmptyBody","Replay:Battleflow","CarveReality"],"picked":"SKIP","floor":12},{"not_picked":["ThirdEye","SignatureMove","BowlingBash"],"picked":"SKIP","floor":14},{"not_picked":["SignatureMove","BowlingBash"],"picked":"ThirdEye","floor":14},{"not_picked":["ConjureBlade","Ragnarok"],"picked":"Brilliance","floor":16},{"not_picked":["SignatureMove","MentalFortress"],"picked":"ThirdEye","floor":18},{"not_picked":["Replay:AtTheReady","Replay:BluntJabs"],"picked":"Consecrate","floor":21},{"not_picked":["ReachHeaven","EmptyFist","ClearTheMind"],"picked":"SKIP","floor":22},{"not_picked":["BattleHymn","Replay:AtTheReady"],"picked":"Collect","floor":24},{"not_picked":["Prostrate+1","CutThroughFate+1"],"picked":"JustLucky+1","floor":27},{"not_picked":["FlyingSleeves","Protect"],"picked":"LikeWater","floor":29},{"not_picked":["Replay:ManipulateFuture","CrushJoints"],"picked":"Devotion","floor":31},{"not_picked":["Scrawl","Alpha"],"picked":"DeusExMachina","floor":33},{"not_picked":["WheelKick+1","Meditate"],"picked":"Adaptation","floor":35},{"not_picked":["Meditate+1","FlyingSleeves+1"],"picked":"ThirdEye+1","floor":38},{"not_picked":["PathToVictory+1","Wireheading"],"picked":"Weave+1","floor":39},{"not_picked":["Vault","Replay:Vibes"],"picked":"Replay:Cycle","floor":40},{"not_picked":["Replay:AtTheReady","FlyingSleeves"],"picked":"Nirvana","floor":41},{"not_picked":["EmptyFist","CarveReality","Evaluate"],"picked":"SKIP","floor":44},{"not_picked":["EmptyFist","CarveReality","Evaluate"],"picked":"SKIP","floor":44},{"not_picked":["ClearTheMind+1","EmptyFist"],"picked":"BattleHymn+1","floor":45},{"not_picked":["Evaluate","ClearTheMind"],"picked":"Replay:AllIn","floor":46},{"not_picked":["SashWhip","Fasting2","Indignation"],"picked":"SKIP","floor":48}],"player_experience":3731666,"relics_obtained":[{"floor":6,"key":"PreservedInsect"},{"floor":8,"key":"Replay:WaspNest"},{"floor":9,"key":"Mercury Hourglass"},{"floor":10,"key":"Smiling Mask"},{"floor":14,"key":"beaked:ShinyBauble"},{"floor":20,"key":"Enchiridion"},{"floor":24,"key":"Replay:Bottled Steam"},{"floor":30,"key":"Red Mask"},{"floor":31,"key":"Turnip"},{"floor":39,"key":"wanderingMiniBosses:AbyssPearl"},{"floor":40,"key":"potionbrewer:MortarAndPestle"},{"floor":42,"key":"Garlic"},{"floor":43,"key":"vexMod:FocusSash"},{"floor":44,"key":"Damaru"},{"floor":46,"key":"Potion Belt"}],"event_choices":[{"damage_healed":0,"gold_gain":0,"player_choice":"Obtained Book","damage_taken":21,"max_hp_gain":0,"max_hp_loss":0,"event_name":"Cursed Tome","floor":20,"gold_loss":0},{"damage_healed":0,"gold_gain":0,"player_choice":"Fought Bandits","damage_taken":0,"max_hp_gain":0,"max_hp_loss":0,"event_name":"Masked Bandits","floor":30,"gold_loss":0},{"damage_healed":0,"gold_gain":222,"player_choice":"Wore Mask","damage_taken":0,"max_hp_gain":0,"max_hp_loss":0,"event_name":"Tomb of Lord Red Mask","floor":37,"gold_loss":0}],"is_beta":false,"boss_relics":[{"not_picked":["ChewingGum","aspiration:DefectSkillbook"],"picked":"Coffee Dripper"},{"not_picked":["hubris:RunicObelisk","beaked:SacredDeck"],"picked":"Replay:Grab Bag"},{"not_picked":["vexMod:RockOfEvil","Sozu"],"picked":"vexMod:TanglingVine"},{"not_picked":["Busted Crown","Cursed Key"],"picked":"Replay:Wanted Poster"},{"not_picked":["aspiration:MobileForge","Calling Bell"],"picked":"hubris:Backtick"},{"not_picked":["aspiration:SecretTechniqueScroll","Pandora\u0027s Box"],"picked":"conspire:SpecialSausage"}],"items_purged_floors":[],"is_endless":false,"potions_floor_spawned":[3,5,11,12,14,16,21,29,31,33,39,40,44,45],"ascension_level":18}}