{"host":"baymyijz6sxaqj5s","time":1608449332,"event":{"mods":["AchievementEnabler","BaseMod","KOR Keyword Fix","Keyboard Shortcuts","Minty Spire (QoL Compilation)","StSLib"],"gold_per_floor":[113,130,150,169,181,181,213,231,231,231,243,243,257,277,277,373,373,387,387,399,416,443,443,457,470,495,495,509,434,434,434],"floor_reached":30,"playtime":1202,"items_purged":["Strike_R"],"score":240,"play_id":"38e6993d-592c-4e0a-ad0e-fb284d425135","local_time":"20201220162852","is_ascension_mode":false,"campfire_choices":[{"data":"Body Slam","floor":6,"key":"SMITH"},{"floor":10,"key":"REST"},{"data":"Shrug It Off","floor":15,"key":"SMITH"},{"floor":23,"key":"REST"},{"floor":27,"key":"REST"}],"circlet_count":0,"master_deck":["Strike_R","Strike_R","Strike_R","Defend_R","Defend_R","Defend_R","Defend_R","Bash","Body Slam+1","Headbutt","Armaments","Spot Weakness","Shrug It Off+1","Sword Boomerang","Ghostly Armor","Offering","Body Slam","Power Through","Pommel Strike+1","Cleave","Shrug It Off","Twin Strike","Armaments+1"],"relics":["Black Blood","Ornamental Fan","Question Card","Red Mask","Bag of Preparation"],"acts_visited":["Exordium","TheCity"],"potions_floor_usage":[3,7,7,7,7,16,16,18,21,24],"damage_taken":[{"damage":0,"enemies":"2 Louse","floor":1,"turns":4},{"damage":1,"enemies":"Cultist","floor":2,"turns":4},{"damage":2,"enemies":"Small Slimes","floor":3,"turns":4},{"damage":11,"enemies":"2 Fungi Beasts","floor":4,"turns":4},{"damage":15,"enemies":"Exordium Wildlife","floor":5,"turns":5},{"damage":25,"enemies":"Lagavulin","floor":7,"turns":7},{"damage":10,"enemies":"Large Slime","floor":8,"turns":4},{"damage":11,"enemies":"Red Slaver","floor":11,"turns":3},{"damage":5,"enemies":"Looter","floor":13,"turns":3},{"damage":2,"enemies":"2 Fungi Beasts","floor":14,"turns":3},{"damage":18,"enemies":"The Guardian","floor":16,"turns":11},{"damage":11,"enemies":"2 Thieves","floor":18,"turns":4},{"damage":18,"enemies":"Shell Parasite","floor":20,"turns":6},{"damage":41,"enemies":"Sentry and Sphere","floor":21,"turns":6},{"damage":14,"enemies":"Masked Bandits","floor":22,"turns":5},{"damage":23,"enemies":"Snecko","floor":24,"turns":7},{"damage":30,"enemies":"Cultist and Chosen","floor":25,"turns":7},{"damage":6,"enemies":"Shelled Parasite and Fungi","floor":28,"turns":9},{"damage":87,"enemies":"3 Cultists","floor":30,"turns":7}],"seed_played":"4552438891882430623","potions_obtained":[{"floor":0,"key":"LiquidMemories"},{"floor":0,"key":"Fire Potion"},{"floor":0,"key":"EntropicBrew"},{"floor":11,"key":"Dexterity Potion"},{"floor":14,"key":"EssenceOfSteel"},{"floor":16,"key":"ElixirPotion"},{"floor":18,"key":"Strength Potion"},{"floor":21,"key":"SpeedPotion"}],"is_trial":false,"path_per_floor":["M","M","M","M","M","R","E","M","T","R","M","?","M","M","R","B",null,"M","?","M","M","?","R","M","M","T","R","M","$","M"],"character_chosen":"IRONCLAD","items_purchased":[],"campfire_rested":3,"item_purchase_floors":[],"current_hp_per_floor":[80,80,80,75,66,66,47,43,43,67,62,62,63,67,67,55,80,80,80,74,45,43,67,56,38,38,62,68,68,0,0],"gold":434,"neow_bonus":"THREE_SMALL_POTIONS","is_daily":false,"chose_seed":false,"campfire_upgraded":2,"win_rate":0.0,"timestamp":1608449332,"path_taken":["M","M","M","M","M","R","E","M","T","R","M","?","M","?","R","BOSS","M","?","M","M","?","R","M","M","T","R","?","$","M"],"items_purchased_type":[],"build_version":"2020-12-13","purchased_purges":1,"victory":false,"max_hp_per_floor":[80,80,80,80,80,80,80,80,80,80,80,80,80,80,80,80,80,80,80,80,80,80,80,80,80,80,80,80,80,80,80],"card_choices":[{"not_picked":["Pommel Strike","Evolve"],"picked":"Body Slam","floor":1},{"not_picked":["True Grit","Pommel Strike"],"picked":"Headbutt","floor":2},{"not_picked":["Rage","Pommel Strike"],"picked":"Armaments","floor":3},{"not_picked":["Iron Wave","Hemokinesis"],"picked":"Spot Weakness","floor":4},{"not_picked":["Brutality","Thunderclap"],"picked":"Shrug It Off","floor":5},{"not_picked":["Flex","Perfected Strike","Clothesline"],"picked":"SKIP","floor":7},{"not_picked":["Dual Wield","Reckless Charge","Anger"],"picked":"SKIP","floor":8},{"not_picked":["Anger","Hemokinesis","Feel No Pain"],"picked":"Sword Boomerang","floor":11},{"not_picked":["Iron Wave","Headbutt","Twin Strike"],"picked":"Ghostly Armor","floor":13},{"not_picked":["Battle Trance","Sword Boomerang","Disarm","Clash"],"picked":"SKIP","floor":14},{"not_picked":["Bludgeon","Feed","Berserk"],"picked":"Offering","floor":16},{"not_picked":["Iron Wave","Armaments","Sword Boomerang"],"picked":"Body Slam","floor":18},{"not_picked":["Anger","Armaments","Iron Wave"],"picked":"Pommel Strike+1","floor":20},{"not_picked":["Juggernaut","Anger","Carnage"],"picked":"Cleave","floor":21},{"not_picked":["Armaments","Evolve","Clash"],"picked":"Shrug It Off","floor":22},{"not_picked":["Intimidate","Armaments","Bloodletting"],"picked":"Twin Strike","floor":24},{"not_picked":["Wild Strike+1","Cleave","Shockwave"],"picked":"Armaments+1","floor":25},{"not_picked":["Ghostly Armor","Perfected Strike","Pommel Strike+1","Rage"],"picked":"SKIP","floor":28}],"player_experience":144348,"relics_obtained":[{"floor":7,"key":"Ornamental Fan"},{"floor":9,"key":"Question Card"},{"floor":22,"key":"Red Mask"},{"floor":26,"key":"Bag of Preparation"}],"event_choices":[{"cards_removed":["Strike_R"],"damage_healed":0,"gold_gain":0,"player_choice":"Offered Basic","damage_taken":0,"max_hp_gain":0,"max_hp_loss":0,"event_name":"Bonfire Elementals","floor":12,"gold_loss":0},{"damage_healed":0,"gold_gain":0,"player_choice":"Read","damage_taken":0,"max_hp_gain":0,"max_hp_loss":0,"event_name":"The Library","floor":19,"gold_loss":0,"cards_obtained":["Power Through"]},{"damage_healed":0,"gold_gain":0,"player_choice":"Fought Bandits","damage_taken":0,"max_hp_gain":0,"max_hp_loss":0,"event_name":"Masked Bandits","floor":22,"gold_loss":0}],"is_beta":false,"boss_relics":[{"not_picked":["Fusion Hammer","SlaversCollar"],"picked":"Black Blood"}],"items_purged_floors":[29],"is_endless":false,"potions_floor_spawned":[2,11,14,16,18,21],"killed_by":"3 Cultists","ascension_level":0}}