{"host":"hp4podz600orhpf6","time":1608462739,"event":{"mods":["AlwaysNeverKeys","BaseMod","Better Match","Better Note","Block Reminder","DeckTracker","Hermit","Minty Spire (QoL Compilation)","Quick Restart","StSLib","The Cursed","The Hayseed"],"gold_per_floor":[115,132,143,153,171,203,203,223,223,56,56,68,84,100,100,195,195,213,213,93,93,63,63,75,109,158,158,169,196,46,66,66,66,66],"floor_reached":33,"playtime":1992,"items_purged":["Strike_R"],"score":378,"play_id":"3bcbca26-7911-4a88-8d16-cf3efca3067c","local_time":"20201220061219","is_ascension_mode":true,"campfire_choices":[{"data":"Power Through","floor":7,"key":"SMITH"},{"data":"Clothesline","floor":15,"key":"SMITH"},{"data":"True Grit","floor":23,"key":"SMITH"},{"floor":27,"key":"REST"},{"data":"Fire Breathing","floor":32,"key":"SMITH"}],"circlet_count":0,"master_deck":["Strike_R","Strike_R","Strike_R","Defend_R","Defend_R","Defend_R","Defend_R","Power Through+1","Sword Boomerang","Disarm","Spot Weakness","Cleave","Armaments","Heavy Blade","Dark Embrace","Master of Strategy","Rage+1","Fire Breathing+1","Sword Boomerang","Clothesline+1","Barricade","Wild Strike+1","True Grit+1","True Grit","Anger+1","Double Tap+1","Pommel Strike+1","Body Slam+1","Sentinel"],"relics":["Burning Blood","Ancient Tea Set","Gremlin Horn","Runic Dome","Meat on the Bone","Bronze Scales","War Paint","Medical Kit"],"acts_visited":["Exordium","TheCity"],"potions_floor_usage":[6,16,16,24,25,25,28,33,33],"damage_taken":[{"damage":3,"enemies":"2 Louse","floor":1,"turns":3},{"damage":1,"enemies":"Cultist","floor":2,"turns":4},{"damage":1,"enemies":"Small Slimes","floor":3,"turns":4},{"damage":17,"enemies":"Exordium Thugs","floor":4,"turns":5},{"damage":0,"enemies":"3 Louse","floor":5,"turns":2},{"damage":33,"enemies":"Gremlin Nob","floor":6,"turns":5},{"damage":0,"enemies":"Red Slaver","floor":8,"turns":2},{"damage":0,"enemies":"2 Fungi Beasts","floor":12,"turns":2},{"damage":18,"enemies":"Blue Slaver","floor":13,"turns":5},{"damage":3,"enemies":"Exordium Wildlife","floor":14,"turns":4},{"damage":22,"enemies":"Slime Boss","floor":16,"turns":9},{"damage":22,"enemies":"2 Thieves","floor":18,"turns":3},{"damage":0,"enemies":"3 Byrds","floor":24,"turns":5},{"damage":31,"enemies":"Slavers","floor":25,"turns":4},{"damage":8,"enemies":"Cultist and Chosen","floor":28,"turns":5},{"damage":25,"enemies":"Book of Stabbing","floor":29,"turns":6},{"damage":15,"enemies":"Snake Plant","floor":31,"turns":4},{"damage":60,"enemies":"Automaton","floor":33,"turns":6}],"seed_played":"7758027746088446143","potions_obtained":[{"floor":2,"key":"BloodPotion"},{"floor":4,"key":"DuplicationPotion"},{"floor":6,"key":"ElixirPotion"},{"floor":8,"key":"Ancient Potion"},{"floor":12,"key":"Energy Potion"},{"floor":22,"key":"CultistPotion"},{"floor":22,"key":"DistilledChaos"},{"floor":25,"key":"LiquidMemories"},{"floor":29,"key":"Dexterity Potion"},{"floor":31,"key":"Weak Potion"}],"is_trial":false,"path_per_floor":["M","M","M","M","M","E","R","M","T","$","?","M","M","M","R","B",null,"M","?","$","?","?","R","M","E","T","R","M","E","$","M","R","B"],"character_chosen":"IRONCLAD","items_purchased":["Master of Strategy","True Grit","Medical Kit"],"campfire_rested":1,"item_purchase_floors":[10,20,30],"current_hp_per_floor":[75,80,80,69,75,48,48,54,54,54,54,60,48,51,51,35,69,53,53,53,53,53,53,59,34,34,58,56,49,49,52,52,0,0],"gold":66,"neow_bonus":"TRANSFORM_CARD","is_daily":false,"chose_seed":false,"campfire_upgraded":4,"win_rate":0.0,"timestamp":1608462739,"path_taken":["M","M","M","M","M","E","R","M","T","$","?","M","M","M","R","BOSS","M","?","$","?","?","R","?","E","T","R","M","E","$","M","R","BOSS"],"items_purchased_type":["Card","Card","Relic"],"build_version":"2020-12-13","purchased_purges":1,"victory":false,"max_hp_per_floor":[80,80,80,80,80,80,80,80,80,80,80,80,80,80,80,80,80,80,80,80,80,80,80,80,80,80,80,80,80,80,80,80,80,80],"card_choices":[{"not_picked":["Iron Wave","Second Wind"],"picked":"Sword Boomerang","floor":1},{"not_picked":["Clash","Wild Strike"],"picked":"Disarm","floor":2},{"not_picked":["Pommel Strike","Shockwave"],"picked":"Spot Weakness","floor":3},{"not_picked":["Power Through","Shockwave"],"picked":"Cleave","floor":4},{"not_picked":["Wild Strike","Clothesline"],"picked":"Armaments","floor":5},{"not_picked":["Reaper","Blood for Blood"],"picked":"Heavy Blade","floor":6},{"not_picked":["Headbutt","Clothesline"],"picked":"Dark Embrace","floor":8},{"not_picked":["Sword Boomerang","Thunderclap"],"picked":"Fire Breathing","floor":12},{"not_picked":["Flex","Shockwave"],"picked":"Sword Boomerang","floor":13},{"not_picked":["Iron Wave","Rampage"],"picked":"Clothesline","floor":14},{"not_picked":["Demon Form","Juggernaut"],"picked":"Barricade","floor":16},{"not_picked":["Whirlwind","Sword Boomerang"],"picked":"Wild Strike+1","floor":18},{"not_picked":["Armaments","Rage"],"picked":"Anger+1","floor":24},{"not_picked":["Pommel Strike","Rage+1"],"picked":"Double Tap","floor":25},{"not_picked":["Cleave","Thunderclap+1"],"picked":"Pommel Strike+1","floor":28},{"not_picked":["Infernal Blade","Clothesline"],"picked":"Body Slam+1","floor":29},{"not_picked":["Clash","Perfected Strike"],"picked":"Sentinel","floor":31}],"player_experience":643320,"relics_obtained":[{"floor":6,"key":"Ancient Tea Set"},{"floor":9,"key":"Gremlin Horn"},{"floor":25,"key":"Meat on the Bone"},{"floor":26,"key":"Bronze Scales"},{"floor":29,"key":"War Paint"}],"event_choices":[{"damage_healed":0,"gold_gain":0,"cards_transformed":["Strike_R"],"player_choice":"Transformed","damage_taken":0,"max_hp_gain":0,"max_hp_loss":0,"event_name":"Transmorgrifier","floor":11,"gold_loss":0,"cards_obtained":["Rage"]},{"damage_healed":0,"gold_gain":0,"player_choice":"Ignored","damage_taken":0,"max_hp_gain":0,"max_hp_loss":0,"event_name":"Ghosts","floor":19,"gold_loss":0},{"damage_healed":0,"gold_gain":0,"player_choice":"Read","damage_taken":0,"max_hp_gain":0,"max_hp_loss":0,"event_name":"The Library","floor":21,"gold_loss":0,"cards_obtained":["True Grit"]},{"damage_healed":0,"gold_gain":0,"player_choice":"Bought 2 Potions","damage_taken":0,"max_hp_gain":0,"max_hp_loss":0,"event_name":"The Woman in Blue","floor":22,"gold_loss":0}],"is_beta":false,"boss_relics":[{"not_picked":["Fusion Hammer","Busted Crown"],"picked":"Runic Dome"}],"items_purged_floors":[20],"is_endless":false,"potions_floor_spawned":[2,4,6,8,12,25,29,31],"killed_by":"Automaton","ascension_level":6}}