{"host":"9nzcajyrup44vdvf","time":1608477043,"event":{"mods":["2.2 Compatiblity","AchievementEnabler","AlwaysNeverKeys","Ascension Reborn","BaseMod","Become a monster ???","Better Altar","Better Note","Better Sensory Stone","Better Skull","Better Third Choice","Better Vampires","Curses Come First","Googly Eyes","Minty Spire (QoL Compilation)","Permanent Neow","Quick Restart","Relic Stats","Spicy Shops","StSLib","SuperFastMode","Unceasing Turn Reminder","everything is the same but u backflip on backflip","slay the spire mod where everything is the same but ironclad has a cowboy hat"],"gold_per_floor":[115,139,170,133,156,186,186,186,186,221,243,281,298,336,336,461,461,473,498,498,515,528,559,576,576,606,648,648,665,665,706,706,827,827,845,1205,935,949,258,258,300,210,210,251,280,29,29,29,29,29],"floor_reached":51,"playtime":1500,"items_purged":["Defend_P+1","Defend_P+1","Defend_P+1"],"score":1118,"play_id":"3f213322-a207-4cbd-a8ec-fc52e304574a","local_time":"20201220161043","is_ascension_mode":true,"campfire_choices":[{"data":"DeusExMachina","floor":7,"key":"SMITH"},{"data":"Tantrum","floor":15,"key":"SMITH"},{"data":"CutThroughFate","floor":25,"key":"SMITH"},{"data":"CutThroughFate","floor":30,"key":"SMITH"},{"data":"Perseverance","floor":32,"key":"SMITH"},{"floor":40,"key":"DIG"},{"floor":47,"key":"DIG"},{"floor":49,"key":"DIG"}],"circlet_count":0,"master_deck":["Strike_P+1","Strike_P+1","Strike_P+1","Strike_P+1","Eruption+1","Vigilance+1","Worship+1","CutThroughFate+1","FearNoEvil","DeusExMachina+1","Devotion+1","Perseverance+1","LikeWater+1","Tantrum+1","Wallop+1","Devotion+1","DeusExMachina+1","CutThroughFate+1","Blasphemy+1","Devotion+1","TalkToTheHand+1","Tantrum+1","Mayhem+1","Omniscience+1"],"relics":["VioletLotus","Pantograph","Sundial","Damaru","betterThird:SlimedRelic","Blood Vial","Incense Burner","Frozen Egg 2","Ornamental Fan","Kunai","Nunchaku","Lantern","Bird Faced Urn","Runic Pyramid","Singing Bowl","Pen Nib","Bronze Scales","Toy Ornithopter","TeardropLocket","Prayer Wheel","Shovel","Sozu","White Beast Statue","OrangePellets","Mummified Hand","Whetstone","Shuriken","Juzu Bracelet","Strawberry","Bag of Preparation","The Courier","CeramicFish","InkBottle","Question Card","Medical Kit","Lizard Tail","Bottled Lightning","Ancient Tea Set","War Paint"],"acts_visited":["Exordium","TheCity","TheBeyond"],"potions_floor_usage":[19,19,27],"damage_taken":[{"damage":0,"enemies":"Cultist","floor":1,"turns":2},{"damage":2,"enemies":"Jaw Worm","floor":2,"turns":2},{"damage":0,"enemies":"Small Slimes","floor":5,"turns":1},{"damage":0,"enemies":"Gremlin Nob","floor":6,"turns":2},{"damage":0,"enemies":"Lagavulin","floor":10,"turns":2},{"damage":4,"enemies":"3 Louse","floor":11,"turns":2},{"damage":0,"enemies":"3 Sentries","floor":12,"turns":3},{"damage":0,"enemies":"Exordium Wildlife","floor":13,"turns":3},{"damage":0,"enemies":"Gremlin Nob","floor":14,"turns":2},{"damage":9,"enemies":"Hexaghost","floor":16,"turns":5},{"damage":0,"enemies":"3 Byrds","floor":18,"turns":4},{"damage":0,"enemies":"2 Thieves","floor":19,"turns":2},{"damage":0,"enemies":"Shelled Parasite and Fungi","floor":21,"turns":3},{"damage":0,"enemies":"Snecko","floor":22,"turns":3},{"damage":0,"enemies":"Book of Stabbing","floor":23,"turns":3},{"damage":0,"enemies":"Chosen and Byrds","floor":24,"turns":4},{"damage":21,"enemies":"Slavers","floor":27,"turns":4},{"damage":4,"enemies":"Shelled Parasite and Fungi","floor":29,"turns":3},{"damage":6,"enemies":"Book of Stabbing","floor":31,"turns":3},{"damage":14,"enemies":"Champ","floor":33,"turns":6},{"damage":7,"enemies":"3 Darklings","floor":35,"turns":4},{"damage":2,"enemies":"Orb Walker","floor":38,"turns":3},{"damage":0,"enemies":"Reptomancer","floor":41,"turns":4},{"damage":4,"enemies":"Nemesis","floor":44,"turns":3},{"damage":0,"enemies":"Spire Growth","floor":45,"turns":2},{"damage":0,"enemies":"Time Eater","floor":50,"turns":3}],"seed_played":"4085029668113987600","potions_obtained":[{"floor":1,"key":"SneckoOil"},{"floor":2,"key":"Explosive Potion"},{"floor":2,"key":"DistilledChaos"},{"floor":12,"key":"AttackPotion"},{"floor":19,"key":"LiquidBronze"},{"floor":19,"key":"Explosive Potion"},{"floor":22,"key":"BottledMiracle"},{"floor":23,"key":"DuplicationPotion"},{"floor":27,"key":"Block Potion"},{"floor":29,"key":"LiquidMemories"},{"floor":31,"key":"LiquidMemories"}],"is_trial":false,"path_per_floor":["M","M","T","?","M","E","R","?","T","E","M","E","M","E","R","B",null,"M","M","?","M","M","E","M","R","T","E","?","M","R","E","R","B",null,"M","?","$","M","$","R","E","?","T","E","M","$","R","$","R","B",null],"character_chosen":"WATCHER","items_purchased":["OrangePellets","Whetstone","Mayhem+1","Shuriken","Juzu Bracelet","Medical Kit","Lizard Tail","Bottled Lightning"],"campfire_rested":0,"item_purchase_floors":[37,39,39,39,39,46,46,46],"current_hp_per_floor":[76,74,74,63,63,63,63,63,63,66,65,68,71,74,74,73,80,80,80,80,80,80,80,82,82,82,70,70,78,78,83,83,81,92,94,94,94,95,95,103,105,105,105,104,109,109,109,109,109,113],"gold":29,"neow_bonus":"BOSS_RELIC","is_daily":false,"chose_seed":false,"campfire_upgraded":5,"win_rate":0.0,"timestamp":1608477043,"path_taken":["M","M","?","?","M","E","R","?","T","E","?","E","M","E","R","BOSS","M","M","?","M","?","E","M","R","T","E","?","M","R","E","R","BOSS","M","?","$","M","$","R","E","?","T","E","M","$","R","?","R","BOSS"],"items_purchased_type":["Relic","Relic","Card","Relic","Relic","Relic","Relic","Relic"],"build_version":"2020-12-13","purchased_purges":3,"victory":true,"max_hp_per_floor":[76,76,76,76,76,76,76,76,76,76,76,76,76,76,76,80,80,80,80,80,80,80,80,82,82,82,84,84,86,86,86,86,92,92,94,94,94,96,96,103,105,105,105,107,109,109,109,109,109,113],"relic_stats":{"Singing Bowl":18,"CeramicFish":11,"Juzu Bracelet":1,"Bag of Preparation":[8],"Whetstone":["Wallop","TalkToTheHand"],"Blood Vial":29,"Sozu":4,"Nunchaku":[16],"Lizard Tail":0,"Shovel":3,"Sundial":[4],"Mummified Hand":[16],"Pantograph":0,"Prayer Wheel":3,"VioletLotus":[23],"Kunai":[37],"InkBottle":[2],"counters":[26,78],"Pen Nib":[10],"War Paint":["Blasphemy","Omniscience"],"Question Card":0,"Medical Kit":[0],"OrangePellets":[0],"Ornamental Fan":[160],"Shuriken":[11],"Bird Faced Urn":[26],"Bronze Scales":[100],"obtain_stats":[{"Lantern":14,"Singing Bowl":23,"CeramicFish":43,"Incense Burner":9,"Juzu Bracelet":39,"Bag of Preparation":41,"TeardropLocket":27,"Whetstone":39,"Ancient Tea Set":47,"Blood Vial":6,"Sozu":34,"Nunchaku":13,"Lizard Tail":46,"Shovel":33,"Sundial":3,"Mummified Hand":38,"Pantograph":1,"Strawberry":40,"Prayer Wheel":31,"VioletLotus":0,"Kunai":12,"InkBottle":44,"Runic Pyramid":17,"Damaru":3,"Pen Nib":24,"The Courier":43,"Frozen Egg 2":9,"War Paint":49,"Question Card":45,"Medical Kit":46,"White Beast Statue":35,"OrangePellets":37,"Ornamental Fan":10,"Shuriken":39,"betterThird:SlimedRelic":4,"Bird Faced Urn":16,"Bronze Scales":26,"Bottled Lightning":46,"PureWater":0,"Toy Ornithopter":26},{"Lantern":9,"Singing Bowl":15,"CeramicFish":23,"Incense Burner":4,"Juzu Bracelet":22,"Bag of Preparation":23,"TeardropLocket":17,"Whetstone":22,"Ancient Tea Set":25,"Blood Vial":4,"Sozu":20,"Nunchaku":8,"Lizard Tail":25,"Shovel":20,"Sundial":2,"Mummified Hand":22,"Pantograph":1,"Strawberry":22,"Prayer Wheel":19,"VioletLotus":0,"Kunai":7,"InkBottle":24,"Runic Pyramid":10,"Damaru":2,"Pen Nib":16,"The Courier":23,"Frozen Egg 2":4,"War Paint":25,"Question Card":25,"Medical Kit":25,"White Beast Statue":21,"OrangePellets":21,"Ornamental Fan":5,"Shuriken":22,"betterThird:SlimedRelic":2,"Bird Faced Urn":10,"Bronze Scales":16,"Bottled Lightning":25,"PureWater":0,"Toy Ornithopter":16},{"Lantern":19,"Singing Bowl":39,"CeramicFish":70,"Incense Burner":7,"Juzu Bracelet":66,"Bag of Preparation":70,"TeardropLocket":47,"Whetstone":66,"Ancient Tea Set":75,"Blood Vial":7,"Sozu":59,"Nunchaku":17,"Lizard Tail":75,"Shovel":59,"Sundial":4,"Mummified Hand":66,"Pantograph":2,"Strawberry":66,"Prayer Wheel":53,"VioletLotus":0,"Kunai":14,"InkBottle":73,"Runic Pyramid":24,"Damaru":4,"Pen Nib":43,"The Courier":70,"Frozen Egg 2":7,"War Paint":75,"Question Card":75,"Medical Kit":75,"White Beast Statue":63,"OrangePellets":63,"Ornamental Fan":9,"Shuriken":66,"betterThird:SlimedRelic":4,"Bird Faced Urn":24,"Bronze Scales":43,"Bottled Lightning":75,"PureWater":0,"Toy Ornithopter":43}],"Toy Ornithopter":0},"card_choices":[{"not_picked":["Meditate","ThirdEye"],"picked":"Worship+1","floor":1},{"not_picked":["ClearTheMind","FlurryOfBlows"],"picked":"CutThroughFate","floor":2},{"not_picked":["JustLucky","ClearTheMind"],"picked":"FearNoEvil","floor":5},{"not_picked":["Crescendo","SashWhip"],"picked":"DeusExMachina","floor":6},{"not_picked":["MentalFortress","Sanctity","Evaluate"],"picked":"SKIP","floor":6},{"not_picked":["Adaptation+1","BattleHymn+1"],"picked":"Devotion+1","floor":10},{"not_picked":["SignatureMove","Collect","FlurryOfBlows"],"picked":"SKIP","floor":10},{"not_picked":["CutThroughFate","Vengeance"],"picked":"Perseverance","floor":11},{"not_picked":["Crescendo+1","Consecrate"],"picked":"LikeWater+1","floor":12},{"not_picked":["Crescendo","Indignation"],"picked":"Tantrum","floor":12},{"not_picked":["WindmillStrike","Protect+1"],"picked":"Wallop","floor":13},{"not_picked":["WindmillStrike","ClearTheMind+1"],"picked":"Devotion+1","floor":14},{"not_picked":["FlurryOfBlows","Establishment+1","Evaluate"],"picked":"SKIP","floor":14},{"not_picked":["MasterReality+1","LessonLearned"],"picked":"DeusExMachina","floor":16},{"not_picked":["Halt","PathToVictory","FlyingSleeves"],"picked":"SKIP","floor":18},{"not_picked":["Protect","Pray+1","EmptyFist"],"picked":"SKIP","floor":19},{"not_picked":["FlurryOfBlows","SashWhip"],"picked":"CutThroughFate","floor":21},{"not_picked":["CutThroughFate+1","EmptyFist+1"],"picked":"Blasphemy","floor":22},{"not_picked":["InnerPeace+1","Consecrate+1"],"picked":"Establishment+1","floor":23},{"not_picked":["CrushJoints+1","FlyingSleeves","DeceiveReality"],"picked":"Singing Bowl","floor":24},{"not_picked":["EmptyMind+1","FlyingSleeves+1","Protect+1"],"picked":"Singing Bowl","floor":27},{"not_picked":["JustLucky","FlurryOfBlows+1","FearNoEvil+1"],"picked":"Singing Bowl","floor":29},{"not_picked":["Pray","BowlingBash"],"picked":"Devotion+1","floor":31},{"not_picked":["Alpha","Judgement","Scrawl"],"picked":"Singing Bowl","floor":33},{"not_picked":["ThirdEye","Worship","BattleHymn+1"],"picked":"Singing Bowl","floor":35},{"not_picked":["FlyingSleeves+1","Conclude"],"picked":"TalkToTheHand","floor":35},{"not_picked":["Meditate+1","FlyingSleeves+1"],"picked":"Tantrum+1","floor":38},{"not_picked":["CrushJoints","Scrawl","CutThroughFate+1"],"picked":"Singing Bowl","floor":38},{"not_picked":["BattleHymn+1","Pray+1","ThirdEye+1"],"picked":"Singing Bowl","floor":41},{"not_picked":["Crescendo","Prostrate","ThirdEye"],"picked":"Singing Bowl","floor":44},{"not_picked":["Meditate+1","ClearTheMind"],"picked":"Omniscience","floor":45},{"not_picked":["ClearTheMind+1","Consecrate+1","EmptyFist+1"],"picked":"Singing Bowl","floor":45}],"player_experience":437912,"relics_obtained":[{"floor":1,"key":"Pantograph"},{"floor":3,"key":"Sundial"},{"floor":3,"key":"Damaru"},{"floor":6,"key":"Blood Vial"},{"floor":9,"key":"Incense Burner"},{"floor":9,"key":"Frozen Egg 2"},{"floor":10,"key":"Ornamental Fan"},{"floor":12,"key":"Kunai"},{"floor":13,"key":"Nunchaku"},{"floor":14,"key":"Lantern"},{"floor":16,"key":"Bird Faced Urn"},{"floor":23,"key":"Singing Bowl"},{"floor":24,"key":"Pen Nib"},{"floor":26,"key":"Bronze Scales"},{"floor":26,"key":"Toy Ornithopter"},{"floor":27,"key":"TeardropLocket"},{"floor":31,"key":"Prayer Wheel"},{"floor":33,"key":"Shovel"},{"floor":35,"key":"White Beast Statue"},{"floor":38,"key":"Mummified Hand"},{"floor":40,"key":"Strawberry"},{"floor":41,"key":"Bag of Preparation"},{"floor":43,"key":"The Courier"},{"floor":43,"key":"CeramicFish"},{"floor":44,"key":"InkBottle"},{"floor":45,"key":"Question Card"},{"floor":47,"key":"Ancient Tea Set"},{"floor":49,"key":"War Paint"}],"event_choices":[{"damage_healed":0,"gold_gain":0,"player_choice":"Slimed","damage_taken":11,"max_hp_gain":0,"max_hp_loss":0,"event_name":"betterThird:BetterGoop","floor":4,"gold_loss":37},{"cards_removed":["Defend_P"],"damage_healed":0,"gold_gain":0,"player_choice":"Purged","damage_taken":0,"max_hp_gain":0,"max_hp_loss":0,"event_name":"Purifier","floor":8,"gold_loss":0},{"damage_healed":0,"gold_gain":0,"player_choice":"Ignored","damage_taken":0,"max_hp_gain":0,"max_hp_loss":0,"event_name":"betterNote:BetterNote","floor":20,"gold_loss":0,"cards_obtained":["Searing Blow"]},{"damage_healed":0,"gold_gain":0,"player_choice":"Ignored","damage_taken":0,"max_hp_gain":0,"max_hp_loss":0,"event_name":"Vampires","floor":28,"gold_loss":0},{"damage_healed":0,"gold_gain":300,"player_choice":"Gold","damage_taken":0,"max_hp_gain":0,"max_hp_loss":0,"event_name":"Wheel of Change","floor":36,"gold_loss":0},{"cards_removed":["Establishment"],"damage_healed":0,"gold_gain":0,"player_choice":"Upgrade and Remove","damage_taken":0,"max_hp_gain":0,"max_hp_loss":0,"event_name":"Designer","floor":42,"gold_loss":90,"cards_upgraded":["DeusExMachina"]}],"is_beta":false,"boss_relics":[{"not_picked":["Tiny House","Fusion Hammer"],"picked":"Runic Pyramid"},{"not_picked":["Runic Dome","Velvet Choker"],"picked":"Sozu"}],"items_purged_floors":[37,37,39],"is_endless":false,"potions_floor_spawned":[2,5,16,19,21,31,33,38,41,44,45],"ascension_level":0}}