{"host":"hjw1ay65n7jm40lc","time":1608472334,"event":{"mods":["AchievementEnabler","BaseMod","Block Reminder","Colored Map","Colored Powertips","Downfall","Googly Eyes","Highlight Path","Minty Spire (QoL Compilation)","Quick Restart","Relic Stats","StSLib"],"gold_per_floor":[99,126,43,143,143,154,154,179,179,204,204,204,220,233,249,344,344,344,360,370,217,236,247,247,247,247],"floor_reached":25,"playtime":3315,"items_purged":[],"score":221,"play_id":"1413d34c-feae-4495-8564-666f650dc37a","local_time":"20201220085214","is_ascension_mode":false,"campfire_choices":[{"data":"champ:Taunt","floor":1.0,"key":"SMITH"},{"data":"champ:BerserkerStyle","floor":5.0,"key":"SMITH"},{"data":"champ:EndlessRage","floor":9.0,"key":"SMITH"},{"floor":18,"key":"RECALL"}],"circlet_count":0,"master_deck":["champ:Defend","champ:Defend","champ:Defend","champ:Defend","champ:Execute+1","champ:Taunt+1","champ:FanOfKnives","champ:ArenaPreparation","champ:BerserkerStyle+1","champ:EndlessRage+1","champ:FlashCut+1","champ:EnragedBash","champ:Lariat","champ:StrikeOfGenius","champ:FaceSlap+1","champ:GladiatorsShout+1","champ:StrikeOfGenius+1","champ:Backstep","champ:FaceSlap","champ:SwordThrow","champ:BringItOn+1"],"relics":["champ:ChampionCrown","Nunchaku","Pantograph","Ancient Tea Set","Blue Candle","Astrolabe","Whetstone"],"acts_visited":["Exordium","TheCity"],"potions_floor_usage":[15,21,25,25],"damage_taken":[{"damage":29.0,"enemies":"3 Sentries","floor":2.0,"turns":10.0},{"damage":15.0,"enemies":"downfall:FleeingMerchant","floor":3.0,"turns":4.0},{"damage":18.0,"enemies":"Jaw Worm","floor":6.0,"turns":3.0},{"damage":42.0,"enemies":"Lagavulin","floor":8.0,"turns":6.0},{"damage":43.0,"enemies":"3 Sentries","floor":10.0,"turns":6.0},{"damage":19.0,"enemies":"Small Slimes","floor":13.0,"turns":4.0},{"damage":18,"enemies":"Cultist","floor":14,"turns":2},{"damage":15,"enemies":"Lots of Slimes","floor":15,"turns":2},{"damage":123,"enemies":"downfall:Defect","floor":16,"turns":7},{"damage":36,"enemies":"Chosen","floor":19,"turns":4},{"damage":54,"enemies":"Spheric Guardian","floor":20,"turns":6},{"damage":40,"enemies":"downfall:FleeingMerchant","floor":21,"turns":4},{"damage":36,"enemies":"Snecko","floor":22,"turns":6},{"damage":58,"enemies":"Shelled Parasite and Fungi","floor":23,"turns":8},{"damage":40,"enemies":"Slavers","floor":25,"turns":2}],"seed_played":"-7434680564411691051","potions_obtained":[{"floor":6.0,"key":"BlessingOfTheForge"},{"floor":10.0,"key":"Explosive Potion"},{"floor":13.0,"key":"DistilledChaos"},{"floor":16,"key":"LiquidBronze"},{"floor":20,"key":"PowerPotion"},{"floor":22,"key":"champ:UltimateStancePotion"}],"is_trial":false,"path_per_floor":["R","E","$","?","R","M","T","E","R","E","?","?","M","M","M","B",null,"R","M","M","$","M","M","T","E"],"character_chosen":"THE_CHAMP","items_purchased":["champ:BerserkerStyle","champ:SwordThrow"],"campfire_rested":0,"item_purchase_floors":[3,21],"current_hp_per_floor":[99,85,80,80,80,77,77,66,66,55,55,88,92,97,96,23,99,99,96,68,73,82,33,33,0,0],"gold":247,"neow_bonus":"TEN_PERCENT_HP_BONUS","is_daily":false,"chose_seed":false,"campfire_upgraded":3,"win_rate":0.0,"timestamp":1608472334,"path_taken":["R","E","$","?","R","M","T","E","R","E","?","?","?","M","M","BOSS","R","M","M","$","M","M","T","E"],"items_purchased_type":["Card","Card"],"build_version":"2020-12-13","purchased_purges":0,"victory":false,"max_hp_per_floor":[99,99,99,99,99,99,99,99,99,99,99,99,99,99,99,99,99,99,99,99,99,99,99,99,99,99],"relic_stats":{"Nunchaku":[9],"counters":[15,74],"Pantograph":3,"Blue Candle":[0],"Astrolabe":["champ:FaceSlap","champ:GladiatorsShout","champ:StrikeOfGenius"],"Whetstone":["champ:Execute","champ:FlashCut"],"obtain_stats":[{"Nunchaku":2,"Pantograph":7,"Blue Candle":10,"Astrolabe":17,"champ:ChampionCrown":0,"Whetstone":24,"Ancient Tea Set":8},{"Nunchaku":1,"Pantograph":3,"Blue Candle":5,"Astrolabe":9,"champ:ChampionCrown":0,"Whetstone":14,"Ancient Tea Set":4},{"Nunchaku":10,"Pantograph":17,"Blue Candle":29,"Astrolabe":44,"champ:ChampionCrown":0,"Whetstone":72,"Ancient Tea Set":23}]},"card_choices":[{"not_picked":["champ:GladiatorsShout","champ:RapidStrikes"],"picked":"champ:FanOfKnives","floor":2.0},{"not_picked":["champ:PreciseThrust","champ:EnGarde"],"picked":"champ:ArenaPreparation","floor":3.0},{"not_picked":["champ:ShieldWall","champ:FightOn","champ:Circumvent"],"picked":"SKIP","floor":6.0},{"not_picked":["champ:HeartStrike","champ:EnGarde"],"picked":"champ:EndlessRage","floor":8.0},{"not_picked":["champ:Duel","champ:DefensiveShout"],"picked":"champ:FlashCut","floor":10.0},{"not_picked":["champ:Haymaker","champ:GutPunch","champ:BladeFlurry"],"picked":"SKIP","floor":13.0},{"not_picked":["champ:PreciseThrust","champ:FocusedGladiator"],"picked":"champ:EnragedBash","floor":14},{"not_picked":["champ:Encircle","champ:FalseCounter"],"picked":"champ:Lariat","floor":15},{"not_picked":["champ:Improvising","champ:ShieldThrow"],"picked":"champ:StrikeOfGenius","floor":16},{"not_picked":["champ:DeathBlow+1","champ:BladeFlurry"],"picked":"champ:Backstep","floor":19},{"not_picked":["champ:FanOfKnives","champ:Backstep"],"picked":"champ:FaceSlap","floor":20},{"not_picked":["champ:FlashCut+1","champ:GutPunch","champ:Backstep+1"],"picked":"SKIP","floor":21},{"not_picked":["champ:EnGarde","champ:CalledShot","champ:FightOn"],"picked":"SKIP","floor":22},{"not_picked":["champ:RecklessLeap+1","champ:CrookedStrike"],"picked":"champ:BringItOn+1","floor":23}],"player_experience":401746,"relics_obtained":[{"floor":2.0,"key":"Nunchaku"},{"floor":7.0,"key":"Pantograph"},{"floor":8.0,"key":"Ancient Tea Set"},{"floor":10.0,"key":"Blue Candle"},{"floor":24,"key":"Whetstone"}],"event_choices":[{"cards_removed":["champ:Strike"],"damage_healed":0.0,"max_hp_gain":0.0,"max_hp_loss":0.0,"gold_gain":0.0,"event_name":"Living Wall","player_choice":"Forget","floor":11.0,"gold_loss":0.0,"damage_taken":0.0},{"damage_healed":33.0,"max_hp_gain":0.0,"max_hp_loss":0.0,"gold_gain":0.0,"event_name":"Big Fish","player_choice":"Banana","floor":12.0,"gold_loss":0.0,"damage_taken":0.0}],"is_beta":false,"boss_relics":[{"not_picked":["Runic Pyramid","Tiny House"],"picked":"Astrolabe"}],"items_purged_floors":[],"is_endless":false,"potions_floor_spawned":[6,10,13,16,20,22],"killed_by":"Slavers","ascension_level":0}}