{"host":"b4asi0laiv85suj9","time":1608463508,"event":{"mods":["BaseMod","Minty Spire (QoL Compilation)","MostiFishMod","Relic Stats","StSLib","TestMod","noobMod"],"gold_per_floor":[118,193,193,193,193,193,224,250,288,311,354,382,394,440,452,537,549,581,593,91,1,16,46,46,71,141,141,81,101,101,127,127,206,206,223,239,239,253,269,304,316,316,316,330,204,236,236,261,261,261,261,261,181,208,208],"floor_reached":56,"playtime":1373,"items_purged":["Strike_R","Defend_R"],"score":2959,"play_id":"050867b7-bfe8-4c34-b867-9f2414d18c2a","local_time":"20201220192508","is_ascension_mode":true,"campfire_choices":[{"data":"Infernal Blade","floor":6.0,"key":"SMITH"},{"floor":13.0,"key":"RECALL"},{"data":"LessonLearned","floor":15.0,"key":"SMITH"},{"data":"Evolve","floor":27,"key":"SMITH"},{"data":"Tantrum","floor":30,"key":"SMITH"},{"data":"EmptyMind","floor":32,"key":"SMITH"},{"data":"MostiFishMod:Mottled+2","floor":42,"key":"SMITH"},{"data":"MostiFishMod:Mottled+4","floor":47,"key":"SMITH"},{"data":"MostiFishMod:Mottled+5","floor":49,"key":"SMITH"},{"data":"MostiFishMod:Mottled+6","floor":52,"key":"SMITH"}],"circlet_count":0,"master_deck":["AscendersBane","Strike_R+1","Defend_R+1","Defend_R+1","Defend_R+1","Bash+1","Infernal Blade+1","Underhanded Strike+1","Rampage+1","LessonLearned+1","MostiFishMod:Mottled+7","Offering+1","testmod-Automaton+1","Evolve+1","Tantrum+1","MostiFishMod:SparklingWater+1","EmptyMind+1","testmod-AssimilatedRune+1","TalkToTheHand+1","Dark Embrace+1","Wallop"],"relics":["testmod-TestBox","DaveBox","ice","RhineCircuit","testmod-Nyarlathotep","PatriotShield","Question Card","PrismaticShard","Darkstone Periapt","MawBank","Omamori","testmod-Justice","ImportantClient","ShadowXiaoBlade","BrkXgEgg","Sundial","Magic Flower","Frozen Egg 2","Singing Bowl","Bottled Tornado","Black Star","Pear","Dead Branch","testmod-BalancedPeriapt","TungstenRod","testmod-TurbochargingSystem","testmod-BlackFramedGlasses","Lantern","Orichalcum","Bottled Flame","testmod-OneHitWonder"],"acts_visited":["Exordium","TheCity","TheBeyond","TheEnding"],"potions_floor_usage":[],"damage_taken":[{"damage":0.0,"enemies":"2 Louse","floor":1.0,"turns":1.0},{"damage":0.0,"enemies":"Gremlin Nob","floor":7.0,"turns":1.0},{"damage":0.0,"enemies":"Small Slimes","floor":8.0,"turns":1.0},{"damage":0.0,"enemies":"Jaw Worm","floor":10.0,"turns":2.0},{"damage":0.0,"enemies":"3 Sentries","floor":11.0,"turns":1.0},{"damage":0.0,"enemies":"Large Slime","floor":12.0,"turns":1.0},{"damage":0.0,"enemies":"Lagavulin","floor":14.0,"turns":2.0},{"damage":0.0,"enemies":"Hexaghost","floor":16.0,"turns":5.0},{"damage":0.0,"enemies":"Chosen","floor":18.0,"turns":1.0},{"damage":6,"enemies":"Shell Parasite","floor":22,"turns":4},{"damage":6,"enemies":"Book of Stabbing","floor":23,"turns":1},{"damage":6,"enemies":"Gremlin Leader","floor":25,"turns":1},{"damage":0,"enemies":"Snake Plant","floor":29,"turns":1},{"damage":6,"enemies":"Book of Stabbing","floor":31,"turns":1},{"damage":6,"enemies":"Collector","floor":33,"turns":1},{"damage":0,"enemies":"3 Shapes","floor":35,"turns":1},{"damage":0,"enemies":"Orb Walker","floor":36,"turns":1},{"damage":0,"enemies":"Maw","floor":38,"turns":2},{"damage":14,"enemies":"Spire Growth","floor":39,"turns":2},{"damage":6,"enemies":"Reptomancer","floor":40,"turns":2},{"damage":0,"enemies":"Transient","floor":41,"turns":1},{"damage":3,"enemies":"Sphere and 2 Shapes","floor":44,"turns":2},{"damage":0,"enemies":"Nemesis","floor":46,"turns":1},{"damage":4,"enemies":"Reptomancer","floor":48,"turns":1},{"damage":8,"enemies":"Donu and Deca","floor":50,"turns":1},{"damage":0,"enemies":"Shield and Spear","floor":54,"turns":1},{"damage":11,"enemies":"The Heart","floor":55,"turns":1}],"seed_played":"4240917794956247334","potions_obtained":[{"floor":1.0,"key":"Fire Potion"},{"floor":7.0,"key":"SkillPotion"},{"floor":22,"key":"EntropicBrew"},{"floor":31,"key":"PowerPotion"}],"is_trial":false,"path_per_floor":["M","?","?","?","?","R","E","M","T","M","E","M","R","E","R","B",null,"M","?","$","?","M","E","$","E","T","R","$","M","R","E","R","B",null,"M","M","?","M","M","E","M","R","T","M","?","E","R","E","R","B",null,"R","$","E","B",null],"character_chosen":"IRONCLAD","items_purchased":["BrkXgEgg","Sundial","Offering+1","testmod-Automaton"],"campfire_rested":0,"item_purchase_floors":[20,20,20,20],"current_hp_per_floor":[68,57,57,39,32,32,32,32,32,32,32,32,32,32,32,32,64,64,64,64,64,58,52,52,46,46,46,46,46,46,42,42,36,67,69,71,71,73,61,65,67,67,67,64,64,70,70,74,74,82,93,93,93,95,86],"gold":208,"neow_bonus":"BOSS_RELIC","is_daily":false,"chose_seed":false,"campfire_upgraded":9,"win_rate":0.0,"timestamp":1608463508,"path_taken":["M","?","?","?","?","R","E","M","T","M","E","M","R","E","R","BOSS","M","?","$","?","?","E","$","E","T","R","$","M","R","E","R","BOSS","M","M","?","M","M","E","M","R","T","M","?","E","R","E","R","BOSS","R","$","E","BOSS"],"items_purchased_type":["Relic","Relic","Card","Card"],"build_version":"2020-12-13","purchased_purges":2,"victory":true,"max_hp_per_floor":[75,75,75,75,75,75,75,75,75,75,75,75,75,75,75,75,75,75,75,75,75,75,75,75,75,75,75,75,75,75,77,77,77,77,79,81,81,83,85,95,97,97,97,97,97,97,97,97,97,97,97,97,97,97,97],"relic_stats":{"Darkstone Periapt":0,"Singing Bowl":16,"counters":[27,40],"Sundial":[0],"Dead Branch":[93],"Magic Flower":[9],"Black Star":4,"Orichalcum":[0],"Question Card":24,"MawBank":156,"obtain_stats":[{"Darkstone Periapt":4,"PatriotShield":0,"Lantern":48,"DaveBox":0,"Singing Bowl":26,"Magic Flower":23,"ice":0,"testmod-Nyarlathotep":0,"Bottled Tornado":31,"PrismaticShard":1,"Burning Blood":0,"testmod-BlackFramedGlasses":46,"Sundial":20,"ImportantClient":16,"testmod-TestBox":0,"Pear":40,"Dead Branch":40,"ShadowXiaoBlade":17,"BrkXgEgg":20,"Omamori":11,"testmod-TurbochargingSystem":46,"testmod-Justice":14,"Frozen Egg 2":25,"Orichalcum":48,"Question Card":1,"MawBank":7,"RhineCircuit":0,"Bottled Flame":54,"Black Star":34,"testmod-BalancedPeriapt":43,"TungstenRod":45,"testmod-OneHitWonder":54},{"Darkstone Periapt":1,"PatriotShield":0,"Lantern":24,"DaveBox":0,"Singing Bowl":12,"Magic Flower":11,"ice":0,"testmod-Nyarlathotep":0,"Bottled Tornado":14,"PrismaticShard":1,"Burning Blood":0,"testmod-BlackFramedGlasses":23,"Sundial":9,"ImportantClient":8,"testmod-TestBox":0,"Pear":20,"Dead Branch":20,"ShadowXiaoBlade":8,"BrkXgEgg":9,"Omamori":5,"testmod-TurbochargingSystem":23,"testmod-Justice":7,"Frozen Egg 2":12,"Orichalcum":24,"Question Card":1,"MawBank":2,"RhineCircuit":0,"Bottled Flame":26,"Black Star":15,"testmod-BalancedPeriapt":21,"TungstenRod":22,"testmod-OneHitWonder":26},{"Darkstone Periapt":1,"PatriotShield":0,"Lantern":37,"DaveBox":0,"Singing Bowl":21,"Magic Flower":20,"ice":0,"testmod-Nyarlathotep":0,"Bottled Tornado":23,"PrismaticShard":1,"Burning Blood":0,"testmod-BlackFramedGlasses":36,"Sundial":15,"ImportantClient":14,"testmod-TestBox":0,"Pear":32,"Dead Branch":32,"ShadowXiaoBlade":14,"BrkXgEgg":15,"Omamori":6,"testmod-TurbochargingSystem":36,"testmod-Justice":9,"Frozen Egg 2":21,"Orichalcum":37,"Question Card":1,"MawBank":2,"RhineCircuit":0,"Bottled Flame":39,"Black Star":24,"testmod-BalancedPeriapt":33,"TungstenRod":35,"testmod-OneHitWonder":39}],"TungstenRod":13},"card_choices":[{"not_picked":["Rupture","Havoc"],"picked":"Infernal Blade","floor":1.0},{"not_picked":["True Grit","Slice","ReachHeaven","testmod-LimitFlipper"],"picked":"SKIP","floor":7.0},{"not_picked":["Deadly Poison","Enlightenment","EmptyFist"],"picked":"Underhanded Strike","floor":8.0},{"not_picked":["Flechettes","CutThroughFate","Ghostly Armor","WindmillStrike"],"picked":"SKIP","floor":10.0},{"not_picked":["Iron Wave","Armaments","Bane"],"picked":"Rampage","floor":11.0},{"not_picked":["Poisoned Stab","Blade Dance","Wild Strike"],"picked":"LessonLearned","floor":12.0},{"not_picked":["testmod-Mystery","Swift Strike","Sweeping Beam","Headbutt"],"picked":"SKIP","floor":14.0},{"not_picked":["MostiFishMod:WingOfPhoenix","Hyperbeam","MostiFishMod:DawningShadow"],"picked":"MostiFishMod:Mottled","floor":16.0},{"not_picked":["PiercingWail","Compile Driver","testmod-Mystery","All Out Attack"],"picked":"SKIP","floor":18.0},{"not_picked":["Feel No Pain","Cloak And Dagger","Dodge and Roll+1"],"picked":"Evolve","floor":22},{"not_picked":["MostiFishMod:PoisonShield","Crescendo","Chaos+1"],"picked":"Tantrum","floor":23},{"not_picked":["Flying Knee","Static Discharge+1","Expertise"],"picked":"MostiFishMod:SparklingWater+1","floor":25},{"not_picked":["Prepared","Dagger Throw","Sucker Punch"],"picked":"EmptyMind","floor":29},{"not_picked":["Quick Slash","MostiFishMod:FantasySummer+1","CutThroughFate","Beam Cell"],"picked":"Singing Bowl","floor":31},{"not_picked":["Metamorphosis+1","MostiFishMod:LinkProtocol+1","Limit Break+1"],"picked":"testmod-AssimilatedRune+1","floor":33},{"not_picked":["MostiFishMod:ThornCasing+1","Streamline","Perfected Strike","Twin Strike"],"picked":"Singing Bowl","floor":35},{"not_picked":["Deflect+1","Inflame+1","BowlingBash+1","Clash+1"],"picked":"Singing Bowl","floor":36},{"not_picked":["testmod-TemporaryDeletion+1","Reflex","Body Slam","testmod-PainDetonator"],"picked":"Singing Bowl","floor":38},{"not_picked":["testmod-PainDetonator","Quick Slash","Twin Strike","MostiFishMod:Speedup+1"],"picked":"Singing Bowl","floor":39},{"not_picked":["Chill","WindmillStrike","Collect"],"picked":"TalkToTheHand+1","floor":40},{"not_picked":["EmptyBody+1","Panacea+1","Perfected Strike","Seek+1"],"picked":"Singing Bowl","floor":41},{"not_picked":["Twin Strike","Thunderclap+1","Heel Hook"],"picked":"Dark Embrace+1","floor":44},{"not_picked":["Rebound","Protect","Prostrate+1","Conclude"],"picked":"Singing Bowl","floor":46},{"not_picked":["EmptyBody","Impatience","Clothesline","MostiFishMod:LegendTransform+1"],"picked":"Singing Bowl","floor":48},{"not_picked":["True Grit","Dagger Throw","Forethought"],"picked":"Wallop","floor":54}],"player_experience":212232,"relics_obtained":[{"floor":1.0,"key":"Question Card"},{"floor":1.0,"key":"PrismaticShard"},{"floor":7.0,"key":"MawBank"},{"floor":11.0,"key":"Omamori"},{"floor":14.0,"key":"testmod-Justice"},{"floor":16.0,"key":"ImportantClient"},{"floor":23,"key":"Magic Flower"},{"floor":25,"key":"Frozen Egg 2"},{"floor":26,"key":"Singing Bowl"},{"floor":31,"key":"Bottled Tornado"},{"floor":40,"key":"Pear"},{"floor":40,"key":"Dead Branch"},{"floor":43,"key":"testmod-BalancedPeriapt"},{"floor":46,"key":"testmod-TurbochargingSystem"},{"floor":46,"key":"testmod-BlackFramedGlasses"},{"floor":48,"key":"Lantern"},{"floor":48,"key":"Orichalcum"},{"floor":54,"key":"Bottled Flame"},{"floor":54,"key":"testmod-OneHitWonder"}],"event_choices":[{"damage_healed":0.0,"max_hp_gain":0.0,"max_hp_loss":0.0,"gold_gain":75.0,"event_name":"World of Goop","player_choice":"Gather Gold","floor":2.0,"gold_loss":0.0,"damage_taken":11.0},{"damage_healed":0.0,"max_hp_gain":0.0,"max_hp_loss":0.0,"gold_gain":0.0,"event_name":"Living Wall","player_choice":"Grow","floor":3.0,"gold_loss":0.0,"damage_taken":0.0,"cards_upgraded":["Bash"]},{"damage_healed":0.0,"max_hp_gain":0.0,"max_hp_loss":0.0,"gold_gain":0.0,"event_name":"Scrap Ooze","player_choice":"Success","floor":4.0,"gold_loss":0.0,"damage_taken":18.0,"relics_obtained":["Darkstone Periapt"]},{"cards_removed":["Strike_R"],"damage_healed":0.0,"max_hp_gain":0.0,"max_hp_loss":0.0,"gold_gain":0.0,"event_name":"Golden Wing","player_choice":"Card Removal","floor":5.0,"gold_loss":0.0,"damage_taken":7.0},{"cards_removed":["Strike_R"],"damage_healed":0.0,"max_hp_gain":0.0,"max_hp_loss":0.0,"gold_gain":0.0,"event_name":"Back to Basics","player_choice":"Elegance","floor":19.0,"gold_loss":0.0,"damage_taken":0.0},{"cards_removed":["Strike_R"],"damage_healed":0,"gold_gain":0,"player_choice":"Upgrade and Remove","damage_taken":0,"max_hp_gain":0,"max_hp_loss":0,"event_name":"Designer","floor":21,"gold_loss":90,"cards_upgraded":["Defend_R"]},{"damage_healed":0,"gold_gain":0,"player_choice":"Ignored","damage_taken":0,"max_hp_gain":0,"max_hp_loss":0,"event_name":"给自己的盒子","floor":37,"gold_loss":0},{"damage_healed":0,"gold_gain":0,"player_choice":"Paid Gold","damage_taken":0,"relics_obtained":["TungstenRod"],"max_hp_gain":0,"max_hp_loss":0,"event_name":"WeMeetAgain","floor":45,"gold_loss":126}],"is_beta":false,"boss_relics":[{"not_picked":["testmod-SaigiyounoYou","Fusion Hammer"],"picked":"ShadowXiaoBlade"},{"not_picked":["RhineSuit","SacredBark"],"picked":"Black Star"}],"items_purged_floors":[28,53],"is_endless":false,"potions_floor_spawned":[1,7,22,23,31,33,38,39,40,46,48],"ascension_level":14}}