{"host":"x1qj4d8ympd5jdqh","time":1608451263,"event":{"mods":["AchievementEnabler","AlwaysNeverKeys","BaseMod","Colored Map","Custom Start","DeckTracker","Highlight Path","Minty Spire (QoL Compilation)","StSLib","SuperFastMode"],"gold_per_floor":[110,130,130,140,159,159,170,170,239,239,289,302,302,316,316,316,316],"floor_reached":16,"playtime":425,"items_purged":[],"score":188,"play_id":"4a02c704-a8aa-404c-8568-0720ca065d80","local_time":"20201220170103","is_ascension_mode":true,"campfire_choices":[{"data":"Body Slam","floor":6,"key":"SMITH"},{"data":"Double Tap","floor":8,"key":"SMITH"},{"data":"Power Through","floor":10,"key":"SMITH"},{"data":"Armaments","floor":15,"key":"SMITH"}],"circlet_count":0,"master_deck":["AscendersBane","Strike_R","Strike_R","Strike_R","Strike_R","Defend_R","Defend_R","Defend_R","Defend_R","Bash","Double Tap+1","Body Slam+1","Power Through+1","Inflame","Dropkick","Cleave","Entrench","Rage","Armaments+1"],"relics":["Burning Blood","Singing Bowl"],"acts_visited":["Exordium"],"potions_floor_usage":[7],"damage_taken":[{"damage":0,"enemies":"2 Louse","floor":1,"turns":2},{"damage":6,"enemies":"Cultist","floor":2,"turns":3},{"damage":23,"enemies":"Small Slimes","floor":4,"turns":4},{"damage":21,"enemies":"Blue Slaver","floor":5,"turns":4},{"damage":9,"enemies":"Lots of Slimes","floor":7,"turns":4},{"damage":22,"enemies":"Exordium Wildlife","floor":12,"turns":5},{"damage":3,"enemies":"Blue Slaver","floor":14,"turns":4},{"damage":16,"enemies":"The Guardian","floor":16,"turns":7}],"seed_played":"4860074194621119439","potions_obtained":[{"floor":5,"key":"DistilledChaos"},{"floor":7,"key":"Energy Potion"},{"floor":12,"key":"BlessingOfTheForge"}],"is_trial":false,"path_per_floor":["M","M","?","M","M","R","M","R","T","R","?","M","?","M","R","B"],"character_chosen":"IRONCLAD","items_purchased":[],"campfire_rested":0,"item_purchase_floors":[],"current_hp_per_floor":[74,74,74,57,42,42,39,39,39,39,39,23,23,26,26,10,10],"gold":316,"neow_bonus":"ONE_RANDOM_RARE_CARD","is_daily":false,"chose_seed":false,"campfire_upgraded":4,"win_rate":0.0,"timestamp":1608451263,"path_taken":["M","M","?","M","?","R","M","R","T","R","?","?","?","M","R","BOSS"],"items_purchased_type":[],"build_version":"2020-12-13","purchased_purges":0,"victory":false,"max_hp_per_floor":[75,75,75,75,75,75,75,75,75,75,75,75,75,75,75,75,75],"card_choices":[{"not_picked":["Clash","Flex"],"picked":"Body Slam","floor":1},{"not_picked":["Feel No Pain","Disarm"],"picked":"Power Through","floor":2},{"not_picked":["Flex","Power Through"],"picked":"Dropkick","floor":4},{"not_picked":["Perfected Strike","Twin Strike"],"picked":"Cleave","floor":5},{"not_picked":["Dual Wield","Iron Wave"],"picked":"Entrench","floor":7},{"not_picked":["True Grit","Sword Boomerang"],"picked":"Rage","floor":12},{"not_picked":["Combust","Body Slam"],"picked":"Armaments","floor":14}],"player_experience":1250250,"relics_obtained":[{"floor":9,"key":"Singing Bowl"}],"event_choices":[{"damage_healed":0,"gold_gain":0,"cards_transformed":["Strike_R"],"player_choice":"Transformed","damage_taken":0,"max_hp_gain":0,"max_hp_loss":0,"event_name":"Transmorgrifier","floor":3,"gold_loss":0,"cards_obtained":["Inflame"]},{"damage_healed":0,"gold_gain":50,"player_choice":"Pray","damage_taken":0,"max_hp_gain":0,"max_hp_loss":0,"event_name":"Golden Shrine","floor":11,"gold_loss":0},{"damage_healed":0,"gold_gain":0,"player_choice":"Ignored","damage_taken":0,"max_hp_gain":0,"max_hp_loss":0,"event_name":"Liars Game","floor":13,"gold_loss":0}],"is_beta":false,"boss_relics":[],"items_purged_floors":[],"is_endless":false,"potions_floor_spawned":[5,7,12],"killed_by":"The Guardian","ascension_level":20}}