{"host":"qfskrnw3pl1q86j0","time":1608497525,"event":{"mods":["BaseMod","Block Reminder","Hermit","Marisa????????","Minty Spire (QoL Compilation)","Quick Restart","Random Character Button","StSLib","The Poker Player","slay the spire mod where everything is the same but ironclad has a cowboy hat"],"gold_per_floor":[12,26,43,43,60,60,71,99,99,99,118,43,43,43,43,169,169,183,83,83,8,19,19,35,35,80,91,91,110,110,124,124,220,220,240,240,252,262,281,281,300,300,300,320,334,347,123,139,139,139],"floor_reached":51,"playtime":1703,"items_purged":["Strike_G","Strike_G","Writhe"],"score":682,"play_id":"ed1182df-2809-4179-9cb1-36e4b8056bcc","local_time":"20201220215205","is_ascension_mode":false,"campfire_choices":[{"data":"Neutralize","floor":6.0,"key":"SMITH"},{"data":"Die Die Die","floor":10.0,"key":"SMITH"},{"data":"Dagger Spray","floor":13.0,"key":"SMITH"},{"data":"Terror","floor":15.0,"key":"SMITH"},{"data":"Phantasmal Killer","floor":23,"key":"SMITH"},{"data":"Footwork","floor":25,"key":"SMITH"},{"data":"Deflect","floor":30,"key":"SMITH"},{"data":"Survivor","floor":32,"key":"SMITH"},{"data":"Unload","floor":40,"key":"SMITH"},{"data":"Escape Plan","floor":42,"key":"SMITH"},{"data":"Strike_G","floor":49,"key":"PURGE"}],"circlet_count":0,"master_deck":["Strike_G","Defend_G","Defend_G","Defend_G","Defend_G","Defend_G","Survivor+1","Neutralize+1","Die Die Die+1","Dagger Spray+1","Deflect+1","Terror+1","Phantasmal Killer+1","CurseOfTheBell","Dagger Spray+1","Footwork+1","Escape Plan+1","Sucker Punch+1","Unload+1","Quick Slash+1","Dodge and Roll+1","Dodge and Roll+1","Caltrops+1"],"relics":["Ring of the Snake","Letter Opener","Bottled Flame","Bloody Idol","Calling Bell","Oddly Smooth Stone","Eternal Feather","TungstenRod","Nunchaku","Boot","Coffee Dripper","Peace Pipe","Frozen Egg 2"],"acts_visited":["Exordium","TheCity","TheBeyond"],"potions_floor_usage":[18,29,29,33,50,50,50],"damage_taken":[{"damage":2.0,"enemies":"Cultist","floor":1.0,"turns":4.0},{"damage":5.0,"enemies":"Small Slimes","floor":2.0,"turns":3.0},{"damage":0.0,"enemies":"2 Louse","floor":3.0,"turns":3.0},{"damage":2.0,"enemies":"Looter","floor":5.0,"turns":3.0},{"damage":0.0,"enemies":"2 Fungi Beasts","floor":7.0,"turns":3.0},{"damage":0.0,"enemies":"3 Sentries","floor":8.0,"turns":4.0},{"damage":0.0,"enemies":"Red Slaver","floor":11.0,"turns":4.0},{"damage":36.0,"enemies":"The Guardian","floor":16.0,"turns":10.0},{"damage":19,"enemies":"Shell Parasite","floor":18,"turns":6},{"damage":4,"enemies":"2 Thieves","floor":22,"turns":3},{"damage":0,"enemies":"Snake Plant","floor":24,"turns":4},{"damage":4,"enemies":"Shelled Parasite and Fungi","floor":27,"turns":4},{"damage":1,"enemies":"Sentry and Sphere","floor":29,"turns":4},{"damage":12,"enemies":"Snecko","floor":31,"turns":8},{"damage":37,"enemies":"Collector","floor":33,"turns":12},{"damage":8,"enemies":"3 Darklings","floor":35,"turns":4},{"damage":0,"enemies":"3 Shapes","floor":37,"turns":1},{"damage":15,"enemies":"Spire Growth","floor":38,"turns":6},{"damage":29,"enemies":"Maw","floor":39,"turns":9},{"damage":0,"enemies":"Sphere and 2 Shapes","floor":41,"turns":3},{"damage":0,"enemies":"3 Darklings","floor":44,"turns":7},{"damage":0,"enemies":"Transient","floor":45,"turns":5},{"damage":16,"enemies":"Sphere and 2 Shapes","floor":46,"turns":4},{"damage":0,"enemies":"Jaw Worm Horde","floor":48,"turns":3},{"damage":19,"enemies":"Time Eater","floor":50,"turns":11}],"seed_played":"-1278402177117797479","potions_obtained":[{"floor":1.0,"key":"BlessingOfTheForge"},{"floor":11.0,"key":"LiquidBronze"},{"floor":16.0,"key":"SkillPotion"},{"floor":22,"key":"Block Potion"},{"floor":27,"key":"Ancient Potion"},{"floor":31,"key":"DuplicationPotion"},{"floor":33,"key":"Explosive Potion"},{"floor":37,"key":"Energy Potion"},{"floor":41,"key":"AttackPotion"},{"floor":44,"key":"Poison Potion"}],"is_trial":false,"path_per_floor":["M","M","M","$","M","R","M","E","T","R","M","$","R","?","R","B",null,"M","$","?","?","M","R","M","R","T","M","?","M","R","M","R","B",null,"M","?","M","M","M","R","M","R","T","M","M","M","$","M","R","B",null],"character_chosen":"THE_SILENT","items_purchased":["SteroidPotion","Dexterity Potion"],"campfire_rested":0,"item_purchase_floors":[47,47],"current_hp_per_floor":[68,63,63,63,61,61,61,61,61,61,61,61,61,44,44,8,70,51,51,51,51,57,66,70,70,70,70,70,70,70,63,70,38,70,67,67,70,60,36,48,53,65,65,70,70,59,59,64,70,51],"gold":139,"neow_bonus":"THREE_RARE_CARDS","is_daily":false,"chose_seed":false,"campfire_upgraded":10,"win_rate":0.0,"timestamp":1608497525,"path_taken":["M","?","M","?","M","R","M","E","T","R","?","$","R","?","R","BOSS","M","$","?","?","M","R","M","R","T","M","?","M","R","M","R","BOSS","M","?","?","M","M","R","M","R","T","M","M","M","$","M","R","BOSS"],"items_purchased_type":["Potion","Potion"],"build_version":"2020-12-13","purchased_purges":3,"victory":true,"max_hp_per_floor":[70,70,70,70,70,70,70,70,70,70,70,70,70,70,70,70,70,70,70,70,70,70,70,70,70,70,70,70,70,70,70,70,70,70,70,70,70,70,70,70,70,70,70,70,70,70,70,70,70,70],"card_choices":[{"not_picked":["Venomology","Tools of the Trade"],"picked":"Die Die Die","floor":0.0},{"not_picked":["Terror","Blade Dance"],"picked":"Dagger Spray","floor":1.0},{"not_picked":["Prepared","Infinite Blades"],"picked":"Deflect","floor":2.0},{"not_picked":["Deadly Poison","Prepared","Doppelganger"],"picked":"SKIP","floor":3.0},{"not_picked":["Bouncing Flask","Cloak And Dagger","Calculated Gamble"],"picked":"SKIP","floor":5.0},{"not_picked":["Eviscerate","Bane","Dagger Spray"],"picked":"SKIP","floor":7.0},{"not_picked":["Setup","Outmaneuver","Deflect"],"picked":"SKIP","floor":8.0},{"not_picked":["Finisher","Caltrops"],"picked":"Terror","floor":11.0},{"not_picked":["Night Terror","Doppelganger"],"picked":"Phantasmal Killer","floor":16.0},{"not_picked":["Choke","Terror"],"picked":"Dagger Spray+1","floor":18},{"not_picked":["PiercingWail","Dagger Spray+1"],"picked":"Footwork","floor":22},{"not_picked":["PiercingWail","Acrobatics"],"picked":"Escape Plan","floor":24},{"not_picked":["Finisher","Heel Hook+1","Prepared+1"],"picked":"SKIP","floor":27},{"not_picked":["Poisoned Stab","Deadly Poison"],"picked":"Sucker Punch+1","floor":29},{"not_picked":["Eviscerate+1","A Thousand Cuts","Deadly Poison+1"],"picked":"SKIP","floor":31},{"not_picked":["Venomology","Corpse Explosion"],"picked":"Unload","floor":33},{"not_picked":["Sucker Punch","PiercingWail"],"picked":"Quick Slash+1","floor":35},{"not_picked":["Deadly Poison","Acrobatics+1"],"picked":"Dodge and Roll+1","floor":37},{"not_picked":["Poisoned Stab","Cloak And Dagger","Envenom"],"picked":"SKIP","floor":38},{"not_picked":["Infinite Blades+1","Acrobatics+1","Outmaneuver"],"picked":"SKIP","floor":39},{"not_picked":["Choke","Endless Agony"],"picked":"Dodge and Roll+1","floor":41},{"not_picked":["Cloak And Dagger","Skewer+1","Caltrops+1"],"picked":"SKIP","floor":44},{"not_picked":["Cloak And Dagger","Skewer+1"],"picked":"Caltrops+1","floor":44},{"not_picked":["Dagger Throw","Infinite Blades+1","Prepared+1"],"picked":"SKIP","floor":45},{"not_picked":["Dagger Spray+1","Flying Knee","PiercingWail+1"],"picked":"SKIP","floor":46},{"not_picked":["Dagger Throw+1","Acrobatics","Flying Knee+1"],"picked":"SKIP","floor":48}],"player_experience":850737,"relics_obtained":[{"floor":8.0,"key":"Letter Opener"},{"floor":9.0,"key":"Bottled Flame"},{"floor":17,"key":"Oddly Smooth Stone"},{"floor":17,"key":"Eternal Feather"},{"floor":17,"key":"TungstenRod"},{"floor":26,"key":"Nunchaku"},{"floor":43,"key":"Frozen Egg 2"}],"event_choices":[{"damage_healed":0.0,"max_hp_gain":0.0,"max_hp_loss":0.0,"gold_gain":0.0,"event_name":"Golden Idol","player_choice":"Take Damage","floor":14.0,"gold_loss":0.0,"damage_taken":17.0,"relics_obtained":["Golden Idol"]},{"damage_healed":0,"gold_gain":0,"player_choice":"Gave Idol","damage_taken":0,"relics_obtained":["Bloody Idol"],"max_hp_gain":0,"max_hp_loss":0,"event_name":"Forgotten Altar","floor":20,"relics_lost":["Golden Idol"],"gold_loss":0},{"cards_removed":["Strike_G"],"damage_healed":0,"gold_gain":0,"player_choice":"Gave Gold","damage_taken":0,"max_hp_gain":0,"max_hp_loss":0,"event_name":"Beggar","floor":21,"gold_loss":75},{"damage_healed":0,"gold_gain":0,"player_choice":"Opened","damage_taken":0,"relics_obtained":["Boot"],"max_hp_gain":0,"max_hp_loss":0,"event_name":"The Mausoleum","floor":28,"gold_loss":0,"cards_obtained":["Writhe"]},{"damage_healed":0,"gold_gain":0,"player_choice":"Gave Potion","damage_taken":0,"relics_obtained":["Peace Pipe"],"max_hp_gain":0,"max_hp_loss":0,"event_name":"WeMeetAgain","floor":36,"gold_loss":0}],"is_beta":false,"boss_relics":[{"not_picked":["HoveringKite","Snecko Eye"],"picked":"Calling Bell"},{"not_picked":["Tiny House","Ring of the Serpent"],"picked":"Coffee Dripper"}],"items_purged_floors":[12,19,47],"is_endless":false,"potions_floor_spawned":[1,11,16,22,27,31,33,37,41,44,48],"ascension_level":0}}