{"host":"cb9xh4d0ss8ax8yb","time":1608467696,"event":{"mods":["BaseMod","Minty Spire (QoL Compilation)","StSLib","The Alterego","The Dragon Tamer","The Gatherer"],"gold_per_floor":[118,129,54,54,71,71,101,120,120,120,139,139,139,157,157,157,157,157],"floor_reached":16,"playtime":923,"items_purged":["Gatherer:Strike_Gatherer"],"score":117,"play_id":"cf01a2ab-3d96-4b05-a9d2-90e835752e1f","local_time":"20201220213456","is_ascension_mode":true,"metric_token":413,"campfire_choices":[{"data":"Gatherer:Centralize","floor":6,"key":"SMITH"},{"data":"Gatherer:TacticalStrike","floor":10,"key":"SMITH"},{"data":"Gatherer:FlowerBeam","floor":12,"key":"SMITH"},{"data":"Gatherer:FlowerBeam+1","floor":15,"key":"SMITH"}],"circlet_count":0,"master_deck":["Gatherer:Strike_Gatherer","Gatherer:Strike_Gatherer","Gatherer:Strike_Gatherer","Gatherer:Strike_Gatherer","Gatherer:Defend_Gatherer","Gatherer:Defend_Gatherer","Gatherer:Defend_Gatherer","Gatherer:Defend_Gatherer","Gatherer:Defend_Gatherer","Gatherer:Centralize+1","Gatherer:FlowerWhip","Good Instincts","Gatherer:FlowerBeam+2","Gatherer:DrugPower","Gatherer:TacticalStrike+1","Gatherer:FlowerFalling"],"relics":["Gatherer:AlchemyBag","Centennial Puzzle","Mercury Hourglass","Singing Bowl","Golden Idol"],"acts_visited":["Exordium"],"potions_floor_usage":[14,16],"damage_taken":[{"damage":0,"enemies":"Jaw Worm","floor":1,"turns":4},{"damage":0,"enemies":"Cultist","floor":2,"turns":4},{"damage":0,"enemies":"2 Louse","floor":5,"turns":2},{"damage":18,"enemies":"Gremlin Nob","floor":7,"turns":3},{"damage":2,"enemies":"Blue Slaver","floor":8,"turns":2},{"damage":5,"enemies":"Exordium Thugs","floor":11,"turns":3},{"damage":0,"enemies":"Looter","floor":14,"turns":1},{"damage":33,"enemies":"The Guardian","floor":16,"turns":9}],"seed_played":"295229028613044037","potions_obtained":[{"floor":2,"key":"Poison Potion"},{"floor":11,"key":"BottledMiracle"},{"floor":14,"key":"SkillPotion"}],"is_trial":false,"path_per_floor":["M","M","$","?","M","R","E","M","T","R","M","R","?","M","R","B"],"character_chosen":"THE_GATHERER","items_purchased":[],"campfire_rested":0,"item_purchase_floors":[],"current_hp_per_floor":[72,72,72,72,72,72,54,52,52,52,49,49,31,33,33,0,0,0],"gold":157,"neow_bonus":"RANDOM_COLORLESS","is_daily":false,"chose_seed":false,"campfire_upgraded":4,"win_rate":0.0,"timestamp":1608467696,"path_taken":["M","M","$","?","M","R","E","M","T","R","?","R","?","M","R","BOSS"],"items_purchased_type":[],"build_version":"2020-12-13","purchased_purges":1,"victory":false,"max_hp_per_floor":[72,72,72,72,72,72,72,72,72,72,74,74,74,76,76,76,76,76],"card_choices":[{"not_picked":["Forethought","Jack Of All Trades"],"picked":"Good Instincts","floor":0},{"not_picked":["Gatherer:FeelingFine","Gatherer:WitheringStrike"],"picked":"Gatherer:FlowerBeam","floor":1},{"not_picked":["Gatherer:BambuSword","Gatherer:AromaProtection"],"picked":"Gatherer:DrugPower","floor":2},{"not_picked":["Gatherer:BambuSword","Gatherer:AlchemyTrial"],"picked":"Gatherer:TacticalStrike","floor":5},{"not_picked":["Gatherer:PotentialSlash","Gatherer:DrugPower"],"picked":"Gatherer:FlowerFalling","floor":7},{"not_picked":["Gatherer:TreeGrowth","Gatherer:BambuSword","Gatherer:DrugPower"],"picked":"SKIP","floor":8},{"not_picked":["Gatherer:StoneFence","Gatherer:RottenStipe","Gatherer:ScherryThrow"],"picked":"Singing Bowl","floor":11},{"not_picked":["Gatherer:BambuSword","Gatherer:Duality","Gatherer:EnergyBasket"],"picked":"Singing Bowl","floor":14}],"player_experience":443027,"relics_obtained":[{"floor":7,"key":"Mercury Hourglass"},{"floor":9,"key":"Singing Bowl"}],"event_choices":[{"damage_healed":0,"gold_gain":0,"player_choice":"Gave Potion","damage_taken":0,"relics_obtained":["Centennial Puzzle"],"max_hp_gain":0,"max_hp_loss":0,"event_name":"WeMeetAgain","floor":4,"gold_loss":0},{"damage_healed":0,"gold_gain":0,"player_choice":"Take Damage","damage_taken":18,"relics_obtained":["Golden Idol"],"max_hp_gain":0,"max_hp_loss":0,"event_name":"Golden Idol","floor":13,"gold_loss":0}],"is_beta":false,"boss_relics":[],"items_purged_floors":[3],"is_endless":false,"potions_floor_spawned":[2,11,14],"killed_by":"The Guardian","ascension_level":3}}