{"host":"qcrs6yezstv9uxio","time":1608494866,"event":{"mods":["BaseMod","Minty Spire (QoL Compilation)","Quick Restart","READ ME - Guardian Mod","Shop Mod","StSLib"],"gold_per_floor":[112,287,304,379,379,379,414,414,440,440,59,73,73,92,92,220,220,233,233,32,55,81,81,119,119,187,220,46,46,71,71,71,191,191,214,214,280,280,299,299,362,403,429,449,449,449,449,98,98,98],"floor_reached":51,"playtime":1786,"items_purged":["Doubt","Strike_P","Strike_P"],"score":788,"play_id":"151f5f45-3aa9-4832-bcaa-5f8c7727dcb1","local_time":"20201220180746","is_ascension_mode":true,"campfire_choices":[{"data":"FlyingSleeves","floor":6.0,"key":"SMITH"},{"floor":10.0,"key":"REST"},{"floor":15.0,"key":"REST"},{"data":"Perseverance","floor":23.0,"key":"SMITH"},{"floor":29.0,"key":"REST"},{"data":"TalkToTheHand","floor":32.0,"key":"SMITH"},{"floor":40,"key":"REST"},{"data":"MasterReality","floor":47,"key":"SMITH"},{"data":"MentalFortress","floor":49,"key":"SMITH"}],"circlet_count":0,"master_deck":["Strike_P","Strike_P","Defend_P","Defend_P","Defend_P","Defend_P","Eruption+1","Vigilance","FlyingSleeves+1","MentalFortress","EmptyFist","SashWhip","FollowUp","FearNoEvil","Devotion","Crescendo","MentalFortress","EmptyFist","Perseverance+1","DeceiveReality+1","FollowUp","TalkToTheHand+1","MasterReality+1","Madness","Madness","Madness","Perseverance","Halt","MentalFortress+1","SandsOfTime","TalkToTheHand","Evaluate","Study"],"relics":["PureWater","Vajra","Golden Idol","Bag of Marbles","HandDrill","Bag of Preparation","Meat on the Bone","SlaversCollar","MutagenicStrength","Dream Catcher","Lantern","Question Card","Smiling Mask","MerchantsRug","Calipers","Du-Vu Doll","Bottled Tornado","Bronze Scales","Strawberry"],"acts_visited":["Exordium","TheCity","TheBeyond"],"potions_floor_usage":[42,42,50,50,50],"damage_taken":[{"damage":0.0,"enemies":"Cultist","floor":1.0,"turns":2.0},{"damage":1.0,"enemies":"Jaw Worm","floor":3.0,"turns":3.0},{"damage":13.0,"enemies":"Gremlin Nob","floor":7.0,"turns":3.0},{"damage":0.0,"enemies":"2 Louse","floor":12.0,"turns":1.0},{"damage":0.0,"enemies":"Large Slime","floor":14.0,"turns":1.0},{"damage":15.0,"enemies":"The Guardian","floor":16.0,"turns":7.0},{"damage":11.0,"enemies":"Shell Parasite","floor":18.0,"turns":2.0},{"damage":10.0,"enemies":"2 Thieves","floor":21.0,"turns":3.0},{"damage":28.0,"enemies":"Gremlin Leader","floor":24.0,"turns":6.0},{"damage":47.0,"enemies":"Book of Stabbing","floor":27.0,"turns":6.0},{"damage":0.0,"enemies":"Centurion and Healer","floor":30.0,"turns":2.0},{"damage":39.0,"enemies":"Automaton","floor":33.0,"turns":7.0},{"damage":20.0,"enemies":"Orb Walker","floor":35.0,"turns":3.0},{"damage":28.0,"enemies":"2 Orb Walkers","floor":37.0,"turns":6.0},{"damage":21,"enemies":"3 Shapes","floor":39,"turns":4},{"damage":8,"enemies":"Mind Bloom Boss Battle","floor":41,"turns":11},{"damage":17,"enemies":"Nemesis","floor":42,"turns":11},{"damage":16,"enemies":"Transient","floor":44,"turns":5},{"damage":44,"enemies":"Donu and Deca","floor":50,"turns":13}],"seed_played":"-3748657039415911966","potions_obtained":[{"floor":1.0,"key":"Fire Potion"},{"floor":12.0,"key":"EntropicBrew"},{"floor":24.0,"key":"SteroidPotion"},{"floor":30.0,"key":"SneckoOil"},{"floor":37.0,"key":"PowerPotion"},{"floor":41,"key":"LiquidMemories"},{"floor":42,"key":"DuplicationPotion"}],"is_trial":false,"path_per_floor":["M","?","M","?","?","R","E","?","T","R","$","M","?","M","R","B",null,"M","?","$","M","T","R","E","?","T","E","$","R","M","$","R","B",null,"M","?","?","?","M","R","?","E","T","M","?","?","R","$","R","B",null],"character_chosen":"WATCHER","items_purchased":["HandDrill","Bag of Preparation","DollysMirror","EmptyFist","MerchantsRug","TalkToTheHand","Evaluate","Study","Strawberry","BottledMiracle","Ambrosia"],"campfire_rested":4,"item_purchase_floors":[11,11,20,20,28,48,48,48,48,48,48],"current_hp_per_floor":[72,72,71,60,60,60,47,29,29,50,50,50,32,44,65,50,72,61,61,61,51,51,51,35,59,59,24,24,45,45,45,45,18,72,52,43,27,27,18,39,43,38,38,34,63,63,63,70,70,38],"gold":98,"neow_bonus":"THREE_CARDS","is_daily":false,"chose_seed":false,"campfire_upgraded":5,"win_rate":0.0,"timestamp":1608494866,"path_taken":["M","?","M","?","?","R","E","?","T","R","$","M","?","M","R","BOSS","M","?","$","M","?","R","E","?","T","E","$","R","M","?","R","BOSS","M","?","?","?","M","R","?","E","T","M","?","?","R","?","R","BOSS"],"items_purchased_type":["Relic","Relic","Relic","Card","Relic","Card","Card","Card","Relic","Potion","Potion"],"build_version":"2020-12-13","purchased_purges":3,"victory":true,"max_hp_per_floor":[72,72,72,72,72,72,72,72,72,72,72,72,72,72,72,72,72,72,72,72,72,72,72,72,72,72,72,72,72,72,72,72,72,72,72,72,72,72,72,72,72,72,72,72,63,63,63,70,70,70],"card_choices":[{"not_picked":["EmptyBody","EmptyFist"],"picked":"FlyingSleeves","floor":0.0},{"not_picked":["SashWhip","Wireheading"],"picked":"MentalFortress","floor":1.0},{"not_picked":["FlyingSleeves","Wallop"],"picked":"EmptyFist","floor":3.0},{"not_picked":["BattleHymn","Pray"],"picked":"SashWhip","floor":7.0},{"not_picked":["FlurryOfBlows","Wireheading"],"picked":"FollowUp","floor":12.0},{"not_picked":["SignatureMove","Meditate"],"picked":"FearNoEvil","floor":14.0},{"not_picked":["Ragnarok","Blasphemy"],"picked":"Devotion","floor":16.0},{"not_picked":["Protect","CutThroughFate+1"],"picked":"Crescendo","floor":18.0},{"not_picked":["InnerPeace","Halt"],"picked":"Perseverance","floor":21.0},{"not_picked":["ReachHeaven","Weave"],"picked":"Prostrate+1","floor":24.0},{"not_picked":["FollowUp","Indignation+1","Conclude"],"picked":"DeceiveReality+1","floor":27.0},{"not_picked":["EmptyFist","EmptyBody","Brilliance"],"picked":"FollowUp","floor":29.0},{"not_picked":["Consecrate","PathToVictory","CrushJoints"],"picked":"TalkToTheHand","floor":30.0},{"not_picked":["SpiritShield","Omniscience","Ragnarok"],"picked":"MasterReality","floor":33.0},{"not_picked":["FlurryOfBlows","Protect","ThirdEye+1","SignatureMove"],"picked":"SKIP","floor":35.0},{"not_picked":["Good Instincts","Forethought","Panache"],"picked":"Madness","floor":38.0},{"not_picked":["FlurryOfBlows+1","CutThroughFate+1","EmptyFist+1"],"picked":"Perseverance","floor":39},{"not_picked":["FearNoEvil","Consecrate+1","LikeWater+1"],"picked":"Halt","floor":41},{"not_picked":["SashWhip+1","PathToVictory+1","Conclude"],"picked":"MentalFortress","floor":42},{"not_picked":["PathToVictory","WindmillStrike","Worship"],"picked":"SandsOfTime","floor":44}],"player_experience":407442,"relics_obtained":[{"floor":7.0,"key":"Vajra"},{"floor":9.0,"key":"Bag of Marbles"},{"floor":22.0,"key":"Dream Catcher"},{"floor":24.0,"key":"Lantern"},{"floor":26.0,"key":"Question Card"},{"floor":27.0,"key":"Smiling Mask"},{"floor":37.0,"key":"Calipers"},{"floor":41,"key":"Du-Vu Doll"},{"floor":42,"key":"Bottled Tornado"},{"floor":43,"key":"Bronze Scales"}],"event_choices":[{"damage_healed":0.0,"max_hp_gain":0.0,"max_hp_loss":0.0,"gold_gain":175.0,"event_name":"Liars Game","player_choice":"AGREE","floor":2.0,"gold_loss":0.0,"damage_taken":0.0,"cards_obtained":["Doubt"]},{"damage_healed":0.0,"max_hp_gain":0.0,"max_hp_loss":0.0,"gold_gain":75.0,"event_name":"World of Goop","player_choice":"Gather Gold","floor":4.0,"gold_loss":0.0,"damage_taken":11.0},{"damage_healed":0.0,"max_hp_gain":0.0,"max_hp_loss":0.0,"gold_gain":0.0,"event_name":"Living Wall","player_choice":"Grow","floor":5.0,"gold_loss":0.0,"damage_taken":0.0,"cards_upgraded":["Eruption"]},{"damage_healed":0.0,"max_hp_gain":0.0,"max_hp_loss":0.0,"gold_gain":0.0,"event_name":"Golden Idol","player_choice":"Take Damage","floor":8.0,"gold_loss":0.0,"damage_taken":18.0,"relics_obtained":["Golden Idol"]},{"damage_healed":0.0,"max_hp_gain":0.0,"max_hp_loss":0.0,"gold_gain":0.0,"event_name":"Scrap Ooze","player_choice":"Success","floor":13.0,"gold_loss":0.0,"damage_taken":18.0,"relics_obtained":["Meat on the Bone"]},{"damage_healed":0.0,"max_hp_gain":0.0,"max_hp_loss":0.0,"gold_gain":0.0,"event_name":"Drug Dealer","player_choice":"Inject Mutagens","floor":19.0,"gold_loss":0.0,"damage_taken":0.0,"relics_obtained":["MutagenicStrength"]},{"damage_healed":24.0,"max_hp_gain":0.0,"max_hp_loss":0.0,"gold_gain":0.0,"event_name":"The Library","player_choice":"Heal","floor":25.0,"gold_loss":0.0,"damage_taken":0.0},{"damage_healed":0.0,"max_hp_gain":0.0,"max_hp_loss":0.0,"gold_gain":0.0,"event_name":"Winding Halls","player_choice":"Embrace Madness","floor":36.0,"gold_loss":0.0,"damage_taken":9.0,"cards_obtained":["Madness","Madness"]},{"damage_healed":0.0,"max_hp_gain":0.0,"max_hp_loss":0.0,"gold_gain":0.0,"event_name":"Mysterious Sphere","player_choice":"Fight","floor":37.0,"gold_loss":0.0,"damage_taken":0.0},{"damage_healed":0.0,"max_hp_gain":0.0,"max_hp_loss":0.0,"gold_gain":0.0,"event_name":"SensoryStone","player_choice":"Memory 1","floor":38.0,"gold_loss":0.0,"damage_taken":0.0},{"damage_healed":0,"gold_gain":0,"player_choice":"Fight","damage_taken":0,"max_hp_gain":0,"max_hp_loss":0,"event_name":"MindBloom","floor":41,"gold_loss":0},{"damage_healed":63,"gold_gain":0,"player_choice":"Heal","damage_taken":0,"max_hp_gain":0,"max_hp_loss":9,"event_name":"The Moai Head","floor":45,"gold_loss":0},{"cards_removed":["Prostrate"],"damage_healed":0,"gold_gain":0,"player_choice":"Removed Skill","damage_taken":0,"max_hp_gain":0,"max_hp_loss":0,"event_name":"Falling","floor":46,"gold_loss":0}],"is_beta":false,"boss_relics":[{"not_picked":["Astrolabe","Snecko Eye"],"picked":"SlaversCollar"},{"not_picked":["Fusion Hammer","Runic Pyramid"],"picked":"Velvet Choker"}],"items_purged_floors":[11,28,48],"is_endless":false,"potions_floor_spawned":[1,12,24,30,37,41,42],"ascension_level":1}}