{"host":"fche7yfjqecoz34w","time":1608505200,"event":{"mods":["BaseMod","BetterRewards","Minty Spire (QoL Compilation)","Replay The Spire","StSLib"],"gold_per_floor":[109,165,165,111,111,111,111,111,111,141,141,168,186,200,200,299,299,316,316,343,353,353,353,371,371,444,319,319,319,259,0,0,98,98,108,121,121,173,204,204,279,279,327,289,323,338,356,390,390,487,537,548,548,548,563,592,592,692,266,339,45,45,74,74,92,92,189,189,208,208,226,241,261,261,261,261,293,327,345,148,174,184,184,285,285,296,5,55,67,0,0,0,0,32,32,32,64,64,98,98,199,199,213,213,233,233,276,276,294,244,279,279,279,4,38,58,58,188,288,308,344,369,319,357,357,357,33,71,71,95,95,10,26,147,272,272,297,630,557,592,631,631,631,631,670,389,389,434,478,403,403,533,533,533],"floor_reached":153,"playtime":13203,"items_purged":["Thunderclap","Offering+1","Whirlwind","Regret","True Grit+1","Power Through+1"],"score":3884,"play_id":"da1feb19-a429-4b7c-a8ec-9314f6e76277","local_time":"20201220170000","daily_mods":["SealedDeck","Vintage","Heirloom","Time Dilation","Flight","DeadlyEvents","Lethality"],"is_ascension_mode":false,"campfire_choices":[{"data":"Searing Blow+1","floor":6.0,"key":"SMITH"},{"data":"Searing Blow+2","floor":7.0,"key":"SMITH"},{"data":"Searing Blow+3","floor":8.0,"key":"SMITH"},{"data":"Searing Blow+4","floor":11.0,"key":"SMITH"},{"floor":15.0,"key":"REST"},{"floor":23.0,"key":"REST"},{"floor":25.0,"key":"REST"},{"data":"Limit Break","floor":28.0,"key":"SMITH"},{"data":"Searing Blow+5","floor":29.0,"key":"SMITH"},{"floor":40.0,"key":"REST"},{"floor":42.0,"key":"REST"},{"data":"Searing Blow+6","floor":57.0,"key":"SMITH"},{"data":"Searing Blow+7","floor":62.0,"key":"SMITH"},{"floor":66.0,"key":"DIG"},{"data":"RitualDagger","floor":74.0,"key":"SMITH"},{"data":"Rupture","floor":74.0,"key":"SMITH"},{"data":"Searing Blow+8","floor":75.0,"key":"SMITH"},{"data":"Searing Blow+9","floor":75.0,"key":"SMITH"},{"data":"Searing Blow+10","floor":76.0,"key":"SMITH"},{"data":"Searing Blow+11","floor":76.0,"key":"SMITH"},{"data":"1","floor":91.0,"key":"LIFT"},{"data":"2","floor":92.0,"key":"LIFT"},{"data":"3","floor":93.0,"key":"LIFT"},{"data":"Disarm","floor":95.0,"key":"PURGE"},{"data":"True Grit","floor":100.0,"key":"PURGE"},{"data":"ReplayTheSpireMod:Uncanny Aura","floor":108.0,"key":"PURGE"},{"data":"Armaments+1","floor":112.0,"key":"PURGE"},{"data":"Shrug It Off","floor":113.0,"key":"PURGE"},{"floor":117.0,"key":"DIG"},{"data":"Whirlwind","floor":125.0,"key":"SMITH"},{"data":"Whirlwind","floor":125.0,"key":"SMITH"},{"data":"Flex","floor":126.0,"key":"SMITH"},{"data":"Thunderclap","floor":126.0,"key":"SMITH"},{"data":"Shrug It Off+1","floor":129.0,"key":"PURGE"},{"data":"ReplayTheSpireMod:Muscle Training","floor":131.0,"key":"SMITH"},{"data":"Sword Boomerang","floor":131.0,"key":"SMITH"},{"data":"Combust","floor":142,"key":"PURGE"},{"data":"Rage+1","floor":143,"key":"PURGE"},{"data":"Replay:Undeath\u0027s Touch","floor":144,"key":"PURGE"},{"data":"ReplayReversal+1","floor":147,"key":"PURGE"},{"floor":151,"key":"DIG"}],"circlet_count":0,"master_deck":["Rupture+1","Armaments+1","Anger","Sword Boomerang+1","Whirlwind+1","Flex+1","ReplayTheSpireMod:Muscle Training+1","ReplayTheSpireMod:Splinters","Searing Blow+12","Flame Barrier+1","Limit Break+1","ReplayReversal+1","Replay:Many Hands+1","Limit Break+1","Immolate","Disarm+1","Offering+1","Bloodletting+1","Flame Barrier+1","ReplayTheSpireMod:Muscle Training+1","Replay:Undeath\u0027s Touch","Pot Of Greed+1","Pot Of Greed+1","Pot Of Greed+1","Double Tap+1","RitualDagger+1","Pot Of Greed+1","Offering+1","Inflame+1","Impervious+1","Thunderclap+1","Spot Weakness+1","Whirlwind+1","Corruption","Shrug It Off+1"],"relics":["Black Blood","Ring of Chaos","replay:Trail_Library","Lizard Tail","Smiling Mask","Mirror","Ornamental Fan","Replay:Baseball","Replay:Bottled Eggs","Replay:Wax Seal","Replay:Mystery Machine","SacredBark","Mercury Hourglass","Turnip","Happy Flower","Toy Ornithopter","Toxic Egg 2","Self Forming Clay","Replay:Bronze Core","Akabeko","Red Skull","Ring of Misfortune","Ring of Fury","Mango","Orichalcum","Letter Opener","MawBank","ReplayTheSpireMod:TigerMarble","StoneCalendar","Question Card","Omamori","Tiny House","Oddly Smooth Stone","MealTicket","Chemical X","Darkstone Periapt","ReplayTheSpireMod:Ninjato","Bottled Tornado","Grinning Jar","Matryoshka","Lantern","Bag of Marbles","Nunchaku","Replay:Arrowhead","Dream Catcher","ReplayTheSpireMod:Lightbulb","Brimstone","Meat on the Bone","ChewingGum","Pocketwatch","Girya","Peace Pipe","Dead Branch","Red Mask","Electric Blood","Du-Vu Doll","Replay:Bottled Flurry","WarpedTongs","Ancient Tea Set","Membership Card","Mummified Hand","Regal Pillow","Onion Ring","Replay:Wanted Poster","Bag of Preparation","Gremlin Food","Bottled Lightning","Bottled Flame","Sling","PreservedInsect","Boot","Replay:Accelerometer","Fusion Hammer","ReplayFunnel","Replay:Bandana","Chameleon Ring","Vajra","Unceasing Top","ReplayTheSpireMod:Shallot","Tiny Chest","Art of War","Runic Cube"],"acts_visited":["TheBeyond","Exordium"],"potions_floor_usage":[],"damage_taken":[{"damage":13.0,"enemies":"Jaw Worm","floor":1.0,"turns":2.0},{"damage":19.0,"enemies":"Gremlin Nob","floor":10.0,"turns":3.0},{"damage":19.0,"enemies":"Lagavulin","floor":12.0,"turns":4.0},{"damage":0.0,"enemies":"Small Slimes","floor":13.0,"turns":1.0},{"damage":1.0,"enemies":"Cultist","floor":14.0,"turns":1.0},{"damage":28.0,"enemies":"Hexaghost","floor":16.0,"turns":4.0},{"damage":12.0,"enemies":"Shell Parasite","floor":18.0,"turns":2.0},{"damage":61.0,"enemies":"Slavers","floor":20.0,"turns":4.0},{"damage":17.0,"enemies":"Chosen","floor":21.0,"turns":2.0},{"damage":0.0,"enemies":"Snake Plant","floor":24.0,"turns":1.0},{"damage":0.0,"enemies":"Collector","floor":33.0,"turns":6.0},{"damage":26.0,"enemies":"3 Shapes","floor":35.0,"turns":2.0},{"damage":14.0,"enemies":"3 Darklings","floor":36.0,"turns":3.0},{"damage":29.0,"enemies":"2 Orb Walkers","floor":38.0,"turns":4.0},{"damage":15.0,"enemies":"R_Hoarder","floor":39.0,"turns":3.0},{"damage":0.0,"enemies":"Reptomancer","floor":45.0,"turns":3.0},{"damage":3.0,"enemies":"Transient","floor":46.0,"turns":5.0},{"damage":12.0,"enemies":"Spire Growth","floor":47.0,"turns":3.0},{"damage":21.0,"enemies":"Nemesis","floor":48.0,"turns":3.0},{"damage":30.0,"enemies":"Replay:Hell Engine","floor":50.0,"turns":6.0},{"damage":0.0,"enemies":"2 Louse","floor":52.0,"turns":1.0},{"damage":0.0,"enemies":"Cultist","floor":55.0,"turns":1.0},{"damage":0.0,"enemies":"Replay:BlueRogue","floor":56.0,"turns":1.0},{"damage":6.0,"enemies":"Lagavulin","floor":63.0,"turns":1.0},{"damage":1.0,"enemies":"Small Slimes","floor":65.0,"turns":1.0},{"damage":0.0,"enemies":"Fading Forest","floor":67.0,"turns":3.0},{"damage":0.0,"enemies":"Spheric Guardian","floor":69.0,"turns":2.0},{"damage":0.0,"enemies":"2 Thieves","floor":71.0,"turns":1.0},{"damage":22.0,"enemies":"Snake Plant","floor":72.0,"turns":2.0},{"damage":6.0,"enemies":"Sentry and Sphere","floor":73.0,"turns":1.0},{"damage":1.0,"enemies":"Slavers","floor":77.0,"turns":1.0},{"damage":4.0,"enemies":"Replay:Snechameleon","floor":78.0,"turns":1.0},{"damage":6.0,"enemies":"Centurion and Healer","floor":79.0,"turns":2.0},{"damage":0.0,"enemies":"Slavers","floor":81.0,"turns":2.0},{"damage":0.0,"enemies":"Snake Plant","floor":82.0,"turns":1.0},{"damage":8.0,"enemies":"Automaton","floor":84.0,"turns":2.0},{"damage":7.0,"enemies":"3 Shapes","floor":86.0,"turns":1.0},{"damage":1.0,"enemies":"Mind Bloom Boss Battle","floor":88.0,"turns":1.0},{"damage":0.0,"enemies":"3 Darklings","floor":89.0,"turns":1.0},{"damage":10.0,"enemies":"Giant Head","floor":94.0,"turns":3.0},{"damage":7.0,"enemies":"R_Hoarder","floor":97.0,"turns":2.0},{"damage":0.0,"enemies":"Reptomancer","floor":99.0,"turns":1.0},{"damage":48.0,"enemies":"Replay:Hell Engine","floor":101.0,"turns":2.0},{"damage":1.0,"enemies":"Cultist","floor":103.0,"turns":1.0},{"damage":0.0,"enemies":"Small Slimes","floor":105.0,"turns":1.0},{"damage":2.0,"enemies":"Gremlin Nob","floor":107.0,"turns":1.0},{"damage":0.0,"enemies":"2 Louse","floor":109.0,"turns":1.0},{"damage":7.0,"enemies":"Lagavulin","floor":111.0,"turns":3.0},{"damage":0.0,"enemies":"3 Sentries","floor":115.0,"turns":1.0},{"damage":6.0,"enemies":"Lots of Slimes","floor":116.0,"turns":1.0},{"damage":31.0,"enemies":"Fading Forest","floor":118.0,"turns":4.0},{"damage":7.0,"enemies":"Spheric Guardian","floor":120.0,"turns":1.0},{"damage":15.0,"enemies":"Slavers","floor":121.0,"turns":1.0},{"damage":10.0,"enemies":"3 Byrds","floor":122.0,"turns":1.0},{"damage":0.0,"enemies":"Book of Stabbing","floor":124.0,"turns":1.0},{"damage":11.0,"enemies":"Replay:Snechameleon","floor":128.0,"turns":1.0},{"damage":11.0,"enemies":"Centurion and Healer","floor":130.0,"turns":1.0},{"damage":10,"enemies":"Snake Plant","floor":133,"turns":1},{"damage":7,"enemies":"Champ","floor":135,"turns":1},{"damage":10,"enemies":"Orb Walker","floor":137,"turns":1},{"damage":9,"enemies":"3 Darklings","floor":140,"turns":1},{"damage":8,"enemies":"Maw","floor":141,"turns":1},{"damage":10,"enemies":"R_Hoarder","floor":145,"turns":1},{"damage":12,"enemies":"Giant Head","floor":148,"turns":1},{"damage":9,"enemies":"R_Hoarder","floor":149,"turns":1},{"damage":8,"enemies":"Time Eater","floor":152,"turns":1}],"seed_played":"2452406847567010880","potions_obtained":[{"floor":1.0,"key":"EntropicBrew"},{"floor":10.0,"key":"Adrenaline Potion"},{"floor":13.0,"key":"Block Potion"},{"floor":32.0,"key":"GamblersBrew"},{"floor":32.0,"key":"Toxic Potion"},{"floor":33.0,"key":"Doom Potion"},{"floor":35.0,"key":"Reflective Coating"},{"floor":38.0,"key":"BlessingOfTheForge"},{"floor":50.0,"key":"Explosive Potion"},{"floor":51.0,"key":"Energy Potion"},{"floor":63.0,"key":"LiquidBronze"},{"floor":67.0,"key":"Venom Potion"},{"floor":72.0,"key":"SkillPotion"},{"floor":79.0,"key":"Block Potion"},{"floor":88.0,"key":"Ancient Potion"},{"floor":89.0,"key":"Swift Potion"},{"floor":101.0,"key":"DistilledChaos"},{"floor":152,"key":"DuplicationPotion"}],"is_trial":true,"path_per_floor":["M","?","?","$","?","R","R","R","T","E","R","E","M","M","R","B",null,"M","?","E","M","?","R","M","R","T","$","R","R","$","$","R","B",null,"M","M","?","?","E","R","T","R","T","$","E","M","M","E","R","B",null,"M","?","$","M","E","R","?","$","T","$","R","E","?","M","R","B",null,"M","?","M","M","M","R","R","R","E","E","M","$","E","M","R","B",null,"M","$","?","M","?","R","R","R","E","R","$","E","$","E","R","B",null,"M","?","M","?","E","R","M","$","E","R","R","$","E","M","R","B",null,"M","E","M","$","E","R","R","$","E","R","M","R","?","M","R","B",null,"M","?","$","M","M","R","R","R","E","$","R","E","E","$","R","B",null],"character_chosen":"IRONCLAD","items_purchased":["True Grit","Power Through+1","ReplayReversal+1","Self Forming Clay","Chemical X","ReplayTheSpireMod:Muscle Training+1","Darkstone Periapt","Bottled Tornado","Brimstone","Girya","Membership Card","Mummified Hand","Bottled Lightning","Bottled Flame","Sling","Replay:Bandana","Unceasing Top","ReplayTheSpireMod:Shallot","Tiny Chest"],"campfire_rested":5,"item_purchase_floors":[4,27,30,31,59,59,59,61,80,87,114,114,127,127,127,139,146,146,150],"current_hp_per_floor":[73,73,73,73,73,73,73,73,73,60,60,47,53,58,80,58,80,74,74,19,8,8,32,38,62,62,62,62,62,62,62,62,78,80,60,52,52,43,39,67,67,94,94,94,94,94,88,73,73,49,99,99,104,104,104,104,104,104,104,104,104,104,104,104,104,104,104,104,104,98,104,94,100,100,100,100,104,104,104,104,104,104,104,104,104,104,104,104,104,104,104,104,104,104,104,104,104,104,104,104,68,104,104,104,104,104,104,104,104,104,104,104,104,104,104,104,104,85,104,104,101,103,104,104,104,104,104,104,104,104,104,104,104,104,104,104,104,104,104,104,104,104,104,104,104,104,104,104,104,104,104,104,104,104],"gold":533,"neow_bonus":"","is_daily":false,"chose_seed":false,"campfire_upgraded":20,"win_rate":0.0,"timestamp":1608505200,"path_taken":["M","?","?","$","?","R","R","R","T","E","R","?","?","?","R","BOSS","M","?","?","?","?","R","M","R","T","$","R","R","$","$","R","BOSS","M","M","?","?","?","R","?","R","T","?","?","M","?","?","R","BOSS","M","?","?","?","?","R","?","$","T","$","R","?","?","M","R","BOSS","M","?","?","?","?","R","R","R","E","?","?","$","?","M","R","BOSS","M","$","?","?","?","R","R","R","E","R","?","?","?","?","R","BOSS","M","?","M","?","?","R","?","$","E","R","R","$","?","M","R","BOSS","M","?","?","?","?","R","R","$","E","R","?","R","?","M","R","BOSS","M","?","$","M","?","R","R","R","E","$","R","?","?","$","R","BOSS"],"items_purchased_type":["Card","Card","Card","Relic","Relic","Card","Relic","Relic","Relic","Relic","Relic","Relic","Relic","Relic","Relic","Relic","Relic","Relic","Relic"],"build_version":"2020-12-13","purchased_purges":6,"victory":false,"max_hp_per_floor":[80,80,80,80,80,80,80,80,80,80,80,80,80,80,80,80,80,80,80,80,80,80,80,80,80,80,80,80,80,80,80,80,80,80,80,80,80,94,94,94,94,94,94,94,94,94,94,94,94,94,99,99,104,104,104,104,104,104,104,104,104,104,104,104,104,104,104,104,104,104,104,104,104,104,104,104,104,104,104,104,104,104,104,104,104,104,104,104,104,104,104,104,104,104,104,104,104,104,104,104,104,104,104,104,104,104,104,104,104,104,104,104,104,104,104,104,104,104,104,104,104,104,104,104,104,104,104,104,104,104,104,104,104,104,104,104,104,104,104,104,104,104,104,104,104,104,104,104,104,104,104,104,104,104],"card_choices":[{"not_picked":["Twin Strike","Cleave"],"picked":"Searing Blow","floor":2.0},{"not_picked":["Blood for Blood","Twin Strike"],"picked":"Armaments","floor":2.0},{"not_picked":["Flex","Twin Strike"],"picked":"Replay:Undeath\u0027s Touch","floor":10.0},{"not_picked":["Blood for Blood","Replay:Undeath\u0027s Touch","Life Link"],"picked":"SKIP","floor":12.0},{"not_picked":["Eclipse","Hemogenesis"],"picked":"Limit Break","floor":16.0},{"not_picked":["Bludgeon","Warcry","Body Slam"],"picked":"SKIP","floor":20.0},{"not_picked":["Feed","Exhume+1"],"picked":"Replay:Many Hands+1","floor":33.0},{"not_picked":["Shockwave+1","Heavy Blade"],"picked":"Rage+1","floor":39.0},{"not_picked":["Reckless Charge+1","Perfected Strike"],"picked":"Abandon+1","floor":45.0},{"not_picked":["Reckless Charge","Sever Soul+1","Rage+1"],"picked":"Immolate","floor":48.0},{"not_picked":["Fiend Fire","Barricade","Feed"],"picked":"Offering+1","floor":50.0},{"not_picked":["Warcry+1","Anger+1","Pommel Strike+1"],"picked":"Bloodletting+1","floor":51.0},{"not_picked":["Clothesline","Heavy Blade","Headbutt"],"picked":"Flame Barrier+1","floor":56.0},{"not_picked":["Barricade","Perfected Strike","ReplayTheSpireMod:Corrosion Curse+1"],"picked":"Replay:Undeath\u0027s Touch","floor":63.0},{"not_picked":["Bludgeon","Demonic Infusion+1","Juggernaut"],"picked":"Double Tap+1","floor":67.0},{"not_picked":["Body Slam","Cleave+1","Pommel Strike"],"picked":"Combust","floor":77.0},{"not_picked":["Sword Boomerang","Warcry+1","Sever Soul"],"picked":"Shrug It Off+1","floor":78.0},{"not_picked":["Perfected Strike","Barricade","Run Through"],"picked":"True Grit+1","floor":81.0},{"not_picked":["Hemogenesis","Juggernaut","Limit Break+1"],"picked":"Offering+1","floor":84.0},{"not_picked":["Warcry+1","Iron Wave+1","Sword Boomerang+1","Demon Form"],"picked":"SKIP","floor":94.0},{"not_picked":["Sword Boomerang+1","Wild Strike","Power Through+1","Shockwave+1"],"picked":"SKIP","floor":97.0},{"not_picked":["Burning Pact+1","ReplayTheSpireMod:Limb From Limb","Wild Strike+1"],"picked":"Inflame+1","floor":99.0},{"not_picked":["Demonic Infusion+1","Exhume+1","Double Tap+1"],"picked":"Impervious+1","floor":101.0},{"not_picked":["ReplayTheSpireMod:Strike From Hell","Clothesline","True Grit+1","Clash"],"picked":"SKIP","floor":107.0},{"not_picked":["Clothesline","Feel No Pain","Replay:Undeath\u0027s Touch"],"picked":"Thunderclap","floor":111.0},{"not_picked":["Run Through","Sword Boomerang","Feed"],"picked":"Spot Weakness+1","floor":115.0},{"not_picked":["ReplayTheSpireMod:Strike From Hell+1","Headbutt+1","Disarm+1","Armaments+1"],"picked":"SKIP","floor":121.0},{"not_picked":["Warcry+1","Clothesline+1","Blood for Blood"],"picked":"Whirlwind","floor":124.0},{"not_picked":["Run Through","Clothesline","Cleave+1","Wild Strike+1"],"picked":"SKIP","floor":128.0},{"not_picked":["Hemogenesis","Barricade","Berserk"],"picked":"Corruption","floor":135},{"not_picked":["Run Through","Thunderclap","Juggernaut"],"picked":"Shrug It Off+1","floor":145},{"not_picked":["Anger","ReplayTheSpireMod:Strike From Hell+1","Heavy Blade+1","Iron Wave+1"],"picked":"SKIP","floor":148},{"not_picked":["Cleave+1","Infernal Blade+1","Replay:Undeath\u0027s Touch+1","Sword Boomerang+1"],"picked":"SKIP","floor":149}],"player_experience":1884860,"relics_obtained":[{"floor":1.0,"key":"Smiling Mask"},{"floor":2.0,"key":"Mirror"},{"floor":9.0,"key":"Ornamental Fan"},{"floor":10.0,"key":"Replay:Baseball"},{"floor":12.0,"key":"Replay:Bottled Eggs"},{"floor":13.0,"key":"Replay:Wax Seal"},{"floor":14.0,"key":"Replay:Mystery Machine"},{"floor":18.0,"key":"Mercury Hourglass"},{"floor":20.0,"key":"Turnip"},{"floor":21.0,"key":"Happy Flower"},{"floor":24.0,"key":"Toy Ornithopter"},{"floor":26.0,"key":"Toxic Egg 2"},{"floor":35.0,"key":"Akabeko"},{"floor":36.0,"key":"Red Skull"},{"floor":37.0,"key":"Ring of Misfortune"},{"floor":37.0,"key":"Ring of Fury"},{"floor":38.0,"key":"Mango"},{"floor":39.0,"key":"Orichalcum"},{"floor":41.0,"key":"Letter Opener"},{"floor":43.0,"key":"MawBank"},{"floor":45.0,"key":"ReplayTheSpireMod:TigerMarble"},{"floor":46.0,"key":"StoneCalendar"},{"floor":47.0,"key":"Question Card"},{"floor":48.0,"key":"Omamori"},{"floor":52.0,"key":"Oddly Smooth Stone"},{"floor":55.0,"key":"MealTicket"},{"floor":60.0,"key":"ReplayTheSpireMod:Ninjato"},{"floor":65.0,"key":"Matryoshka"},{"floor":66.0,"key":"Lantern"},{"floor":69.0,"key":"Bag of Marbles"},{"floor":71.0,"key":"Nunchaku"},{"floor":72.0,"key":"Replay:Arrowhead"},{"floor":73.0,"key":"Dream Catcher"},{"floor":79.0,"key":"ReplayTheSpireMod:Lightbulb"},{"floor":82.0,"key":"Meat on the Bone"},{"floor":86.0,"key":"Pocketwatch"},{"floor":88.0,"key":"Peace Pipe"},{"floor":89.0,"key":"Dead Branch"},{"floor":103.0,"key":"Du-Vu Doll"},{"floor":105.0,"key":"Replay:Bottled Flurry"},{"floor":109.0,"key":"Ancient Tea Set"},{"floor":116.0,"key":"Regal Pillow"},{"floor":117.0,"key":"Onion Ring"},{"floor":120.0,"key":"Bag of Preparation"},{"floor":122.0,"key":"Gremlin Food"},{"floor":130.0,"key":"PreservedInsect"},{"floor":133,"key":"Replay:Accelerometer"},{"floor":137,"key":"ReplayFunnel"},{"floor":140,"key":"Chameleon Ring"},{"floor":141,"key":"Vajra"},{"floor":151,"key":"Art of War"}],"event_choices":[{"damage_healed":0.0,"max_hp_gain":0.0,"max_hp_loss":0.0,"gold_gain":0.0,"event_name":"Living Wall","player_choice":"Grow","floor":3.0,"gold_loss":0.0,"damage_taken":0.0,"cards_upgraded":["Searing Blow"]},{"damage_healed":0.0,"max_hp_gain":0.0,"max_hp_loss":0.0,"gold_gain":0.0,"cards_transformed":["Flex"],"event_name":"Transmorgrifier","player_choice":"Transformed","floor":5.0,"gold_loss":0.0,"damage_taken":0.0,"cards_obtained":["Flame Barrier"]},{"cards_removed":["Armaments"],"damage_healed":0.0,"max_hp_gain":0.0,"max_hp_loss":0.0,"gold_gain":0.0,"event_name":"NoteForYourself","player_choice":"Took Card","floor":19.0,"gold_loss":0.0,"damage_taken":0.0,"cards_obtained":["ReplayTheSpireMod:Uncanny Aura"]},{"damage_healed":0.0,"max_hp_gain":0.0,"max_hp_loss":0.0,"gold_gain":0.0,"event_name":"Mysterious Sphere","player_choice":"Fight","floor":38.0,"gold_loss":0.0,"damage_taken":0.0},{"damage_healed":0.0,"max_hp_gain":5.0,"max_hp_loss":0.0,"gold_gain":0.0,"event_name":"Big Fish","player_choice":"Donut","floor":53.0,"gold_loss":0.0,"damage_taken":0.0},{"damage_healed":0.0,"max_hp_gain":0.0,"max_hp_loss":0.0,"gold_gain":100.0,"event_name":"Wheel of Change","player_choice":"Gold","floor":58.0,"gold_loss":0.0,"damage_taken":0.0},{"damage_healed":0.0,"max_hp_gain":0.0,"max_hp_loss":0.0,"gold_gain":0.0,"event_name":"WeMeetAgain","player_choice":"Gave Potion","floor":64.0,"gold_loss":0.0,"damage_taken":0.0,"relics_obtained":["Grinning Jar"]},{"damage_healed":0.0,"max_hp_gain":0.0,"max_hp_loss":0.0,"gold_gain":0.0,"event_name":"Nest","player_choice":"Joined the Cult","floor":70.0,"gold_loss":0.0,"damage_taken":6.0,"cards_obtained":["RitualDagger"]},{"damage_healed":0.0,"max_hp_gain":0.0,"max_hp_loss":0.0,"gold_gain":0.0,"event_name":"MindBloom","player_choice":"Fight","floor":88.0,"gold_loss":0.0,"damage_taken":0.0},{"damage_healed":0.0,"max_hp_gain":0.0,"max_hp_loss":0.0,"gold_gain":0.0,"event_name":"Tomb of Lord Red Mask","player_choice":"Paid","floor":90.0,"gold_loss":67.0,"damage_taken":0.0,"relics_obtained":["Red Mask"]},{"damage_healed":0.0,"max_hp_gain":0.0,"max_hp_loss":0.0,"gold_gain":0.0,"event_name":"Golden Idol","player_choice":"Take Wound","floor":104.0,"gold_loss":0.0,"damage_taken":0.0,"relics_obtained":["Golden Idol"],"cards_obtained":["Injury"]},{"damage_healed":0.0,"max_hp_gain":0.0,"max_hp_loss":0.0,"gold_gain":0.0,"event_name":"Accursed Blacksmith","player_choice":"Rummage","floor":106.0,"gold_loss":0.0,"damage_taken":0.0,"relics_obtained":["WarpedTongs"],"cards_obtained":["Pain"]},{"damage_healed":0,"gold_gain":0,"player_choice":"Obtained Relic","damage_taken":0,"relics_obtained":["Boot"],"max_hp_gain":0,"max_hp_loss":0,"event_name":"Addict","floor":132,"gold_loss":85},{"damage_healed":0,"gold_gain":333,"player_choice":"Gave Idol","damage_taken":0,"max_hp_gain":0,"max_hp_loss":0,"event_name":"The Moai Head","floor":138,"relics_lost":["Golden Idol"],"gold_loss":0}],"is_beta":false,"boss_relics":[{"not_picked":["Runic Cube","Abe\u0027s Treasure"],"picked":"SacredBark"},{"not_picked":["Kintsugi","Velvet Choker"],"picked":"Replay:Bronze Core"},{"not_picked":["Coffee Dripper","Calling Bell"],"picked":"Tiny House"},{"not_picked":["Astrolabe","Mark of Pain"],"picked":"Black Blood"},{"not_picked":["Snecko Eye","Velvet Choker"],"picked":"ChewingGum"},{"not_picked":["Kintsugi","Replay:Wanted Poster"],"picked":"Electric Blood"},{"not_picked":["Snecko Eye","Sozu"],"picked":"Replay:Wanted Poster"},{"not_picked":["Replay:Ancient Bell","Replay:Drink Me"],"picked":"Fusion Hammer"},{"not_picked":["ReplayTheSpireMod:DimensionalGlitch","Coffee Dripper"],"picked":"Runic Cube"}],"items_purged_floors":[27,44,61,80,110,123],"is_endless":true,"potions_floor_spawned":[1,10,13,18,33,35,38,46,50,63,67,71,72,79,88,89,97,101,103,105,116,118,120,122,124,130,137,149,152],"ascension_level":0}}