{"host":"y7sd46uq4xlni546","time":1608462001,"event":{"mods":["AchievementEnabler","BaseMod","Colored Map","Colored Powertips","Minty Spire (QoL Compilation)","Random Character Button","Rare Cards Sparkle","Replay The Spire","StSLib"],"gold_per_floor":[114,114,114,133,133,158,171,171,195,227,227,227,227,227,252,252,252,348,348,361,301,312,312,328,362,391,416,468,234,234,266,276,276,276,379,429,446,466,516,516,531,556,556,307,355,355,355,369,398,398,398,398,398,398,56,89,89],"floor_reached":58,"playtime":6384,"items_purged":[],"score":1559,"play_id":"2e40c835-62fd-47e8-b65c-edcdb38ad775","local_time":"20201220120000","daily_mods":["SealedDeck","Heirloom","Time Dilation","Flight"],"is_ascension_mode":false,"campfire_choices":[{"floor":17.0,"key":"DIG"},{"floor":30.0,"key":"DIG"},{"floor":34.0,"key":"DIG"},{"floor":43.0,"key":"RECALL"},{"floor":46.0,"key":"REST"},{"floor":51.0,"key":"DIG"},{"data":"Hologram","floor":54.0,"key":"SMITH"}],"circlet_count":0,"master_deck":["Demon Form","Wraith Form v2","Echo Form","DevaForm","Undo","Scrape","Cold Snap","Hologram+1","Gash+1","ReplayGash","Consume","Capacitor","Multi-Cast+1","Streamline","Force Field+1","Electrodynamics","Fusion","Machine Learning","Streamline+1","Amplify+1","FIFO Queue","Multi-Cast+1","Defragment","Meteor Strike","Recycle+1","ReplayTheSpireMod:Repulse+1","Echo Form","Hologram","Redo+1"],"relics":["Snecko Eye","Unceasing Top","Replay:Multitool","FaceOfCleric","Dream Catcher","Vajra","StrikeDummy","Torii","CaptainsWheel","Nuclear Battery","Mango","Centennial Puzzle","Ice Cream","DollysMirror","DataDisk","Replay:Bottled Flurry","ReplayTheSpireMod:Ninjato","Tiny House","Shovel","Regal Pillow","Kunai","Blue Doll","Gambling Chip","Replay:Antivirus Software","Bronze Scales","Medical Kit","Art of War"],"acts_visited":["Exordium","TheCity","TheBeyond","TheEnding"],"potions_floor_usage":[57,57],"damage_taken":[{"damage":0.0,"enemies":"2 Louse","floor":1.0,"turns":3.0},{"damage":1.0,"enemies":"Cultist","floor":4.0,"turns":4.0},{"damage":0.0,"enemies":"3 Sentries","floor":6.0,"turns":7.0},{"damage":1.0,"enemies":"Jaw Worm","floor":7.0,"turns":2.0},{"damage":0.0,"enemies":"Lagavulin","floor":10.0,"turns":5.0},{"damage":0.0,"enemies":"Gremlin Nob","floor":15.0,"turns":3.0},{"damage":0.0,"enemies":"Looter","floor":16.0,"turns":2.0},{"damage":7.0,"enemies":"The Guardian","floor":18.0,"turns":5.0},{"damage":10.0,"enemies":"Shell Parasite","floor":20.0,"turns":3.0},{"damage":20.0,"enemies":"2 Thieves","floor":22.0,"turns":3.0},{"damage":1.0,"enemies":"Snake Plant","floor":24.0,"turns":4.0},{"damage":3.0,"enemies":"Replay:Snechameleon","floor":25.0,"turns":5.0},{"damage":0.0,"enemies":"Gremlin Leader","floor":26.0,"turns":4.0},{"damage":1.0,"enemies":"Replay:Snechameleon","floor":27.0,"turns":4.0},{"damage":6.0,"enemies":"Slavers","floor":31.0,"turns":4.0},{"damage":1.0,"enemies":"Centurion and Healer","floor":32.0,"turns":4.0},{"damage":15.0,"enemies":"Automaton","floor":35.0,"turns":7.0},{"damage":16.0,"enemies":"3 Shapes","floor":37.0,"turns":5.0},{"damage":1.0,"enemies":"Orb Walker","floor":38.0,"turns":2.0},{"damage":22.0,"enemies":"Mind Bloom Boss Battle","floor":39.0,"turns":4.0},{"damage":0.0,"enemies":"Transient","floor":41.0,"turns":4.0},{"damage":0.0,"enemies":"Reptomancer","floor":42.0,"turns":4.0},{"damage":15.0,"enemies":"Writhing Mass","floor":48.0,"turns":3.0},{"damage":0.0,"enemies":"Giant Head","floor":49.0,"turns":5.0},{"damage":28.0,"enemies":"Time Eater","floor":52.0,"turns":7.0},{"damage":3,"enemies":"Shield and Spear","floor":56,"turns":4},{"damage":29,"enemies":"The Heart","floor":57,"turns":4}],"seed_played":"-2817995729863930191","potions_obtained":[{"floor":4.0,"key":"Milkshake"},{"floor":8.0,"key":"PowerPotion"},{"floor":8.0,"key":"Regen Potion"},{"floor":8.0,"key":"Death Potion"},{"floor":24.0,"key":"Reflective Coating"},{"floor":26.0,"key":"Elixir"},{"floor":36.0,"key":"EssenceOfDarkness"},{"floor":41.0,"key":"AttackPotion"}],"is_trial":true,"path_per_floor":["M","?","?","M","?","E","M","?","T","E","$","PTL","PTL","R","E","M","R_BF","B",null,"M","?","M","?","M","E","E","E","T","$","R","E","M","?","R","B",null,"M","M","?","?","M","E","R","$","T","R","?","M","E","?","R","B",null,"R","$","E","B",null],"character_chosen":"DEFECT","items_purchased":["FIFO Queue","DollysMirror","Kunai","Hologram","Redo+1","Bronze Scales","Medical Kit"],"campfire_rested":1,"item_purchase_floors":[29,29,44,55,55,55,55],"current_hp_per_floor":[75,75,75,75,75,76,76,76,76,77,77,77,77,79,80,81,81,75,82,73,73,63,63,63,75,76,76,76,76,76,71,71,71,71,57,110,95,95,74,74,75,76,76,76,76,115,115,101,102,117,117,90,118,118,118,116,88],"gold":89,"neow_bonus":"","is_daily":false,"chose_seed":false,"campfire_upgraded":1,"win_rate":0.0,"timestamp":1608462000,"path_taken":["M","?","?","?","?","E","?","?","T","E","?","PTL","PTL","R","E","M","R_BF","BOSS","M","?","M","?","M","E","E","E","T","?","R","E","?","?","R","BOSS","M","M","?","?","?","E","R","?","T","R","?","?","E","?","R","BOSS","R","$","E","BOSS"],"items_purchased_type":["Card","Relic","Relic","Card","Card","Relic","Relic"],"build_version":"2020-12-13","purchased_purges":0,"victory":true,"max_hp_per_floor":[75,75,75,76,76,77,78,78,78,79,79,79,79,79,80,81,81,82,82,83,83,84,84,85,100,101,102,102,102,102,103,104,104,104,105,110,111,112,113,113,114,115,115,115,115,115,115,116,117,117,117,118,118,118,118,119,120],"card_choices":[{"not_picked":["Skim","Turbo","White Noise"],"picked":"SKIP","floor":1.0},{"not_picked":["Compile Driver","Panic Button"],"picked":"Streamline","floor":4.0},{"not_picked":["Turbo","Cold Snap","Stack"],"picked":"SKIP","floor":6.0},{"not_picked":["Time Bomb","Steam Power"],"picked":"Force Field","floor":7.0},{"not_picked":["ReplaySort","Coolheaded"],"picked":"Electrodynamics","floor":10.0},{"not_picked":["Hologram","BasicCrystalCard","ReplaySolidLightProjector"],"picked":"SKIP","floor":15.0},{"not_picked":["ReplayTheSpireMod:System Scan","Glacier"],"picked":"Fusion","floor":16.0},{"not_picked":["Multi-Cast","Seek"],"picked":"Machine Learning","floor":18.0},{"not_picked":["Darkness","Hologram"],"picked":"Streamline+1","floor":20.0},{"not_picked":["Steam","Glacier","Turbo"],"picked":"SKIP","floor":22.0},{"not_picked":["Glacier","Coolheaded","Sweeping Beam"],"picked":"SKIP","floor":24.0},{"not_picked":["BasicCrystalCard","Conserve Battery","Multi-Cast"],"picked":"SKIP","floor":25.0},{"not_picked":["Hello World+1","Coolheaded"],"picked":"Amplify","floor":26.0},{"not_picked":["Fusion","Ball Lightning","Go for the Eyes"],"picked":"SKIP","floor":27.0},{"not_picked":["Barrage","Heatsinks"],"picked":"Defragment","floor":31.0},{"not_picked":["Genetic Algorithm+1","Turbo+1","ReplayTheSpireMod:GoodbyeWorld"],"picked":"SKIP","floor":32.0},{"not_picked":["Fission","Echo Form"],"picked":"Meteor Strike","floor":35.0},{"not_picked":["Hologram","Gash+1","Chill+1"],"picked":"SKIP","floor":37.0},{"not_picked":["Compile Driver+1","Streamline"],"picked":"Recycle+1","floor":38.0},{"not_picked":["FTL+1","Beam Cell"],"picked":"ReplayTheSpireMod:Repulse+1","floor":41.0},{"not_picked":["ReplaySolidLightProjector","Steam","Aggregate"],"picked":"SKIP","floor":42.0},{"not_picked":["BasicCrystalCard","Reinforced Body"],"picked":"Recycle","floor":46.0},{"not_picked":["Scrape+1","Time Bomb"],"picked":"Echo Form","floor":48.0},{"not_picked":["Go for the Eyes+1","Coolheaded","Chaos"],"picked":"SKIP","floor":49.0},{"not_picked":["Compile Driver+1","FIFO Queue","Redo+1"],"picked":"SKIP","floor":56}],"player_experience":479823,"relics_obtained":[{"floor":6.0,"key":"Dream Catcher"},{"floor":9.0,"key":"Vajra"},{"floor":10.0,"key":"StrikeDummy"},{"floor":15.0,"key":"Torii"},{"floor":17.0,"key":"CaptainsWheel"},{"floor":25.0,"key":"Mango"},{"floor":26.0,"key":"Centennial Puzzle"},{"floor":27.0,"key":"Ice Cream"},{"floor":30.0,"key":"DataDisk"},{"floor":31.0,"key":"Replay:Bottled Flurry"},{"floor":34.0,"key":"ReplayTheSpireMod:Ninjato"},{"floor":39.0,"key":"Shovel"},{"floor":42.0,"key":"Regal Pillow"},{"floor":45.0,"key":"Blue Doll"},{"floor":49.0,"key":"Gambling Chip"},{"floor":51.0,"key":"Replay:Antivirus Software"},{"floor":56,"key":"Art of War"}],"event_choices":[{"damage_healed":0.0,"max_hp_gain":0.0,"max_hp_loss":0.0,"gold_gain":0.0,"event_name":"FaceTrader","player_choice":"Trade","floor":3.0,"gold_loss":0.0,"damage_taken":0.0,"relics_obtained":["FaceOfCleric"]},{"damage_healed":0.0,"max_hp_gain":0.0,"max_hp_loss":0.0,"gold_gain":0.0,"event_name":"Purifier","player_choice":"Ignored","floor":5.0,"gold_loss":0.0,"damage_taken":0.0},{"damage_healed":0.0,"max_hp_gain":0.0,"max_hp_loss":0.0,"gold_gain":0.0,"event_name":"Lab","player_choice":"Got Potions","floor":8.0,"gold_loss":0.0,"damage_taken":0.0},{"damage_healed":0.0,"max_hp_gain":0.0,"max_hp_loss":0.0,"gold_gain":0.0,"event_name":"Beggar","player_choice":"Ignored","floor":23.0,"gold_loss":0.0,"damage_taken":0.0},{"damage_healed":0.0,"max_hp_gain":0.0,"max_hp_loss":0.0,"gold_gain":0.0,"event_name":"Cursed Tome","player_choice":"Ignored","floor":33.0,"gold_loss":0.0,"damage_taken":0.0},{"damage_healed":0.0,"max_hp_gain":0.0,"max_hp_loss":0.0,"gold_gain":0.0,"event_name":"MindBloom","player_choice":"Fight","floor":39.0,"gold_loss":0.0,"damage_taken":0.0},{"damage_healed":0.0,"max_hp_gain":0.0,"max_hp_loss":0.0,"gold_gain":0.0,"event_name":"Upgrade Shrine","player_choice":"Upgraded","floor":40.0,"gold_loss":0.0,"damage_taken":0.0,"cards_upgraded":["Amplify"]},{"cards_removed":["ReplaySort"],"damage_healed":0.0,"max_hp_gain":0.0,"max_hp_loss":0.0,"gold_gain":0.0,"event_name":"Wheel of Change","player_choice":"Card Removal","floor":47.0,"gold_loss":0.0,"damage_taken":0.0},{"cards_removed":["Recycle"],"damage_healed":15.0,"max_hp_gain":0.0,"max_hp_loss":0.0,"gold_gain":0.0,"event_name":"Bonfire Elementals","player_choice":"Offered Uncommon","floor":50.0,"gold_loss":0.0,"damage_taken":0.0}],"is_beta":false,"boss_relics":[{"not_picked":["Calling Bell","Philosopher\u0027s Stone"],"picked":"Nuclear Battery"},{"not_picked":["Runic Dome","Inserter"],"picked":"Tiny House"}],"items_purged_floors":[],"is_endless":false,"potions_floor_spawned":[4,10,16,20,24,26,31,37,41],"ascension_level":0}}