{"host":"7mo9b2f9hhzb5x6f","time":1608470604,"event":{"mods":["2.2 Compatiblity","Act Like it!","BaseMod","Better-Laid Plans","Library of Ruina","Library of Ruina Extra","Marked Mod","Minty Spire (QoL Compilation)","MostiFishMod","Spicy Shops","StSLib","TestMod","The Dragon Tamer","The Hayseed","UnlockEverythingMod","【功能Mod】混沌之环修复补丁"],"gold_per_floor":[364,364,364,200,217,217,248,248,274,274,284,297,308,708,708,812,812,826,521,521,521,521,554,554,589,616,616,629,28,28,57,57,154,154,171,171,171,182,81,81,99,110,135,150,168,168,183,213,213,213,213],"floor_reached":52,"playtime":2423,"items_purged":["TheSimpletonMod:Strike_TheSimpleton","TheSimpletonMod:Defend_TheSimpleton","TheSimpletonMod:DoubleBarrel"],"score":968,"play_id":"ef9f7cc6-e3eb-443c-844c-4de8b3bfd8f0","local_time":"20201220212324","is_ascension_mode":false,"campfire_choices":[{"data":"TheSimpletonMod:VineRipen","floor":6,"key":"SMITH"},{"data":"TheSimpletonMod:Ferment","floor":8,"key":"SMITH"},{"data":"TheSimpletonMod:SoilSample","floor":10,"key":"SMITH"},{"data":"TheSimpletonMod:Potatoes","floor":15,"key":"SMITH"},{"data":"TheSimpletonMod:GoToMarket","floor":24,"key":"SMITH"},{"data":"TheSimpletonMod:TakeHeart","floor":27,"key":"SMITH"},{"data":"TheSimpletonMod:Aerate","floor":32,"key":"SMITH"},{"data":"TheSimpletonMod:CropRotation","floor":40,"key":"SMITH"},{"data":"TheSimpletonMod:Biorefinement","floor":49,"key":"SMITH"}],"circlet_count":0,"master_deck":["TheSimpletonMod:Strike_TheSimpleton+1","TheSimpletonMod:Strike_TheSimpleton+1","TheSimpletonMod:Strike_TheSimpleton+1","TheSimpletonMod:Defend_TheSimpleton","TheSimpletonMod:Defend_TheSimpleton","TheSimpletonMod:Haymaker+1","TheSimpletonMod:ReapAndSow+1","TheSimpletonMod:VineRipen+1","TheSimpletonMod:SoilSample+1","TheSimpletonMod:Potatoes+1","TheSimpletonMod:Ferment+1","TheSimpletonMod:Aerate+1","TheSimpletonMod:TakeHeart+1","TheSimpletonMod:GoToMarket+1","MostiFishMod:SparklingWater","TheSimpletonMod:CropRotation+1","TheSimpletonMod:Fertilaser+1","TheSimpletonMod:Biorefinement+1"],"relics":["TheSimpletonMod:SpudOfTheInnocent","TheSimpletonMod:NightSoil","TheSimpletonMod:TheHarvester","testmod-TestBox","testmod-PortableAltar","Eternal Feather","Question Card","Singing Bowl","Whetstone","ImportantClient","Sozu","TheSimpletonMod:GardenGlove","The Courier","Lantern","testmod-IndustrialRevolution","PageOfPorccubus","PageOfDeadButterflies","Membership Card","PageOfTodaysShyLook","testmod-LifeArmor","Tiny Chest","ShadowXiaoBlade","Ice Cream","PageOfGreed","PageOfTheQueenOfHatred","PageOfTheKnightOfDespair"],"acts_visited":["Exordium","TheCity","TheBeyond"],"potions_floor_usage":[],"damage_taken":[{"damage":9,"enemies":"Small Slimes","floor":1,"turns":4},{"damage":4,"enemies":"2 Louse","floor":5,"turns":3},{"damage":20,"enemies":"3 Sentries","floor":7,"turns":7},{"damage":0,"enemies":"Cultist","floor":11,"turns":2},{"damage":3,"enemies":"Exordium Wildlife","floor":12,"turns":3},{"damage":0,"enemies":"2 Fungi Beasts","floor":13,"turns":2},{"damage":7,"enemies":"Slime Boss","floor":16,"turns":10},{"damage":1,"enemies":"Spheric Guardian","floor":18,"turns":4},{"damage":5,"enemies":"Book of Stabbing","floor":23,"turns":3},{"damage":7,"enemies":"Slavers","floor":25,"turns":2},{"damage":0,"enemies":"2 Thieves","floor":28,"turns":3},{"damage":0,"enemies":"Masked Bandits","floor":31,"turns":2},{"damage":7,"enemies":"Automaton","floor":33,"turns":5},{"damage":0,"enemies":"Orb Walker","floor":35,"turns":1},{"damage":0,"enemies":"3 Darklings","floor":38,"turns":2},{"damage":0,"enemies":"Spire Growth","floor":41,"turns":2},{"damage":0,"enemies":"Transient","floor":42,"turns":5},{"damage":0,"enemies":"Writhing Mass","floor":44,"turns":3},{"damage":3,"enemies":"4 Shapes","floor":45,"turns":2},{"damage":0,"enemies":"Jaw Worm Horde","floor":47,"turns":2},{"damage":0,"enemies":"Reptomancer","floor":48,"turns":3},{"damage":16,"enemies":"Time Eater","floor":50,"turns":4}],"seed_played":"-499264898532243016","potions_obtained":[{"floor":5,"key":"AttackPotion"},{"floor":12,"key":"DuplicationPotion"},{"floor":13,"key":"Energy Potion"}],"is_trial":false,"path_per_floor":["M","?","?","$","M","R","E","R","T","R","M","M","M","?","R","B",null,"M","$","?","?","T","E","R","E","T","R","M","$","?","?","R","B",null,"M","?","T","M","$","R","M","M","T","M","M","?","M","E","R","B",null,null],"character_chosen":"THE_SIMPLETON","items_purchased":["TheSimpletonMod:SoilSample","TheSimpletonMod:Potatoes","TheSimpletonMod:GardenGlove","TheSimpletonMod:GoToMarket","TheSimpletonMod:DoubleBarrel","PageOfDeadButterflies","Membership Card","PageOfTodaysShyLook","testmod-LifeArmor","Tiny Chest","TheSimpletonMod:CropRotation","PageOfGreed"],"campfire_rested":0,"item_purchase_floors":[4,4,19,19,29,29,29,29,29,29,39,39],"current_hp_per_floor":[49,34,34,34,30,36,20,26,26,32,40,45,51,51,57,56,62,63,62,61,60,59,60,59,59,59,58,59,58,57,58,57,52,57,58,57,56,57,56,55,56,57,56,55,56,55,54,53,52,50,50],"gold":213,"neow_bonus":"TWO_FIFTY_GOLD","is_daily":false,"chose_seed":false,"campfire_upgraded":9,"win_rate":0.0,"timestamp":1608470604,"path_taken":["M","?","?","$","M","R","E","R","T","R","?","M","M","?","R","BOSS","M","$","?","?","?","E","R","E","T","R","M","$","?","?","R","BOSS","M","?","?","M","$","R","M","M","T","M","?","?","M","E","R","BOSS"],"items_purchased_type":["Card","Card","Relic","Card","Card","Relic","Relic","Relic","Relic","Relic","Card","Relic"],"build_version":"2020-12-13","purchased_purges":3,"victory":true,"max_hp_per_floor":[74,73,72,71,70,69,68,67,66,65,66,67,66,65,64,63,62,63,62,61,60,59,60,59,60,59,58,59,58,57,58,57,58,57,58,57,56,57,56,55,56,57,56,55,56,55,54,53,52,51,50],"card_choices":[{"not_picked":["TheSimpletonMod:Swelter","TheSimpletonMod:CropRotation"],"picked":"TheSimpletonMod:VineRipen","floor":1},{"not_picked":["TheSimpletonMod:RootDown","TheSimpletonMod:VineRipen","TheSimpletonMod:Potatoes","TheSimpletonMod:Sunchoke"],"picked":"SKIP","floor":5},{"not_picked":["TheSimpletonMod:ToughenUp","TheSimpletonMod:KeenEdge","TheSimpletonMod:DoubleBarrel"],"picked":"TheSimpletonMod:Ferment","floor":7},{"not_picked":["TheSimpletonMod:BumperCrop","TheSimpletonMod:Swelter","TheSimpletonMod:PestManagement","TheSimpletonMod:Ferment"],"picked":"Singing Bowl","floor":11},{"not_picked":["TheSimpletonMod:BumperCrop","TheSimpletonMod:DesperatePlunge","TheSimpletonMod:KeenEdge","TheSimpletonMod:SeedCoat"],"picked":"Singing Bowl","floor":12},{"not_picked":["TheSimpletonMod:SoilSample","TheSimpletonMod:Sunchoke","TheSimpletonMod:CullingStrike"],"picked":"TheSimpletonMod:Aerate","floor":13},{"not_picked":["TheSimpletonMod:Photosynthesis","TheSimpletonMod:ErosionControl","TheSimpletonMod:ResistantStrain"],"picked":"TheSimpletonMod:TakeHeart","floor":16},{"not_picked":["TheSimpletonMod:Rototilling+1","TheSimpletonMod:PestManagement+1","TheSimpletonMod:SaladShooter","TheSimpletonMod:DoubleBarrel"],"picked":"Singing Bowl","floor":18},{"not_picked":["TheSimpletonMod:Rake","TheSimpletonMod:Potatoes","TheSimpletonMod:RootDown","TheSimpletonMod:SoilSample"],"picked":"Singing Bowl","floor":23},{"not_picked":["TheSimpletonMod:ControlledBurn","TheSimpletonMod:SeedCoat+1","TheSimpletonMod:DoubleBarrel","TheSimpletonMod:Corn"],"picked":"Singing Bowl","floor":25},{"not_picked":["TheSimpletonMod:Potatoes","TheSimpletonMod:Ferment","TheSimpletonMod:BumperCrop","TheSimpletonMod:Swelter"],"picked":"Singing Bowl","floor":28},{"not_picked":["TheSimpletonMod:Pruning","TheSimpletonMod:ToughenUp","TheSimpletonMod:Rototilling","TheSimpletonMod:KeenEdge+1"],"picked":"Singing Bowl","floor":31},{"not_picked":["TheSimpletonMod:SaltTheEarth","TheSimpletonMod:ResearchGrant","TheSimpletonMod:TakeHeart","TheSimpletonMod:ErosionControl"],"picked":"Singing Bowl","floor":33},{"not_picked":["TheSimpletonMod:Corn","TheSimpletonMod:Rototilling+1","TheSimpletonMod:CullingStrike+1","TheSimpletonMod:ControlledBurn+1"],"picked":"Singing Bowl","floor":35},{"not_picked":["testmod-ComboMaster","testmod-FightingIntention","Panache"],"picked":"MostiFishMod:SparklingWater","floor":36},{"not_picked":["TheSimpletonMod:RootDown+1","TheSimpletonMod:SlashAndBurn+1","TheSimpletonMod:ToughenUp","TheSimpletonMod:DigIn"],"picked":"Singing Bowl","floor":38},{"not_picked":["TheSimpletonMod:Swelter","TheSimpletonMod:Rototilling","TheSimpletonMod:ToughenUp","TheSimpletonMod:BumperCrop+1"],"picked":"Singing Bowl","floor":41},{"not_picked":["TheSimpletonMod:Pruning+1","TheSimpletonMod:ControlledBurn+1","TheSimpletonMod:Aerate+1","TheSimpletonMod:SoilSample"],"picked":"Singing Bowl","floor":42},{"not_picked":["TheSimpletonMod:SoilSample+1","TheSimpletonMod:Aerate+1","TheSimpletonMod:SpiceUp+1"],"picked":"TheSimpletonMod:Fertilaser+1","floor":44},{"not_picked":["TheSimpletonMod:Corn","TheSimpletonMod:SoilSample","TheSimpletonMod:StockTheCellar","TheSimpletonMod:SaladShooter+1"],"picked":"Singing Bowl","floor":45},{"not_picked":["TheSimpletonMod:BumperCrop+1","TheSimpletonMod:SpiceUp","TheSimpletonMod:Pruning"],"picked":"TheSimpletonMod:Biorefinement","floor":47},{"not_picked":["TheSimpletonMod:Germinate+1","TheSimpletonMod:SeedCoat","TheSimpletonMod:Corn","TheSimpletonMod:CullingStrike+1"],"picked":"SKIP","floor":48}],"player_experience":76989,"relics_obtained":[{"floor":1,"key":"Question Card"},{"floor":7,"key":"Singing Bowl"},{"floor":9,"key":"Whetstone"},{"floor":16,"key":"ImportantClient"},{"floor":22,"key":"The Courier"},{"floor":23,"key":"Lantern"},{"floor":25,"key":"testmod-IndustrialRevolution"},{"floor":26,"key":"PageOfPorccubus"},{"floor":37,"key":"Ice Cream"},{"floor":43,"key":"PageOfTheQueenOfHatred"},{"floor":48,"key":"PageOfTheKnightOfDespair"}],"event_choices":[{"damage_healed":0,"gold_gain":0,"player_choice":"Entered Light","damage_taken":15,"max_hp_gain":0,"max_hp_loss":0,"event_name":"Shining Light","floor":2,"gold_loss":0,"cards_upgraded":["TheSimpletonMod:Strike_TheSimpleton","TheSimpletonMod:Strike_TheSimpleton"]},{"damage_healed":0,"gold_gain":0,"player_choice":"Bought 0 Potions","damage_taken":0,"max_hp_gain":0,"max_hp_loss":0,"event_name":"The Woman in Blue","floor":3,"gold_loss":0},{"damage_healed":0,"gold_gain":400,"player_choice":"Sell","damage_taken":0,"max_hp_gain":0,"max_hp_loss":0,"event_name":"恩洛斯的盘子","floor":14,"relics_lost":["DaveBox"],"gold_loss":0},{"damage_healed":0,"gold_gain":0,"player_choice":"Ignored","damage_taken":0,"max_hp_gain":0,"max_hp_loss":0,"event_name":"Beggar","floor":20,"gold_loss":0},{"damage_healed":0,"gold_gain":0,"player_choice":"Ignored","damage_taken":0,"max_hp_gain":0,"max_hp_loss":0,"event_name":"Vampires","floor":21,"gold_loss":0},{"damage_healed":0,"gold_gain":0,"player_choice":"Fought Bandits","damage_taken":0,"max_hp_gain":0,"max_hp_loss":0,"event_name":"Masked Bandits","floor":31,"gold_loss":0},{"damage_healed":0,"gold_gain":0,"player_choice":"Memory 1","damage_taken":0,"max_hp_gain":0,"max_hp_loss":0,"event_name":"SensoryStone","floor":36,"gold_loss":0},{"cards_removed":["TheSimpletonMod:Defend_TheSimpleton"],"damage_healed":0,"gold_gain":0,"player_choice":"Removed Skill","damage_taken":0,"max_hp_gain":0,"max_hp_loss":0,"event_name":"Falling","floor":46,"gold_loss":0}],"is_beta":false,"boss_relics":[{"not_picked":["TakeMeEscape","BirthdayGift-Icosahedron"],"picked":"Sozu"},{"not_picked":["PatriotShield","NightmareShop"],"picked":"ShadowXiaoBlade"}],"items_purged_floors":[4,19,29],"is_endless":false,"potions_floor_spawned":[5,12,13,16,18,31,35,42,45,48],"ascension_level":0}}