{"host":"709gjpjg43u3i5a8","time":1608508731,"event":{"mods":["BaseMod","Colored Map","Colored Powertips","Downfall","Hermit","Hubris","Infinite Spire","Marisa????????","Minty Spire (QoL Compilation)","Remilia??????","StSLib","Td1madao Mod","The Animator","The Bug Knight","The Cursed","The Disciple","The Hierophant","The Jungle","The Servant 0.9.4"],"gold_per_floor":[99,274,274,274,274,274,274,302,320,354,369,387,487,337,352,454,454,454,467,467,467,467,47,74,86,118,134,134,144,144,154,168,272,272,272,272,272],"floor_reached":36,"playtime":3904,"items_purged":["Doubt"],"score":465,"play_id":"2fecb0e0-6884-4b78-b064-ae479e3e17ab","local_time":"20201220165851","is_ascension_mode":false,"campfire_choices":[{"data":"hexamod:Float","floor":1,"key":"SMITH"},{"data":"hexamod:Sear","floor":4,"key":"SMITH"},{"data":"hexamod:StepThrough","floor":6,"key":"SMITH"},{"data":"hexamod:EmpoweringStance","floor":18,"key":"SMITH"},{"floor":20,"key":"RECALL"},{"floor":35,"key":"DIG"}],"circlet_count":0,"master_deck":["hexamod:Sear+1","hexamod:Float+1","hexamod:SpectersWail+1","hexamod:StepThrough+1","hexamod:FirstSeal","hexamod:HeatShield+1","hexamod:EmpoweredFlame+1","hexamod:SpectersWail+1","hexamod:PhantomFireball+1","hexamod:GhostflameBarrier+1","hexamod:ThirdSeal","hexamod:HauntingEcho+1","hexamod:SkipABeat+1","hexamod:SixthSeal","hexamod:EmpoweringStance+1","hexamod:InspiringFlames+1","hexamod:NecessarySacrifice+1","hexamod:FourthSeal","hexamod:ThirdSeal","hexamod:RecurringNightmare+1","hexamod:HeatCrush+1","hexamod:SixthSeal","hexamod:SearingWound+1","hexamod:SpectersWail+1","hexamod:FastForward+1","hexamod:HexaLevel+1","hexamod:StepThrough+1","hexamod:Hexaguard+1","hexamod:RetreatToShadows+1","hexamod:FirstSeal","hexamod:CatchUp+1","hexamod:FirstSeal","hexamod:ExtraCrispy+1","hexamod:ShieldOfDarkness+1","hexamod:EmpoweredFlame+1","hexamod:ExtraCrispy+1","hexamod:EmpoweredFlame+1","hexamod:TimeOfNeed+1","hexamod:FifthSeal","hexamod:FifthSeal"],"relics":["hexamod:SpiritBrand","downfall:HeartsMalice","hubris:BundleOfHerbs","infinitespire:Lychee Nut","Toxic Egg 2","Sozu","Shovel","Pandora\u0027s Box","FossilizedHelix","Pen Nib","Gremlin Horn","infinitespire:Beetle Shell","Nilry\u0027s Codex","hubris:ScarierMask","Bronze Scales"],"acts_visited":["Exordium","TheCity","TheBeyond"],"potions_floor_usage":[10,10,36],"damage_taken":[{"damage":0,"enemies":"Small Slimes","floor":3,"turns":1},{"damage":0,"enemies":"2 Louse","floor":5,"turns":1},{"damage":0,"enemies":"3 Sentries","floor":8,"turns":1},{"damage":0,"enemies":"Cultist","floor":9,"turns":3},{"damage":0,"enemies":"Gremlin Nob","floor":10,"turns":4},{"damage":6,"enemies":"Exordium Thugs","floor":11,"turns":3},{"damage":6,"enemies":"Blue Slaver","floor":12,"turns":3},{"damage":30,"enemies":"downfall:Heads","floor":13,"turns":6},{"damage":16,"enemies":"Large Slime","floor":15,"turns":7},{"damage":26,"enemies":"downfall:Silent","floor":16,"turns":8},{"damage":16,"enemies":"Snecko","floor":19,"turns":6},{"damage":4,"enemies":"downfall:FleeingMerchant","floor":23,"turns":4},{"damage":6,"enemies":"3 Cultists","floor":25,"turns":5},{"damage":52,"enemies":"Nightmare","floor":26,"turns":8},{"damage":18,"enemies":"Snake Plant","floor":27,"turns":5},{"damage":20,"enemies":"Sentry and Sphere","floor":29,"turns":4},{"damage":4,"enemies":"Centurion and Healer","floor":31,"turns":6},{"damage":0,"enemies":"Cultist and Chosen","floor":32,"turns":7},{"damage":36,"enemies":"downfall:Defect","floor":33,"turns":9},{"damage":65,"enemies":"Nightmare","floor":36,"turns":5}],"seed_played":"3445060788393807063","potions_obtained":[{"floor":8,"key":"Fire Potion"},{"floor":9,"key":"hexamod:EctoCoolerPotion"},{"floor":10,"key":"hexamod:InfernoChargePotion"},{"floor":16,"key":"ColorlessPotion"}],"is_trial":false,"path_per_floor":["R","?","M","R","M","R","T","E","M","E","M","M","?","?","M","B",null,"R","M","R","AVR","T","$","T","M","NM","M","?","M","?","M","M","B",null,"R","NM"],"character_chosen":"THE_SPIRIT","items_purchased":["FossilizedHelix","hexamod:StepThrough"],"campfire_rested":0,"item_purchase_floors":[23,23],"current_hp_per_floor":[70,70,70,70,70,70,70,52,52,52,52,52,25,62,46,26,62,62,53,53,53,53,62,62,62,17,36,36,36,20,43,62,40,62,62,0,0],"gold":272,"neow_bonus":"THREE_ENEMY_KILL","is_daily":false,"chose_seed":false,"campfire_upgraded":4,"win_rate":0.0,"timestamp":1608508731,"path_taken":["R","?","M","R","M","R","T","E","M","E","M","M","?","?","M","BOSS","R","M","R","AVR","?","?","T","M","NM","M","?","M","?","?","M","BOSS","R","NM"],"items_purchased_type":["Relic","Card"],"build_version":"2020-12-13","purchased_purges":1,"victory":false,"max_hp_per_floor":[70,70,70,70,70,70,70,52,52,52,52,52,52,62,62,62,62,62,62,62,62,62,62,62,62,62,62,62,62,62,62,62,62,62,62,62,62],"card_choices":[{"not_picked":["hexamod:GhostShield","hexamod:NightmareGuise"],"picked":"hexamod:SpectersWail","floor":3},{"not_picked":["hexamod:GhostShield","hexamod:AdvancingGuard"],"picked":"hexamod:StepThrough","floor":5},{"not_picked":["hexamod:Haunt","hexamod:Firestarter"],"picked":"hexamod:FirstSeal","floor":8},{"not_picked":["hexamod:PhantomFireball","hexamod:GhostShield"],"picked":"hexamod:HeatShield","floor":9},{"not_picked":["hexamod:UnleashSpirits","hexamod:PhantomCloak"],"picked":"hexamod:EmpoweredFlame","floor":10},{"not_picked":["hexamod:RainOfEmbers","hexamod:NightmareGuise+1"],"picked":"hexamod:SpectersWail","floor":11},{"not_picked":["hexamod:GhostShield+1","hexamod:NightmareStrike"],"picked":"hexamod:PhantomFireball","floor":12},{"not_picked":["hexamod:FirstSeal","hexamod:Hexaguard+1"],"picked":"hexamod:ThirdSeal","floor":13},{"not_picked":["hexamod:StepThrough","hexamod:BurningTouch+1"],"picked":"hexamod:HauntingEcho","floor":15},{"not_picked":["hexamod:RainOfEmbers","hexamod:ExtraCrispy"],"picked":"hexamod:SkipABeat+1","floor":15},{"not_picked":["hexamod:WildfireWeapon","hexamod:UnleashSpirits"],"picked":"hexamod:SixthSeal","floor":16},{"not_picked":["hexamod:SixthSeal","hexamod:TurnItUp+1"],"picked":"hexamod:EmpoweringStance","floor":16},{"not_picked":["hexamod:Hexaguard+1","hexamod:HauntingEcho"],"picked":"hexamod:InspiringFlames+1","floor":19},{"not_picked":["hexamod:GhostOfSpirePresent","hexamod:GhostLash"],"picked":"hexamod:NecessarySacrifice+1","floor":19},{"not_picked":["hexamod:NightmareStrike+1","hexamod:HauntingEcho"],"picked":"hexamod:SpectersWail","floor":23},{"not_picked":["hexamod:ThermalTransfer","hexamod:HeatShield+1"],"picked":"hexamod:FastForward+1","floor":23},{"not_picked":["hexamod:EtherealExpedition+1","hexamod:HeatCrush"],"picked":"hexamod:HexaLevel","floor":23},{"not_picked":["hexamod:CatchUp+1","hexamod:InspiringFlames+1"],"picked":"hexamod:Hexaguard+1","floor":25},{"not_picked":["hexamod:ExtraCrispy","hexamod:InspiringFlames+1"],"picked":"hexamod:RetreatToShadows+1","floor":25},{"not_picked":["hexamod:RecurringNightmare+1","hexamod:GhostLash+1"],"picked":"hexamod:FirstSeal","floor":26},{"not_picked":["hexamod:NecessarySacrifice+1","hexamod:NightmareStrike"],"picked":"hexamod:CatchUp+1","floor":26},{"not_picked":["hexamod:ChargedBarrage+1","hexamod:BurningTouch+1"],"picked":"hexamod:FirstSeal","floor":27},{"not_picked":["hexamod:SoulSteal+1","hexamod:DynamicBlow+1"],"picked":"hexamod:ExtraCrispy","floor":27},{"not_picked":["hexamod:Firestarter","hexamod:ThermalTransfer+1","hexamod:SkipABeat+1"],"picked":"SKIP","floor":29},{"not_picked":["hexamod:RainOfEmbers","hexamod:SwordOfDarkness","hexamod:SpectersWail"],"picked":"SKIP","floor":29},{"not_picked":["hexamod:NightmareStrike","hexamod:HauntingEcho"],"picked":"hexamod:ShieldOfDarkness+1","floor":31},{"not_picked":["hexamod:BurningTouch+1","hexamod:BacktrackSmack","hexamod:NightmareStrike"],"picked":"SKIP","floor":31},{"not_picked":["hexamod:NightmareGuise+1","hexamod:HauntingEcho","hexamod:BacktrackSmack+1"],"picked":"SKIP","floor":31},{"not_picked":["hexamod:GhostOfSpirePast","hexamod:NightmareStrike"],"picked":"hexamod:EmpoweredFlame","floor":32},{"not_picked":["hexamod:Haunt+1","hexamod:SpectersWail"],"picked":"hexamod:ExtraCrispy+1","floor":32},{"not_picked":["hexamod:ChargedBarrage+1","hexamod:Rewind+1"],"picked":"hexamod:EmpoweredFlame","floor":32},{"not_picked":["hexamod:CrushingStance","hexamod:SearingWound+1"],"picked":"hexamod:TimeOfNeed+1","floor":33},{"not_picked":["hexamod:WildfireWeapon","hexamod:TimeWarp"],"picked":"hexamod:FifthSeal","floor":33},{"not_picked":["hexamod:CrushingStance","hexamod:TimeOfNeed+1"],"picked":"hexamod:FifthSeal","floor":33}],"player_experience":346963,"relics_obtained":[{"floor":7,"key":"hubris:BundleOfHerbs"},{"floor":8,"key":"infinitespire:Lychee Nut"},{"floor":10,"key":"Toxic Egg 2"},{"floor":24,"key":"Pen Nib"},{"floor":26,"key":"Gremlin Horn"},{"floor":30,"key":"Nilry\u0027s Codex"},{"floor":35,"key":"Bronze Scales"}],"event_choices":[],"is_beta":false,"boss_relics":[{"not_picked":["hubris:CrackedHourglass","Runic Dome"],"picked":"Sozu"},{"not_picked":["Tiny House","Philosopher\u0027s Stone"],"picked":"hubris:ScarierMask"}],"items_purged_floors":[23],"is_endless":true,"potions_floor_spawned":[8,9,10,16,25,32],"killed_by":"Nightmare","ascension_level":0}}