{"host":"867cnhxguf2bzj4x","time":1608487878,"event":{"mods":["BaseMod","GifTheSpireLib","Minty Spire (QoL Compilation)","StSLib","The Bug Knight","The Cursed","The Hierophant","The Servant 0.9.4"],"gold_per_floor":[111,111,130,130,143,178,193,193,220,248,125,125,75,87,87,188,188,207,207,207,63,73,73,73],"floor_reached":23,"playtime":944,"items_purged":["HollowMod:SoulShaman"],"score":199,"play_id":"bd5c7e14-fcf2-4229-a4d8-3358bae51689","local_time":"20201220191118","is_ascension_mode":false,"campfire_choices":[{"floor":8,"key":"REST"},{"floor":12,"key":"REST"},{"floor":15,"key":"REST"}],"circlet_count":0,"master_deck":["HollowMod:NailStrikeStart","HollowMod:NailStrikeStart","HollowMod:NailStrikeStart","HollowMod:QuickDashStart","HollowMod:QuickDashStart","HollowMod:QuickDashStart","HollowMod:FocusHealStart","HollowMod:PogoStrike","Sadistic Nature","HollowMod:SoulSplash","HollowMod:QuirrelsAssistance","HollowMod:FastStrike","HollowMod:SharpenedNail","Bandage Up","HollowMod:GrimmsGift","HollowMod:AwokenDreamNail","HollowMod:HowlingWraiths","HollowMod:CoiledNail"],"relics":["HollowMod:VesselMask","Bag of Marbles","Juzu Bracelet","Tiny Chest","Philosopher\u0027s Stone","Mercury Hourglass"],"acts_visited":["Exordium","TheCity"],"potions_floor_usage":[23],"damage_taken":[{"damage":2.0,"enemies":"Small Slimes","floor":1.0,"turns":4.0},{"damage":6.0,"enemies":"Cultist","floor":3.0,"turns":3.0},{"damage":1.0,"enemies":"Jaw Worm","floor":5.0,"turns":2.0},{"damage":31.0,"enemies":"3 Sentries","floor":6.0,"turns":7.0},{"damage":20.0,"enemies":"Exordium Thugs","floor":7.0,"turns":3.0},{"damage":21,"enemies":"Lagavulin","floor":10,"turns":5},{"damage":6,"enemies":"2 Fungi Beasts","floor":14,"turns":3},{"damage":53,"enemies":"Hexaghost","floor":16,"turns":9},{"damage":19,"enemies":"Chosen","floor":18,"turns":4},{"damage":29,"enemies":"3 Byrds","floor":22,"turns":4},{"damage":54,"enemies":"Slavers","floor":23,"turns":3}],"seed_played":"-5668029093398457957","potions_obtained":[{"floor":6.0,"key":"FairyPotion"},{"floor":10,"key":"SpeedPotion"},{"floor":16,"key":"Fire Potion"}],"is_trial":false,"path_per_floor":["M","?","M","?","M","E","M","R","T","E","$","R","?","M","R","B",null,"M","?","T","$","M","E"],"character_chosen":"THE_BUGKNIGHT","items_purchased":["Bandage Up","HollowMod:GrimmsGift","HollowMod:CoiledNail"],"campfire_rested":3,"item_purchase_floors":[11,11,21],"current_hp_per_floor":[68,68,62,62,61,36,16,36,36,21,21,41,41,39,59,20,68,53,53,53,53,28,0,0],"gold":73,"neow_bonus":"RANDOM_COLORLESS_2","is_daily":false,"chose_seed":false,"campfire_upgraded":0,"win_rate":0.0,"timestamp":1608487878,"path_taken":["M","?","?","?","M","E","M","R","T","E","?","R","?","M","R","BOSS","M","?","?","$","M","E"],"items_purchased_type":["Card","Card","Card"],"build_version":"2020-12-13","purchased_purges":1,"victory":false,"max_hp_per_floor":[68,68,68,68,68,68,68,68,68,68,68,68,68,68,68,68,68,68,68,68,68,68,68,68],"card_choices":[{"not_picked":["HandOfGreed","The Bomb"],"picked":"Sadistic Nature","floor":0.0},{"not_picked":["HollowMod:SiblingsSouls","HollowMod:DescendingDark"],"picked":"HollowMod:SoulShaman","floor":1.0},{"not_picked":["HollowMod:VengefulVoid","HollowMod:NewLittleFool"],"picked":"HollowMod:SoulSplash","floor":3.0},{"not_picked":["HollowMod:MonarchWings","HollowMod:TaintedHusks"],"picked":"HollowMod:QuirrelsAssistance","floor":5.0},{"not_picked":["HollowMod:NewInfectedGuardian","HollowMod:DoubleDash","HollowMod:MawleksShell"],"picked":"SKIP","floor":6.0},{"not_picked":["HollowMod:SoulVessel","HollowMod:PureNailStrike"],"picked":"HollowMod:FastStrike","floor":7.0},{"not_picked":["HollowMod:SiblingsSouls","HollowMod:FallenFury"],"picked":"HollowMod:SharpenedNail","floor":10},{"not_picked":["HollowMod:MonarchWings","HollowMod:DesolateDive","HollowMod:NewLittleFool"],"picked":"SKIP","floor":14},{"not_picked":["HollowMod:SoulMaster","HollowMod:LordofShades"],"picked":"HollowMod:AwokenDreamNail","floor":16},{"not_picked":["HollowMod:InfectedAttack+1","HollowMod:NewJinnsSoul+1"],"picked":"HollowMod:HowlingWraiths","floor":18},{"not_picked":["HollowMod:SoulSplash","HollowMod:ShadowDash+1","HollowMod:InfectedCysts"],"picked":"SKIP","floor":22}],"player_experience":79023,"relics_obtained":[{"floor":6.0,"key":"Bag of Marbles"},{"floor":9,"key":"Juzu Bracelet"},{"floor":10,"key":"Tiny Chest"},{"floor":20,"key":"Mercury Hourglass"}],"event_choices":[{"damage_healed":0.0,"max_hp_gain":0.0,"max_hp_loss":0.0,"gold_gain":0.0,"event_name":"NoteForYourself","player_choice":"Ignored","floor":2.0,"gold_loss":0.0,"damage_taken":0.0},{"cards_removed":["HollowMod:QuickDashStart"],"damage_healed":0.0,"max_hp_gain":0.0,"max_hp_loss":0.0,"gold_gain":0.0,"event_name":"Purifier","player_choice":"Purged","floor":4.0,"gold_loss":0.0,"damage_taken":0.0},{"cards_removed":["HollowMod:NailStrikeStart"],"damage_healed":0,"gold_gain":0,"player_choice":"Card Removal","damage_taken":0,"max_hp_gain":0,"max_hp_loss":0,"event_name":"The Cleric","floor":13,"gold_loss":50}],"is_beta":false,"boss_relics":[{"not_picked":["Runic Pyramid","SacredBark"],"picked":"Philosopher\u0027s Stone"}],"items_purged_floors":[21],"is_endless":false,"potions_floor_spawned":[6,10,16],"killed_by":"Slavers","ascension_level":0}}