{"host":"xr9kfrtt7uxz0mdc","time":1608495633,"event":{"mods":["AchievementEnabler","BaseMod","Highlight Path","Minty Spire (QoL Compilation)"],"gold_per_floor":[118,135,135,135,153,153,171,206,206,223,241,241,260,277,277,277,277],"floor_reached":16,"playtime":426,"items_purged":[],"score":106,"play_id":"9f320fdd-d9d2-4106-8148-8f631e1ce3c8","local_time":"20201220212033","is_ascension_mode":false,"campfire_choices":[{"floor":6,"key":"RECALL"},{"floor":12,"key":"REST"},{"floor":15,"key":"REST"}],"circlet_count":0,"master_deck":["Strike_P","Strike_P","Strike_P","Strike_P","Defend_P","Defend_P","Defend_P","Defend_P","Eruption","Vigilance","CrushJoints","BattleHymn","Pain","Brilliance","Meditate","Prostrate","Conclude","DevaForm","FlurryOfBlows"],"relics":["PureWater","PreservedInsect","WarpedTongs","Unceasing Top"],"acts_visited":["Exordium"],"potions_floor_usage":[16,16],"damage_taken":[{"damage":12,"enemies":"2 Louse","floor":1,"turns":2},{"damage":0,"enemies":"Small Slimes","floor":2,"turns":2},{"damage":2,"enemies":"Cultist","floor":5,"turns":2},{"damage":2,"enemies":"Exordium Thugs","floor":7,"turns":2},{"damage":21,"enemies":"Lagavulin","floor":8,"turns":3},{"damage":1,"enemies":"3 Louse","floor":10,"turns":3},{"damage":15,"enemies":"Blue Slaver","floor":11,"turns":2},{"damage":19,"enemies":"Large Slime","floor":13,"turns":4},{"damage":23,"enemies":"Exordium Thugs","floor":14,"turns":4},{"damage":32,"enemies":"The Guardian","floor":16,"turns":4}],"seed_played":"-7712945155220886962","potions_obtained":[{"floor":7,"key":"PowerPotion"},{"floor":11,"key":"GamblersBrew"},{"floor":13,"key":"Explosive Potion"}],"is_trial":false,"path_per_floor":["M","M","?","?","M","R","M","E","T","M","M","R","M","M","R","B"],"character_chosen":"WATCHER","items_purchased":[],"campfire_rested":2,"item_purchase_floors":[],"current_hp_per_floor":[60,60,72,72,70,70,68,47,47,46,31,52,33,10,31,0,0],"gold":277,"neow_bonus":"RANDOM_COMMON_RELIC","is_daily":false,"chose_seed":false,"campfire_upgraded":0,"win_rate":0.0,"timestamp":1608495633,"path_taken":["M","M","?","?","M","R","M","E","T","M","M","R","M","?","R","BOSS"],"items_purchased_type":[],"build_version":"2020-12-13","purchased_purges":0,"victory":false,"max_hp_per_floor":[72,72,72,72,72,72,72,72,72,72,72,72,72,72,72,72,72],"card_choices":[{"not_picked":["Crescendo","CutThroughFate"],"picked":"CrushJoints","floor":1},{"not_picked":["CrushJoints","DeceiveReality"],"picked":"BattleHymn","floor":2},{"not_picked":["Consecrate","ThirdEye"],"picked":"Brilliance","floor":5},{"not_picked":["Consecrate","Fasting2"],"picked":"Meditate","floor":7},{"not_picked":["Collect","Halt"],"picked":"Prostrate","floor":8},{"not_picked":["Evaluate","EmptyMind","LikeWater"],"picked":"SKIP","floor":10},{"not_picked":["BowlingBash","BattleHymn"],"picked":"Conclude","floor":11},{"not_picked":["CrushJoints","ForeignInfluence"],"picked":"DevaForm","floor":13},{"not_picked":["DeceiveReality","Collect"],"picked":"FlurryOfBlows","floor":14}],"player_experience":92501,"relics_obtained":[{"floor":8,"key":"Unceasing Top"}],"event_choices":[{"damage_healed":24,"gold_gain":0,"player_choice":"Banana","damage_taken":0,"max_hp_gain":0,"max_hp_loss":0,"event_name":"Big Fish","floor":3,"gold_loss":0},{"damage_healed":0,"gold_gain":0,"player_choice":"Rummage","damage_taken":0,"relics_obtained":["WarpedTongs"],"max_hp_gain":0,"max_hp_loss":0,"event_name":"Accursed Blacksmith","floor":4,"gold_loss":0,"cards_obtained":["Pain"]}],"is_beta":false,"boss_relics":[],"items_purged_floors":[],"is_endless":false,"potions_floor_spawned":[7,11,13],"killed_by":"The Guardian","ascension_level":0}}