{"host":"5gc11emcm5chfr5t","time":1608435384,"event":{"mods":["2.2 Compatiblity","AchievementEnabler","BaseMod","Bestiary","Better Note","Colored Map","Colored Powertips","Downfall","Googly Eyes","Minty Spire (QoL Compilation)","Rare Cards Sparkle","StSLib"],"gold_per_floor":[99,134,44,77,2,22,22,57,72,72,88,138,156,156,168,168,168],"floor_reached":16,"playtime":427,"items_purged":[],"score":323,"play_id":"d6091829-d33f-48b9-9f2b-ca0fb2d7b1d5","local_time":"20201219223624","is_ascension_mode":true,"campfire_choices":[{"floor":1,"key":"RECALL"},{"data":"expansioncontent:Collect","floor":5,"key":"SMITH"},{"floor":10,"key":"REST"}],"circlet_count":0,"master_deck":["AscendersBane","sneckomod:Strike","sneckomod:Strike","sneckomod:Defend","sneckomod:Defend","sneckomod:Defend","sneckomod:TailWhip","sneckomod:SnekBite","sneckomod:Unknown","sneckomod:Unknown","sneckomod:UnknownEthereal","sneckomod:UnknownUncommonSkill","expansioncontent:Collect+1","sneckomod:Unknown0Cost","sneckomod:SnakeSap","sneckomod:QuickMove","sneckomod:UnknownVulnerable","sneckomod:SoulCleanse","sneckomod:UnknownClassGREEN","sneckomod:UnknownRarePower","sneckomod:TrashToTreasure"],"relics":["sneckomod:SneckoSoul","downfall:HeartsMalice","Ornamental Fan","Lantern","downfall:HeartBlessingRed","Tiny Chest"],"acts_visited":["Exordium"],"potions_floor_usage":[8],"damage_taken":[{"damage":0,"enemies":"Gremlin Nob","floor":2,"turns":1},{"damage":0,"enemies":"downfall:FleeingMerchant","floor":3,"turns":1},{"damage":0,"enemies":"3 Sentries","floor":4,"turns":1},{"damage":0,"enemies":"Cultist","floor":6,"turns":3},{"damage":49,"enemies":"Gremlin Nob","floor":8,"turns":6},{"damage":5,"enemies":"Jaw Worm","floor":9,"turns":5},{"damage":3,"enemies":"Small Slimes","floor":11,"turns":2},{"damage":18,"enemies":"3 Louse","floor":13,"turns":3},{"damage":1,"enemies":"Red Slaver","floor":15,"turns":5},{"damage":31,"enemies":"downfall:Defect","floor":16,"turns":4}],"seed_played":"-3747025272166123598","potions_obtained":[{"floor":4,"key":"Dexterity Potion"},{"floor":9,"key":"FearPotion"},{"floor":13,"key":"Weak Potion"},{"floor":15,"key":"Energy Potion"}],"is_trial":false,"path_per_floor":["R","E","$","E","R","M","T","E","M","R","M","?","M","?","M","B"],"character_chosen":"THE_SNECKO","items_purchased":["expansioncontent:Collect"],"campfire_rested":1,"item_purchase_floors":[3],"current_hp_per_floor":[75,76,77,78,78,78,78,29,25,51,48,48,31,32,31,0,0],"gold":168,"neow_bonus":"THREE_ENEMY_KILL","is_daily":false,"chose_seed":false,"campfire_upgraded":1,"win_rate":0.0,"timestamp":1608435384,"path_taken":["R","E","?","E","R","M","T","E","M","R","M","?","M","?","M","BOSS"],"items_purchased_type":["Card"],"build_version":"2020-12-13","purchased_purges":0,"victory":false,"max_hp_per_floor":[83,84,85,86,86,86,86,86,87,87,87,87,88,89,89,89,89],"card_choices":[{"not_picked":["sneckomod:UnknownBlock","sneckomod:UnknownWeak"],"picked":"sneckomod:UnknownEthereal","floor":2},{"not_picked":["sneckomod:QuickMove","sneckomod:UnknownStrike"],"picked":"sneckomod:UnknownUncommonSkill","floor":3},{"not_picked":["sneckomod:UnknownWeak","sneckomod:UnknownVulnerable"],"picked":"sneckomod:Unknown0Cost","floor":4},{"not_picked":["sneckomod:UnknownStrike","sneckomod:UnknownCommonSkill"],"picked":"sneckomod:SnakeSap","floor":6},{"not_picked":["sneckomod:SoulRoll","sneckomod:UnknownStrike"],"picked":"sneckomod:QuickMove","floor":8},{"not_picked":["sneckomod:UnknownBlock","sneckomod:UnknownStrike"],"picked":"sneckomod:UnknownVulnerable","floor":9},{"not_picked":["sneckomod:UnknownVulnerable","sneckomod:Unknown1Cost"],"picked":"sneckomod:SoulCleanse","floor":11},{"not_picked":["sneckomod:UnknownBlock","sneckomod:SoulRoll"],"picked":"sneckomod:UnknownClassGREEN","floor":13},{"not_picked":["sneckomod:DiceCrush","sneckomod:Nope"],"picked":"sneckomod:TrashToTreasure","floor":15}],"player_experience":447031,"relics_obtained":[{"floor":2,"key":"Ornamental Fan"},{"floor":4,"key":"Lantern"},{"floor":8,"key":"Tiny Chest"}],"event_choices":[{"damage_healed":0,"gold_gain":0,"cards_transformed":["sneckomod:Strike"],"player_choice":"Change","damage_taken":0,"max_hp_gain":0,"max_hp_loss":0,"event_name":"Living Wall","floor":14,"gold_loss":0,"cards_obtained":["sneckomod:UnknownRarePower"]}],"is_beta":false,"boss_relics":[],"items_purged_floors":[],"is_endless":false,"potions_floor_spawned":[4,9,13,15],"killed_by":"downfall:Defect","ascension_level":18}}