{"host":"agbyy69nq62afhwx","time":1608500183,"event":{"mods":["BaseMod","Colored Map","Highlight Path","Keyboard Shortcuts","Minty Spire (QoL Compilation)","Quick Restart","StSLib","SuperFastMode","everything is the same but u backflip on backflip"],"gold_per_floor":[113,38,58,75,90,90,70,70,97,112,123,123,123],"floor_reached":12,"playtime":417,"items_purged":["Strike_G"],"score":90,"play_id":"09617d90-cf9c-499b-924c-57df4700e7ba","local_time":"20201221063623","is_ascension_mode":true,"campfire_choices":[{"data":"Backflip","floor":6.0,"key":"SMITH"},{"data":"Survivor","floor":8.0,"key":"SMITH"}],"circlet_count":0,"master_deck":["Strike_G","Strike_G","Strike_G","Strike_G","Defend_G","Defend_G","Defend_G","Defend_G","Defend_G","Survivor+1","Neutralize","Backflip+1","PiercingWail","Dodge and Roll","Predator","Leg Sweep"],"relics":["Ring of the Snake","Calipers","Lantern"],"acts_visited":[],"potions_floor_usage":[],"damage_taken":[{"damage":3.0,"enemies":"Cultist","floor":1.0,"turns":5.0},{"damage":10.0,"enemies":"Jaw Worm","floor":3.0,"turns":6.0},{"damage":1.0,"enemies":"2 Louse","floor":4.0,"turns":3.0},{"damage":3.0,"enemies":"Red Slaver","floor":5.0,"turns":8.0},{"damage":0.0,"enemies":"Blue Slaver","floor":10.0,"turns":9.0},{"damage":4.0,"enemies":"2 Fungi Beasts","floor":11.0,"turns":4.0},{"damage":24,"enemies":"Lagavulin","floor":12,"turns":11}],"seed_played":"-6646134518012558838","potions_obtained":[{"floor":3.0,"key":"GhostInAJar"},{"floor":5.0,"key":"Fire Potion"},{"floor":7.0,"key":"Swift Potion"}],"is_trial":false,"path_per_floor":["M","$","M","M","M","R","?","R","T","M","M","E"],"character_chosen":"THE_SILENT","items_purchased":[],"campfire_rested":0,"item_purchase_floors":[],"current_hp_per_floor":[46,46,36,35,32,32,32,32,32,32,28,4,4],"gold":123,"neow_bonus":"ONE_RARE_RELIC","is_daily":false,"chose_seed":false,"campfire_upgraded":2,"win_rate":0.0,"timestamp":1608500183,"path_taken":["M","$","M","M","?","R","?","R","T","M","M","E"],"items_purchased_type":[],"build_version":"2020-12-13","purchased_purges":1,"victory":false,"max_hp_per_floor":[70,70,70,70,70,70,70,70,70,70,70,70,70],"card_choices":[{"not_picked":["Slice","PiercingWail"],"picked":"Backflip","floor":1.0},{"not_picked":["Underhanded Strike","Outmaneuver"],"picked":"PiercingWail","floor":3.0},{"not_picked":["Bane","Endless Agony","Grand Finale"],"picked":"SKIP","floor":4.0},{"not_picked":["Setup","Slice"],"picked":"Dodge and Roll","floor":5.0},{"not_picked":["Choke","Reflex","Predator"],"picked":"SKIP","floor":10.0},{"not_picked":["Choke","Reflex"],"picked":"Predator","floor":10.0},{"not_picked":["Cloak And Dagger","Infinite Blades"],"picked":"Leg Sweep","floor":11.0}],"player_experience":342932,"relics_obtained":[{"floor":9.0,"key":"Lantern"}],"event_choices":[{"damage_healed":0.0,"max_hp_gain":0.0,"max_hp_loss":0.0,"gold_gain":0.0,"event_name":"The Woman in Blue","player_choice":"Bought 1 Potion","floor":7.0,"gold_loss":0.0,"damage_taken":0.0}],"is_beta":false,"boss_relics":[],"items_purged_floors":[2],"is_endless":false,"potions_floor_spawned":[3,5],"killed_by":"Lagavulin","ascension_level":5}}