{"host":"Ian","time":1608492959,"event":{"mods":["BaseMod","Bestiary","Block Reminder","Colored Map","Highlight Path","Key Reminder","Minty Spire (QoL Compilation)","Relic Stats"],"gold_per_floor":[363,377,12,12,24,24,56,56,56,76,94,94,19,46,46,119,119,135,135,135,55,74,74,99,99,125,157,157,192,204,221,221,300,300,319,330,330,330],"floor_reached":37,"playtime":1749,"items_purged":["Strike_R"],"score":924,"play_id":"693437ff-bd4f-4593-b8cc-2678958743bb","local_time":"20201220193559","is_ascension_mode":true,"campfire_choices":[{"data":"Combust","floor":6,"key":"SMITH"},{"data":"Whirlwind","floor":8,"key":"SMITH"},{"data":"Havoc","floor":15,"key":"SMITH"},{"floor":23,"key":"REST"},{"data":"Feel No Pain","floor":25,"key":"SMITH"},{"data":"True Grit","floor":28,"key":"SMITH"},{"data":"Bash","floor":32,"key":"SMITH"}],"circlet_count":0,"master_deck":["AscendersBane","Strike_R","Defend_R","Defend_R","Defend_R","Bash+1","Whirlwind+1","Hemokinesis","Combust+1","True Grit+1","Feel No Pain+1","Shrug It Off","Havoc+1","Disarm","Offering","Burning Pact","RitualDagger","Flame Barrier","Pommel Strike+1","Disarm","Impervious","Armaments"],"relics":["Burning Blood","Gremlin Horn","Charon\u0027s Ashes","keyreminder:keyreminder","Letter Opener","Bag of Marbles","Empty Cage","Meat on the Bone","Lantern","Nunchaku","Red Skull","Runic Cube"],"acts_visited":["Exordium","TheCity","TheBeyond"],"potions_floor_usage":[7,27,37],"damage_taken":[{"damage":14,"enemies":"Jaw Worm","floor":1,"turns":5},{"damage":4,"enemies":"Small Slimes","floor":2,"turns":4},{"damage":0,"enemies":"2 Louse","floor":5,"turns":2},{"damage":14,"enemies":"Gremlin Nob","floor":7,"turns":3},{"damage":9,"enemies":"Blue Slaver","floor":10,"turns":4},{"damage":4,"enemies":"Red Slaver","floor":11,"turns":3},{"damage":26,"enemies":"Lagavulin","floor":14,"turns":6},{"damage":19,"enemies":"Slime Boss","floor":16,"turns":6},{"damage":23,"enemies":"Shell Parasite","floor":18,"turns":4},{"damage":9,"enemies":"Chosen","floor":22,"turns":4},{"damage":14,"enemies":"Gremlin Leader","floor":24,"turns":4},{"damage":27,"enemies":"Book of Stabbing","floor":27,"turns":5},{"damage":12,"enemies":"Gremlin Leader","floor":29,"turns":3},{"damage":8,"enemies":"3 Cultists","floor":30,"turns":2},{"damage":10,"enemies":"Chosen and Byrds","floor":31,"turns":4},{"damage":37,"enemies":"Collector","floor":33,"turns":6},{"damage":25,"enemies":"3 Darklings","floor":35,"turns":5},{"damage":11,"enemies":"3 Shapes","floor":36,"turns":2},{"damage":86,"enemies":"Transient","floor":37,"turns":6}],"seed_played":"-8886132285038225449","potions_obtained":[{"floor":2,"key":"Fire Potion"},{"floor":5,"key":"EssenceOfSteel"},{"floor":10,"key":"ColorlessPotion"},{"floor":14,"key":"Explosive Potion"},{"floor":27,"key":"FearPotion"},{"floor":31,"key":"Ancient Potion"}],"is_trial":false,"path_per_floor":["M","M","$","?","M","R","E","R","T","M","M","?","$","E","R","B",null,"M","?","?","$","M","R","E","R","T","E","R","E","M","M","R","B",null,"M","M","M"],"character_chosen":"IRONCLAD","items_purchased":["Combust","Gremlin Horn","Flame Barrier"],"campfire_rested":1,"item_purchase_floors":[3,3,21],"current_hp_per_floor":[60,62,62,62,68,68,60,60,60,57,59,52,52,32,32,19,56,39,33,33,33,30,50,42,42,42,33,33,39,49,45,45,26,58,51,46,0,0],"gold":330,"neow_bonus":"TWO_FIFTY_GOLD","is_daily":false,"chose_seed":false,"campfire_upgraded":6,"win_rate":0.0,"timestamp":1608492959,"path_taken":["M","M","$","?","M","R","E","R","T","M","M","?","?","E","R","BOSS","M","?","?","$","M","R","E","R","T","E","R","E","?","M","R","BOSS","M","?","M"],"items_purchased_type":["Card","Relic","Card"],"build_version":"2020-12-18","purchased_purges":1,"victory":false,"max_hp_per_floor":[68,68,68,68,68,68,68,68,68,68,68,68,68,68,68,68,68,68,68,68,68,68,68,68,68,68,68,68,68,68,68,68,68,68,68,68,68,68],"relic_stats":{"Nunchaku":[4],"Gremlin Horn":[17,17],"counters":[19,78],"Charon\u0027s Ashes":[426],"Letter Opener":[169],"obtain_stats":[{"keyreminder:keyreminder":7,"Lantern":26,"Nunchaku":27,"Gremlin Horn":3,"Charon\u0027s Ashes":7,"Bag of Marbles":14,"Letter Opener":9,"Empty Cage":17,"Burning Blood":0,"Red Skull":29,"Meat on the Bone":24,"Runic Cube":34},{"keyreminder:keyreminder":4,"Lantern":11,"Nunchaku":12,"Gremlin Horn":2,"Charon\u0027s Ashes":4,"Bag of Marbles":7,"Letter Opener":4,"Empty Cage":8,"Burning Blood":0,"Red Skull":13,"Meat on the Bone":11,"Runic Cube":16},{"keyreminder:keyreminder":14,"Lantern":45,"Nunchaku":50,"Gremlin Horn":9,"Charon\u0027s Ashes":14,"Bag of Marbles":27,"Letter Opener":14,"Empty Cage":33,"Burning Blood":0,"Red Skull":53,"Meat on the Bone":45,"Runic Cube":65}],"Burning Blood":108,"Meat on the Bone":60,"Runic Cube":[19]},"card_choices":[{"not_picked":["Heavy Blade","Clash"],"picked":"Whirlwind","floor":1},{"not_picked":["Pommel Strike","Carnage"],"picked":"Hemokinesis","floor":2},{"not_picked":["Iron Wave","Heavy Blade"],"picked":"True Grit","floor":5},{"not_picked":["Metallicize","Fiend Fire"],"picked":"Feel No Pain","floor":7},{"not_picked":["Pummel","Anger"],"picked":"Shrug It Off","floor":10},{"not_picked":["Iron Wave","Heavy Blade"],"picked":"Havoc","floor":11},{"not_picked":["Heavy Blade","Iron Wave"],"picked":"Disarm","floor":14},{"not_picked":["Brutality","Limit Break"],"picked":"Offering","floor":16},{"not_picked":["Pommel Strike","Entrench+1"],"picked":"Burning Pact","floor":18},{"not_picked":["Uppercut","Iron Wave"],"picked":"Pommel Strike+1","floor":22},{"not_picked":["Cleave","Clash","Bloodletting"],"picked":"SKIP","floor":24},{"not_picked":["Metallicize","Iron Wave","Hemokinesis"],"picked":"SKIP","floor":27},{"not_picked":["Iron Wave","True Grit","Cleave"],"picked":"SKIP","floor":29},{"not_picked":["Headbutt","Twin Strike"],"picked":"Disarm","floor":30},{"not_picked":["Anger","Whirlwind","Havoc"],"picked":"SKIP","floor":31},{"not_picked":["Berserk","Limit Break"],"picked":"Impervious","floor":33},{"not_picked":["Dual Wield+1","Body Slam","Headbutt+1"],"picked":"SKIP","floor":35},{"not_picked":["Anger","Shrug It Off"],"picked":"Armaments","floor":36}],"player_experience":2580236,"relics_obtained":[{"floor":7,"key":"Charon\u0027s Ashes"},{"floor":9,"key":"Letter Opener"},{"floor":14,"key":"Bag of Marbles"},{"floor":24,"key":"Meat on the Bone"},{"floor":26,"key":"Lantern"},{"floor":27,"key":"Nunchaku"},{"floor":29,"key":"Red Skull"}],"event_choices":[{"damage_healed":0,"gold_gain":0,"player_choice":"Ignored","damage_taken":0,"max_hp_gain":0,"max_hp_loss":0,"event_name":"Liars Game","floor":4,"gold_loss":0},{"cards_removed":["Strike_R"],"damage_healed":0,"gold_gain":0,"player_choice":"Card Removal","damage_taken":7,"max_hp_gain":0,"max_hp_loss":0,"event_name":"Golden Wing","floor":12,"gold_loss":0},{"damage_healed":0,"gold_gain":0,"player_choice":"Joined the Cult","damage_taken":6,"max_hp_gain":0,"max_hp_loss":0,"event_name":"Nest","floor":19,"gold_loss":0,"cards_obtained":["RitualDagger"]},{"cards_removed":["Strike_R"],"damage_healed":0,"gold_gain":0,"player_choice":"Purged","damage_taken":0,"max_hp_gain":0,"max_hp_loss":0,"event_name":"Purifier","floor":20,"gold_loss":0}],"is_beta":true,"boss_relics":[{"not_picked":["SacredBark","Mark of Pain"],"picked":"Empty Cage"},{"not_picked":["Snecko Eye","Coffee Dripper"],"picked":"Runic Cube"}],"items_purged_floors":[13],"is_endless":false,"potions_floor_spawned":[2,5,10,11,14,22,27,29,31,33,36],"killed_by":"Transient","ascension_level":20}}