{"host":"rolltorest","time":1608506996,"event":{"mods":["BaseMod","Minty Spire (QoL Compilation)","StSLib"],"gold_per_floor":[110,123,137,137,148,177,177,205,205,205,205,223,223,373,373,373,373],"floor_reached":16,"playtime":328,"items_purged":[],"score":220,"play_id":"b03351a9-4c38-4c63-b0da-10fb9de056e3","local_time":"20201220152956","is_ascension_mode":true,"campfire_choices":[{"data":"Shockwave","floor":11,"key":"SMITH"},{"data":"Uppercut","floor":13,"key":"SMITH"},{"data":"Inflame","floor":15,"key":"SMITH"}],"circlet_count":0,"master_deck":["AscendersBane","Strike_R","Strike_R","Strike_R","Strike_R","Defend_R","Defend_R","Defend_R","Defend_R","Bash","Perfected Strike+1","Inflame+1","Shockwave+1","Second Wind","Headbutt","Uppercut+1","Doubt"],"relics":["Philosopher\u0027s Stone","Akabeko","Mummified Hand","Du-Vu Doll"],"acts_visited":["Exordium"],"potions_floor_usage":[8,16],"damage_taken":[{"damage":6,"enemies":"Jaw Worm","floor":1,"turns":3},{"damage":0,"enemies":"Cultist","floor":2,"turns":3},{"damage":6,"enemies":"2 Louse","floor":3,"turns":2},{"damage":5,"enemies":"2 Fungi Beasts","floor":5,"turns":3},{"damage":10,"enemies":"Lagavulin","floor":6,"turns":5},{"damage":18,"enemies":"3 Sentries","floor":8,"turns":5},{"damage":5,"enemies":"Blue Slaver","floor":12,"turns":3},{"damage":19,"enemies":"The Guardian","floor":16,"turns":6}],"seed_played":"-2623973457321464821","potions_obtained":[{"floor":5,"key":"DistilledChaos"},{"floor":12,"key":"FearPotion"}],"is_trial":false,"path_per_floor":["M","M","M","?","M","E","?","E","T","?","R","M","R","?","R","B"],"character_chosen":"IRONCLAD","items_purchased":[],"campfire_rested":0,"item_purchase_floors":[],"current_hp_per_floor":[62,62,56,56,51,41,34,16,16,41,41,36,36,36,36,17,17],"gold":373,"neow_bonus":"BOSS_RELIC","is_daily":false,"chose_seed":false,"campfire_upgraded":3,"win_rate":0.0,"timestamp":1608506996,"path_taken":["M","M","M","?","?","E","?","E","T","?","R","M","R","?","R","BOSS"],"items_purchased_type":[],"build_version":"2020-12-18","purchased_purges":0,"victory":false,"max_hp_per_floor":[75,75,75,75,75,75,75,75,75,75,75,75,75,75,75,75,75],"card_choices":[{"not_picked":["Iron Wave","Body Slam","Anger"],"picked":"SKIP","floor":1},{"not_picked":["True Grit","Shrug It Off"],"picked":"Perfected Strike","floor":2},{"not_picked":["True Grit","Cleave"],"picked":"Inflame","floor":3},{"not_picked":["Iron Wave","Cleave"],"picked":"Shockwave","floor":5},{"not_picked":["Fire Breathing","Entrench"],"picked":"Second Wind","floor":6},{"not_picked":["Bloodletting","Inflame"],"picked":"Headbutt","floor":8},{"not_picked":["Sword Boomerang","Second Wind"],"picked":"Uppercut","floor":12}],"player_experience":1691624,"relics_obtained":[{"floor":6,"key":"Akabeko"},{"floor":8,"key":"Mummified Hand"},{"floor":9,"key":"Du-Vu Doll"}],"event_choices":[{"damage_healed":0,"gold_gain":0,"player_choice":"Upgraded","damage_taken":0,"max_hp_gain":0,"max_hp_loss":0,"event_name":"Upgrade Shrine","floor":4,"gold_loss":0,"cards_upgraded":["Perfected Strike"]},{"cards_removed":["Strike_R"],"damage_healed":0,"gold_gain":0,"player_choice":"Card Removal","damage_taken":7,"max_hp_gain":0,"max_hp_loss":0,"event_name":"Golden Wing","floor":7,"gold_loss":0},{"damage_healed":25,"gold_gain":0,"player_choice":"Banana","damage_taken":0,"max_hp_gain":0,"max_hp_loss":0,"event_name":"Big Fish","floor":10,"gold_loss":0},{"damage_healed":0,"gold_gain":150,"player_choice":"AGREE","damage_taken":0,"max_hp_gain":0,"max_hp_loss":0,"event_name":"Liars Game","floor":14,"gold_loss":0,"cards_obtained":["Doubt"]}],"is_beta":true,"boss_relics":[],"items_purged_floors":[],"is_endless":false,"potions_floor_spawned":[5,12],"killed_by":"The Guardian","ascension_level":20}}