{"host":"8h3glbk9j4k4ylc4","time":1608499572,"event":{"mods":["AchievementEnabler","Act Like it!","BaseMod","Colored Map","Colored Powertips","Energized Spire","Gensokyo","Hallownest","Hermit","Hubris","Infinite Spire","Jorbs\u0027s Wanderer Trilogy","Lobotomy","Marisa????????","Minty Spire (QoL Compilation)","Replay The Spire","Somnambulant","StSLib","Td1madao Mod","The Bug Knight","The Judge","The Senshi"],"gold_per_floor":[112,62,134,59,59,70,81,98,176,176,192,225,225,255,255,359,359,375,450,463,483,483,483,493,512,512,512,512,541,541,556,556,651,651,661,661,267,267,309,372,372,70,70,70,70,70,130,130,130,152,152],"floor_reached":50,"playtime":2500,"items_purged":["hermit:Defend_Hermit","hermit:Strike_Hermit","hermit:EternalForm"],"score":523,"play_id":"b65141bf-63b8-4724-bc62-24000883deec","local_time":"20201220232612","is_ascension_mode":false,"campfire_choices":[{"data":"hermit:Combo","floor":10.0,"key":"SMITH"},{"data":"hermit:Determination","floor":13.0,"key":"SMITH"},{"floor":15.0,"key":"REST"},{"data":"hermit:HeroicBravado","floor":23,"key":"SMITH"},{"floor":27,"key":"REST"},{"data":"infinitespire:FutureSight","floor":30,"key":"SMITH"},{"floor":41,"key":"RECALL"},{"data":"hermit:Quickdraw","floor":45,"key":"SMITH"},{"floor":49,"key":"REST"}],"circlet_count":0,"master_deck":["hermit:Snapshot","hermit:Covet","hermit:Enervate","hermit:Combo+1","hermit:Vantage","hermit:Determination+1","hermit:Midnight","hermit:FlashPowder","hermit:HoleUp","hermit:HeroicBravado+1","hermit:DeadMansHand+1","hermit:BigShot","infinitespire:FutureSight+1","hermit:Quickdraw+1"],"relics":["hermit:Momento","ReplayTheSpireMod:Ninjato","WingedGreaves","Potion Belt","Empty Cage","Busted Crown","TheAbacus","Toy Ornithopter","Bottled Lightning","energizedSpire:StickyHand","Medical Kit","hermit:Horseshoe","Replay:Bandana","Tiny Chest","Thread and Needle","Quantum Egg","hubris:Towel","infinitespire:PuzzleCube"],"acts_visited":["Exordium","TheCity","TheBeyond"],"potions_floor_usage":[33,50],"damage_taken":[{"damage":0.0,"enemies":"Cultist","floor":1.0,"turns":3.0},{"damage":6.0,"enemies":"Jaw Worm","floor":6.0,"turns":2.0},{"damage":2.0,"enemies":"Small Slimes","floor":7.0,"turns":2.0},{"damage":13.0,"enemies":"Gremlin Gang","floor":8.0,"turns":3.0},{"damage":0.0,"enemies":"2 Fungi Beasts","floor":11.0,"turns":3.0},{"damage":14.0,"enemies":"HollowMod:MossKnight","floor":12.0,"turns":4.0},{"damage":2.0,"enemies":"Gremlin Nob","floor":14.0,"turns":4.0},{"damage":39.0,"enemies":"The Guardian","floor":16.0,"turns":9.0},{"damage":0,"enemies":"3 Byrds","floor":18,"turns":9},{"damage":5,"enemies":"Chosen","floor":20,"turns":4},{"damage":19,"enemies":"Shelled Parasite and Fungi","floor":21,"turns":5},{"damage":2,"enemies":"Chosen and Byrds","floor":24,"turns":6},{"damage":3,"enemies":"Cultist and Chosen","floor":25,"turns":3},{"damage":10,"enemies":"Nightmare","floor":29,"turns":6},{"damage":0,"enemies":"Snake Plant","floor":31,"turns":2},{"damage":19,"enemies":"Champ","floor":33,"turns":9},{"damage":15,"enemies":"3 Shapes","floor":35,"turns":3},{"damage":0,"enemies":"3 Darklings","floor":39,"turns":2},{"damage":1,"enemies":"Nemesis","floor":40,"turns":5},{"damage":0,"enemies":"Maw","floor":47,"turns":3},{"damage":94,"enemies":"Time Eater","floor":50,"turns":9}],"seed_played":"3195011038441402204","potions_obtained":[{"floor":0.0,"key":"SpeedPotion"},{"floor":0.0,"key":"SpeedPotion"},{"floor":0.0,"key":"SteroidPotion"},{"floor":1.0,"key":"SkillPotion"},{"floor":6.0,"key":"Block Potion"},{"floor":18,"key":"SpeedPotion"},{"floor":21,"key":"SpeedPotion"},{"floor":31,"key":"FearPotion"},{"floor":33,"key":"SteroidPotion"},{"floor":35,"key":"Doom Potion"},{"floor":40,"key":"Weak Potion"}],"is_trial":false,"path_per_floor":["M","?","T","$","?","M","M","M","T","R","M","E","R","E","R","B",null,"M","?","M","M","AVR","R","M","M","T","R","?","NM","R","M","R_BF","B",null,"M","AVR","$","?","M","E","R","$","T","?","R","?","M","T","R","B"],"character_chosen":"HERMIT","items_purchased":["hermit:Horseshoe","Replay:Bandana","Thread and Needle"],"campfire_rested":3,"item_purchase_floors":[37,37,42],"current_hp_per_floor":[75,75,75,75,68,62,60,47,47,47,47,33,33,31,53,14,75,75,68,63,44,44,44,42,39,39,61,61,51,51,51,51,37,75,60,60,60,60,60,59,59,59,59,59,59,59,59,59,75,0,0],"gold":152,"neow_bonus":"THREE_SMALL_POTIONS","is_daily":false,"chose_seed":false,"campfire_upgraded":5,"win_rate":0.0,"timestamp":1608499572,"path_taken":["M","?","?","$","?","?","M","M","T","R","M","E","R","E","R","BOSS","M","?","M","?","AVR","R","M","M","T","R","?","NM","R","M","R_BF","BOSS","M","AVR","$","?","M","E","R","?","T","?","R","?","M","?","R","BOSS"],"items_purchased_type":["Relic","Relic","Relic"],"build_version":"2020-12-13","purchased_purges":3,"victory":false,"max_hp_per_floor":[75,75,75,75,75,75,75,75,75,75,75,75,75,75,75,75,75,75,75,75,75,75,75,75,75,75,75,75,75,75,75,75,75,75,75,75,75,75,75,75,75,75,75,75,75,75,75,75,75,75,75],"card_choices":[{"not_picked":["hermit:SprayPray","hermit:HighCaliber"],"picked":"hermit:Enervate","floor":1.0},{"not_picked":["hermit:FullyLoaded","hermit:CalledShot"],"picked":"hermit:Combo","floor":6.0},{"not_picked":["hermit:Headshot","hermit:Coalescence"],"picked":"hermit:Vantage","floor":7.0},{"not_picked":["hermit:CalledShot","hermit:LoneWolf"],"picked":"hermit:Determination","floor":8.0},{"not_picked":["hermit:Vantage","hermit:Glare"],"picked":"hermit:Midnight","floor":11.0},{"not_picked":["hermit:Coalescence","hermit:HighCaliber"],"picked":"hermit:FlashPowder","floor":12.0},{"not_picked":["hermit:Manifest","hermit:Malice"],"picked":"hermit:HoleUp","floor":14.0},{"not_picked":["hermit:Gambit","hermit:HighNoon"],"picked":"hermit:HeroicBravado","floor":16.0},{"not_picked":["hermit:Headshot","hermit:Ricochet","hermit:TakeCover"],"picked":"SKIP","floor":18},{"not_picked":["hermit:Determination","hermit:LowProfile"],"picked":"hermit:DeadMansHand+1","floor":20},{"not_picked":["hermit:Ricochet","hermit:NoHoldsBarred"],"picked":"hermit:BigShot","floor":21},{"not_picked":["hermit:Showdown+1"],"picked":"SKIP","floor":24},{"not_picked":["hermit:Dive"],"picked":"SKIP","floor":25},{"not_picked":["hermit:PistolWhip"],"picked":"SKIP","floor":29},{"not_picked":["hermit:Shortfuse"],"picked":"SKIP","floor":31},{"not_picked":["hermit:WideOpen+1"],"picked":"SKIP","floor":35},{"not_picked":["hermit:WideOpen+1"],"picked":"SKIP","floor":39},{"not_picked":["hermit:Headshot"],"picked":"SKIP","floor":40},{"not_picked":["hermit:Headshot"],"picked":"SKIP","floor":40},{"not_picked":["hermit:Determination+1"],"picked":"SKIP","floor":47}],"player_experience":307213,"relics_obtained":[{"floor":9.0,"key":"ReplayTheSpireMod:Ninjato"},{"floor":12.0,"key":"WingedGreaves"},{"floor":14.0,"key":"Potion Belt"},{"floor":26,"key":"Toy Ornithopter"},{"floor":29,"key":"Bottled Lightning"},{"floor":40,"key":"Tiny Chest"},{"floor":43,"key":"Quantum Egg"},{"floor":48,"key":"infinitespire:PuzzleCube"}],"event_choices":[{"cards_removed":["hermit:Defend_Hermit"],"damage_healed":0.0,"max_hp_gain":0.0,"max_hp_loss":0.0,"gold_gain":0.0,"event_name":"The Cleric","player_choice":"Card Removal","floor":2.0,"gold_loss":50.0,"damage_taken":0.0},{"cards_removed":["hermit:Defend_Hermit"],"damage_healed":0.0,"max_hp_gain":0.0,"max_hp_loss":0.0,"gold_gain":0.0,"event_name":"Golden Wing","player_choice":"Card Removal","floor":5.0,"gold_loss":0.0,"damage_taken":7.0},{"damage_healed":0,"gold_gain":75,"player_choice":"Touch","damage_taken":7,"max_hp_gain":0,"max_hp_loss":0,"event_name":"FaceTrader","floor":19,"gold_loss":0},{"cards_removed":["hermit:Strike_Hermit"],"damage_healed":0,"gold_gain":0,"player_choice":"Elegance","damage_taken":0,"max_hp_gain":0,"max_hp_loss":0,"event_name":"Back to Basics","floor":28,"gold_loss":0},{"damage_healed":0,"gold_gain":0,"player_choice":"Ignored","damage_taken":0,"max_hp_gain":0,"max_hp_loss":0,"event_name":"SecretPortal","floor":38,"gold_loss":0}],"is_beta":false,"boss_relics":[{"not_picked":["Replay:Wanted Poster","energizedSpire:CursedPentagram"],"picked":"Empty Cage"},{"not_picked":["Kintsugi","ReplayTheSpireMod:DimensionalGlitch"],"picked":"energizedSpire:StickyHand"}],"items_purged_floors":[4,22,36],"is_endless":true,"potions_floor_spawned":[1,6,18,21,31,33,35,40],"killed_by":"Time Eater","ascension_level":0}}