{"host":"27cnk69rbdk9vsnt","time":1608492009,"event":{"mods":["BaseMod","CatGirl Mod","Ekko","Energized Spire","JesterMod","Mimic Mod","Minty Spire (QoL Compilation)","Shade Mod","Shop Mod","StSLib","The Spell Scribe","Thieving Mod"],"gold_per_floor":[99,99,99,99,99,99,99,18,18,18,18,18,18,18],"floor_reached":13,"playtime":809,"items_purged":[],"score":83,"play_id":"b4c14cb9-54e5-4c61-ac21-c78a6cf3ac0c","local_time":"20201220202009","is_ascension_mode":false,"campfire_choices":[{"floor":7,"key":"REST"}],"circlet_count":0,"master_deck":["theScribe:StarterAttack","theScribe:StarterAttack","theScribe:LightningStrike","theScribe:LightningStrike","theScribe:StarterDefend","theScribe:StarterDefend","theScribe:StarterDefend","theScribe:IcyDefend","theScribe:IcyDefend","theScribe:StarterModifier","theScribe:ToxicSpellstone","theScribe:FranticSearch","theScribe:ToxicSpellstone","theScribe:FocusingBlow","theScribe:TelumSpellstone","Enlightenment","theScribe:ToxicSpellstone"],"relics":["Ectoplasm","Golden Idol","Matryoshka","Centennial Puzzle","Toy Ornithopter","Odd Mushroom","Oddly Smooth Stone"],"acts_visited":["Exordium"],"potions_floor_usage":[6,10,11],"damage_taken":[{"damage":1,"enemies":"Jaw Worm","floor":1,"turns":4},{"damage":0,"enemies":"Small Slimes","floor":2,"turns":5},{"damage":0,"enemies":"Cultist","floor":3,"turns":3},{"damage":10,"enemies":"Gremlin Gang","floor":4,"turns":9},{"damage":22,"enemies":"Gremlin Nob","floor":6,"turns":4},{"damage":25,"enemies":"The Mushroom Lair","floor":10,"turns":6},{"damage":7,"enemies":"3 Sentries","floor":11,"turns":3},{"damage":24,"enemies":"3 Sentries","floor":13,"turns":4}],"seed_played":"4514227219877766871","potions_obtained":[{"floor":3,"key":"SmokeBomb"},{"floor":4,"key":"DuplicationPotion"},{"floor":6,"key":"ColorlessPotion"}],"is_trial":false,"path_per_floor":["M","M","M","M","?","E","R","$","T","?","?","$","E"],"character_chosen":"THE_SCRIBE","items_purchased":["Enlightenment"],"campfire_rested":1,"item_purchase_floors":[8],"current_hp_per_floor":[74,74,74,64,46,24,46,46,46,26,24,24,0,0],"gold":18,"neow_bonus":"BOSS_RELIC","is_daily":false,"chose_seed":false,"campfire_upgraded":0,"win_rate":0.0,"timestamp":1608492009,"path_taken":["M","M","M","M","?","E","R","$","T","?","?","?","E"],"items_purchased_type":["Card"],"build_version":"2020-12-13","purchased_purges":0,"victory":false,"max_hp_per_floor":[75,75,75,75,75,75,75,75,75,75,75,75,75,75],"card_choices":[{"not_picked":["theScribe:FrostvenomToxin","theScribe:WeirdShield"],"picked":"theScribe:ToxicSpellstone","floor":1},{"not_picked":["theScribe:LightningBolt","theScribe:BluntWeapons"],"picked":"theScribe:FranticSearch","floor":2},{"not_picked":["theScribe:QuickStudy","theScribe:Thunder"],"picked":"theScribe:ToxicSpellstone","floor":3},{"not_picked":["theScribe:Clarity","theScribe:RecklessResponse"],"picked":"theScribe:FocusingBlow","floor":4},{"not_picked":["theScribe:ArcaneArcing","theScribe:RecklessResponse"],"picked":"theScribe:TelumSpellstone","floor":6},{"not_picked":["theScribe:SacrificeRitual","theScribe:InvigoratingStrike"],"picked":"theScribe:ToxicSpellstone","floor":10}],"player_experience":470026,"relics_obtained":[{"floor":6,"key":"Matryoshka"},{"floor":9,"key":"Centennial Puzzle"},{"floor":9,"key":"Toy Ornithopter"},{"floor":10,"key":"Odd Mushroom"}],"event_choices":[{"damage_healed":0,"gold_gain":0,"player_choice":"Take Damage","damage_taken":18,"relics_obtained":["Golden Idol"],"max_hp_gain":0,"max_hp_loss":0,"event_name":"Golden Idol","floor":5,"gold_loss":0},{"damage_healed":0,"gold_gain":0,"player_choice":"Fought Mushrooms","damage_taken":0,"max_hp_gain":0,"max_hp_loss":0,"event_name":"Mushrooms","floor":10,"gold_loss":0},{"damage_healed":0,"gold_gain":0,"player_choice":"Searched \u00272\u0027 times","damage_taken":0,"relics_obtained":["Oddly Smooth Stone"],"max_hp_gain":0,"max_hp_loss":0,"event_name":"Dead Adventurer","floor":11,"gold_loss":0}],"is_beta":false,"boss_relics":[],"items_purged_floors":[],"is_endless":false,"potions_floor_spawned":[3,4,6,11],"killed_by":"3 Sentries","ascension_level":0}}