{"host":"8fjsnt81u6xsmhji","time":1608461481,"event":{"mods":["BaseMod","Colored Powertips","Downfall","Glutton Mod","Minty Spire (QoL Compilation)","Quick Restart","Somnambulant","StSLib","The Bug Knight","The Construct","The Forsaken","The Hierophant","The Mystic"],"gold_per_floor":[99,111,139,139,152,77,102,27,59,59,69,82,99,110,124,221,221,221,253,267,284,304,323,323,423,454,379,379,398,70,89,105,201,201,201,201,217,234,28,57,82,82,99,133,145,261,261,277,296,296,296,296,296],"floor_reached":52,"playtime":4162,"items_purged":["Bite"],"score":859,"play_id":"427993de-a11b-4d5d-916b-2d62d29e3430","local_time":"20201220045121","is_ascension_mode":true,"campfire_choices":[{"floor":1.0,"key":"RECALL"},{"floor":6.0,"key":"REST"},{"data":"champ:Taunt","floor":8.0,"key":"SMITH"},{"data":"champ:DefensiveStyle","floor":10.0,"key":"SMITH"},{"data":"champ:Devastate","floor":18.0,"key":"SMITH"},{"data":"champ:Control","floor":27.0,"key":"SMITH"},{"data":"champ:CalledShot","floor":35.0,"key":"SMITH"},{"data":"expansioncontent:QuickStudy","floor":42.0,"key":"SMITH"}],"circlet_count":0,"master_deck":["champ:Defend","champ:Defend","champ:Defend","champ:Defend","champ:Execute","champ:Taunt+1","champ:DefensiveShout","champ:GutPunch","champ:BerserkersShout","champ:DefensiveStyle+1","champ:Backstep","champ:Lariat","champ:Circumvent","champ:CrookedStrike","champ:Improvising","champ:Devastate+1","champ:Improvising","champ:Control+1","champ:BringItOn","Bite","Bite","Bite","Bite","champ:IronFortress","champ:RecklessLeap","champ:CalledShot+1","champ:Shatter","champ:EnchantSword","theForsaken:PlagueCurse","champ:IronFortress+1","expansioncontent:QuickStudy+1","champ:CheapShot","champ:ShieldWall+1"],"relics":["champ:ChampionCrown","construct:BoolHorns","downfall:HeartBlessingRed","downfall:HeartBlessingBlue","Guardian:PocketSentry","champ:ChampionCrownUpgraded","Sundial","Gremlin Horn","Anchor","downfall:HeartBlessingGreen","construct:FoamFinger","SlaversCollar","theForsaken:PlagueMask","Eternal Feather","Bag of Marbles","Juzu Bracelet"],"acts_visited":["Exordium","TheCity","TheBeyond","TheEnding"],"potions_floor_usage":[50,52],"damage_taken":[{"damage":17.0,"enemies":"Cultist","floor":2.0,"turns":5.0},{"damage":44.0,"enemies":"Lagavulin","floor":3.0,"turns":8.0},{"damage":5.0,"enemies":"Small Slimes","floor":5.0,"turns":2.0},{"damage":17.0,"enemies":"Gremlin Nob","floor":9.0,"turns":3.0},{"damage":3.0,"enemies":"2 Louse","floor":11.0,"turns":2.0},{"damage":17.0,"enemies":"Exordium Wildlife","floor":12.0,"turns":4.0},{"damage":19.0,"enemies":"Red Slaver","floor":13.0,"turns":3.0},{"damage":0.0,"enemies":"Blue Slaver","floor":14.0,"turns":2.0},{"damage":11.0,"enemies":"Exordium Thugs","floor":15.0,"turns":3.0},{"damage":77.0,"enemies":"downfall:Defect","floor":16.0,"turns":8.0},{"damage":31.0,"enemies":"Book of Stabbing","floor":19.0,"turns":6.0},{"damage":26.0,"enemies":"3 Byrds","floor":20.0,"turns":7.0},{"damage":3.0,"enemies":"Spheric Guardian","floor":21.0,"turns":3.0},{"damage":23.0,"enemies":"Shelled Parasite and Fungi","floor":22.0,"turns":5.0},{"damage":18.0,"enemies":"Snake Plant","floor":23.0,"turns":3.0},{"damage":36.0,"enemies":"Gremlin Leader","floor":26.0,"turns":8.0},{"damage":11.0,"enemies":"Cultist and Chosen","floor":29.0,"turns":4.0},{"damage":14.0,"enemies":"downfall:FleeingMerchant","floor":30.0,"turns":4.0},{"damage":32.0,"enemies":"Centurion and Healer","floor":31.0,"turns":6.0},{"damage":21.0,"enemies":"Sentry and Sphere","floor":32.0,"turns":3.0},{"damage":64.0,"enemies":"downfall:Watcher","floor":33.0,"turns":10.0},{"damage":20.0,"enemies":"3 Shapes","floor":37.0,"turns":4.0},{"damage":54.0,"enemies":"3 Darklings","floor":38.0,"turns":6.0},{"damage":38.0,"enemies":"downfall:FleeingMerchant","floor":39.0,"turns":4.0},{"damage":70.0,"enemies":"Giant Head","floor":40.0,"turns":7.0},{"damage":28.0,"enemies":"4 Shapes","floor":43.0,"turns":3.0},{"damage":51.0,"enemies":"Nemesis","floor":44.0,"turns":9.0},{"damage":53.0,"enemies":"Writhing Mass","floor":45.0,"turns":4.0},{"damage":24.0,"enemies":"downfall:FleeingMerchant","floor":46.0,"turns":2.0},{"damage":37.0,"enemies":"Transient","floor":48.0,"turns":5.0},{"damage":10.0,"enemies":"4 Shapes","floor":49.0,"turns":7.0},{"damage":58,"enemies":"downfall:Silent","floor":50,"turns":11},{"damage":143,"enemies":"downfall:CharBossMerchant","floor":52,"turns":8}],"seed_played":"-5367987819822439611","potions_obtained":[{"floor":3.0,"key":"construct:ShiftPotion"},{"floor":9.0,"key":"GamblersBrew"},{"floor":12.0,"key":"champ:OpenerPotion"},{"floor":19.0,"key":"sneckomod:MuddlingPotion"},{"floor":21.0,"key":"SkillPotion"},{"floor":23.0,"key":"BlessingOfTheForge"},{"floor":26.0,"key":"Block Potion"},{"floor":31.0,"key":"Fire Potion"},{"floor":40.0,"key":"hexamod:EctoCoolerPotion"},{"floor":44.0,"key":"ColorlessPotion"},{"floor":45.0,"key":"Block Potion"},{"floor":49.0,"key":"AttackPotion"}],"is_trial":false,"path_per_floor":["R","M","E","?","M","R","T","R","E","R","M","M","M","M","M","B",null,"R","E","M","M","M","M","T","?","E","R","?","M","$","M","M","B",null,"R","?","M","M","$","E","T","R","M","E","M","$","?","M","M","B",null,"E"],"character_chosen":"THE_CHAMP","items_purchased":["construct:FoamFinger","expansioncontent:QuickStudy","champ:CheapShot","DuplicationPotion"],"campfire_rested":1,"item_purchase_floors":[30,39,46,46],"current_hp_per_floor":[99,90,56,51,56,85,85,95,89,89,94,90,77,77,77,19,109,109,97,94,99,96,91,91,91,96,96,76,76,76,74,74,69,76,76,76,76,76,76,67,67,76,74,72,64,69,69,56,62,35,76,0,0],"gold":296,"neow_bonus":"TEN_PERCENT_HP_BONUS","is_daily":false,"chose_seed":false,"campfire_upgraded":6,"win_rate":0.0,"timestamp":1608461481,"path_taken":["R","?","E","?","M","R","T","R","E","R","M","M","?","M","M","BOSS","R","E","M","M","?","M","T","?","E","R","?","?","?","M","M","BOSS","R","?","M","M","$","E","T","R","M","E","M","$","?","M","M","BOSS","E"],"items_purchased_type":["Relic","Card","Card","Potion"],"build_version":"2020-12-13","purchased_purges":1,"victory":false,"max_hp_per_floor":[99,99,99,99,99,99,99,109,109,109,109,109,109,109,109,109,109,109,109,109,109,109,109,109,109,109,109,76,76,76,76,76,76,76,76,76,76,76,76,76,76,76,76,76,76,76,76,76,76,76,76,76,76],"card_choices":[{"not_picked":["champ:GladiatorsShout","champ:FocusedBerserking"],"picked":"champ:DefensiveShout","floor":2.0},{"not_picked":["champ:DefensiveShout","champ:FightOn"],"picked":"champ:GutPunch","floor":3.0},{"not_picked":["champ:BladeFlurry","champ:RapidStrikes"],"picked":"champ:BerserkersShout","floor":5.0},{"not_picked":["champ:SkillfulDodge","champ:FocusedDefense"],"picked":"champ:DefensiveStyle","floor":9.0},{"not_picked":["champ:Circumvent","champ:EnragedBash"],"picked":"champ:Backstep","floor":11.0},{"not_picked":["champ:BerserkerStyle","champ:BladeFlurry"],"picked":"champ:Lariat","floor":12.0},{"not_picked":["champ:DeathBlow","champ:Duel"],"picked":"champ:Circumvent","floor":13.0},{"not_picked":["champ:FanOfKnives","champ:Backstep"],"picked":"champ:CrookedStrike","floor":14.0},{"not_picked":["champ:Haymaker","champ:Lariat"],"picked":"champ:Improvising","floor":15.0},{"not_picked":["champ:ShieldSlam","champ:EnchantCrown"],"picked":"champ:Devastate","floor":16.0},{"not_picked":["champ:Haymaker","champ:ShieldWall"],"picked":"champ:Improvising","floor":19.0},{"not_picked":["champ:BladeFlurry","champ:FightOn"],"picked":"champ:Control","floor":20.0},{"not_picked":["champ:GutPunch","champ:DefensiveShout+1"],"picked":"champ:BringItOn","floor":21.0},{"not_picked":["champ:FocusedBerserking","champ:FightOn","champ:Haymaker"],"picked":"SKIP","floor":22.0},{"not_picked":["champ:FlashCut+1","champ:FanOfKnives","champ:GladiatorsShout+1"],"picked":"SKIP","floor":23.0},{"not_picked":["champ:BladeFlurry","champ:FaceSlap","champ:Circumvent"],"picked":"SKIP","floor":26.0},{"not_picked":["champ:Backstep","champ:Circumvent"],"picked":"champ:IronFortress","floor":29.0},{"not_picked":["champ:DefensiveShout","champ:TornadoPunch"],"picked":"champ:RecklessLeap","floor":30.0},{"not_picked":["champ:FocusedDefense+1","champ:EnragedBash"],"picked":"champ:CalledShot","floor":31.0},{"not_picked":["champ:ShieldSlam","champ:Encircle"],"picked":"champ:Shatter","floor":32.0},{"not_picked":["champ:EnchantCrown","champ:Improvising"],"picked":"champ:EnchantSword","floor":33.0},{"not_picked":["champ:BladeFlurry","champ:PerfectedStrike+1"],"picked":"champ:IronFortress+1","floor":37.0},{"not_picked":["champ:CrookedStrike","champ:AdrenalArmor","champ:Haymaker+1"],"picked":"SKIP","floor":38.0},{"not_picked":["champ:CrownThrow","champ:Haymaker+1","champ:Encircle"],"picked":"SKIP","floor":39.0},{"not_picked":["champ:GladiatorsShout","champ:BladeFlurry","champ:AdrenalArmor"],"picked":"SKIP","floor":40.0},{"not_picked":["champ:AdrenalArmor+1","champ:BladeFlurry+1","champ:Balance+1"],"picked":"SKIP","floor":43.0},{"not_picked":["champ:EnragedBash","champ:Duel+1","champ:Backstep"],"picked":"SKIP","floor":44.0},{"not_picked":["champ:DeathBlow+1","champ:AdrenalArmor+1","champ:Balance+1"],"picked":"SKIP","floor":45.0},{"not_picked":["champ:FightOn","champ:Backstep","champ:Haymaker+1"],"picked":"SKIP","floor":46.0},{"not_picked":["champ:Haymaker","champ:Encircle+1","champ:GladiatorsShout+1"],"picked":"SKIP","floor":48.0},{"not_picked":["champ:IronFortress+1","champ:Encircle"],"picked":"champ:ShieldWall+1","floor":49.0}],"player_experience":603025,"relics_obtained":[{"floor":3.0,"key":"construct:BoolHorns"},{"floor":9.0,"key":"Guardian:PocketSentry"},{"floor":19.0,"key":"Sundial"},{"floor":24.0,"key":"Gremlin Horn"},{"floor":26.0,"key":"Anchor"},{"floor":40.0,"key":"Eternal Feather"},{"floor":41.0,"key":"Bag of Marbles"},{"floor":44.0,"key":"Juzu Bracelet"}],"event_choices":[{"damage_healed":0.0,"max_hp_gain":0.0,"max_hp_loss":33.0,"gold_gain":0.0,"event_name":"Vampires","player_choice":"Became a vampire","floor":28.0,"gold_loss":0.0,"damage_taken":0.0,"cards_obtained":["Bite","Bite","Bite","Bite","Bite"]},{"damage_healed":0.0,"max_hp_gain":0.0,"max_hp_loss":0.0,"gold_gain":0.0,"event_name":"Plague Doctor","player_choice":"Obtain Plague Curse","floor":36.0,"gold_loss":0.0,"damage_taken":0.0,"cards_obtained":["theForsaken:PlagueCurse"]}],"is_beta":false,"boss_relics":[{"not_picked":["Empty Cage","Astrolabe"],"picked":"champ:ChampionCrownUpgraded"},{"not_picked":["Coffee Dripper","Velvet Choker"],"picked":"SlaversCollar"}],"items_purged_floors":[30],"is_endless":false,"potions_floor_spawned":[3,9,12,19,21,23,26,31,40,43,44,45,49],"killed_by":"downfall:CharBossMerchant","ascension_level":1}}