{"host":"ymw71f7rc9ndansy","time":1608432266,"event":{"mods":["ATMod(°¢èªMod)","Aspiration","BaseMod","DeckTracker","Hubris","Library of Ruina","Library of Ruina Extra","Lobotomy","LobotomyExtend","Minty Spire (QoL Compilation)","MostiFishMod","Remove Card Discount Mod","Replay The Spire","StSLib","TestMod","¡¾ÒÅÎï¿¨ÅÆ¡¿REMEMod"],"gold_per_floor":[114,114,114,106,106,138,136,164,164,183,183,196,196,213,213,287,287,297,295,295,309,309,339,339,373,396,263,14,14,14,28,28,103,103,121,121,140,151,151,151,182,182,233,268,268,57,57,74,74,74,74,74,74,74,4,34,130],"floor_reached":58,"playtime":2416,"items_purged":["Strike_B","Strike_B","Defend_B","Strike_B","Strike_B","AT_MachinaRedman","Pain","Decay","Chaos","Defend_B","Defend_B","Ball Lightning","Defend_B+1","Dualcast+1","Zap","AT_StudyProgram","Defragment"],"score":3539,"play_id":"cef7c94b-2940-44b6-bc19-1d31b952a454","local_time":"20201220104426","is_ascension_mode":true,"campfire_choices":[{"data":"MostiFishMod:SparklingWater","floor":11,"key":"SMITH"},{"data":"MostiFishMod:NightSea","floor":13,"key":"SMITH"},{"data":"AT_RobotInSpace","floor":15,"key":"SMITH"},{"data":"AT_DarkMatter","floor":24,"key":"SMITH"},{"data":"Master of Strategy","floor":30,"key":"SMITH"},{"data":"testmod-FightingIntention","floor":32,"key":"SMITH"},{"data":"MostiFishMod:ReadyAimFire","floor":40,"key":"SMITH"},{"floor":42,"key":"RECALL"},{"data":"AT_ThunderBolt","floor":49,"key":"SMITH"},{"data":"MostiFishMod:Prepare","floor":54,"key":"SMITH"}],"circlet_count":0,"master_deck":["AscendersBane","AT_ThreeBodyProblem","MostiFishMod:Neptune","MostiFishMod:SparklingWater+1","MostiFishMod:FantasySummer+1","MostiFishMod:NightSea+1","AT_RobotInSpace+1","AT_DarkMatter+1","FIFO Queue","Master of Strategy+1","testmod-FightingIntention+1","MostiFishMod:Prepare+1","MostiFishMod:ReadyAimFire+1","Meteor Strike","AT_ThunderBolt+1","Heatsinks+1","MostiFishMod:Nova"],"relics":["Cracked Core","testmod-TestBox","DaveBox","REME_ComplimentaryCards","MoonlightInvasionPlan","testmod-Alchemist","Question Card","hubris:Towel","Bronze Scales","Regal Pillow","Bottled Lightning","ImportantClient","testmod-TimeTraveler","WarpedTongs","Bag of Preparation","Toy Ornithopter","PageOfSpiderBud","AT_SunfireAegis","ReplayTheSpireMod:ShopPack","Nloth\u0027s Gift","Black Star","aspiration:EnhancedActuators","ReplayTheSpireMod:TigerMarble","SynthV:C4","Prayer Wheel","War Paint","hubris:TenFootPole","REME_ArchaeologicalTools","testmod-AssaultLearning"],"acts_visited":["Exordium","TheCity","TheBeyond","TheEnding"],"potions_floor_usage":[6,6,8,8,10,10,14,14,16,16,16,18,18,18,21,21,21,23,23,23,23,23,25,25,25,25,31,31,31,31,33,33,33,33,35,35,35,35,35,37,37,37,38,38,38,41,44,44,44,44,44,45,50,50,50,51,51,51,51,51,56,56,57,57,57,57,57,57,57,57,57,57,57,57,57,57,57],"damage_taken":[{"damage":1,"enemies":"Jaw Worm","floor":1,"turns":2},{"damage":5,"enemies":"Gremlin Nob","floor":6,"turns":2},{"damage":5,"enemies":"Lagavulin","floor":8,"turns":4},{"damage":0,"enemies":"Small Slimes","floor":10,"turns":2},{"damage":5,"enemies":"Cultist","floor":12,"turns":2},{"damage":0,"enemies":"Looter","floor":14,"turns":1},{"damage":9,"enemies":"Slime Boss","floor":16,"turns":6},{"damage":11,"enemies":"Shell Parasite","floor":18,"turns":4},{"damage":0,"enemies":"Chosen","floor":21,"turns":5},{"damage":11,"enemies":"Replay:Snechameleon","floor":23,"turns":5},{"damage":28,"enemies":"Book of Stabbing","floor":25,"turns":6},{"damage":5,"enemies":"Sentry and Sphere","floor":31,"turns":5},{"damage":5,"enemies":"Automaton","floor":33,"turns":5},{"damage":0,"enemies":"3 Darklings","floor":35,"turns":3},{"damage":5,"enemies":"Orb Walker","floor":37,"turns":3},{"damage":5,"enemies":"Sphere and 2 Shapes","floor":38,"turns":1},{"damage":0,"enemies":"R_Hoarder","floor":41,"turns":1},{"damage":0,"enemies":"Reptomancer","floor":44,"turns":2},{"damage":0,"enemies":"Spire Growth","floor":45,"turns":1},{"damage":5,"enemies":"3 Darklings","floor":48,"turns":1},{"damage":0,"enemies":"Time Eater","floor":50,"turns":1},{"damage":5,"enemies":"Awakened One","floor":51,"turns":5},{"damage":5,"enemies":"Shield and Spear","floor":56,"turns":2},{"damage":20,"enemies":"The Heart","floor":57,"turns":2}],"seed_played":"8958833439499554898","potions_obtained":[{"floor":0,"key":"EntropicBrew"},{"floor":0,"key":"Strength Potion"},{"floor":0,"key":"Ancient Potion"},{"floor":16,"key":"BlessingOfTheForge"},{"floor":18,"key":"testmod-SpacePotion"},{"floor":23,"key":"Toxic Potion"},{"floor":39,"key":"CultistPotion"},{"floor":39,"key":"testmod-EscapePotion"},{"floor":44,"key":"testmod-EscapePotion"},{"floor":48,"key":"Block Potion"}],"is_trial":false,"path_per_floor":["M","?","?","$","?","E","$","E","T","M","R","M","R","M","R","B",null,"M","$","?","M","?","E","R","E","T","$","$","?","R","M","R","B",null,"M","$","M","M","?","R","E","R","T","E","M","$","?","M","R","B","B",null,null,"R","$","E","B",null],"character_chosen":"DEFECT","items_purchased":["PageOfSpiderBud","AT_SunfireAegis","ReplayTheSpireMod:ShopPack","Meteor Strike","AT_ThunderBolt","testmod-SpacePotion"],"campfire_rested":0,"item_purchase_floors":[27,28,28,46,46,55],"current_hp_per_floor":[63,56,56,56,56,51,51,46,46,46,46,41,41,41,41,32,61,50,50,50,50,50,39,39,11,11,11,11,11,11,26,26,41,64,71,71,66,71,71,71,71,71,71,71,71,71,71,66,66,71,71,71,71,71,71,66,66],"gold":130,"neow_bonus":"THREE_SMALL_POTIONS","is_daily":false,"chose_seed":false,"campfire_upgraded":9,"win_rate":0.0,"timestamp":1608432266,"path_taken":["M","?","?","$","?","E","$","E","T","?","R","M","R","M","R","BOSS","M","$","?","?","?","E","R","E","T","?","$","?","R","M","R","BOSS","M","?","M","?","?","R","E","R","T","E","?","?","?","M","R","BOSS","BOSS","R","$","E","BOSS"],"items_purchased_type":["Relic","Relic","Relic","Card","Card","Potion"],"build_version":"2020-12-13","purchased_purges":17,"victory":true,"max_hp_per_floor":[71,71,71,71,71,71,71,71,71,71,71,71,71,71,71,71,71,71,71,71,71,71,71,71,71,71,71,71,71,71,71,71,71,71,71,71,71,71,71,71,71,71,71,71,71,71,71,71,71,71,71,71,71,71,71,71,71],"card_choices":[{"not_picked":["Fusion","Reboot","BootSequence"],"picked":"Chaos","floor":6},{"not_picked":["Compile Driver","Time Bomb","Leap"],"picked":"Ball Lightning","floor":12},{"not_picked":["Crystallizer","Consume","Sweeping Beam"],"picked":"AT_RobotInSpace","floor":14},{"not_picked":["Redo","BasicCrystalCard","Rebound+1"],"picked":"AT_DarkMatter","floor":18},{"not_picked":["REME_Compress","MostiFishMod:DawningShadow","Steam","Conserve Battery"],"picked":"SKIP","floor":21},{"not_picked":["Rebound","Cold Snap","Ball Lightning","Undo"],"picked":"SKIP","floor":23},{"not_picked":["Rebound","FIFO Queue","Genetic Algorithm","ReplayTheSpireMod:System Scan"],"picked":"SKIP","floor":25},{"not_picked":["Rebound","Genetic Algorithm","ReplayTheSpireMod:System Scan"],"picked":"FIFO Queue","floor":25},{"not_picked":["ReplayUltimateDefense","testmod-ConditionedReflex","ReplayTheSpireMod:Uncanny Aura"],"picked":"Master of Strategy","floor":28},{"not_picked":["MostiFishMod:TheEndOfMoonlight","Secret Technique","testmod-EnhanceArmerment"],"picked":"testmod-FightingIntention","floor":28},{"not_picked":["Coolheaded","Go for the Eyes","Hello World"],"picked":"Defragment","floor":31},{"not_picked":["Mirror Shield","Biased Cognition","AT_RightCognition"],"picked":"MostiFishMod:Prepare","floor":33},{"not_picked":["Sweeping Beam","Compile Driver","Cold Snap+1","Blizzard+1"],"picked":"SKIP","floor":35},{"not_picked":["Turbo","Conserve Battery","REME_Whirling"],"picked":"MostiFishMod:ReadyAimFire","floor":37},{"not_picked":["Sweeping Beam","Melter","Capacitor+1","Go for the Eyes"],"picked":"SKIP","floor":38},{"not_picked":["ReplayTheSpireMod:Calculation Training","Sweeping Beam","ReplayTheSpireMod:System Scan"],"picked":"ReplayTheSpireMod:Fabricate Wheel","floor":41},{"not_picked":["Panic Button","AT_WarpDrive","MostiFishMod:Hijack","Sunder"],"picked":"SKIP","floor":44},{"not_picked":["BasicCrystalCard","Redo","ReplayTheSpireMod:Repulse"],"picked":"AT_StudyProgram","floor":45},{"not_picked":["hubris:Ukulele+1","Gash","Hologram","Melter"],"picked":"SKIP","floor":45},{"not_picked":["Beam Cell","Gash+1","Compile Driver+1"],"picked":"Heatsinks+1","floor":48},{"not_picked":["ReplayTheSpireMod:GoodbyeWorld","Lockon+1","Panic Button","AT_HeatAcrobatics"],"picked":"SKIP","floor":48},{"not_picked":["Conserve Battery","Steam","Genetic Algorithm+1"],"picked":"MostiFishMod:Nova","floor":56}],"player_experience":1013406,"relics_obtained":[{"floor":1,"key":"Question Card"},{"floor":6,"key":"Bronze Scales"},{"floor":8,"key":"Regal Pillow"},{"floor":9,"key":"Bottled Lightning"},{"floor":16,"key":"ImportantClient"},{"floor":23,"key":"Bag of Preparation"},{"floor":25,"key":"Toy Ornithopter"},{"floor":41,"key":"aspiration:EnhancedActuators"},{"floor":41,"key":"ReplayTheSpireMod:TigerMarble"},{"floor":43,"key":"SynthV:C4"},{"floor":44,"key":"War Paint"},{"floor":44,"key":"hubris:TenFootPole"},{"floor":56,"key":"REME_ArchaeologicalTools"},{"floor":56,"key":"testmod-AssaultLearning"}],"event_choices":[{"cards_removed":["MostiFishMod:TheEndOfMoonlight"],"damage_healed":0,"gold_gain":0,"player_choice":"Card Removal","damage_taken":7,"max_hp_gain":0,"max_hp_loss":0,"event_name":"Golden Wing","floor":2,"gold_loss":0},{"damage_healed":0,"gold_gain":0,"player_choice":"Cursed","damage_taken":0,"max_hp_gain":0,"max_hp_loss":0,"event_name":"Wheel of Change","floor":20,"gold_loss":0,"cards_obtained":["Decay"]},{"damage_healed":0,"gold_gain":0,"player_choice":"Rummage","damage_taken":0,"relics_obtained":["WarpedTongs"],"max_hp_gain":0,"max_hp_loss":0,"event_name":"Accursed Blacksmith","floor":22,"gold_loss":0,"cards_obtained":["Pain"]},{"damage_healed":0,"gold_gain":0,"player_choice":"Traded Relic","damage_taken":0,"relics_obtained":["Nloth\u0027s Gift"],"max_hp_gain":0,"max_hp_loss":0,"event_name":"N\u0027loth","floor":29,"relics_lost":["AT_ATBox"],"gold_loss":0},{"damage_healed":0,"gold_gain":0,"player_choice":"Got Potions","damage_taken":0,"max_hp_gain":0,"max_hp_loss":0,"event_name":"Lab","floor":39,"gold_loss":0}],"is_beta":false,"boss_relics":[{"not_picked":["GuanYuAspect","aspiration:SecretTechniqueScroll"],"picked":"testmod-TimeTraveler"},{"not_picked":["GreenFoldingFan","hubris:BlackHole"],"picked":"Black Star"}],"items_purged_floors":[4,4,4,4,7,19,28,28,28,28,28,46,46,46,55,55,55],"is_endless":false,"potions_floor_spawned":[12,16,18,23,37,44,48],"ascension_level":20}}