{"host":"8e3sp1tozjyrh64l","time":1608499529,"event":{"mods":["BaseMod","Better Altar","Better Match","Better Sensory Stone","Better Silent Start","Better Skull","Better Third Choice","BetterRewards","Defuse TimeMaze Blight","Infinite Spire","Minty Spire (QoL Compilation)","Permanent Neow","Rare Cards Sparkle","Relic Sorter","Replay The Spire","Shop Mod","Spicy Shops","StSLib","SuperFastMode"],"gold_per_floor":[110,128,138,138,138,138,168,168,168,168,0,26,26,39,39,135,135,151,171,187,201,201,201,231,77,101,141,141,204,25,57,57,178,178,26,99,99,44,44,44,101,101,183,260,305,369,369,437,437,567,567,592,627,627,648,673,673,514,514,514,514,514,567,567,751,751,936,936,965,999,826,866,826,826,888,888,888,962,991,1025,742,795,795,959,968,995,1023,1086,1168,809,861,861,993,1066,1066,1130,1130,1173,1225,1225,1373,1373,1384,1384,1384],"floor_reached":104,"playtime":1912,"items_purged":["Writhe","Amnesia","Doubt"],"score":2231,"play_id":"d010e07c-9041-404e-abc1-6213ba960978","local_time":"20201220142529","is_ascension_mode":true,"campfire_choices":[{"floor":6.0,"key":"REST"},{"data":"Neutralize","floor":6.0,"key":"SMITH"},{"floor":8.0,"key":"REST"},{"data":"Caltrops","floor":8.0,"key":"SMITH"},{"data":"Infinite Blades","floor":13.0,"key":"SMITH"},{"data":"Survivor","floor":15.0,"key":"SMITH"},{"floor":23.0,"key":"REST"},{"data":"Envenom","floor":23.0,"key":"SMITH"},{"floor":32.0,"key":"REST"},{"data":"Calculated Gamble","floor":32.0,"key":"SMITH"},{"floor":40.0,"key":"REST"},{"data":"Mayhem","floor":40.0,"key":"SMITH"},{"floor":49.0,"key":"REST"},{"data":"Accuracy","floor":49.0,"key":"SMITH"},{"data":"Hidden Blade","floor":57,"key":"SMITH"},{"data":"Malaise","floor":59,"key":"SMITH"},{"data":"Blade Dance","floor":61,"key":"SMITH"},{"data":"Defend_G","floor":66,"key":"SMITH"},{"data":"After Image","floor":74,"key":"SMITH"},{"data":"Prepared","floor":76,"key":"SMITH"},{"data":"Defend_G+2","floor":83,"key":"SMITH"},{"data":"infinitespire:Execution","floor":92,"key":"SMITH"},{"data":"Noxious Fumes","floor":97,"key":"SMITH"},{"data":"Envenom","floor":100,"key":"SMITH"}],"circlet_count":0,"master_deck":["Defend_G+1","Defend_G","Defend_G","Defend_G+3","Survivor+1","Neutralize+1","ReplayTheSpireMod:Necrogeddon+1","Mayhem+1","Caltrops+1","Flying Knee+1","Masterful Stab+1","Infinite Blades+1","Riddle With Holes+1","Envenom+1","Accuracy+1","Prepared+1","ReplayTheSpireMod:Scrap Shanks+1","Calculated Gamble+1","Bite+1","Bite+1","Bite+1","Bite+1","Bite+1","Blade Dance+1","Die Die Die+1","Mayhem+1","HandOfGreed+1","Concentrate+1","Eviscerate+1","ReplayTheSpireMod:The Works+1","Malaise+1","Eviscerate+1","Hidden Blade+1","After Image+1","Hidden Blade+1","infinitespire:SevenWalls+1","Prepared+1","Prepared+1","Envenom+1","infinitespire:Execution+1","Specialist+1","Noxious Fumes+1","Infinite Blades+1","Infinite Blades+1","Eviscerate+1","Hidden Blade+1","Concentrate+1","Blade Dance+1","Caltrops+1"],"relics":["Replay:Wax Seal","Sizzling Blood","infinitespire:Magic Flask","Molten Egg 2","MerchantsRug","Paper Crane","Bottled Tornado","Replay:Bandana","Membership Card","Sling","Blood Vial","Oddly Smooth Stone","Pantograph","Ice Cream","Chemical X","Ornamental Fan","ReplayTheSpireMod:Ninjato","SacredBark","infinitespire:CursedDice","Vajra","WristBlade","Garlic","Replay:Baseball","CeramicFish","Lantern","SlaversCollar","infinitespire:BottledMercury","Snake Skull","Bag of Preparation","Bottled Flame","Pear","Golden Idol","Thread and Needle","Replay:Bronze Core","Blue Doll","Chameleon Ring","ReplayTheSpireMod:ShopPack","ReplayTheSpireMod:CursedCoin","Ancient Tea Set","Quantum Egg","MealTicket","Simple Rune","Darkstone Periapt","HornCleat","Toy Ornithopter","Runic Pyramid","Ginger","PreservedInsect","Bronze Scales","Replay:Rubber Ducky","Orrery","TheAbacus","InkBottle","infinitespire:FocusingShard","Frozen Egg 2","Replay:Multitool","Bag of Marbles","Art of War","Philosopher\u0027s Stone"],"acts_visited":["Exordium","TheCity","TheBeyond","Exordium","TheCity","TheBeyond","Exordium"],"potions_floor_usage":[50,50,72,84,84,87,101],"damage_taken":[{"damage":0.0,"enemies":"Small Slimes","floor":1.0,"turns":4.0},{"damage":2.0,"enemies":"Jaw Worm","floor":2.0,"turns":5.0},{"damage":1.0,"enemies":"2 Louse","floor":3.0,"turns":3.0},{"damage":12.0,"enemies":"Replay:BlueRogue","floor":7.0,"turns":6.0},{"damage":18.0,"enemies":"3 Sentries","floor":12.0,"turns":5.0},{"damage":0.0,"enemies":"Exordium Wildlife","floor":14.0,"turns":3.0},{"damage":18.0,"enemies":"Fading Forest","floor":16.0,"turns":11.0},{"damage":1.0,"enemies":"Chosen","floor":18.0,"turns":4.0},{"damage":13.0,"enemies":"2 Thieves","floor":19.0,"turns":4.0},{"damage":8.0,"enemies":"Chosen and Byrds","floor":20.0,"turns":5.0},{"damage":9.0,"enemies":"Snecko","floor":21.0,"turns":4.0},{"damage":8.0,"enemies":"Replay:Snechameleon","floor":24.0,"turns":5.0},{"damage":60.0,"enemies":"Slavers","floor":27.0,"turns":6.0},{"damage":9.0,"enemies":"3 Cultists","floor":29.0,"turns":4.0},{"damage":10.0,"enemies":"Automaton","floor":33.0,"turns":6.0},{"damage":0.0,"enemies":"3 Shapes","floor":35.0,"turns":2.0},{"damage":37.0,"enemies":"2 Orb Walkers","floor":36.0,"turns":4.0},{"damage":20.0,"enemies":"3 Darklings","floor":38.0,"turns":4.0},{"damage":76.0,"enemies":"4 Shapes","floor":41.0,"turns":7.0},{"damage":0.0,"enemies":"Nemesis","floor":44.0,"turns":3.0},{"damage":0.0,"enemies":"Jaw Worm Horde","floor":45.0,"turns":2.0},{"damage":18.0,"enemies":"Nightmare","floor":46.0,"turns":5.0},{"damage":18,"enemies":"Time Eater","floor":50,"turns":5},{"damage":7,"enemies":"Jaw Worm","floor":52,"turns":2},{"damage":5,"enemies":"Small Slimes","floor":53,"turns":2},{"damage":0,"enemies":"Cultist","floor":55,"turns":2},{"damage":7,"enemies":"Lots of Slimes","floor":56,"turns":2},{"damage":5,"enemies":"3 Sentries","floor":63,"turns":2},{"damage":0,"enemies":"Fading Forest","floor":67,"turns":4},{"damage":0,"enemies":"Chosen","floor":69,"turns":2},{"damage":8,"enemies":"Shell Parasite","floor":70,"turns":2},{"damage":0,"enemies":"3 Cultists","floor":72,"turns":2},{"damage":0,"enemies":"Nightmare","floor":75,"turns":5},{"damage":0,"enemies":"Slavers","floor":78,"turns":2},{"damage":15,"enemies":"Centurion and Healer","floor":79,"turns":3},{"damage":0,"enemies":"Snecko","floor":80,"turns":2},{"damage":11,"enemies":"Replay:Snechameleon","floor":82,"turns":2},{"damage":0,"enemies":"Automaton","floor":84,"turns":2},{"damage":0,"enemies":"Orb Walker","floor":86,"turns":1},{"damage":6,"enemies":"3 Darklings","floor":87,"turns":3},{"damage":21,"enemies":"Sphere and 2 Shapes","floor":88,"turns":4},{"damage":0,"enemies":"Mind Bloom Boss Battle","floor":89,"turns":2},{"damage":0,"enemies":"R_Hoarder","floor":91,"turns":3},{"damage":0,"enemies":"Nemesis","floor":93,"turns":2},{"damage":0,"enemies":"Reptomancer","floor":96,"turns":2},{"damage":22,"enemies":"4 Shapes","floor":98,"turns":3},{"damage":0,"enemies":"Giant Head","floor":99,"turns":2},{"damage":0,"enemies":"Donu and Deca","floor":101,"turns":1},{"damage":94,"enemies":"Jaw Worm","floor":103,"turns":28},{"damage":45,"enemies":"2 Louse","floor":104,"turns":4}],"seed_played":"2769290651096630010","potions_obtained":[{"floor":2.0,"key":"Doom Potion"},{"floor":7.0,"key":"ColorlessPotion"},{"floor":12.0,"key":"SpeedPotion"},{"floor":18.0,"key":"FairyPotion"},{"floor":19.0,"key":"Dexterity Potion"},{"floor":20.0,"key":"EntropicBrew"},{"floor":33.0,"key":"Block Potion"},{"floor":35.0,"key":"AttackPotion"},{"floor":44.0,"key":"Dexterity Potion"},{"floor":46.0,"key":"CultistPotion"},{"floor":50,"key":"Explosive Potion"},{"floor":52,"key":"BlessingOfTheForge"},{"floor":63,"key":"PowerPotion"},{"floor":69,"key":"CunningPotion"},{"floor":78,"key":"EntropicBrew"},{"floor":86,"key":"Explosive Potion"},{"floor":91,"key":"Toxic Potion"},{"floor":96,"key":"Fire Potion"},{"floor":101,"key":"GamblersBrew"}],"is_trial":false,"path_per_floor":["M","M","M","?","?","R","E","R","T","?","$","E","R","M","R","B",null,"M","M","M","M","?","R","E","$","T","E","?","M","$","$","R","B",null,"M","?","?","M","?","R","M","AVR","T","E","M","NM","?","?","R","B",null,"M","M","?","M","M","R","$","R","T","R","?","E","?","?","R","B",null,"M","M","$","M","?","R","NM","R","T","E","M","M","$","E","R","B",null,"M","M","M","?","$","E","R","E","T","T","E","R","M","E","R","B",null,"M","M"],"character_chosen":"THE_SILENT","items_purchased":["ReplayTheSpireMod:ShopPack","infinitespire:Magic Flask","Molten Egg 2","MerchantsRug","Guide Book","Infinite Blades","Replay:Bandana","ReplayTheSpireMod:Scrap Shanks+1","Calculated Gamble","Membership Card","Sling","Blood Vial","Oddly Smooth Stone","Pear","Pantograph","Ice Cream","Chemical X","Ornamental Fan","ReplayTheSpireMod:Ninjato","Snake Skull","Bag of Preparation","Bottled Flame","Blue Doll","Chameleon Ring","ReplayTheSpireMod:ShopPack","ReplayTheSpireMod:CursedCoin","Simple Rune","Darkstone Periapt","HornCleat","Specialist+1","PreservedInsect","Bronze Scales","Replay:Rubber Ducky","Orrery","TheAbacus"],"campfire_rested":6,"item_purchase_floors":[0,0,0,0,0,11,25,25,25,30,30,30,30,30,30,31,31,31,31,58,58,58,71,71,71,71,81,81,81,90,90,90,90,90,90],"current_hp_per_floor":[38,36,35,35,35,56,44,65,65,70,70,52,52,52,52,62,75,74,61,53,44,44,66,58,58,58,22,22,25,35,35,53,62,62,62,34,34,19,19,37,17,17,17,25,33,32,32,32,50,47,62,58,58,58,60,62,62,62,62,72,72,54,57,61,61,61,76,76,76,72,72,76,76,76,76,76,76,76,68,76,76,72,72,76,76,76,74,59,76,76,76,76,76,76,76,76,76,64,70,70,76,76,40,0,0],"gold":1384,"neow_bonus":"","is_daily":false,"chose_seed":false,"campfire_upgraded":18,"win_rate":0.0,"timestamp":1608499529,"path_taken":["M","M","M","?","?","R","E","R","T","?","$","E","R","M","R","BOSS","M","M","M","M","?","R","E","$","T","E","?","M","?","$","R","BOSS","M","?","?","M","?","R","?","AVR","T","E","M","NM","?","?","R","BOSS","M","M","?","M","?","R","$","R","T","R","?","E","?","?","R","BOSS","M","M","$","M","?","R","NM","R","T","E","M","M","$","E","R","BOSS","M","?","?","?","$","E","R","E","T","?","E","R","M","E","R","BOSS","M","M"],"items_purchased_type":["Relic","Relic","Relic","Relic","Relic","Card","Relic","Card","Card","Relic","Relic","Relic","Relic","Relic","Relic","Relic","Relic","Relic","Relic","Relic","Relic","Relic","Relic","Relic","Relic","Relic","Relic","Relic","Relic","Card","Relic","Relic","Relic","Relic","Relic"],"build_version":"2020-12-13","purchased_purges":3,"victory":false,"max_hp_per_floor":[70,70,70,70,70,70,70,70,70,75,75,75,75,75,75,75,75,75,75,75,75,75,75,75,75,75,75,52,52,62,62,62,62,62,62,62,62,62,62,62,62,62,62,62,62,62,62,62,62,62,62,62,62,62,62,62,62,62,62,72,72,72,72,76,76,76,76,76,76,76,76,76,76,76,76,76,76,76,76,76,76,76,76,76,76,76,76,76,76,76,76,76,76,76,76,76,76,76,76,76,76,76,76,76,76],"card_choices":[{"not_picked":["Secret Technique","Master of Strategy"],"picked":"ReplayTheSpireMod:Necrogeddon","floor":0.0},{"not_picked":["Dramatic Entrance","Poisoned Strike"],"picked":"Mayhem","floor":0.0},{"not_picked":["Dagger Throw+1","Outmaneuver","PiercingWail"],"picked":"SKIP","floor":1.0},{"not_picked":["Replay:Poison Smokescreen","Poisoned Stab+1"],"picked":"Caltrops","floor":2.0},{"not_picked":["Leg Sweep","Dodge and Roll"],"picked":"Flying Knee+1","floor":3.0},{"not_picked":["Poisoned Stab+1","Quick Slash+1"],"picked":"Masterful Stab+1","floor":7.0},{"not_picked":["Backflip","Prepared","Acrobatics"],"picked":"SKIP","floor":12.0},{"not_picked":["Dash+1","Heel Hook+1"],"picked":"Riddle With Holes+1","floor":14.0},{"not_picked":["Bullet Time","Atom Bomb+1"],"picked":"Envenom","floor":16.0},{"not_picked":["ReplayTheSpireMod:The Works+1","Flechettes+1"],"picked":"Accuracy","floor":18.0},{"not_picked":["Flying Knee+1","Atom Bomb+1","Quick Slash+1"],"picked":"SKIP","floor":19.0},{"not_picked":["Sucker Punch+1","PiercingWail"],"picked":"Prepared+1","floor":20.0},{"not_picked":["Toxin Wave","Leg Sweep","Backflip+1"],"picked":"SKIP","floor":21.0},{"not_picked":["Endless Agony+1","Acrobatics+1","ReplayTheSpireMod:Speed Training"],"picked":"SKIP","floor":24.0},{"not_picked":["Dagger Throw+1","Tools of the Trade","Slice+1"],"picked":"SKIP","floor":27.0},{"not_picked":["Slice+1","Deadly Poison"],"picked":"Blade Dance","floor":29.0},{"not_picked":["Venomology","Grand Finale+1"],"picked":"Die Die Die+1","floor":33.0},{"not_picked":["Catalyst+1","Dodge and Roll+1","Deflect"],"picked":"SKIP","floor":35.0},{"not_picked":["ReplayTheSpireMod:Private Reserves","ReplayTheSpireMod:Trickstab+1"],"picked":"Mayhem","floor":37.0},{"not_picked":["ReplayTheSpireMod:Trickstab+1","ReplayUltimateDefense"],"picked":"HandOfGreed+1","floor":37.0},{"not_picked":["Underhanded Strike+1","Heel Hook+1","Bane+1"],"picked":"SKIP","floor":38.0},{"not_picked":["Backflip+1","Burst","Prepared"],"picked":"SKIP","floor":41.0},{"not_picked":["Acrobatics+1","Riddle With Holes+1"],"picked":"Concentrate+1","floor":44.0},{"not_picked":["Blade Dance","Dagger Throw+1","Replay:Poison Smokescreen"],"picked":"SKIP","floor":45.0},{"not_picked":["Backflip","ReplayTheSpireMod:Tripwire+1"],"picked":"Eviscerate+1","floor":46.0},{"not_picked":["ReplayTheSpireMod:Exploit Weakness+1","Flying Knee+1"],"picked":"ReplayTheSpireMod:The Works+1","floor":48.0},{"not_picked":["Replay:Bag of Tricks","Corpse Explosion"],"picked":"Malaise","floor":50},{"not_picked":["Escape Plan","Dodge and Roll"],"picked":"Eviscerate+1","floor":52},{"not_picked":["Dodge and Roll","Blade Dance"],"picked":"Hidden Blade","floor":53},{"not_picked":["Endless Agony+1","Predator+1","Footwork"],"picked":"SKIP","floor":55},{"not_picked":["Sucker Punch+1","Leg Sweep","Bouncing Flask"],"picked":"SKIP","floor":56},{"not_picked":["Endless Agony+1","Deflect","Bullet Time"],"picked":"SKIP","floor":63},{"not_picked":["Endless Agony+1","Deflect","Bullet Time"],"picked":"SKIP","floor":63},{"not_picked":["Venomology","Grand Finale+1"],"picked":"After Image","floor":67},{"not_picked":["Quick Slash+1","Sucker Punch+1","Endless Agony+1"],"picked":"SKIP","floor":69},{"not_picked":["Reflex","Quick Slash+1","Backflip"],"picked":"SKIP","floor":70},{"not_picked":["Concentrate","Hidden Blade","Deadly Poison+1"],"picked":"SKIP","floor":72},{"not_picked":["Concentrate","Deadly Poison+1"],"picked":"Hidden Blade","floor":72},{"not_picked":["infinitespire:Menacing","infinitespire:FutureSight"],"picked":"infinitespire:SevenWalls","floor":75},{"not_picked":["Replay:Bag of Tricks","Leg Sweep"],"picked":"Prepared","floor":75},{"not_picked":["Dodge and Roll","PiercingWail"],"picked":"Prepared+1","floor":78},{"not_picked":["Dagger Spray+1","Distraction","Bane+1"],"picked":"SKIP","floor":79},{"not_picked":["Bullet Time","Flying Knee+1","Dodge and Roll"],"picked":"SKIP","floor":80},{"not_picked":["Poisoned Stab+1","Underhanded Strike+1","PiercingWail"],"picked":"SKIP","floor":82},{"not_picked":["Poison Darts","Wraith Form v2"],"picked":"Envenom","floor":84},{"not_picked":["infinitespire:Oblivion","infinitespire:SevenWalls"],"picked":"infinitespire:Execution","floor":85},{"not_picked":["Blur","Outmaneuver+1","Cloak And Dagger"],"picked":"SKIP","floor":86},{"not_picked":["Cloak And Dagger","Quick Slash+1","Expertise"],"picked":"SKIP","floor":87},{"not_picked":["Blur+1","Sneak Up","Venomology"],"picked":"SKIP","floor":88},{"not_picked":["Quick Slash+1","Blade Dance"],"picked":"Noxious Fumes","floor":90},{"not_picked":["ReplayTheSpireMod:Shiv Toss","Slice+1"],"picked":"Infinite Blades+1","floor":90},{"not_picked":["Bane+1","Well Laid Plans+1"],"picked":"Infinite Blades+1","floor":90},{"not_picked":["Poison Darts","Flying Knee+1"],"picked":"Eviscerate+1","floor":90},{"not_picked":["Riddle With Holes+1","Atom Bomb+1"],"picked":"Hidden Blade+1","floor":91},{"not_picked":["All Out Attack+1","Predator+1"],"picked":"Concentrate+1","floor":93},{"not_picked":["Bane+1","Cloak And Dagger+1"],"picked":"Blade Dance+1","floor":96},{"not_picked":["Deadly Poison","Dodge and Roll"],"picked":"Caltrops+1","floor":98},{"not_picked":["Prepared","Bane+1","Backflip+1"],"picked":"SKIP","floor":99},{"not_picked":["Outmaneuver","Prepared","Skewer+1"],"picked":"SKIP","floor":103}],"player_experience":890661,"relics_obtained":[{"floor":7.0,"key":"Paper Crane"},{"floor":12.0,"key":"Orichalcum"},{"floor":24.0,"key":"Bottled Tornado"},{"floor":26.0,"key":"Replay:Wax Seal"},{"floor":27.0,"key":"Lizard Tail"},{"floor":36.0,"key":"infinitespire:CursedDice"},{"floor":43.0,"key":"Garlic"},{"floor":44.0,"key":"Replay:Baseball"},{"floor":46.0,"key":"CeramicFish"},{"floor":48.0,"key":"Lantern"},{"floor":60,"key":"Pear"},{"floor":63,"key":"Thread and Needle"},{"floor":75,"key":"Ancient Tea Set"},{"floor":77,"key":"Quantum Egg"},{"floor":78,"key":"MealTicket"},{"floor":82,"key":"Toy Ornithopter"},{"floor":89,"key":"Ginger"},{"floor":91,"key":"InkBottle"},{"floor":93,"key":"infinitespire:FocusingShard"},{"floor":94,"key":"Frozen Egg 2"},{"floor":95,"key":"Replay:Multitool"},{"floor":96,"key":"Bag of Marbles"},{"floor":99,"key":"Art of War"}],"event_choices":[{"damage_healed":0.0,"max_hp_gain":5.0,"max_hp_loss":0.0,"gold_gain":0.0,"event_name":"Big Fish","player_choice":"Donut","floor":10.0,"gold_loss":0.0,"damage_taken":0.0},{"damage_healed":0.0,"max_hp_gain":0.0,"max_hp_loss":0.0,"gold_gain":0.0,"event_name":"Ghosts","player_choice":"Ignored","floor":22.0,"gold_loss":0.0,"damage_taken":0.0},{"damage_healed":0.0,"max_hp_gain":0.0,"max_hp_loss":23.0,"gold_gain":0.0,"event_name":"Vampires","player_choice":"Became a vampire","floor":28.0,"gold_loss":0.0,"damage_taken":0.0,"cards_obtained":["Bite","Bite","Bite","Bite","Bite"]},{"damage_healed":0.0,"max_hp_gain":0.0,"max_hp_loss":0.0,"gold_gain":0.0,"event_name":"Mysterious Sphere","player_choice":"Fight","floor":36.0,"gold_loss":0.0,"damage_taken":0.0},{"damage_healed":0.0,"max_hp_gain":0.0,"max_hp_loss":0.0,"gold_gain":3.0,"event_name":"betterStone:BetterStone","player_choice":"1","floor":37.0,"gold_loss":0.0,"damage_taken":0.0},{"damage_healed":0.0,"max_hp_gain":0.0,"max_hp_loss":0.0,"gold_gain":0.0,"event_name":"Tomb of Lord Red Mask","player_choice":"Ignored","floor":47.0,"gold_loss":0.0,"damage_taken":0.0},{"damage_healed":0,"gold_gain":0,"player_choice":"Gave Potion","damage_taken":0,"relics_obtained":["infinitespire:BottledMercury"],"max_hp_gain":0,"max_hp_loss":0,"event_name":"WeMeetAgain","floor":54,"gold_loss":0},{"damage_healed":0,"gold_gain":0,"player_choice":"Take Damage","damage_taken":18,"relics_obtained":["Golden Idol"],"max_hp_gain":0,"max_hp_loss":0,"event_name":"Golden Idol","floor":62,"gold_loss":0},{"damage_healed":0,"gold_gain":175,"player_choice":"AGREE","damage_taken":567,"max_hp_gain":0,"max_hp_loss":0,"event_name":"betterThird:BetterSerpent","floor":65,"gold_loss":0},{"damage_healed":0,"gold_gain":0,"player_choice":"Upgrade","damage_taken":0,"max_hp_gain":0,"max_hp_loss":0,"event_name":"Designer","floor":73,"gold_loss":40,"cards_upgraded":["Hidden Blade"]},{"damage_healed":0,"gold_gain":0,"player_choice":"Fight","damage_taken":0,"max_hp_gain":0,"max_hp_loss":0,"event_name":"MindBloom","floor":89,"gold_loss":0}],"is_beta":false,"boss_relics":[{"not_picked":["ChewingGum","ReplayTheSpireMod:SealedPack"],"picked":"Cursed Key"},{"not_picked":["Runic Dome","Ring of the Serpent"],"picked":"SacredBark"},{"not_picked":["Calling Bell","Snecko Eye"],"picked":"SlaversCollar"},{"not_picked":["Calling Bell","Replay:Drink Me"],"picked":"Replay:Bronze Core"},{"not_picked":["infinitespire:Cupcake","Runic Dome"],"picked":"Runic Pyramid"},{"not_picked":["Empty Cage","ChewingGum"],"picked":"Philosopher\u0027s Stone"}],"items_purged_floors":[30,71,71],"is_endless":true,"potions_floor_spawned":[2,7,12,18,19,20,24,33,35,44,46,50,52,53,63,69,78,82,86,91,96,101],"killed_by":"2 Louse","ascension_level":1}}