{"host":"9r4xop0yxveozoj0","time":1608508724,"event":{"mods":["2.2 Compatiblity","BaseMod","Better Third Choice","Colored Map","Colored Powertips","Hubris","Infinite Spire","Minty Spire (QoL Compilation)","Permanent Neow","Replay The Spire","StSLib","The Blue Laboratory"],"gold_per_floor":[112,128,147,159,179,195,215,241,288,288,145,160,107,107,107,107,107],"floor_reached":16,"playtime":1152,"items_purged":[],"score":106,"play_id":"51cff2c4-4395-4a2b-9712-76a217117f3d","local_time":"20201220185844","is_ascension_mode":false,"campfire_choices":[{"floor":15,"key":"REST"}],"circlet_count":0,"master_deck":["Strike_P","Strike_P","Strike_P","Strike_P","Defend_P","Defend_P","Defend_P","Defend_P","Eruption","Vigilance","Crescendo","PathToVictory","Halt","PathToVictory","infinitespire:Starlight","PathToVictory"],"relics":["hubris:TerracottaHorce","Replay:Purple Gloves","Simple Rune","hubris:KleinBottle","Akabeko","Nunchaku"],"acts_visited":["Exordium"],"potions_floor_usage":[8,8,8,12],"damage_taken":[{"damage":0,"enemies":"Cultist","floor":1,"turns":2},{"damage":7,"enemies":"Jaw Worm","floor":2,"turns":3},{"damage":2,"enemies":"Small Slimes","floor":3,"turns":2},{"damage":10,"enemies":"Exordium Wildlife","floor":4,"turns":3},{"damage":3,"enemies":"Blue Slaver","floor":5,"turns":4},{"damage":22,"enemies":"Red Slaver","floor":6,"turns":3},{"damage":0,"enemies":"Large Slime","floor":7,"turns":4},{"damage":40,"enemies":"Lagavulin","floor":8,"turns":3},{"damage":4,"enemies":"2 Fungi Beasts","floor":12,"turns":2},{"damage":18,"enemies":"Slime Boss","floor":16,"turns":6}],"seed_played":"4788739585874521799","potions_obtained":[{"floor":2,"key":"blueLaboratory:ForbiddenFruitJuice"},{"floor":6,"key":"blueLaboratory:BottleOfRum"},{"floor":7,"key":"Fire Potion"},{"floor":8,"key":"AttackPotion"}],"is_trial":false,"path_per_floor":["M","M","M","M","M","M","M","E","T","$","$","M","$","?","R","B"],"character_chosen":"WATCHER","items_purchased":["hubris:KleinBottle","Akabeko","PathToVictory"],"campfire_rested":1,"item_purchase_floors":[10,11,13],"current_hp_per_floor":[72,65,63,53,50,28,28,22,22,3,3,9,9,2,20,12,12],"gold":107,"neow_bonus":"BOSS_RELIC","is_daily":false,"chose_seed":false,"campfire_upgraded":0,"win_rate":0.0,"timestamp":1608508724,"path_taken":["M","M","M","M","M","M","M","E","T","?","$","M","$","?","R","BOSS"],"items_purchased_type":["Relic","Relic","Card"],"build_version":"2020-12-13","purchased_purges":0,"victory":false,"max_hp_per_floor":[72,72,72,72,72,72,72,62,62,62,62,62,62,62,62,62,62],"card_choices":[{"not_picked":["InnerPeace","WreathOfFlame","Replay:AtTheReady"],"picked":"SKIP","floor":1},{"not_picked":["EmptyFist","Replay:Hum"],"picked":"Crescendo","floor":2},{"not_picked":["Replay:Hum","SignatureMove","ClearTheMind"],"picked":"SKIP","floor":3},{"not_picked":["Vengeance","Wireheading"],"picked":"PathToVictory","floor":4},{"not_picked":["Replay:Vibes","FearNoEvil","ClearTheMind"],"picked":"SKIP","floor":5},{"not_picked":["FlurryOfBlows","JustLucky"],"picked":"Halt","floor":6},{"not_picked":["Establishment","Replay:AtTheReady"],"picked":"PathToVictory","floor":7},{"not_picked":["EmptyBody","SashWhip","Crescendo"],"picked":"SKIP","floor":8},{"not_picked":["Replay:Fractal Strike","infinitespire:UltimateForm"],"picked":"infinitespire:Starlight","floor":10},{"not_picked":["EmptyBody","Prostrate","Replay:Anticipation"],"picked":"SKIP","floor":12}],"player_experience":168454,"relics_obtained":[{"floor":8,"key":"Replay:Purple Gloves"},{"floor":9,"key":"Simple Rune"}],"event_choices":[{"damage_healed":0,"gold_gain":0,"player_choice":"Relic ","damage_taken":7,"max_hp_gain":0,"max_hp_loss":0,"event_name":"betterThird:BetterScrap","floor":14,"gold_loss":0,"cards_obtained":["Double Tap"]}],"is_beta":false,"boss_relics":[],"items_purged_floors":[],"is_endless":false,"potions_floor_spawned":[2,5,6,7,8],"killed_by":"Slime Boss","ascension_level":0}}