{"host":"8fjsnt81u6xsmhji","time":1608466065,"event":{"mods":["BaseMod","Colored Powertips","Downfall","Glutton Mod","Minty Spire (QoL Compilation)","Quick Restart","Somnambulant","StSLib","The Bug Knight","The Construct","The Forsaken","The Hierophant","The Mystic"],"gold_per_floor":[125,137,162,184,196,233,245,274,286,298,323,335,378,409,421,528,540,568,595,607,632,644,644],"floor_reached":22,"playtime":1356,"items_purged":[],"score":218,"play_id":"8c33ae76-9bb8-4d57-bb44-1c0b7a57b2d7","local_time":"20201220060745","is_ascension_mode":true,"campfire_choices":[{"floor":7.0,"key":"REST"},{"floor":12,"key":"REST"},{"floor":15,"key":"REST"}],"circlet_count":0,"master_deck":["Strike_P","Strike_P","Strike_P","Defend_P","Defend_P","Defend_P","Eruption","Vigilance","Study","FollowUp","WaveOfTheHand","SandsOfTime","Wireheading","FlyingSleeves","ReachHeaven","Devotion","FlurryOfBlows","TalkToTheHand","FlurryOfBlows","BowlingBash","Perseverance"],"relics":["PureWater","MawBank","Ice Cream","Prayer Wheel","HollowMod:StagPassRelic","construct:WeddingRing"],"acts_visited":["Exordium","TheCity"],"potions_floor_usage":[14,19,22],"damage_taken":[{"damage":1.0,"enemies":"Jaw Worm","floor":1.0,"turns":4.0},{"damage":3.0,"enemies":"Cultist","floor":3.0,"turns":4.0},{"damage":7.0,"enemies":"Small Slimes","floor":4.0,"turns":3.0},{"damage":13.0,"enemies":"Lagavulin","floor":6.0,"turns":7.0},{"damage":10.0,"enemies":"Red Slaver","floor":8.0,"turns":4.0},{"damage":5,"enemies":"Exordium Wildlife","floor":11,"turns":4},{"damage":39,"enemies":"3 Sentries","floor":13,"turns":9},{"damage":0,"enemies":"Lots of Slimes","floor":14,"turns":2},{"damage":46,"enemies":"The Guardian","floor":16,"turns":10},{"damage":34,"enemies":"3 Byrds","floor":18,"turns":6},{"damage":16,"enemies":"Spheric Guardian","floor":19,"turns":4},{"damage":7,"enemies":"Chosen and Byrds","floor":21,"turns":6},{"damage":15,"enemies":"Snecko","floor":22,"turns":4}],"seed_played":"6103055093040012709","potions_obtained":[{"floor":4.0,"key":"hexamod:EctoCoolerPotion"},{"floor":11,"key":"hexamod:EctoCoolerPotion"},{"floor":13,"key":"Slimebound:ThreeZeroPotion"},{"floor":19,"key":"Explosive Potion"},{"floor":21,"key":"AttackPotion"}],"is_trial":false,"path_per_floor":["M","?","M","M","?","E","R","M","T","$","M","R","E","M","R","B",null,"M","M","?","M","M"],"character_chosen":"WATCHER","items_purchased":[],"campfire_rested":3,"item_purchase_floors":[],"current_hp_per_floor":[71,71,68,61,61,48,69,59,59,59,54,72,33,33,54,8,72,38,22,22,15,0,0],"gold":644,"neow_bonus":"RANDOM_COMMON_RELIC","is_daily":false,"chose_seed":false,"campfire_upgraded":0,"win_rate":0.0,"timestamp":1608466065,"path_taken":["M","?","M","?","?","E","R","M","T","?","M","R","E","?","R","BOSS","M","M","?","M","M"],"items_purchased_type":[],"build_version":"2020-12-13","purchased_purges":0,"victory":false,"max_hp_per_floor":[72,72,72,72,72,72,72,72,72,72,72,72,72,72,72,72,72,72,72,72,72,72,72],"card_choices":[{"not_picked":["EmptyFist","WreathOfFlame"],"picked":"Study","floor":1.0},{"not_picked":["PathToVictory","LikeWater"],"picked":"FollowUp","floor":3.0},{"not_picked":["Pray","Tantrum"],"picked":"WaveOfTheHand","floor":4.0},{"not_picked":["Pray","Wallop"],"picked":"SandsOfTime","floor":6.0},{"not_picked":["EmptyBody","SashWhip"],"picked":"Wireheading","floor":8.0},{"not_picked":["InnerPeace","SashWhip"],"picked":"FlyingSleeves","floor":11},{"not_picked":["FlyingSleeves","CrushJoints","SignatureMove"],"picked":"SKIP","floor":11},{"not_picked":["InnerPeace","Consecrate","Vengeance"],"picked":"SKIP","floor":13},{"not_picked":["Prostrate","SashWhip"],"picked":"ReachHeaven","floor":14},{"not_picked":["SashWhip","Prostrate","Evaluate"],"picked":"SKIP","floor":14},{"not_picked":["Brilliance","DeusExMachina"],"picked":"Devotion","floor":16},{"not_picked":["FlyingSleeves+1","Prostrate"],"picked":"FlurryOfBlows","floor":18},{"not_picked":["Crescendo","JustLucky"],"picked":"TalkToTheHand","floor":18},{"not_picked":["DeceiveReality+1","LikeWater"],"picked":"FlurryOfBlows","floor":19},{"not_picked":["Consecrate","Nirvana","FollowUp"],"picked":"SKIP","floor":19},{"not_picked":["Evaluate","FollowUp"],"picked":"Perseverance","floor":21},{"not_picked":["ThirdEye","Indignation","Swivel"],"picked":"SKIP","floor":21}],"player_experience":612129,"relics_obtained":[{"floor":6.0,"key":"Ice Cream"},{"floor":9.0,"key":"Prayer Wheel"},{"floor":13,"key":"HollowMod:StagPassRelic"}],"event_choices":[{"cards_removed":["Defend_P"],"damage_healed":0.0,"max_hp_gain":0.0,"max_hp_loss":0.0,"gold_gain":0.0,"event_name":"Purifier","player_choice":"Purged","floor":2.0,"gold_loss":0.0,"damage_taken":0.0},{"damage_healed":0,"gold_gain":0,"cards_transformed":["Strike_P"],"player_choice":"Transformed","damage_taken":0,"max_hp_gain":0,"max_hp_loss":0,"event_name":"Transmorgrifier","floor":20,"gold_loss":0,"cards_obtained":["BowlingBash"]}],"is_beta":false,"boss_relics":[{"not_picked":["Tiny House","Ectoplasm"],"picked":"construct:WeddingRing"}],"items_purged_floors":[],"is_endless":false,"potions_floor_spawned":[4,11,13,19,21],"killed_by":"Snecko","ascension_level":2}}