{"host":"z5ogtnuuoxgup8y1","time":1608498388,"event":{"mods":["BaseMod","Better Third Choice","BetterRewards","Hermit","Hubris","Jorbs\u0027s Wanderer Trilogy","Minty Spire (QoL Compilation)","Replay The Spire","Spicy Shops","StSLib","The Cursed","The Disciple","The Hierophant","The Jungle","The Runesmith"],"gold_per_floor":[111,127,140,140,66,98,98,132,157,157,157,157,184,199,199,278,278,291,291,25,25,37,37,54,86,86,119,133,162,102,115,115,192,192,207,71,88,88,106,106,117,152,152,152,171,187,29,49,49,49],"floor_reached":51,"playtime":2362,"items_purged":["Strike_G"],"score":1835,"play_id":"1033809c-9fb5-49c1-9d5d-020a9a4aa5dd","local_time":"20201220210628","is_ascension_mode":true,"campfire_choices":[{"floor":7.0,"key":"REST"},{"data":"Blade Dance","floor":10.0,"key":"SMITH"},{"data":"Footwork","floor":15.0,"key":"SMITH"},{"data":"Accuracy","floor":23.0,"key":"SMITH"},{"data":"After Image","floor":32.0,"key":"SMITH"},{"floor":40,"key":"RECALL"},{"floor":44,"key":"REST"},{"floor":49,"key":"REST"}],"circlet_count":0,"master_deck":["AscendersBane","Survivor+1","Neutralize+1","Blade Dance+1","Footwork+1","Leg Sweep+1","Choke+1","Cloak And Dagger+1","Leg Sweep+1","Die Die Die+1","Hidden Blade+1","Poison Darts+1","RitualDagger+1","Accuracy+1","Well Laid Plans+1","After Image+1","Blade Dance+1","Wraith Form v2+1","AbeCurse","Blur+1","Outmaneuver+1","ReplayTheSpireMod:Necrosis+1","After Image+1","ReplayTheSpireMod:Tripwire+1","Replay:Poison Smokescreen+1","All Out Attack+1","Masterful Stab+1","Noxious Fumes+1","Dodge and Roll+1"],"relics":["Ring of the Snake","Basket Of Snakes","MealTicket","Bag of Marbles","hubris:CuriousFeather","PreservedInsect","Snake Skull","War Paint","Matryoshka","Toy Ornithopter","Cursed Key","OrangePellets","Bag of Preparation","hubris:Spice","ReplayTheSpireMod:Ninjato","Replay:Grab Bag","Abe\u0027s Treasure","hubris:TerracottaHorce","Pandora\u0027s Box","hubris:Backtick","ReplayTheSpireMod:Spearhead","Mark of the Bloom"],"acts_visited":["Exordium","TheCity","TheBeyond"],"potions_floor_usage":[],"damage_taken":[{"damage":0.0,"enemies":"2 Louse","floor":1.0,"turns":3.0},{"damage":2.0,"enemies":"Jaw Worm","floor":2.0,"turns":4.0},{"damage":0.0,"enemies":"Small Slimes","floor":3.0,"turns":1.0},{"damage":2.0,"enemies":"Replay:BlueRogue","floor":6.0,"turns":4.0},{"damage":13.0,"enemies":"Gremlin Nob","floor":8.0,"turns":4.0},{"damage":2.0,"enemies":"3 Sentries","floor":13.0,"turns":2.0},{"damage":3.0,"enemies":"Gremlin Gang","floor":14.0,"turns":3.0},{"damage":0.0,"enemies":"Slime Boss","floor":16.0,"turns":3.0},{"damage":1.0,"enemies":"Shell Parasite","floor":18.0,"turns":4.0},{"damage":0.0,"enemies":"2 Thieves","floor":22.0,"turns":1.0},{"damage":7.0,"enemies":"Centurion and Healer","floor":24.0,"turns":4.0},{"damage":0.0,"enemies":"Replay:Snechameleon","floor":25.0,"turns":3.0},{"damage":3.0,"enemies":"Book of Stabbing","floor":27.0,"turns":4.0},{"damage":13.0,"enemies":"Cultist and Chosen","floor":28.0,"turns":6.0},{"damage":0.0,"enemies":"Gremlin Leader","floor":29.0,"turns":3.0},{"damage":1.0,"enemies":"Snake Plant","floor":31.0,"turns":5.0},{"damage":34.0,"enemies":"Collector","floor":33.0,"turns":5.0},{"damage":0,"enemies":"3 Darklings","floor":35,"turns":1},{"damage":2,"enemies":"3 Shapes","floor":37,"turns":3},{"damage":0,"enemies":"Transient","floor":39,"turns":6},{"damage":0,"enemies":"Sphere and 2 Shapes","floor":41,"turns":4},{"damage":0,"enemies":"R_Hoarder","floor":42,"turns":4},{"damage":0,"enemies":"4 Shapes","floor":45,"turns":2},{"damage":0,"enemies":"Maw","floor":46,"turns":3},{"damage":0,"enemies":"Writhing Mass","floor":48,"turns":4},{"damage":0,"enemies":"Donu and Deca","floor":50,"turns":5}],"seed_played":"-5249864067083728222","potions_obtained":[{"floor":8.0,"key":"Energy Potion"},{"floor":14.0,"key":"CunningPotion"},{"floor":28.0,"key":"ColorlessPotion"},{"floor":29.0,"key":"AttackPotion"},{"floor":35,"key":"AttackPotion"},{"floor":41,"key":"Flashbang"}],"is_trial":false,"path_per_floor":["M","M","M","?","$","E","R","E","T","R","?","T","E","M","R","B",null,"M","?","$","?","M","R","M","E","T","E","M","E","?","M","R","B",null,"M","$","M","?","M","R","M","E","T","R","M","M","$","M","R","B",null],"character_chosen":"THE_SILENT","items_purchased":["Blade Dance","Footwork","Basket Of Snakes","PowerPotion","Energy Potion","hubris:CuriousFeather","OrangePellets","Accuracy","Weak Potion","Noxious Fumes","Dodge and Roll","hubris:Spice"],"campfire_rested":3,"item_purchase_floors":[0,0,0,0,0,5,20,20,20,36,36,47],"current_hp_per_floor":[42,40,40,18,33,31,52,39,39,39,39,39,37,34,34,39,62,61,55,70,70,70,70,63,63,63,68,60,60,60,59,59,30,66,66,78,76,76,76,76,76,76,76,76,76,76,76,70,70,70],"gold":49,"neow_bonus":"","is_daily":false,"chose_seed":false,"campfire_upgraded":4,"win_rate":0.0,"timestamp":1608498388,"path_taken":["M","M","M","?","$","E","R","E","T","R","?","?","E","M","R","BOSS","M","?","$","?","M","R","?","E","T","E","?","E","?","M","R","BOSS","M","$","M","?","M","R","M","E","T","R","M","M","$","M","R","BOSS"],"items_purchased_type":["Card","Card","Relic","Potion","Potion","Relic","Relic","Card","Potion","Card","Card","Relic"],"build_version":"2020-12-13","purchased_purges":1,"victory":true,"max_hp_per_floor":[70,70,70,70,70,70,70,70,70,70,70,70,70,70,70,70,70,70,70,70,70,70,70,70,70,70,78,78,78,78,78,78,78,78,78,78,78,78,78,78,78,86,86,86,86,86,78,70,70,70],"card_choices":[{"not_picked":["All Out Attack","Bane"],"picked":"Leg Sweep","floor":1.0},{"not_picked":["ReplayTheSpireMod:The Works","Prepared"],"picked":"Choke","floor":2.0},{"not_picked":["Masterful Stab","Deflect"],"picked":"Cloak And Dagger","floor":3.0},{"not_picked":["Backstab","Acrobatics"],"picked":"Leg Sweep","floor":6.0},{"not_picked":["ReplayTheSpireMod:Necrosis","Calculated Gamble"],"picked":"Die Die Die","floor":8.0},{"not_picked":["Bane","Leg Sweep","Dagger Spray"],"picked":"SKIP","floor":13.0},{"not_picked":["Leg Sweep","Sucker Punch"],"picked":"Hidden Blade","floor":14.0},{"not_picked":["ReplayTheSpireMod:Necrosis","Atom Bomb"],"picked":"Poison Darts","floor":16.0},{"not_picked":["Flechettes+1","Underhanded Strike","Acrobatics"],"picked":"SKIP","floor":18.0},{"not_picked":["Backflip","Poisoned Stab","Heel Hook+1"],"picked":"SKIP","floor":22.0},{"not_picked":["Sucker Punch+1","Hidden Blade"],"picked":"Well Laid Plans","floor":24.0},{"not_picked":["Backstab","Dagger Throw"],"picked":"After Image","floor":25.0},{"not_picked":["Prepared","Dodge and Roll","Concentrate"],"picked":"SKIP","floor":27.0},{"not_picked":["Riddle With Holes","Slice"],"picked":"Blade Dance","floor":28.0},{"not_picked":["Fluid Movement","ReplayTheSpireMod:Tripwire","Toxin Wave"],"picked":"SKIP","floor":29.0},{"not_picked":["Fluid Movement","ReplayTheSpireMod:Tripwire","Toxin Wave"],"picked":"SKIP","floor":29.0},{"not_picked":["Tactician","Dagger Spray","Flying Knee"],"picked":"SKIP","floor":31.0},{"not_picked":["Envenom","Night Terror"],"picked":"Wraith Form v2","floor":33.0},{"not_picked":["Footwork","Slice","Underhanded Strike"],"picked":"SKIP","floor":35},{"not_picked":["Underhanded Strike","Dagger Spray+1","Toxin Wave"],"picked":"SKIP","floor":37},{"not_picked":["Deadly Poison+1","hubris:Sniper","Fluid Movement"],"picked":"SKIP","floor":39},{"not_picked":["hubris:SlightOfHand+1","Dagger Spray","Riddle With Holes+1"],"picked":"SKIP","floor":41},{"not_picked":["Prepared","Hidden Blade","Slice"],"picked":"SKIP","floor":42},{"not_picked":["Outmaneuver","hubris:SpiceAddiction","Deadly Poison+1"],"picked":"SKIP","floor":45},{"not_picked":["ReplayTheSpireMod:Tripwire+1","Underhanded Strike+1","Outmaneuver+1"],"picked":"SKIP","floor":46},{"not_picked":["Bane+1","PiercingWail"],"picked":"hubris:SpiceAddiction","floor":48}],"player_experience":657968,"relics_obtained":[{"floor":6.0,"key":"PreservedInsect"},{"floor":8.0,"key":"Snake Skull"},{"floor":9.0,"key":"War Paint"},{"floor":12.0,"key":"Matryoshka"},{"floor":13.0,"key":"Toy Ornithopter"},{"floor":25.0,"key":"Bag of Preparation"},{"floor":27.0,"key":"hubris:Spice"},{"floor":29.0,"key":"ReplayTheSpireMod:Ninjato"},{"floor":42,"key":"hubris:Spice"}],"event_choices":[{"damage_healed":0.0,"max_hp_gain":0.0,"max_hp_loss":0.0,"gold_gain":1.0,"event_name":"betterThird:BetterScrap","player_choice":"Relic Relic ","floor":4.0,"gold_loss":0.0,"damage_taken":22.0,"cards_obtained":["Replay:DivineShield"]},{"damage_healed":0.0,"max_hp_gain":0.0,"max_hp_loss":0.0,"gold_gain":0.0,"event_name":"betterThird:BetterNest","player_choice":"Dagger","floor":19.0,"gold_loss":0.0,"damage_taken":6.0,"cards_obtained":["RitualDagger"]},{"cards_removed":["Strike_G"],"damage_healed":0.0,"max_hp_gain":0.0,"max_hp_loss":0.0,"gold_gain":0.0,"event_name":"Purifier","player_choice":"Purged","floor":21.0,"gold_loss":0.0,"damage_taken":0.0},{"damage_healed":0,"gold_gain":0,"player_choice":"Upgrade","damage_taken":0,"relics_obtained":["Mark of the Bloom"],"max_hp_gain":0,"max_hp_loss":0,"event_name":"MindBloom","floor":38,"gold_loss":0,"cards_upgraded":["Survivor","Neutralize","Leg Sweep","Choke","Cloak And Dagger","Die Die Die","Hidden Blade","Poison Darts","RitualDagger","Well Laid Plans","Blade Dance","Wraith Form v2","Blur","Outmaneuver","ReplayTheSpireMod:Necrosis","After Image","ReplayTheSpireMod:Tripwire","Replay:Poison Smokescreen","All Out Attack","Masterful Stab","Noxious Fumes","Dodge and Roll"]}],"is_beta":false,"boss_relics":[{"not_picked":["SacredBark","Ring of the Serpent"],"picked":"Cursed Key"},{"not_picked":["Ring of Chaos","hubris:Spice"],"picked":"Replay:Grab Bag"},{"not_picked":["Velvet Choker","hubris:RunicObelisk"],"picked":"Abe\u0027s Treasure"},{"not_picked":["ReplayTheSpireMod:DimensionalGlitch","Painkiller Herb"],"picked":"hubris:TerracottaHorce"},{"not_picked":["Kintsugi","Replay:Drink Me"],"picked":"Pandora\u0027s Box"},{"not_picked":["Snecko Eye","Snecko Heart"],"picked":"hubris:Backtick"}],"items_purged_floors":[0],"is_endless":false,"potions_floor_spawned":[1,8,13,14,25,28,29,31,35,37,41,46],"ascension_level":13}}