{"host":"chv1qanoipyt46jc","time":1608494296,"event":{"mods":["2.2 Compatiblity","AchievementEnabler","BaseMod","BetterRewards","CapriCore","Card Filter","Conspire","Gold Saver","Grow up Mod","Kratos Character Expansion","Minty Spire (QoL Compilation)","Rare Cards Sparkle","Relic Filter","Remove Card Discount Mod","Reorder Act Four","StSLib"],"gold_per_floor":[1333,1343,1361,1380,1380,1413,1428,1428,1428,1428,1428,1428,1441,1470,1470,1567,1567,1582,1595,1606,1622,1637,1637,1669,1669,1693,1723,1740,1840,1851,1868,1868,1963,1963,1977,1995,2011,2030,2049,2059,2059,2089,2089,2089,2105,2105,2119,2129,2129,2129,2129,2129,2129,2161,2161],"floor_reached":56,"playtime":1036,"items_purged":["KratosMod:Strike_K","KratosMod:Strike_K","KratosMod:Strike_K","KratosMod:Strike_K","KratosMod:Defend_K","KratosMod:Defend_K","KratosMod:Defend_K","KratosMod:Defend_K","KratosMod:cyclone"],"score":1891,"play_id":"7be05058-5c80-44f5-9089-319d3f2049d9","local_time":"20201220135816","is_ascension_mode":false,"campfire_choices":[{"floor":10,"key":"REST"},{"data":"KratosMod:Revenge","floor":12,"key":"SMITH"},{"floor":15,"key":"RECALL"},{"data":"KratosMod:BladeWhip","floor":23,"key":"SMITH"},{"floor":25,"key":"REST"},{"floor":32,"key":"REST"},{"floor":41,"key":"REST"},{"floor":49,"key":"REST"},{"floor":53,"key":"REST"}],"circlet_count":0,"master_deck":["KratosMod:AthenaBane","KratosMod:BladeWhip+1","KratosMod:Revenge+1","KratosMod:BladeWhip+1","KratosMod:BladeWhip+1"],"relics":["KratosMod:eagle","conspire:GlowingRock","conspire:TreasureMap","Singing Bowl","Bronze Scales","Membership Card","Bottled Flame","Boot","Anchor","Ancient Tea Set","PreservedInsect","Peace Pipe","The Courier","Bottled Lightning","Vajra","Pen Nib"],"acts_visited":["Exordium","TheCity","TheBeyond","TheEnding"],"potions_floor_usage":[6,55,55,55],"damage_taken":[{"damage":16,"enemies":"conspire:RoseBush","floor":1,"turns":2},{"damage":0,"enemies":"Cultist","floor":2,"turns":2},{"damage":12,"enemies":"Small Slimes","floor":3,"turns":2},{"damage":12,"enemies":"3 Louse","floor":4,"turns":2},{"damage":0,"enemies":"Lagavulin","floor":6,"turns":2},{"damage":17,"enemies":"conspire:2 RoseBushes","floor":7,"turns":2},{"damage":0,"enemies":"Red Slaver","floor":13,"turns":1},{"damage":0,"enemies":"Gremlin Nob","floor":14,"turns":1},{"damage":3,"enemies":"The Guardian","floor":16,"turns":2},{"damage":0,"enemies":"Shell Parasite","floor":18,"turns":1},{"damage":10,"enemies":"2 Thieves","floor":19,"turns":2},{"damage":12,"enemies":"Centurion and Healer","floor":20,"turns":2},{"damage":0,"enemies":"Chosen and Byrds","floor":21,"turns":2},{"damage":13,"enemies":"conspire:HollyBat","floor":22,"turns":3},{"damage":0,"enemies":"conspire:Head Lice","floor":24,"turns":1},{"damage":0,"enemies":"Gremlin Leader","floor":27,"turns":1},{"damage":0,"enemies":"Cultist and Chosen","floor":28,"turns":2},{"damage":0,"enemies":"Colosseum Slavers","floor":29,"turns":2},{"damage":0,"enemies":"Colosseum Nobs","floor":29,"turns":2},{"damage":0,"enemies":"3 Cultists","floor":30,"turns":2},{"damage":0,"enemies":"Snake Plant","floor":31,"turns":1},{"damage":0,"enemies":"Collector","floor":33,"turns":1},{"damage":0,"enemies":"Orb Walker","floor":35,"turns":1},{"damage":0,"enemies":"3 Darklings","floor":36,"turns":2},{"damage":0,"enemies":"Writhing Mass","floor":37,"turns":1},{"damage":0,"enemies":"Transient","floor":38,"turns":2},{"damage":5,"enemies":"Sphere and 2 Shapes","floor":39,"turns":2},{"damage":0,"enemies":"Writhing Mass","floor":40,"turns":1},{"damage":0,"enemies":"Nemesis","floor":42,"turns":1},{"damage":11,"enemies":"4 Shapes","floor":45,"turns":2},{"damage":0,"enemies":"Maw","floor":47,"turns":1},{"damage":1,"enemies":"3 Darklings","floor":48,"turns":2},{"damage":0,"enemies":"conspire:OrnateMirror","floor":50,"turns":1},{"damage":0,"enemies":"Shield and Spear","floor":54,"turns":1},{"damage":40,"enemies":"The Heart","floor":55,"turns":3}],"seed_played":"-7756418002159923316","potions_obtained":[{"floor":3,"key":"ColorlessPotion"},{"floor":4,"key":"LiquidBronze"},{"floor":14,"key":"Ancient Potion"}],"is_trial":false,"path_per_floor":["M","M","M","M","$","E","M","?","T","R","?","R","M","E","R","B",null,"M","M","M","M","M","R","E","R","T","E","M","?","M","M","R","B",null,"M","M","M","M","M","M","R","E","T","?","M","$","M","M","R","B",null,"$","R","E","B",null],"character_chosen":"KRATOS","items_purchased":["conspire:GlowingRock","KratosMod:BladeWhip","conspire:TreasureMap","KratosMod:Revenge","Singing Bowl","KratosMod:BladeWhip","Bronze Scales","KratosMod:BladeWhip","Membership Card","Regen Potion"],"campfire_rested":6,"item_purchase_floors":[0,0,0,0,0,0,0,0,0,0],"current_hp_per_floor":[30,42,42,42,52,69,64,44,54,115,125,135,147,159,169,178,258,270,272,272,284,283,293,305,350,360,372,384,396,408,420,430,442,452,464,476,488,500,507,519,534,546,556,568,569,579,591,602,624,634,644,654,664,676,646],"gold":2161,"neow_bonus":"","is_daily":false,"chose_seed":false,"campfire_upgraded":2,"win_rate":0.0,"timestamp":1608494296,"path_taken":["M","M","M","M","$","E","M","?","T","R","?","R","M","E","R","BOSS","M","M","M","M","M","R","E","R","T","E","M","?","M","M","R","BOSS","M","M","M","M","M","M","R","E","T","?","M","$","M","M","R","BOSS","$","R","E","BOSS"],"items_purchased_type":["Relic","Card","Relic","Card","Relic","Card","Relic","Card","Relic","Potion"],"build_version":"2020-12-13","purchased_purges":9,"victory":true,"max_hp_per_floor":[82,94,106,118,128,140,152,162,172,182,192,202,214,226,236,248,258,270,282,294,306,318,328,340,350,360,372,384,396,408,420,430,442,452,464,476,488,500,512,524,534,546,556,568,580,590,602,614,624,634,644,654,664,676,686],"card_choices":[{"not_picked":["KratosMod:conjuresoul","KratosMod:Endure","KratosMod:settle"],"picked":"Singing Bowl","floor":1},{"not_picked":["KratosMod:Tempor","KratosMod:Endure","KratosMod:rattle"],"picked":"Singing Bowl","floor":2},{"not_picked":["KratosMod:Roll","KratosMod:rattle","KratosMod:BladeWhip"],"picked":"Singing Bowl","floor":3},{"not_picked":["KratosMod:BladeWhip","KratosMod:Roll","KratosMod:SmashStone"],"picked":"Singing Bowl","floor":4},{"not_picked":["KratosMod:conjuresoul","KratosMod:ShieldBash","KratosMod:kBerserk"],"picked":"Singing Bowl","floor":6},{"not_picked":["KratosMod:Tempor","KratosMod:BladeWhip","KratosMod:ShieldBash"],"picked":"Singing Bowl","floor":7},{"not_picked":["KratosMod:ShieldBash","KratosMod:rattle","KratosMod:BladeWhip"],"picked":"Singing Bowl","floor":13},{"not_picked":["KratosMod:Endure","KratosMod:conjuresoul","KratosMod:BladeWhip"],"picked":"Singing Bowl","floor":14},{"not_picked":["KratosMod:kBerserk","KratosMod:blades","KratosMod:tartarusrage"],"picked":"Singing Bowl","floor":16},{"not_picked":["KratosMod:rattle","KratosMod:settle+1","KratosMod:BladeWhip"],"picked":"Singing Bowl","floor":18},{"not_picked":["KratosMod:Roll","KratosMod:conjuresoul","KratosMod:ShieldBash"],"picked":"Singing Bowl","floor":19},{"not_picked":["KratosMod:SmashStone+1","KratosMod:settle","KratosMod:ShieldBash+1"],"picked":"Singing Bowl","floor":20},{"not_picked":["KratosMod:ShieldBash","KratosMod:Endure","KratosMod:clawsofhades"],"picked":"Singing Bowl","floor":21},{"not_picked":["KratosMod:conjuresoul","KratosMod:Tempor","KratosMod:settle"],"picked":"Singing Bowl","floor":22},{"not_picked":["KratosMod:Roll","KratosMod:Endure","KratosMod:BladeWhip"],"picked":"Singing Bowl","floor":24},{"not_picked":["KratosMod:clawsofhades","KratosMod:conjuresoul","KratosMod:Roll"],"picked":"Singing Bowl","floor":27},{"not_picked":["KratosMod:settle","KratosMod:ShieldBash","KratosMod:kBerserk"],"picked":"Singing Bowl","floor":28},{"not_picked":["KratosMod:ShieldBash","KratosMod:Roll+1","KratosMod:BladeWhip"],"picked":"Singing Bowl","floor":29},{"not_picked":["KratosMod:Roll","KratosMod:SmashStone","KratosMod:clawsofhades"],"picked":"Singing Bowl","floor":30},{"not_picked":["KratosMod:SmashStone+1","KratosMod:ShieldBash+1","KratosMod:rattle"],"picked":"Singing Bowl","floor":31},{"not_picked":["KratosMod:ablockalypse","KratosMod:Revenge","KratosMod:blades"],"picked":"Singing Bowl","floor":33},{"not_picked":["KratosMod:Roll+1","KratosMod:settle+1","KratosMod:Tempor+1"],"picked":"Singing Bowl","floor":35},{"not_picked":["KratosMod:Tempor","KratosMod:rattle","KratosMod:Roll"],"picked":"Singing Bowl","floor":36},{"not_picked":["KratosMod:BladeWhip+1","KratosMod:Roll+1","KratosMod:ShieldBash+1"],"picked":"Singing Bowl","floor":37},{"not_picked":["KratosMod:clawsofhades","KratosMod:SmashStone+1","KratosMod:ablockalypse"],"picked":"Singing Bowl","floor":38},{"not_picked":["KratosMod:Roll+1","KratosMod:Tempor+1","KratosMod:ShieldBash"],"picked":"Singing Bowl","floor":39},{"not_picked":["KratosMod:SmashStone","KratosMod:BladeWhip+1","KratosMod:ShieldBash"],"picked":"Singing Bowl","floor":40},{"not_picked":["KratosMod:Endure","KratosMod:ShieldBash","KratosMod:blades"],"picked":"Singing Bowl","floor":42},{"not_picked":["Dramatic Entrance","Jack Of All Trades","Apotheosis"],"picked":"Singing Bowl","floor":44},{"not_picked":["KratosMod:Roll","KratosMod:ShieldBash+1","KratosMod:settle"],"picked":"Singing Bowl","floor":45},{"not_picked":["KratosMod:rattle+1","KratosMod:BladeWhip","KratosMod:Roll+1"],"picked":"Singing Bowl","floor":47},{"not_picked":["KratosMod:ShieldBash","KratosMod:Roll+1","KratosMod:BladeWhip+1"],"picked":"Singing Bowl","floor":48},{"not_picked":["KratosMod:clawsofhades","KratosMod:SmashStone","KratosMod:Roll"],"picked":"Singing Bowl","floor":54}],"player_experience":300944,"relics_obtained":[{"floor":6,"key":"Bottled Flame"},{"floor":14,"key":"Boot"},{"floor":24,"key":"Anchor"},{"floor":26,"key":"Ancient Tea Set"},{"floor":27,"key":"PreservedInsect"},{"floor":29,"key":"Peace Pipe"},{"floor":29,"key":"The Courier"},{"floor":42,"key":"Bottled Lightning"},{"floor":43,"key":"Vajra"},{"floor":54,"key":"Pen Nib"}],"event_choices":[{"damage_healed":0,"gold_gain":0,"player_choice":"Entered Light","damage_taken":30,"max_hp_gain":0,"max_hp_loss":0,"event_name":"Shining Light","floor":8,"gold_loss":0,"cards_upgraded":["KratosMod:BladeWhip","KratosMod:BladeWhip"]},{"damage_healed":0,"gold_gain":0,"player_choice":"0 cards matched","damage_taken":0,"max_hp_gain":0,"max_hp_loss":0,"event_name":"Match and Keep!","floor":11,"gold_loss":0,"cards_obtained":[]},{"damage_healed":0,"gold_gain":0,"player_choice":"Fight","damage_taken":0,"max_hp_gain":0,"max_hp_loss":0,"event_name":"Colosseum","floor":29,"gold_loss":0},{"damage_healed":0,"gold_gain":0,"player_choice":"Fought Nobs","damage_taken":0,"max_hp_gain":0,"max_hp_loss":0,"event_name":"Colosseum","floor":29,"gold_loss":0},{"damage_healed":0,"gold_gain":0,"player_choice":"Memory 1","damage_taken":0,"max_hp_gain":0,"max_hp_loss":0,"event_name":"SensoryStone","floor":44,"gold_loss":0}],"is_beta":false,"boss_relics":[{"not_picked":["Astrolabe","conspire:SlowCooker","conspire:RunicOctahedron"]},{"not_picked":["Empty Cage","Calling Bell","conspire:SeveredTorchhead"]}],"items_purged_floors":[0,0,0,0,0,0,0,0,0],"is_endless":false,"potions_floor_spawned":[3,4,14,16,19,20,21,24,29,31,33,35,38,42,54],"ascension_level":0}}