{"host":"y76clbnovzmw9ubx","time":1608470732,"event":{"mods":["AchievementEnabler","BaseMod","Minty Spire (QoL Compilation)","Permanent Neow","Relic Stats"],"gold_per_floor":[118,118,137,153,173,203,203,203,203,213,232,257,257,282,282,361,361,374,299,309,338,354,388,388,67,93,93,107,133,133,158,158,158,158],"floor_reached":33,"playtime":1885,"items_purged":["Strike_R"],"score":800,"play_id":"1277e9cf-c755-4aa3-88ec-85ed660500f0","local_time":"20201220082532","is_ascension_mode":true,"campfire_choices":[{"floor":7.0,"key":"REST"},{"data":"Feel No Pain","floor":13.0,"key":"SMITH"},{"data":"Dark Embrace","floor":15.0,"key":"SMITH"},{"data":"Exhume","floor":24.0,"key":"SMITH"},{"data":"Shockwave","floor":27.0,"key":"SMITH"},{"floor":30,"key":"REST"},{"data":"Burning Pact","floor":32,"key":"SMITH"}],"circlet_count":0,"master_deck":["AscendersBane","Strike_R","Defend_R","Defend_R+1","Defend_R+1","Bash","Infernal Blade+1","Burning Pact+1","Anger+1","Power Through","Burning Pact+1","Cleave","Ghostly Armor","Bludgeon","Feel No Pain+1","Dark Embrace+1","Reaper","Shockwave+1","Exhume+1","Uppercut+1","Normality"],"relics":["Astrolabe","Smiling Mask","Sundial","Mummified Hand","Centennial Puzzle","Cursed Key","Red Mask","Torii","Kunai","CeramicFish","Darkstone Periapt","Matryoshka"],"acts_visited":["Exordium","TheCity"],"potions_floor_usage":[29,33],"damage_taken":[{"damage":0.0,"enemies":"Small Slimes","floor":1.0,"turns":1.0},{"damage":0.0,"enemies":"Jaw Worm","floor":3.0,"turns":3.0},{"damage":1.0,"enemies":"Cultist","floor":4.0,"turns":3.0},{"damage":0.0,"enemies":"Exordium Wildlife","floor":5.0,"turns":3.0},{"damage":17.0,"enemies":"3 Sentries","floor":6.0,"turns":6.0},{"damage":9.0,"enemies":"3 Louse","floor":10.0,"turns":4.0},{"damage":4.0,"enemies":"Red Slaver","floor":11.0,"turns":3.0},{"damage":0.0,"enemies":"Gremlin Nob","floor":12.0,"turns":2.0},{"damage":2.0,"enemies":"3 Sentries","floor":14.0,"turns":7.0},{"damage":0.0,"enemies":"Slime Boss","floor":16.0,"turns":4.0},{"damage":11.0,"enemies":"2 Thieves","floor":18.0,"turns":5.0},{"damage":22.0,"enemies":"Shell Parasite","floor":20.0,"turns":9.0},{"damage":25.0,"enemies":"Masked Bandits","floor":21.0,"turns":5.0},{"damage":3.0,"enemies":"Cultist and Chosen","floor":22.0,"turns":7.0},{"damage":14.0,"enemies":"Book of Stabbing","floor":23.0,"turns":4.0},{"damage":0.0,"enemies":"Sentry and Sphere","floor":28.0,"turns":4.0},{"damage":18,"enemies":"Slavers","floor":29,"turns":4},{"damage":5,"enemies":"Book of Stabbing","floor":31,"turns":5},{"damage":55,"enemies":"Automaton","floor":33,"turns":12}],"seed_played":"-5789355604925159722","potions_obtained":[{"floor":1.0,"key":"SpeedPotion"},{"floor":3.0,"key":"Explosive Potion"},{"floor":11.0,"key":"Ancient Potion"},{"floor":12.0,"key":"ColorlessPotion"},{"floor":16.0,"key":"ColorlessPotion"},{"floor":20.0,"key":"Explosive Potion"},{"floor":21.0,"key":"BlessingOfTheForge"},{"floor":31,"key":"Energy Potion"}],"is_trial":false,"path_per_floor":["M","?","M","M","M","E","R","?","T","M","M","E","R","E","R","B",null,"M","?","M","?","M","E","R","$","T","R","M","E","R","E","R","B"],"character_chosen":"IRONCLAD","items_purchased":["Kunai"],"campfire_rested":2,"item_purchase_floors":[25],"current_hp_per_floor":[68,45,45,44,44,27,49,49,49,40,36,36,36,34,34,34,65,54,54,34,21,33,25,25,25,25,25,31,16,38,39,39,0,0],"gold":158,"neow_bonus":"BOSS_RELIC","is_daily":false,"chose_seed":false,"campfire_upgraded":5,"win_rate":0.0,"timestamp":1608470732,"path_taken":["M","?","M","M","M","E","R","?","T","?","M","E","R","E","R","BOSS","M","?","M","?","M","E","R","$","T","R","M","E","R","E","R","BOSS"],"items_purchased_type":["Relic"],"build_version":"2020-12-13","purchased_purges":1,"victory":false,"max_hp_per_floor":[75,75,75,75,75,75,75,75,75,75,75,75,75,75,75,75,75,75,75,75,75,75,75,75,75,75,75,75,75,75,75,75,75,75],"relic_stats":{"Darkstone Periapt":0,"Centennial Puzzle":[24],"Torii":22,"counters":[19,91],"Sundial":[16],"Mummified Hand":[28],"Astrolabe":["Infernal Blade","Burning Pact","Anger"],"CeramicFish":0,"Kunai":[10],"Smiling Mask":25,"Cursed Key":1,"obtain_stats":[{"Darkstone Periapt":29,"Torii":23,"Astrolabe":0,"CeramicFish":26,"Smiling Mask":6,"Cursed Key":17,"Burning Blood":0,"Centennial Puzzle":14,"Matryoshka":31,"Sundial":9,"Mummified Hand":12,"Red Mask":21,"Kunai":25},{"Darkstone Periapt":17,"Torii":15,"Astrolabe":0,"CeramicFish":15,"Smiling Mask":5,"Cursed Key":10,"Burning Blood":0,"Centennial Puzzle":9,"Matryoshka":18,"Sundial":5,"Mummified Hand":8,"Red Mask":13,"Kunai":15},{"Darkstone Periapt":74,"Torii":66,"Astrolabe":0,"CeramicFish":66,"Smiling Mask":16,"Cursed Key":36,"Burning Blood":0,"Centennial Puzzle":32,"Matryoshka":79,"Sundial":16,"Mummified Hand":25,"Red Mask":55,"Kunai":66}]},"card_choices":[{"not_picked":["Sever Soul","Clash"],"picked":"Power Through","floor":1.0},{"not_picked":["Sword Boomerang","Dual Wield"],"picked":"Burning Pact","floor":3.0},{"not_picked":["Perfected Strike","Twin Strike"],"picked":"Cleave","floor":4.0},{"not_picked":["Dropkick","Iron Wave","Clash"],"picked":"SKIP","floor":5.0},{"not_picked":["Dropkick","Warcry"],"picked":"Ghostly Armor","floor":6.0},{"not_picked":["Shrug It Off","Headbutt","Perfected Strike"],"picked":"SKIP","floor":10.0},{"not_picked":["Warcry","Blood for Blood","Perfected Strike"],"picked":"SKIP","floor":11.0},{"not_picked":["Rage","Entrench"],"picked":"Feel No Pain","floor":12.0},{"not_picked":["Blood for Blood","Heavy Blade"],"picked":"Dark Embrace","floor":14.0},{"not_picked":["Double Tap","Limit Break"],"picked":"Reaper","floor":16.0},{"not_picked":["Thunderclap","Shrug It Off","Pommel Strike"],"picked":"SKIP","floor":18.0},{"not_picked":["Rampage","Clash"],"picked":"Shockwave","floor":20.0},{"not_picked":["Dark Embrace","Thunderclap+1"],"picked":"Exhume","floor":21.0},{"not_picked":["Sword Boomerang+1","Havoc"],"picked":"Uppercut+1","floor":22.0},{"not_picked":["Iron Wave","Perfected Strike","Heavy Blade"],"picked":"SKIP","floor":23.0},{"not_picked":["Shrug It Off","Anger","Combust"],"picked":"SKIP","floor":28.0},{"not_picked":["Iron Wave","Clash","Twin Strike"],"picked":"SKIP","floor":29},{"not_picked":["Clothesline","Rupture","Heavy Blade"],"picked":"SKIP","floor":31}],"player_experience":2920130,"relics_obtained":[{"floor":6.0,"key":"Smiling Mask"},{"floor":9.0,"key":"Sundial"},{"floor":12.0,"key":"Mummified Hand"},{"floor":14.0,"key":"Centennial Puzzle"},{"floor":21.0,"key":"Red Mask"},{"floor":23.0,"key":"Torii"},{"floor":26.0,"key":"CeramicFish"},{"floor":29,"key":"Darkstone Periapt"},{"floor":31,"key":"Matryoshka"}],"event_choices":[{"damage_healed":0.0,"max_hp_gain":0.0,"max_hp_loss":0.0,"gold_gain":0.0,"event_name":"Shining Light","player_choice":"Entered Light","floor":2.0,"gold_loss":0.0,"damage_taken":23.0,"cards_upgraded":["Defend_R","Defend_R"]},{"damage_healed":0.0,"max_hp_gain":0.0,"max_hp_loss":0.0,"gold_gain":0.0,"event_name":"Match and Keep!","player_choice":"1 cards matched","floor":8.0,"gold_loss":0.0,"damage_taken":0.0,"cards_obtained":["Bludgeon"]},{"cards_removed":["Strike_R"],"damage_healed":0.0,"max_hp_gain":0.0,"max_hp_loss":0.0,"gold_gain":0.0,"event_name":"Beggar","player_choice":"Gave Gold","floor":19.0,"gold_loss":75.0,"damage_taken":0.0},{"damage_healed":0.0,"max_hp_gain":0.0,"max_hp_loss":0.0,"gold_gain":0.0,"event_name":"Masked Bandits","player_choice":"Fought Bandits","floor":21.0,"gold_loss":0.0,"damage_taken":0.0}],"is_beta":false,"boss_relics":[{"not_picked":["Busted Crown","Black Star"],"picked":"Cursed Key"}],"items_purged_floors":[25],"is_endless":false,"potions_floor_spawned":[1,3,11,12,16,20,21,31],"killed_by":"Automaton","ascension_level":20}}