{"host":"vcmmzzj6okc5j399","time":1608480130,"event":{"mods":["BaseMod","Minty Spire (QoL Compilation)","StSLib","The Marked"],"gold_per_floor":[114,114,125,138,138,138,173,173,252,265,297,313,313,330,330,330,330],"floor_reached":16,"playtime":1139,"items_purged":[],"score":137,"play_id":"c6647ea5-270f-416d-b056-6f7f1094cff8","local_time":"20201221010210","is_ascension_mode":false,"campfire_choices":[{"data":"theMarked:RepellingDischarge","floor":6,"key":"SMITH"},{"data":"theMarked:ThrowWeapon","floor":8,"key":"SMITH"},{"data":"theMarked:Generate","floor":13,"key":"SMITH"},{"data":"theMarked:Indomitable","floor":15,"key":"SMITH"}],"circlet_count":0,"master_deck":["theMarked:Strike","theMarked:Strike","theMarked:Strike","theMarked:Strike","theMarked:Strike","theMarked:Defend","theMarked:Defend","theMarked:Defend","theMarked:Defend","theMarked:SoldierOfQuellstein+1","theMarked:RepellingDischarge+1","theMarked:Parkour","theMarked:ThrowWeapon+1","theMarked:Aftermath","theMarked:Indomitable+1","theMarked:Generate+1","theMarked:EmpowerWeapon"],"relics":["theMarked:ArtifactOfAir","NeowsBlessing","Tiny Chest","HornCleat","Boot"],"acts_visited":["Exordium"],"potions_floor_usage":[],"damage_taken":[{"damage":0,"enemies":"Cultist","floor":1,"turns":1},{"damage":0,"enemies":"Small Slimes","floor":3,"turns":1},{"damage":0,"enemies":"Jaw Worm","floor":4,"turns":1},{"damage":28,"enemies":"Gremlin Nob","floor":7,"turns":5},{"damage":0,"enemies":"Blue Slaver","floor":10,"turns":3},{"damage":0,"enemies":"3 Sentries","floor":11,"turns":7},{"damage":5,"enemies":"Looter","floor":12,"turns":2},{"damage":7,"enemies":"2 Fungi Beasts","floor":14,"turns":3},{"damage":36,"enemies":"Slime Boss","floor":16,"turns":9}],"seed_played":"-2401225157970954843","potions_obtained":[{"floor":4,"key":"GamblersBrew"},{"floor":7,"key":"BlessingOfTheForge"},{"floor":14,"key":"CultistPotion"}],"is_trial":false,"path_per_floor":["M","?","M","M","?","R","E","R","T","M","E","M","R","M","R","B"],"character_chosen":"THE_DEFAULT","items_purchased":[],"campfire_rested":0,"item_purchase_floors":[],"current_hp_per_floor":[70,70,70,70,70,70,42,42,42,42,42,37,37,30,30,0,0],"gold":330,"neow_bonus":"THREE_ENEMY_KILL","is_daily":false,"chose_seed":false,"campfire_upgraded":4,"win_rate":0.0,"timestamp":1608480130,"path_taken":["M","?","?","M","?","R","E","R","T","M","E","M","R","?","R","BOSS"],"items_purchased_type":[],"build_version":"2020-12-13","purchased_purges":0,"victory":false,"max_hp_per_floor":[70,70,70,70,70,70,70,70,70,70,70,70,70,70,70,70,70],"card_choices":[{"not_picked":["theMarked:ResourceFulStrike","theMarked:EmpowerWeapon"],"picked":"theMarked:RepellingDischarge","floor":1},{"not_picked":["theMarked:HeightenedSenses","theMarked:SwordAndMagic"],"picked":"theMarked:Parkour","floor":3},{"not_picked":["theMarked:Convert","theMarked:RepellingDischarge","theMarked:TunnelVision"],"picked":"SKIP","floor":4},{"not_picked":["theMarked:WardOff","theMarked:Parkour"],"picked":"theMarked:ThrowWeapon","floor":7},{"not_picked":["theMarked:Parkour","theMarked:WastefulDefense"],"picked":"theMarked:Aftermath","floor":10},{"not_picked":["theMarked:LightningStrikesTwice","theMarked:BanishingWave"],"picked":"theMarked:Indomitable","floor":11},{"not_picked":["theMarked:RepellingDischarge","theMarked:CreepingChasm"],"picked":"theMarked:Generate","floor":12},{"not_picked":["theMarked:Improvise","theMarked:LightningStrikesTwice"],"picked":"theMarked:EmpowerWeapon","floor":14}],"player_experience":143846,"relics_obtained":[{"floor":7,"key":"Tiny Chest"},{"floor":9,"key":"HornCleat"},{"floor":11,"key":"Boot"}],"event_choices":[{"damage_healed":0,"gold_gain":0,"player_choice":"Upgraded","damage_taken":0,"max_hp_gain":0,"max_hp_loss":0,"event_name":"Upgrade Shrine","floor":2,"gold_loss":0,"cards_upgraded":["theMarked:SoldierOfQuellstein"]},{"damage_healed":0,"gold_gain":0,"player_choice":"Ignored","damage_taken":0,"max_hp_gain":0,"max_hp_loss":0,"event_name":"NoteForYourself","floor":5,"gold_loss":0}],"is_beta":false,"boss_relics":[],"items_purged_floors":[],"is_endless":false,"potions_floor_spawned":[4,7,14],"killed_by":"Slime Boss","ascension_level":0}}