{"host":"m1ntkrf87179kmo6","time":1608486575,"event":{"mods":["BaseMod","Better Third Choice","Minty Spire (QoL Compilation)","Shade Mod","StSLib"],"gold_per_floor":[116,116,134,66,86,86,117,117,117,117,130,145,175,30,30,129,129,139,157,172,185,235,235,248,259,283,296,4,17,17,17,17,118,118,137,62,62,74,23,23,23,23,23,39,39,89,89,100,100,100,100,100,31,31,31],"floor_reached":54,"playtime":5936,"items_purged":["Shade:Strike_Shade"],"score":699,"play_id":"2d1eac55-0f6b-4fdb-8bc4-dd50d49d86e7","local_time":"20201220124935","is_ascension_mode":false,"campfire_choices":[{"floor":6,"key":"RECALL"},{"data":"Shade:GreyBargain","floor":8,"key":"SMITH"},{"floor":10,"key":"REST"},{"data":"Shade:TouchOfTheGrave","floor":15,"key":"SMITH"},{"floor":23,"key":"REST"},{"data":"Shade:AnimateDead","floor":30,"key":"SMITH"},{"floor":32,"key":"REST"},{"data":"Shade:Defend_Shade","floor":40,"key":"SMITH"},{"data":"Shade:Brains","floor":47,"key":"SMITH"},{"floor":49,"key":"REST"},{"data":"Shade:Defend_Shade","floor":52,"key":"SMITH"}],"circlet_count":0,"master_deck":["Shade:Strike_Shade","Shade:Strike_Shade","Shade:Strike_Shade","Shade:Defend_Shade","Shade:Defend_Shade","Shade:Defend_Shade+1","Shade:Defend_Shade+1","Shade:AnimateDead+1","Shade:CarefulCut","Shade:GreyBargain+1","Shade:ClawBack","Shade:AncientSpear","Shade:Brains+1","Shade:ExtraLimbs","Shade:TouchOfTheGrave+1","Shade:AncientSpear","Shade:FuneraryArmor","Shade:FleshLikeOak+1","Shade:FuneraryArmor","Shade:Premonition+1","Shade:FuneraryArmor","Madness","Madness","Shade:Excise"],"relics":["Shade:YorickSkull","NeowsBlessing","TungstenRod","Dream Catcher","Happy Flower","Black Star","Bag of Preparation","Lee\u0027s Waffle","Anchor","Busted Crown","Mercury Hourglass","Turnip"],"acts_visited":["Exordium","TheCity","TheBeyond","TheEnding"],"potions_floor_usage":[7,13,16,24,33,48,48],"damage_taken":[{"damage":0,"enemies":"Jaw Worm","floor":1,"turns":1},{"damage":0,"enemies":"Cultist","floor":3,"turns":1},{"damage":0,"enemies":"Small Slimes","floor":5,"turns":1},{"damage":6,"enemies":"Gremlin Nob","floor":7,"turns":3},{"damage":7,"enemies":"Blue Slaver","floor":11,"turns":4},{"damage":1,"enemies":"Looter","floor":12,"turns":2},{"damage":0,"enemies":"3 Sentries","floor":13,"turns":6},{"damage":0,"enemies":"Slime Boss","floor":16,"turns":7},{"damage":1,"enemies":"Chosen","floor":18,"turns":3},{"damage":0,"enemies":"3 Byrds","floor":19,"turns":5},{"damage":17,"enemies":"3 Cultists","floor":20,"turns":5},{"damage":5,"enemies":"Cultist and Chosen","floor":21,"turns":5},{"damage":25,"enemies":"Snecko","floor":24,"turns":5},{"damage":0,"enemies":"Chosen and Byrds","floor":25,"turns":6},{"damage":18,"enemies":"3 Cultists","floor":27,"turns":5},{"damage":14,"enemies":"Shelled Parasite and Fungi","floor":29,"turns":6},{"damage":45,"enemies":"Automaton","floor":33,"turns":9},{"damage":3,"enemies":"Orb Walker","floor":35,"turns":3},{"damage":5,"enemies":"3 Darklings","floor":38,"turns":5},{"damage":0,"enemies":"Jaw Worm Horde","floor":44,"turns":4},{"damage":0,"enemies":"Mind Bloom Boss Battle","floor":46,"turns":7},{"damage":0,"enemies":"Transient","floor":48,"turns":5},{"damage":74,"enemies":"Awakened One","floor":50,"turns":15},{"damage":77,"enemies":"Shield and Spear","floor":54,"turns":6}],"seed_played":"7589168014093670727","potions_obtained":[{"floor":1,"key":"ColorlessPotion"},{"floor":5,"key":"EssenceOfSteel"},{"floor":13,"key":"Dexterity Potion"},{"floor":20,"key":"GamblersBrew"},{"floor":21,"key":"CultistPotion"},{"floor":24,"key":"SteroidPotion"},{"floor":27,"key":"FearPotion"},{"floor":44,"key":"SmokeBomb"},{"floor":46,"key":"FairyPotion"}],"is_trial":false,"path_per_floor":["M","?","M","$","M","R","E","R","T","R","M","M","E","$","R","B",null,"M","M","M","M","?","R","M","M","T","M","$","M","R","$","R","B",null,"M","$","?","M","$","R","?","$","T","M","?","?","R","M","R","B",null,"R","$","E"],"character_chosen":"SHADE","items_purchased":["Shade:AncientSpear","Shade:Brains","Happy Flower","Lee\u0027s Waffle","Anchor","Shade:FuneraryArmor","Shade:Excise"],"campfire_rested":4,"item_purchase_floors":[4,4,14,28,28,39,53],"current_hp_per_floor":[65,59,59,59,59,59,53,53,53,65,58,57,57,57,57,57,65,64,64,47,42,42,61,36,36,36,18,72,58,58,58,72,27,72,69,69,69,64,64,64,56,56,56,56,56,56,56,56,72,21,72,72,72,0,0],"gold":31,"neow_bonus":"THREE_ENEMY_KILL","is_daily":false,"chose_seed":false,"campfire_upgraded":6,"win_rate":0.0,"timestamp":1608486575,"path_taken":["M","?","?","$","M","R","E","R","T","R","M","M","E","$","R","BOSS","M","?","?","M","?","R","M","M","T","M","$","?","R","$","R","BOSS","M","$","?","M","$","R","?","$","T","M","?","?","R","M","R","BOSS","R","$","E"],"items_purchased_type":["Card","Card","Relic","Relic","Relic","Card","Card"],"build_version":"2020-12-13","purchased_purges":1,"victory":false,"max_hp_per_floor":[65,65,65,65,65,65,65,65,65,65,65,65,65,65,65,65,65,65,65,65,65,65,65,65,65,65,65,72,72,72,72,72,72,72,72,72,72,72,72,72,72,72,72,72,72,72,72,72,72,72,72,72,72,72,72],"card_choices":[{"not_picked":["Shade:FleshOffering","Shade:Frenzy"],"picked":"Shade:GreyBargain","floor":1},{"not_picked":["Shade:Frenzy","Shade:LyeBath"],"picked":"Shade:ClawBack","floor":3},{"not_picked":["Shade:Bonestorm","Shade:Asphyxiate"],"picked":"Shade:ExtraLimbs","floor":5},{"not_picked":["Shade:FleshToFlesh","Shade:CloudOfShrapnel","Shade:CommandSoldier"],"picked":"SKIP","floor":7},{"not_picked":["Shade:SpectralStrikes","Shade:ScuttlingHand","Shade:CommandSoldier"],"picked":"SKIP","floor":11},{"not_picked":["Shade:ExtraLimbs","Shade:Frenzy"],"picked":"Shade:TouchOfTheGrave","floor":12},{"not_picked":["Shade:ClawBack","Shade:Frenzy"],"picked":"Shade:AncientSpear","floor":13},{"not_picked":["Shade:Frenzy","Shade:FleshOffering","Shade:FreshBones+1"],"picked":"SKIP","floor":18},{"not_picked":["Shade:BoneShards","Shade:SkeletonHug","Shade:GraveStillness"],"picked":"SKIP","floor":19},{"not_picked":["Shade:FreshBones+1","Shade:Trample","Shade:CommandSoldier"],"picked":"SKIP","floor":20},{"not_picked":["Shade:Putrefaction","Shade:Trample"],"picked":"Shade:FuneraryArmor","floor":21},{"not_picked":["Shade:AncientSpear","Shade:CloudOfShrapnel"],"picked":"Shade:FleshLikeOak+1","floor":23},{"not_picked":["Shade:PotionOfRestlessness","Shade:SanguineRitual","Shade:FleshOffering"],"picked":"SKIP","floor":24},{"not_picked":["Shade:PotionOfRestlessness","Shade:Brains","Shade:AncientSpear"],"picked":"SKIP","floor":25},{"not_picked":["Shade:CloudOfShrapnel+1","Shade:AuraOfUnlife","Shade:Haruspicy"],"picked":"SKIP","floor":27},{"not_picked":["Shade:FleshOffering","Shade:AncientSpear"],"picked":"Shade:FuneraryArmor","floor":29},{"not_picked":["Shade:Trample+1","Shade:SkeletonArmy"],"picked":"Shade:Premonition+1","floor":32},{"not_picked":["Shade:UnbarTheGrave","Shade:Consume"],"picked":"Shade:Tombstone","floor":33},{"not_picked":["Shade:SensePrey"],"picked":"SKIP","floor":35},{"not_picked":["Shade:AncientSpear+1"],"picked":"SKIP","floor":38},{"not_picked":["Shade:LyeBath"],"picked":"SKIP","floor":44},{"not_picked":["Shade:CoffinDance+1"],"picked":"SKIP","floor":48}],"player_experience":1084045,"relics_obtained":[{"floor":7,"key":"TungstenRod"},{"floor":13,"key":"Dream Catcher"},{"floor":26,"key":"Bag of Preparation"},{"floor":43,"key":"Mercury Hourglass"},{"floor":46,"key":"Turnip"}],"event_choices":[{"damage_healed":0,"gold_gain":0,"player_choice":"Damaged","damage_taken":6,"max_hp_gain":0,"max_hp_loss":0,"event_name":"Wheel of Change","floor":2,"gold_loss":0},{"damage_healed":0,"gold_gain":100,"player_choice":"Bet on Murderer","damage_taken":0,"max_hp_gain":0,"max_hp_loss":0,"event_name":"The Joust","floor":22,"gold_loss":50},{"damage_healed":0,"gold_gain":0,"player_choice":"Memory 1","damage_taken":0,"max_hp_gain":0,"max_hp_loss":0,"event_name":"SensoryStone","floor":37,"gold_loss":0},{"damage_healed":0,"gold_gain":0,"player_choice":"Embrace Madness","damage_taken":9,"max_hp_gain":0,"max_hp_loss":0,"event_name":"Winding Halls","floor":41,"gold_loss":0,"cards_obtained":["Madness","Madness"]},{"cards_removed":["Shade:Tombstone"],"damage_healed":0,"gold_gain":0,"player_choice":"Removed Attack","damage_taken":0,"max_hp_gain":0,"max_hp_loss":0,"event_name":"Falling","floor":45,"gold_loss":0},{"damage_healed":0,"gold_gain":0,"player_choice":"Fight","damage_taken":0,"max_hp_gain":0,"max_hp_loss":0,"event_name":"MindBloom","floor":46,"gold_loss":0}],"is_beta":false,"boss_relics":[{"not_picked":["Velvet Choker","SacredBark"],"picked":"Black Star"},{"not_picked":["Philosopher\u0027s Stone","Pandora\u0027s Box"],"picked":"Busted Crown"}],"items_purged_floors":[36],"is_endless":false,"potions_floor_spawned":[1,5,13,20,21,24,27,44,46],"killed_by":"Shield and Spear","ascension_level":0}}