{"host":"jx3f6ezc0g3s9edc","time":1608431343,"event":{"mods":["AchievementEnabler","BaseMod","Bestiary","Colored Map","Highlight Path","Minty Spire (QoL Compilation)","StSLib"],"gold_per_floor":[99,65,65,65,65,65,65,65,65,65,65,15,15,15,15,15,15,15,15,15,15,15,15,15,15,15,15,15],"floor_reached":27,"playtime":1696,"items_purged":[],"score":276,"play_id":"d4f12362-e9e8-43df-8f64-c20fc1a84471","local_time":"20201219212903","is_ascension_mode":true,"campfire_choices":[{"data":"Eruption","floor":7.0,"key":"SMITH"},{"floor":10.0,"key":"REST"},{"data":"Judgement","floor":15.0,"key":"SMITH"},{"floor":24,"key":"REST"}],"circlet_count":0,"master_deck":["Strike_P","Strike_P","Defend_P","Defend_P","Defend_P","Defend_P","Eruption+1","Vigilance","PathToVictory","Protect","ThirdEye","WheelKick","Consecrate","Judgement+1","PathToVictory","Devotion","CutThroughFate","EmptyFist","ConjureBlade"],"relics":["Ectoplasm","Kunai","Blue Candle","Ornamental Fan","Black Star","Bronze Scales","MawBank","Bottled Flame","Pantograph","Sundial"],"acts_visited":["Exordium","TheCity"],"potions_floor_usage":[25],"damage_taken":[{"damage":0.0,"enemies":"Small Slimes","floor":1.0,"turns":3.0},{"damage":0.0,"enemies":"2 Louse","floor":3.0,"turns":3.0},{"damage":4.0,"enemies":"Jaw Worm","floor":4.0,"turns":4.0},{"damage":8.0,"enemies":"Gremlin Nob","floor":6.0,"turns":3.0},{"damage":1.0,"enemies":"Lagavulin","floor":11.0,"turns":6.0},{"damage":0.0,"enemies":"3 Louse","floor":13.0,"turns":3.0},{"damage":0.0,"enemies":"Blue Slaver","floor":14.0,"turns":3.0},{"damage":30.0,"enemies":"Slime Boss","floor":16.0,"turns":10.0},{"damage":0,"enemies":"Chosen","floor":18,"turns":6},{"damage":12,"enemies":"Shell Parasite","floor":19,"turns":6},{"damage":11,"enemies":"Shelled Parasite and Fungi","floor":20,"turns":5},{"damage":22,"enemies":"Snake Plant","floor":21,"turns":4},{"damage":22,"enemies":"Slavers","floor":23,"turns":8},{"damage":18,"enemies":"Book of Stabbing","floor":25,"turns":5},{"damage":25,"enemies":"Gremlin Leader","floor":27,"turns":3}],"seed_played":"1593119095144508551","potions_obtained":[{"floor":1.0,"key":"DistilledChaos"},{"floor":16.0,"key":"Explosive Potion"},{"floor":18,"key":"SmokeBomb"},{"floor":25,"key":"BlessingOfTheForge"}],"is_trial":false,"path_per_floor":["M","?","M","M","?","E","R","$","T","R","E","?","M","M","R","B",null,"M","M","M","M","?","E","R","E","T","E"],"character_chosen":"WATCHER","items_purchased":[],"campfire_rested":2,"item_purchase_floors":[],"current_hp_per_floor":[72,72,72,68,61,53,53,53,53,72,71,71,71,71,71,41,72,72,60,49,27,27,5,26,8,8,0,0],"gold":15,"neow_bonus":"BOSS_RELIC","is_daily":false,"chose_seed":false,"campfire_upgraded":2,"win_rate":0.0,"timestamp":1608431343,"path_taken":["M","?","M","M","?","E","R","?","T","R","E","?","?","M","R","BOSS","M","M","M","M","?","E","R","E","T","E"],"items_purchased_type":[],"build_version":"2020-12-13","purchased_purges":0,"victory":false,"max_hp_per_floor":[72,72,72,72,72,72,72,72,72,72,72,72,72,72,72,72,72,72,72,72,72,72,72,72,72,72,72,72],"card_choices":[{"not_picked":["Collect","ClearTheMind"],"picked":"PathToVictory","floor":1.0},{"not_picked":["FlyingSleeves","JustLucky"],"picked":"Protect","floor":3.0},{"not_picked":["ForeignInfluence","Protect"],"picked":"ThirdEye","floor":4.0},{"not_picked":["WindmillStrike","Meditate"],"picked":"WheelKick","floor":6.0},{"not_picked":["WindmillStrike","BowlingBash"],"picked":"Consecrate","floor":11.0},{"not_picked":["Indignation","JustLucky"],"picked":"Judgement","floor":13.0},{"not_picked":["EmptyBody","CutThroughFate"],"picked":"PathToVictory","floor":14.0},{"not_picked":["Scrawl","Omniscience"],"picked":"Devotion","floor":16.0},{"not_picked":["SashWhip","ThirdEye"],"picked":"CutThroughFate","floor":18},{"not_picked":["Wallop+1","Swivel+1","Indignation"],"picked":"SKIP","floor":19},{"not_picked":["BowlingBash","Halt+1"],"picked":"EmptyFist","floor":20},{"not_picked":["FlyingSleeves","Evaluate","BowlingBash"],"picked":"SKIP","floor":21},{"not_picked":["MasterReality","Prostrate","SignatureMove"],"picked":"SKIP","floor":23},{"not_picked":["Collect","MasterReality"],"picked":"ConjureBlade","floor":25}],"player_experience":697580,"relics_obtained":[{"floor":6.0,"key":"Kunai"},{"floor":9.0,"key":"Blue Candle"},{"floor":11.0,"key":"Ornamental Fan"},{"floor":23,"key":"Bronze Scales"},{"floor":23,"key":"MawBank"},{"floor":25,"key":"Bottled Flame"},{"floor":25,"key":"Pantograph"},{"floor":26,"key":"Sundial"}],"event_choices":[{"damage_healed":0.0,"max_hp_gain":0.0,"max_hp_loss":0.0,"gold_gain":0.0,"event_name":"World of Goop","player_choice":"Left Gold","floor":2.0,"gold_loss":34.0,"damage_taken":0.0},{"cards_removed":["Strike_P"],"damage_healed":0.0,"max_hp_gain":0.0,"max_hp_loss":0.0,"gold_gain":0.0,"event_name":"Golden Wing","player_choice":"Card Removal","floor":5.0,"gold_loss":0.0,"damage_taken":7.0},{"cards_removed":["Strike_P"],"damage_healed":0.0,"max_hp_gain":0.0,"max_hp_loss":0.0,"gold_gain":0.0,"event_name":"The Cleric","player_choice":"Card Removal","floor":12.0,"gold_loss":50.0,"damage_taken":0.0},{"damage_healed":0,"gold_gain":99,"player_choice":"Stole From Cult","damage_taken":0,"max_hp_gain":0,"max_hp_loss":0,"event_name":"Nest","floor":22,"gold_loss":0}],"is_beta":false,"boss_relics":[{"not_picked":["Snecko Eye","Runic Pyramid"],"picked":"Black Star"}],"items_purged_floors":[],"is_endless":false,"potions_floor_spawned":[1,11,16,18,20,25],"killed_by":"Gremlin Leader","ascension_level":1}}