{"host":"xr9kfrtt7uxz0mdc","time":1608480938,"event":{"mods":["AchievementEnabler","BaseMod","Highlight Path","Minty Spire (QoL Compilation)"],"gold_per_floor":[117,117,131,81,102,102,143,159,183,183,183,196,229,229,229,355,355,355,163,163,163,163,163,163,163,163,163,0,0,0,0,0,0,0],"floor_reached":33,"playtime":1156,"items_purged":["Strike_P"],"score":300,"play_id":"60f33cb4-b933-48df-9b0e-f7e3ab4c6c8e","local_time":"20201220171538","is_ascension_mode":false,"campfire_choices":[{"data":"PathToVictory","floor":6,"key":"SMITH"},{"floor":11,"key":"REST"},{"floor":15,"key":"REST"},{"floor":23,"key":"RECALL"},{"floor":27,"key":"REST"},{"floor":32,"key":"REST"}],"circlet_count":0,"master_deck":["Strike_P+1","Strike_P+1","Defend_P+1","Defend_P+1","Defend_P+1","Defend_P+1","Vigilance","PathToVictory+1","PathToVictory","Injury","Sanctity","Protect","PathToVictory","JustLucky","DevaForm","PathToVictory","EmptyBody","Bandage Up","Evaluate+1","Protect","ThirdEye"],"relics":["PureWater","Golden Idol","Boot","Smiling Mask","Ectoplasm","Happy Flower","The Courier"],"acts_visited":["Exordium","TheCity"],"potions_floor_usage":[13],"damage_taken":[{"damage":11,"enemies":"Jaw Worm","floor":1,"turns":4},{"damage":0,"enemies":"2 Louse","floor":3,"turns":2},{"damage":0,"enemies":"Small Slimes","floor":5,"turns":4},{"damage":44,"enemies":"3 Sentries","floor":7,"turns":19},{"damage":2,"enemies":"Looter","floor":8,"turns":3},{"damage":0,"enemies":"Blue Slaver","floor":12,"turns":2},{"damage":11,"enemies":"Gremlin Nob","floor":13,"turns":4},{"damage":20,"enemies":"Slime Boss","floor":16,"turns":9},{"damage":15,"enemies":"3 Byrds","floor":18,"turns":6},{"damage":10,"enemies":"Shell Parasite","floor":21,"turns":4},{"damage":4,"enemies":"3 Cultists","floor":22,"turns":6},{"damage":0,"enemies":"Snecko","floor":24,"turns":4},{"damage":49,"enemies":"Gremlin Leader","floor":25,"turns":5},{"damage":5,"enemies":"Snake Plant","floor":30,"turns":4},{"damage":61,"enemies":"Champ","floor":33,"turns":8}],"seed_played":"6635005168459980602","potions_obtained":[{"floor":5,"key":"PowerPotion"},{"floor":7,"key":"FearPotion"},{"floor":8,"key":"FearPotion"},{"floor":22,"key":"FearPotion"},{"floor":30,"key":"BlessingOfTheForge"}],"is_trial":false,"path_per_floor":["M","?","M","?","M","R","E","M","T","?","R","M","E","?","R","B",null,"M","$","?","M","M","R","M","E","T","R","?","?","M","$","R","B"],"character_chosen":"WATCHER","items_purchased":["EmptyBody","Bandage Up"],"campfire_rested":4,"item_purchase_floors":[19,19],"current_hp_per_floor":[61,61,61,61,61,61,17,15,15,15,36,36,25,25,46,26,72,57,57,57,51,51,51,55,10,10,31,31,31,30,30,51,0,0],"gold":0,"neow_bonus":"THREE_CARDS","is_daily":false,"chose_seed":false,"campfire_upgraded":1,"win_rate":0.0,"timestamp":1608480938,"path_taken":["M","?","M","?","M","R","E","M","T","?","R","M","E","?","R","BOSS","M","$","?","M","M","R","M","E","T","R","?","?","?","?","R","BOSS"],"items_purchased_type":["Card","Card"],"build_version":"2020-12-13","purchased_purges":1,"victory":false,"max_hp_per_floor":[72,72,72,72,72,72,72,72,72,72,72,72,72,72,72,72,72,72,72,72,72,72,72,72,72,72,72,72,72,72,72,72,72,72],"card_choices":[{"not_picked":["FollowUp","Protect"],"picked":"PathToVictory","floor":0},{"not_picked":["JustLucky","Collect"],"picked":"PathToVictory","floor":1},{"not_picked":["BowlingBash","Crescendo"],"picked":"Sanctity","floor":3},{"not_picked":["Crescendo","EmptyMind"],"picked":"Protect","floor":5},{"not_picked":["TalkToTheHand","Ragnarok"],"picked":"PathToVictory","floor":7},{"not_picked":["WindmillStrike","Collect"],"picked":"JustLucky","floor":8},{"not_picked":["Indignation","SashWhip","Protect"],"picked":"SKIP","floor":12},{"not_picked":["CarveReality","CrushJoints","Consecrate"],"picked":"SKIP","floor":13},{"not_picked":["Devotion","Omniscience"],"picked":"DevaForm","floor":16},{"not_picked":["EmptyBody","FlyingSleeves"],"picked":"PathToVictory","floor":18},{"not_picked":["FlurryOfBlows","BowlingBash","Conclude"],"picked":"SKIP","floor":21},{"not_picked":["Meditate","CrushJoints","ForeignInfluence"],"picked":"SKIP","floor":22},{"not_picked":["CrushJoints","FlyingSleeves"],"picked":"Evaluate+1","floor":24},{"not_picked":["EmptyFist","CutThroughFate"],"picked":"Protect","floor":25},{"not_picked":["Adaptation","CrushJoints"],"picked":"ThirdEye","floor":30}],"player_experience":91345,"relics_obtained":[{"floor":7,"key":"Boot"},{"floor":13,"key":"Smiling Mask"},{"floor":25,"key":"Happy Flower"},{"floor":26,"key":"The Courier"}],"event_choices":[{"damage_healed":0,"gold_gain":0,"player_choice":"Take Wound","damage_taken":0,"relics_obtained":["Golden Idol"],"max_hp_gain":0,"max_hp_loss":0,"event_name":"Golden Idol","floor":2,"gold_loss":0,"cards_obtained":["Injury"]},{"cards_removed":["Strike_P"],"damage_healed":0,"gold_gain":0,"player_choice":"Card Removal","damage_taken":0,"max_hp_gain":0,"max_hp_loss":0,"event_name":"The Cleric","floor":4,"gold_loss":50},{"cards_removed":["Eruption"],"damage_healed":0,"gold_gain":0,"player_choice":"Forget","damage_taken":0,"max_hp_gain":0,"max_hp_loss":0,"event_name":"Living Wall","floor":10,"gold_loss":0},{"damage_healed":0,"gold_gain":0,"player_choice":"Ignored","damage_taken":0,"max_hp_gain":0,"max_hp_loss":0,"event_name":"Shining Light","floor":14,"gold_loss":0},{"damage_healed":0,"gold_gain":0,"player_choice":"Simplicity","damage_taken":0,"max_hp_gain":0,"max_hp_loss":0,"event_name":"Back to Basics","floor":20,"gold_loss":0,"cards_upgraded":["Strike_P","Strike_P","Defend_P","Defend_P","Defend_P","Defend_P"]},{"damage_healed":0,"gold_gain":0,"player_choice":"Paid Fearfully","damage_taken":0,"max_hp_gain":0,"max_hp_loss":0,"event_name":"Masked Bandits","floor":28,"gold_loss":163},{"damage_healed":0,"gold_gain":99,"player_choice":"Stole From Cult","damage_taken":0,"max_hp_gain":0,"max_hp_loss":0,"event_name":"Nest","floor":29,"gold_loss":0}],"is_beta":false,"boss_relics":[{"not_picked":["Fusion Hammer","Black Star"],"picked":"Ectoplasm"}],"items_purged_floors":[19],"is_endless":false,"potions_floor_spawned":[5,7,8,22,30],"killed_by":"Champ","ascension_level":0}}