{"host":"81dxrjdkqahvuj3t","time":1608425174,"event":{"mods":["BaseMod","Colored Map","Highlight Path","Minty Spire (QoL Compilation)","Replay The Spire","StSLib"],"gold_per_floor":[114,114,61,76,91,91,91,91,91,106,136,81,111,126,126,226,226,211,161,176,191,206,206,236,236,236,266,281,281,311,326,326,426,426,441,456,456,456,471,471,501,516,516,546,546,46,76,91,91,91],"floor_reached":51,"playtime":5035,"items_purged":[],"score":1207,"play_id":"e07e999c-820d-4867-a17f-8cb4998ccfdf","local_time":"20201219194613","daily_mods":["Draft","Uncertain Future","Elite Swarm"],"is_ascension_mode":false,"campfire_choices":[{"data":"Armaments","floor":6,"key":"SMITH"},{"data":"Body Slam","floor":8,"key":"SMITH"},{"data":"Berserk","floor":15,"key":"SMITH"},{"data":"Barricade","floor":23,"key":"SMITH"},{"floor":29,"key":"REST"},{"data":"True Grit","floor":32,"key":"SMITH"}],"circlet_count":0,"master_deck":["Wild Strike+1","Perfected Strike+1","ReplayTheSpireMod:Stacked+1","Run Through+1","Clash+1","Replay:Undeath\u0027s Touch+1","True Grit+1","True Grit+1","Heavy Blade+1","Armaments+1","Iron Wave+1","Power Through+1","Metallicize+1","Reckless Charge+1","Pommel Strike+1","Iron Wave+1","ReplayTheSpireMod:System Scan+1","Body Slam+1","Turbo+1","Impervious+1","Disarm+1","Pot Of Greed+1","Pot Of Greed+1","Berserk+1","Pot Of Greed+1","Warcry+1","Barricade+1","Flex+1","Fire Breathing+1","Flex+1","Body Slam+1","Demonic Infusion+1","Impervious+1","Metallicize+1","Feed+1","Cleave+1","Offering+1","Pot Of Greed+1","True Grit+1","Whirlwind+1","Metallicize+1","Headbutt+1","Demon Form","Intimidate+1","Thinking Ahead","The Bomb","Purity","Demonic Infusion+1","Replay:Undeath\u0027s Touch+1","Uppercut","Pot Of Greed+1"],"relics":["Iron Core","Incense Burner","Ice Cream","Grinning Jar","ReplayTheSpireMod:DimensionalGlitch","Replay:Bottled Eggs","ReplayTheSpireMod:Ninjato","King of Hearts","ReplayFunnel","Fusion Hammer","Replay:Multitool","Mark of the Bloom","Replay:Mystery Machine","Replay:Bottled Flurry","StrikeDummy","ReplayTheSpireMod:ShopPack","Gremlin Horn","Toxic Egg 2"],"acts_visited":["Exordium","TheCity","TheBeyond"],"potions_floor_usage":[13,16,18,21,24,24,28,33,35,36,37,42,42,47,50,50,50],"damage_taken":[{"damage":2,"enemies":"Small Slimes","floor":1,"turns":3},{"damage":0,"enemies":"2 Louse","floor":4,"turns":1},{"damage":0,"enemies":"Jaw Worm","floor":5,"turns":3},{"damage":6,"enemies":"Gremlin Gang","floor":10,"turns":5},{"damage":8,"enemies":"Replay:BlueRogue","floor":11,"turns":6},{"damage":13,"enemies":"Lagavulin","floor":13,"turns":6},{"damage":0,"enemies":"Blue Slaver","floor":14,"turns":5},{"damage":19,"enemies":"The Guardian","floor":16,"turns":10},{"damage":9,"enemies":"2 Thieves","floor":18,"turns":4},{"damage":0,"enemies":"Spheric Guardian","floor":20,"turns":4},{"damage":10,"enemies":"Cultist and Chosen","floor":21,"turns":7},{"damage":1,"enemies":"Centurion and Healer","floor":22,"turns":5},{"damage":25,"enemies":"Gremlin Leader","floor":24,"turns":9},{"damage":8,"enemies":"Slavers","floor":27,"turns":6},{"damage":12,"enemies":"Snake Plant","floor":28,"turns":4},{"damage":23,"enemies":"Gremlin Leader","floor":30,"turns":8},{"damage":0,"enemies":"3 Cultists","floor":31,"turns":5},{"damage":3,"enemies":"Pondfish","floor":33,"turns":13},{"damage":9,"enemies":"3 Shapes","floor":35,"turns":3},{"damage":9,"enemies":"3 Darklings","floor":36,"turns":5},{"damage":18,"enemies":"2 Orb Walkers","floor":37,"turns":5},{"damage":0,"enemies":"4 Shapes","floor":39,"turns":3},{"damage":9,"enemies":"Giant Head","floor":41,"turns":5},{"damage":0,"enemies":"Jaw Worm Horde","floor":42,"turns":3},{"damage":9,"enemies":"Reptomancer","floor":44,"turns":3},{"damage":0,"enemies":"Giant Head","floor":47,"turns":6},{"damage":0,"enemies":"Sphere and 2 Shapes","floor":48,"turns":3},{"damage":0,"enemies":"Time Eater","floor":50,"turns":11}],"seed_played":"-2908382401684788831","potions_obtained":[{"floor":10,"key":"Doom Potion"},{"floor":11,"key":"LiquidBronze"},{"floor":13,"key":"GamblersBrew"},{"floor":14,"key":"HeartOfIron"},{"floor":20,"key":"AttackPotion"},{"floor":27,"key":"Weak Potion"},{"floor":28,"key":"Doom Potion"},{"floor":31,"key":"Languid Potion"},{"floor":33,"key":"DistilledChaos"},{"floor":35,"key":"Flashbang"},{"floor":40,"key":"DuplicationPotion"},{"floor":40,"key":"CultistPotion"},{"floor":41,"key":"Explosive Potion"},{"floor":47,"key":"Energy Potion"}],"is_trial":false,"path_per_floor":["M","?","$","M","M","R","?","R","T","M","E","$","E","M","R","B",null,"M","$","M","M","M","R","E","?","T","E","M","R","E","M","R","B",null,"M","M","?","?","M","R","E","M","T","E","?","$","E","M","R","B",null],"character_chosen":"IRONCLAD","items_purchased":["ReplayTheSpireMod:Strike From Hell","Disarm+1","Adrenaline Potion","ReplayTheSpireMod:ShopPack","EssenceOfSteel","Gremlin Horn","FearPotion"],"campfire_rested":1,"item_purchase_floors":[3,12,19,46,46,46,46],"current_hp_per_floor":[80,80,80,80,80,80,85,85,85,85,85,85,82,85,85,76,85,81,81,85,80,84,84,64,64,64,61,54,79,61,66,66,68,85,78,76,63,63,63,63,54,54,54,45,45,45,45,45,45,45],"gold":91,"neow_bonus":"","is_daily":true,"chose_seed":false,"campfire_upgraded":5,"win_rate":0.0,"timestamp":1608425173,"path_taken":["M","?","$","M","M","R","?","R","T","M","E","?","E","M","R","BOSS","M","$","?","?","M","R","E","?","T","E","M","R","E","M","R","BOSS","M","M","?","?","M","R","E","M","T","E","?","$","E","M","R","BOSS"],"items_purchased_type":["Card","Card","Potion","Relic","Potion","Relic","Potion"],"build_version":"2020-12-13","purchased_purges":0,"victory":true,"max_hp_per_floor":[80,80,80,80,80,80,85,85,85,85,85,85,85,85,85,85,85,85,85,85,85,85,85,85,85,85,85,85,85,85,85,85,85,85,89,92,92,92,92,92,98,102,102,102,102,102,102,102,102,106],"card_choices":[{"not_picked":["Headbutt","Anger"],"picked":"Wild Strike","floor":0},{"not_picked":["Havoc","Headbutt"],"picked":"Perfected Strike","floor":0},{"not_picked":["Perfected Strike","Shockwave"],"picked":"ReplayTheSpireMod:Stacked","floor":0},{"not_picked":["Rage","Havoc"],"picked":"Run Through","floor":0},{"not_picked":["Twin Strike","Shrug It Off"],"picked":"Clash","floor":0},{"not_picked":["Havoc","Cleave"],"picked":"Replay:Undeath\u0027s Touch","floor":0},{"not_picked":["Blood for Blood","Warcry"],"picked":"True Grit","floor":0},{"not_picked":["Run Through","Life Link"],"picked":"True Grit","floor":0},{"not_picked":["Flex","Wild Strike"],"picked":"Heavy Blade","floor":0},{"not_picked":["Wild Strike","Metallicize"],"picked":"Armaments","floor":0},{"not_picked":["Pummel","Flex"],"picked":"Iron Wave","floor":0},{"not_picked":["Abandon","Anger"],"picked":"Power Through","floor":0},{"not_picked":["Twin Strike","Searing Blow"],"picked":"Metallicize","floor":0},{"not_picked":["Heavy Blade","True Grit"],"picked":"Reckless Charge","floor":0},{"not_picked":["Run Through","Wild Strike"],"picked":"Pommel Strike","floor":0},{"not_picked":["Run Through","Wild Strike"],"picked":"Iron Wave","floor":1},{"not_picked":["Havoc","Shrug It Off"],"picked":"ReplayTheSpireMod:System Scan","floor":4},{"not_picked":["Gash","Entrench"],"picked":"Body Slam","floor":5},{"not_picked":["Cold Snap","Replay:Undeath\u0027s Touch"],"picked":"Turbo","floor":10},{"not_picked":["Fiend Fire","Demon Form"],"picked":"Impervious","floor":11},{"not_picked":["Juggernaut","ReplayTheSpireMod:Omega Cannon"],"picked":"Berserk","floor":13},{"not_picked":["Cleave","Whirlwind"],"picked":"Warcry","floor":14},{"not_picked":["Eclipse","Double Tap"],"picked":"Barricade","floor":16},{"not_picked":["Warcry+1","ReplayTheSpireMod:Limb From Limb+1"],"picked":"Flex+1","floor":18},{"not_picked":["Warcry","Dark Embrace"],"picked":"Fire Breathing","floor":20},{"not_picked":["Run Through","Rupture"],"picked":"Flex","floor":21},{"not_picked":["Run Through","Twin Strike"],"picked":"Body Slam+1","floor":22},{"not_picked":["Immolate","Barricade"],"picked":"Demonic Infusion","floor":24},{"not_picked":["Demonic Infusion","Exhume"],"picked":"Impervious","floor":27},{"not_picked":["Twin Strike","Headbutt+1"],"picked":"Metallicize+1","floor":28},{"not_picked":["Impervious","Limit Break"],"picked":"Feed","floor":30},{"not_picked":["Battle Trance","Combust"],"picked":"Cleave","floor":31},{"not_picked":["Limit Break","Replay:Many Hands"],"picked":"Offering","floor":33},{"not_picked":["Sever Soul","Clash+1"],"picked":"True Grit+1","floor":35},{"not_picked":["Anger","Armaments+1"],"picked":"Whirlwind+1","floor":36},{"not_picked":["Havoc","ReplayTheSpireMod:LeadingStrike"],"picked":"Metallicize","floor":37},{"not_picked":["Impervious","Dual Wield"],"picked":"Headbutt+1","floor":39},{"not_picked":["Juggernaut","Offering"],"picked":"Demon Form","floor":41},{"not_picked":["Heavy Blade+1","Clash"],"picked":"Intimidate+1","floor":42},{"not_picked":["Feed","Corruption","Reaper"],"picked":"SKIP","floor":44},{"not_picked":["ReplayTheSpireMod:Necrogeddon","Sadistic Nature"],"picked":"Thinking Ahead","floor":46},{"not_picked":["Flash of Steel","Thinking Ahead"],"picked":"The Bomb","floor":46},{"not_picked":["Jack Of All Trades","PanicButton"],"picked":"Purity","floor":46},{"not_picked":["Immolate","Bludgeon"],"picked":"Demonic Infusion+1","floor":47},{"not_picked":["Cleave+1","Reckless Charge"],"picked":"Replay:Undeath\u0027s Touch+1","floor":48}],"player_experience":421950,"relics_obtained":[{"floor":9,"key":"Incense Burner"},{"floor":11,"key":"Ice Cream"},{"floor":13,"key":"Grinning Jar"},{"floor":24,"key":"Replay:Bottled Eggs"},{"floor":26,"key":"ReplayTheSpireMod:Ninjato"},{"floor":27,"key":"King of Hearts"},{"floor":30,"key":"ReplayFunnel"},{"floor":37,"key":"Replay:Multitool"},{"floor":41,"key":"Replay:Mystery Machine"},{"floor":43,"key":"Replay:Bottled Flurry"},{"floor":44,"key":"StrikeDummy"},{"floor":47,"key":"Toxic Egg 2"}],"event_choices":[{"damage_healed":0,"gold_gain":0,"player_choice":"Donut","damage_taken":0,"max_hp_gain":5,"max_hp_loss":0,"event_name":"Big Fish","floor":7,"gold_loss":0},{"damage_healed":0,"gold_gain":0,"player_choice":"Ignored","damage_taken":0,"max_hp_gain":0,"max_hp_loss":0,"event_name":"Vampires","floor":25,"gold_loss":0},{"damage_healed":0,"gold_gain":0,"player_choice":"Fight","damage_taken":0,"max_hp_gain":0,"max_hp_loss":0,"event_name":"Mysterious Sphere","floor":37,"gold_loss":0},{"damage_healed":0,"gold_gain":0,"player_choice":"Upgrade","damage_taken":0,"relics_obtained":["Mark of the Bloom"],"max_hp_gain":0,"max_hp_loss":0,"event_name":"MindBloom","floor":38,"gold_loss":0,"cards_upgraded":["Wild Strike","Perfected Strike","ReplayTheSpireMod:Stacked","Run Through","Clash","Replay:Undeath\u0027s Touch","True Grit","Heavy Blade","Iron Wave","Power Through","Metallicize","Reckless Charge","Pommel Strike","Iron Wave","ReplayTheSpireMod:Strike From Hell","ReplayTheSpireMod:System Scan","Turbo","Impervious","Warcry","Fire Breathing","Flex","Demonic Infusion","Impervious","Feed","Cleave","Offering","Metallicize"]},{"cards_removed":["ReplayTheSpireMod:Strike From Hell"],"damage_healed":0,"gold_gain":0,"player_choice":"Removed Attack","damage_taken":0,"max_hp_gain":0,"max_hp_loss":0,"event_name":"Falling","floor":45,"gold_loss":0}],"is_beta":false,"boss_relics":[{"not_picked":["Coffee Dripper","Velvet Choker"],"picked":"ReplayTheSpireMod:DimensionalGlitch"},{"not_picked":["Kintsugi","Runic Pyramid"],"picked":"Fusion Hammer"}],"items_purged_floors":[],"is_endless":false,"potions_floor_spawned":[10,11,13,14,20,27,28,31,33,35,41,47,48],"ascension_level":0}}