{"host":"6pgtslebjnyv5xmi","time":1608456790,"event":{"mods":["AchievementEnabler","BaseMod","Colored Map","Minty Spire (QoL Compilation)","Rare Cards Sparkle","SuperFastMode","everything is the same but u backflip on backflip"],"gold_per_floor":[111,124,134,59,74,74,92,92,92,122,122,139,16,16,16,121,121,140,140,158,12,31,56,56,81,104,4,4,15,15,25,25,25,25],"floor_reached":33,"playtime":2311,"items_purged":["Strike_R","Defend_R"],"score":353,"play_id":"79678706-c22c-4ac9-8790-a05a2fbd4a4a","local_time":"20201220183310","is_ascension_mode":true,"campfire_choices":[{"data":"Inflame","floor":6,"key":"SMITH"},{"data":"Pummel","floor":8,"key":"SMITH"},{"data":"Dark Embrace","floor":15,"key":"SMITH"},{"data":"Purity","floor":24,"key":"SMITH"},{"data":"Seeing Red","floor":30,"key":"SMITH"},{"data":"Offering","floor":32,"key":"SMITH"}],"circlet_count":0,"master_deck":["Strike_R","Strike_R","Defend_R","Defend_R","Defend_R","Bash","Pummel+1","Inflame+1","Ghostly Armor","Dark Embrace+1","Purity+1","Pummel","Offering+1","Injury","Spot Weakness+1","Intimidate+1","Writhe","Seeing Red+1"],"relics":["Burning Blood","Dead Branch","Bottled Tornado","Astrolabe","Happy Flower","TungstenRod","Prayer Wheel","Strawberry","Blue Candle"],"acts_visited":["Exordium","TheCity"],"potions_floor_usage":[23,25,25,33,33,33],"damage_taken":[{"damage":10,"enemies":"Jaw Worm","floor":1,"turns":4},{"damage":0,"enemies":"Small Slimes","floor":2,"turns":3},{"damage":6,"enemies":"Cultist","floor":3,"turns":3},{"damage":5,"enemies":"2 Fungi Beasts","floor":5,"turns":4},{"damage":15,"enemies":"Exordium Thugs","floor":7,"turns":5},{"damage":6,"enemies":"Gremlin Nob","floor":10,"turns":3},{"damage":10,"enemies":"Looter","floor":12,"turns":2},{"damage":47,"enemies":"The Guardian","floor":16,"turns":8},{"damage":26,"enemies":"2 Thieves","floor":18,"turns":3},{"damage":18,"enemies":"Shell Parasite","floor":20,"turns":4},{"damage":20,"enemies":"Shelled Parasite and Fungi","floor":22,"turns":3},{"damage":24,"enemies":"Gremlin Leader","floor":23,"turns":3},{"damage":10,"enemies":"Book of Stabbing","floor":25,"turns":5},{"damage":5,"enemies":"Cultist and Chosen","floor":29,"turns":1},{"damage":0,"enemies":"Centurion and Healer","floor":31,"turns":3},{"damage":66,"enemies":"Champ","floor":33,"turns":6}],"seed_played":"8950621389113127877","potions_obtained":[{"floor":1,"key":"BloodPotion"},{"floor":3,"key":"LiquidMemories"},{"floor":7,"key":"Energy Potion"},{"floor":23,"key":"Ancient Potion"},{"floor":25,"key":"SkillPotion"},{"floor":31,"key":"Explosive Potion"}],"is_trial":false,"path_per_floor":["M","M","M","$","M","R","M","R","T","E","?","M","$","?","R","B",null,"M","$","M","$","M","E","R","E","T","$","?","M","R","M","R","B"],"character_chosen":"IRONCLAD","items_purchased":["Purity","Pummel","Happy Flower"],"campfire_rested":0,"item_purchase_floors":[13,13,21],"current_hp_per_floor":[84,88,88,88,88,88,79,79,79,79,84,80,80,80,80,39,93,73,73,61,61,47,47,47,43,50,50,50,51,51,57,57,0,0],"gold":25,"neow_bonus":"TEN_PERCENT_HP_BONUS","is_daily":false,"chose_seed":false,"campfire_upgraded":6,"win_rate":0.0,"timestamp":1608456790,"path_taken":["M","M","M","$","M","R","M","R","T","E","?","M","$","?","R","BOSS","M","$","M","$","M","E","R","E","T","?","?","M","R","?","R","BOSS"],"items_purchased_type":["Card","Card","Relic"],"build_version":"2020-12-13","purchased_purges":2,"victory":false,"max_hp_per_floor":[88,88,88,88,88,88,88,88,88,88,93,93,93,93,93,93,93,93,93,93,93,93,93,93,93,100,100,100,100,100,100,100,100,100],"card_choices":[{"not_picked":["Combust","Flex"],"picked":"Pummel","floor":1},{"not_picked":["Rampage","Burning Pact","Cleave"],"picked":"SKIP","floor":2},{"not_picked":["Headbutt","Anger"],"picked":"Inflame","floor":3},{"not_picked":["Pommel Strike","Carnage"],"picked":"Ghostly Armor","floor":5},{"not_picked":["Warcry","Havoc","Sever Soul"],"picked":"SKIP","floor":7},{"not_picked":["Flex","Havoc","Iron Wave"],"picked":"SKIP","floor":10},{"not_picked":["Sever Soul","Shockwave"],"picked":"Dark Embrace","floor":12},{"not_picked":["Exhume","Immolate"],"picked":"Offering","floor":16},{"not_picked":["Spot Weakness","Armaments","Shrug It Off"],"picked":"SKIP","floor":18},{"not_picked":["Fire Breathing+1","Rupture","Burning Pact"],"picked":"SKIP","floor":20},{"not_picked":["Blood for Blood","Iron Wave+1","Wild Strike"],"picked":"SKIP","floor":22},{"not_picked":["Flex+1","Intimidate","Evolve+1"],"picked":"SKIP","floor":23},{"not_picked":["Offering","Reckless Charge+1","Whirlwind"],"picked":"SKIP","floor":25},{"not_picked":["Iron Wave","Havoc"],"picked":"Seeing Red","floor":29},{"not_picked":["Flex","Thunderclap","Ghostly Armor+1"],"picked":"SKIP","floor":29},{"not_picked":["Pommel Strike+1","Iron Wave+1","Rupture"],"picked":"SKIP","floor":31},{"not_picked":["Heavy Blade","Entrench","Headbutt+1"],"picked":"SKIP","floor":31}],"player_experience":279564,"relics_obtained":[{"floor":9,"key":"Dead Branch"},{"floor":10,"key":"Bottled Tornado"},{"floor":23,"key":"TungstenRod"},{"floor":25,"key":"Prayer Wheel"},{"floor":26,"key":"Strawberry"}],"event_choices":[{"damage_healed":0,"gold_gain":0,"player_choice":"Donut","damage_taken":0,"max_hp_gain":5,"max_hp_loss":0,"event_name":"Big Fish","floor":11,"gold_loss":0},{"damage_healed":0,"gold_gain":0,"player_choice":"Cursed","damage_taken":0,"max_hp_gain":0,"max_hp_loss":0,"event_name":"Wheel of Change","floor":14,"gold_loss":0,"cards_obtained":["Decay"]},{"damage_healed":0,"gold_gain":0,"player_choice":"Opened","damage_taken":0,"relics_obtained":["Blue Candle"],"max_hp_gain":0,"max_hp_loss":0,"event_name":"The Mausoleum","floor":28,"gold_loss":0,"cards_obtained":["Writhe"]}],"is_beta":false,"boss_relics":[{"not_picked":["Velvet Choker","Black Blood"],"picked":"Astrolabe"}],"items_purged_floors":[4,27],"is_endless":false,"potions_floor_spawned":[1,3,7,16,23,25,31],"killed_by":"Champ","ascension_level":1}}