{"host":"38maufg2dcy7va3m","time":1608436983,"event":{"mods":["BaseMod","Downfall","Hermit","Minty Spire (QoL Compilation)","StSLib"],"gold_per_floor":[115,130,8,24,99,118,149,149,196,196,196,196,77,93,93,93,93],"floor_reached":16,"playtime":1535,"items_purged":[],"score":100,"play_id":"e6093500-4c74-457d-a125-f4b0363100de","local_time":"20201219200303","is_ascension_mode":false,"campfire_choices":[{"floor":8,"key":"REST"},{"floor":10,"key":"REST"},{"data":"hermit:Showdown","floor":15,"key":"SMITH"}],"circlet_count":0,"master_deck":["hermit:Strike_Hermit","hermit:Strike_Hermit","hermit:Strike_Hermit","hermit:Strike_Hermit","hermit:Defend_Hermit","hermit:Defend_Hermit","hermit:Defend_Hermit","hermit:Defend_Hermit","hermit:Snapshot","hermit:Covet","hermit:Snipe","hermit:LowProfile","hermit:Headshot","hermit:Misfire","hermit:Midnight","hermit:HoleUp","hermit:Horror","hermit:Showdown+1","hermit:ShadowCloak"],"relics":["hermit:Momento","NeowsBlessing","Bottled Lightning","Anchor","Tiny Chest"],"acts_visited":["Exordium"],"potions_floor_usage":[6,6,16,16],"damage_taken":[{"damage":0,"enemies":"Jaw Worm","floor":1,"turns":1},{"damage":0,"enemies":"Small Slimes","floor":2,"turns":1},{"damage":0,"enemies":"2 Louse","floor":4,"turns":1},{"damage":5,"enemies":"Looter","floor":6,"turns":3},{"damage":30,"enemies":"Lagavulin","floor":7,"turns":8},{"damage":0,"enemies":"3 Louse","floor":14,"turns":3},{"damage":75,"enemies":"Hexaghost","floor":16,"turns":11}],"seed_played":"6435690102215431388","potions_obtained":[{"floor":2,"key":"DuplicationPotion"},{"floor":14,"key":"Weak Potion"}],"is_trial":false,"path_per_floor":["M","M","$","M","?","M","E","R","T","R","?","?","$","M","R","B"],"character_chosen":"HERMIT","items_purchased":["hermit:Headshot","hermit:Misfire","Block Potion","hermit:Showdown","champ:CounterPotion"],"campfire_rested":2,"item_purchase_floors":[3,3,3,13,13],"current_hp_per_floor":[75,75,75,75,64,59,29,51,51,73,78,75,75,75,75,0,0],"gold":93,"neow_bonus":"THREE_ENEMY_KILL","is_daily":false,"chose_seed":false,"campfire_upgraded":1,"win_rate":0.0,"timestamp":1608436983,"path_taken":["M","M","$","M","?","M","E","R","T","R","?","?","$","M","R","BOSS"],"items_purchased_type":["Card","Card","Potion","Card","Potion"],"build_version":"2020-12-13","purchased_purges":0,"victory":false,"max_hp_per_floor":[75,75,75,75,75,75,75,75,75,75,80,80,80,80,80,80,80],"card_choices":[{"not_picked":["hermit:Roulette","hermit:Grudge"],"picked":"hermit:Snipe","floor":1},{"not_picked":["hermit:Quickdraw","hermit:LoneWolf"],"picked":"hermit:LowProfile","floor":2},{"not_picked":["hermit:FlashPowder","hermit:DeadMansHand"],"picked":"hermit:Midnight","floor":4},{"not_picked":["hermit:Manifest","hermit:LowProfile"],"picked":"hermit:HoleUp","floor":6},{"not_picked":["hermit:Desperado","hermit:FlashPowder"],"picked":"hermit:Horror","floor":7},{"not_picked":["hermit:Brawl","hermit:Cheat"],"picked":"hermit:ShadowCloak","floor":14}],"player_experience":182618,"relics_obtained":[{"floor":7,"key":"Bottled Lightning"},{"floor":9,"key":"Anchor"}],"event_choices":[{"damage_healed":0,"gold_gain":75,"player_choice":"Gather Gold","damage_taken":11,"max_hp_gain":0,"max_hp_loss":0,"event_name":"World of Goop","floor":5,"gold_loss":0},{"damage_healed":0,"gold_gain":0,"player_choice":"Donut","damage_taken":0,"max_hp_gain":5,"max_hp_loss":0,"event_name":"Big Fish","floor":11,"gold_loss":0},{"damage_healed":0,"gold_gain":0,"player_choice":"Success","damage_taken":3,"relics_obtained":["Tiny Chest"],"max_hp_gain":0,"max_hp_loss":0,"event_name":"Scrap Ooze","floor":12,"gold_loss":0}],"is_beta":false,"boss_relics":[],"items_purged_floors":[],"is_endless":false,"potions_floor_spawned":[2,14],"killed_by":"Hexaghost","ascension_level":0}}