{"host":"p245q48pmopyklqs","time":1608434561,"event":{"mods":["AchievementEnabler","BaseMod","DeckTracker","Minty Spire (QoL Compilation)","Relic Stats","Slay-I","StSLib","SuperFastMode"],"gold_per_floor":[113,128,146,71,221,221,32,32,44,73,160,172,198,225,237,322,334,359,388,400,431,264,264,290,290,290],"floor_reached":25,"playtime":1406,"items_purged":["Strike_B","Doubt","Strike_B"],"score":626,"play_id":"9d9306ec-f6e5-475a-9dee-18dc26832f82","local_time":"20201220122241","is_ascension_mode":true,"campfire_choices":[{"data":"Zap","floor":6.0,"key":"SMITH"},{"data":"White Noise","floor":12.0,"key":"SMITH"},{"data":"Go for the Eyes","floor":15.0,"key":"SMITH"},{"floor":23.0,"key":"REST"}],"circlet_count":0,"master_deck":["AscendersBane","Strike_B","Strike_B","Defend_B","Defend_B","Defend_B","Defend_B","Zap+1","Dualcast","Ball Lightning","Cold Snap","Finesse","White Noise+1","FTL","Go for the Eyes+1","Electrodynamics","Glacier","Capacitor","BootSequence"],"relics":["Cracked Core","MawBank","Question Card","Runic Pyramid","Lantern"],"acts_visited":["Exordium","TheCity"],"potions_floor_usage":[24,25],"damage_taken":[{"damage":7.0,"enemies":"Small Slimes","floor":1.0,"turns":4.0},{"damage":0.0,"enemies":"2 Louse","floor":2.0,"turns":1.0},{"damage":0.0,"enemies":"Cultist","floor":3.0,"turns":3.0},{"damage":2.0,"enemies":"Red Slaver","floor":10.0,"turns":4.0},{"damage":1.0,"enemies":"Blue Slaver","floor":13.0,"turns":3.0},{"damage":6.0,"enemies":"Looter","floor":14.0,"turns":2.0},{"damage":7.0,"enemies":"The Guardian","floor":16.0,"turns":15.0},{"damage":6.0,"enemies":"Chosen","floor":18.0,"turns":4.0},{"damage":25.0,"enemies":"2 Thieves","floor":19.0,"turns":3.0},{"damage":14.0,"enemies":"Shelled Parasite and Fungi","floor":21.0,"turns":6.0},{"damage":22,"enemies":"Slavers","floor":24,"turns":4},{"damage":0,"enemies":"Chosen and Byrds","floor":25,"turns":3}],"seed_played":"6648309697754681428","potions_obtained":[{"floor":3.0,"key":"DistilledChaos"},{"floor":14.0,"key":"FearPotion"},{"floor":16.0,"key":"Dexterity Potion"},{"floor":21.0,"key":"Fire Potion"}],"is_trial":false,"path_per_floor":["M","M","M","$","?","R","$","?","T","M","?","R","M","M","R","B",null,"M","M","?","M","$","R","E","M"],"character_chosen":"DEFECT","items_purchased":["Finesse","SpeedPotion"],"campfire_rested":1,"item_purchase_floors":[7,22],"current_hp_per_floor":[39,39,39,39,39,39,39,34,34,32,21,21,20,14,14,7,55,49,24,18,4,4,25,3,3,3],"gold":290,"neow_bonus":"THREE_RARE_CARDS","is_daily":false,"chose_seed":false,"campfire_upgraded":3,"win_rate":0.0,"timestamp":1608434561,"path_taken":["M","M","M","$","?","R","$","?","T","M","?","R","M","M","R","BOSS","M","M","?","M","$","R","E","M"],"items_purchased_type":["Card","Potion"],"build_version":"2020-12-13","purchased_purges":3,"victory":false,"max_hp_per_floor":[71,71,71,71,71,71,71,71,71,71,71,71,71,71,71,71,71,71,71,71,71,71,71,71,71,71],"relic_stats":{"counters":[12,52],"MawBank":168,"Question Card":8,"obtain_stats":[{"Lantern":24,"Cracked Core":0,"MawBank":8,"Question Card":9,"Runic Pyramid":17},{"Lantern":11,"Cracked Core":0,"MawBank":3,"Question Card":3,"Runic Pyramid":7},{"Lantern":49,"Cracked Core":0,"MawBank":8,"Question Card":8,"Runic Pyramid":32}]},"card_choices":[{"not_picked":["Reinforced Body","Steam"],"picked":"Ball Lightning","floor":1.0},{"not_picked":["Redo","Coolheaded","Storm"],"picked":"SKIP","floor":2.0},{"not_picked":["Redo","Capacitor"],"picked":"Cold Snap","floor":3.0},{"not_picked":["Compile Driver","Blizzard","Recycle"],"picked":"White Noise","floor":10.0},{"not_picked":["Melter","Aggregate","Stack"],"picked":"FTL","floor":13.0},{"not_picked":["Ball Lightning","Heatsinks","Sweeping Beam"],"picked":"Go for the Eyes","floor":14.0},{"not_picked":["Creative AI","Rainbow","Amplify"],"picked":"Electrodynamics","floor":16.0},{"not_picked":["Redo","Chaos","Gash"],"picked":"Glacier","floor":18.0},{"not_picked":["Leap+1","Genetic Algorithm","Turbo"],"picked":"Capacitor","floor":19.0},{"not_picked":["FTL","Ball Lightning","Meteor Strike","Redo"],"picked":"SKIP","floor":21.0},{"not_picked":["Rebound","Streamline","Reinforced Body"],"picked":"BootSequence","floor":24}],"player_experience":2315519,"relics_obtained":[{"floor":9.0,"key":"Question Card"},{"floor":24,"key":"Lantern"}],"event_choices":[{"damage_healed":0.0,"max_hp_gain":0.0,"max_hp_loss":0.0,"gold_gain":150.0,"event_name":"Liars Game","player_choice":"AGREE","floor":5.0,"gold_loss":0.0,"damage_taken":0.0,"cards_obtained":["Doubt"]},{"damage_healed":0.0,"max_hp_gain":0.0,"max_hp_loss":0.0,"gold_gain":0.0,"event_name":"Scrap Ooze","player_choice":"Success","floor":8.0,"gold_loss":0.0,"damage_taken":5.0,"relics_obtained":["MawBank"]},{"damage_healed":0.0,"max_hp_gain":0.0,"max_hp_loss":0.0,"gold_gain":75.0,"event_name":"World of Goop","player_choice":"Gather Gold","floor":11.0,"gold_loss":0.0,"damage_taken":11.0},{"damage_healed":0.0,"max_hp_gain":0.0,"max_hp_loss":0.0,"gold_gain":0.0,"event_name":"Knowing Skull","player_choice":"","floor":20.0,"potions_obtained":[],"gold_loss":0.0,"damage_taken":6.0,"cards_obtained":[]}],"is_beta":false,"boss_relics":[{"not_picked":["Calling Bell","Tiny House"],"picked":"Runic Pyramid"}],"items_purged_floors":[4,7,22],"is_endless":false,"potions_floor_spawned":[3,14,16,18,21],"killed_by":"Chosen and Byrds","ascension_level":20}}