{"host":"xb2tau8pgi8aflss","time":1608460262,"event":{"mods":["AchievementEnabler","BaseMod","Minty Spire (QoL Compilation)","StSLib","SuperFastMode"],"gold_per_floor":[109,127,127,52,68,68,100,100,125,159,189,236,268,295,307,319,319],"floor_reached":16,"playtime":386,"items_purged":["Strike_B"],"score":122,"play_id":"12f3d469-ebde-4324-b5d3-db0640d2255b","local_time":"20201220193102","is_ascension_mode":false,"campfire_choices":[{"data":"Dualcast","floor":6,"key":"SMITH"},{"data":"Loop","floor":8,"key":"SMITH"},{"floor":15,"key":"REST"}],"circlet_count":0,"master_deck":["Strike_B","Strike_B","Strike_B","Defend_B","Defend_B","Defend_B","Defend_B","Zap","Dualcast+1","Loop+1","Self Repair","Recycle","Rebound","Turbo"],"relics":["Cracked Core","NeowsBlessing","Potion Belt","Centennial Puzzle","Orichalcum","MawBank","Akabeko"],"acts_visited":["Exordium"],"potions_floor_usage":[10,12,13,14],"damage_taken":[{"damage":0,"enemies":"Cultist","floor":1,"turns":1},{"damage":0,"enemies":"2 Louse","floor":2,"turns":1},{"damage":0,"enemies":"Jaw Worm","floor":5,"turns":1},{"damage":26,"enemies":"Lagavulin","floor":7,"turns":6},{"damage":24,"enemies":"Gremlin Nob","floor":10,"turns":5},{"damage":13,"enemies":"Large Slime","floor":11,"turns":5},{"damage":23,"enemies":"Lagavulin","floor":12,"turns":6},{"damage":7,"enemies":"Blue Slaver","floor":13,"turns":2},{"damage":3,"enemies":"3 Louse","floor":14,"turns":2},{"damage":36,"enemies":"Hexaghost","floor":16,"turns":9}],"seed_played":"-8067527376820257258","potions_obtained":[{"floor":5,"key":"Energy Potion"},{"floor":7,"key":"LiquidBronze"},{"floor":10,"key":"Dexterity Potion"},{"floor":12,"key":"DistilledChaos"}],"is_trial":false,"path_per_floor":["M","M","?","$","M","R","E","R","T","E","M","E","M","M","R","B"],"character_chosen":"DEFECT","items_purchased":[],"campfire_rested":1,"item_purchase_floors":[],"current_hp_per_floor":[75,75,75,75,75,75,49,49,49,32,26,10,10,14,36,0,0],"gold":319,"neow_bonus":"THREE_ENEMY_KILL","is_daily":false,"chose_seed":false,"campfire_upgraded":2,"win_rate":0.0,"timestamp":1608460262,"path_taken":["M","?","?","$","M","R","E","R","T","E","M","E","?","M","R","BOSS"],"items_purchased_type":[],"build_version":"2020-12-13","purchased_purges":1,"victory":false,"max_hp_per_floor":[75,75,75,75,75,75,75,75,75,75,75,75,75,75,75,75,75],"card_choices":[{"not_picked":["Go for the Eyes","Heatsinks"],"picked":"Capacitor","floor":1},{"not_picked":["Sweeping Beam","Hologram"],"picked":"Loop","floor":2},{"not_picked":["Redo","Leap","Compile Driver"],"picked":"SKIP","floor":5},{"not_picked":["Creative AI","Compile Driver"],"picked":"Self Repair","floor":7},{"not_picked":["FTL","Reprogram"],"picked":"Recycle","floor":10},{"not_picked":["Barrage","Hologram"],"picked":"Rebound","floor":11},{"not_picked":["Lockon","Sweeping Beam","Go for the Eyes"],"picked":"SKIP","floor":12},{"not_picked":["Scrape","Streamline","Ball Lightning"],"picked":"SKIP","floor":13},{"not_picked":["Barrage","Steam"],"picked":"Turbo","floor":14}],"player_experience":718772,"relics_obtained":[{"floor":7,"key":"Centennial Puzzle"},{"floor":9,"key":"Orichalcum"},{"floor":10,"key":"MawBank"},{"floor":12,"key":"Akabeko"}],"event_choices":[{"cards_removed":["Capacitor"],"damage_healed":0,"gold_gain":0,"player_choice":"Gave Card","damage_taken":0,"relics_obtained":["Potion Belt"],"max_hp_gain":0,"max_hp_loss":0,"event_name":"WeMeetAgain","floor":3,"gold_loss":0}],"is_beta":false,"boss_relics":[],"items_purged_floors":[4],"is_endless":false,"potions_floor_spawned":[5,7,10,12],"killed_by":"Hexaghost","ascension_level":0}}