{"host":"fevvm7bbzuh4s1jc","time":1608492755,"event":{"mods":["BaseMod","Highlight Path","Minty Spire (QoL Compilation)","Relic Stats"],"gold_per_floor":[128,158,183,210,235,281,312,324,359,371,412,437,449,471,483,495,495],"floor_reached":16,"playtime":691,"items_purged":[],"score":232,"play_id":"417da279-15f8-46af-9239-e7d8cd08ccec","local_time":"20201220143235","is_ascension_mode":true,"campfire_choices":[{"data":"Streamline","floor":8,"key":"SMITH"},{"data":"Go for the Eyes","floor":10,"key":"SMITH"},{"data":"Hyperbeam","floor":13,"key":"SMITH"},{"data":"Tempest","floor":15,"key":"SMITH"}],"circlet_count":0,"master_deck":["AscendersBane","Strike_B","Strike_B","Strike_B","Strike_B","Defend_B","Defend_B","Defend_B","Defend_B","Zap","Dualcast","Tempest+1","Self Repair","Cold Snap","Compile Driver","Go for the Eyes+1","Streamline+1","Ball Lightning","Hyperbeam+1","Leap","Auto Shields"],"relics":["Cracked Core","MawBank","Nunchaku","Strawberry","Art of War"],"acts_visited":["Exordium"],"potions_floor_usage":[6,11],"damage_taken":[{"damage":1.0,"enemies":"Cultist","floor":1.0,"turns":3.0},{"damage":0.0,"enemies":"2 Louse","floor":2.0,"turns":1.0},{"damage":16.0,"enemies":"Jaw Worm","floor":3.0,"turns":4.0},{"damage":10.0,"enemies":"2 Fungi Beasts","floor":4.0,"turns":4.0},{"damage":9.0,"enemies":"3 Louse","floor":5.0,"turns":3.0},{"damage":35,"enemies":"3 Sentries","floor":6,"turns":8},{"damage":1,"enemies":"Looter","floor":7,"turns":3},{"damage":16,"enemies":"Lagavulin","floor":11,"turns":5},{"damage":6,"enemies":"Red Slaver","floor":12,"turns":3},{"damage":9,"enemies":"Exordium Wildlife","floor":14,"turns":3},{"damage":41,"enemies":"Slime Boss","floor":16,"turns":8}],"seed_played":"-6727320214193932225","potions_obtained":[{"floor":1.0,"key":"SteroidPotion"},{"floor":4.0,"key":"Weak Potion"},{"floor":14,"key":"FairyPotion"}],"is_trial":false,"path_per_floor":["M","M","M","M","M","E","M","R","T","R","E","M","R","M","R","B"],"character_chosen":"DEFECT","items_purchased":[],"campfire_rested":0,"item_purchase_floors":[],"current_hp_per_floor":[63,63,54,51,49,21,20,20,27,27,18,12,12,10,10,0,0],"gold":495,"neow_bonus":"RANDOM_COMMON_RELIC","is_daily":false,"chose_seed":false,"campfire_upgraded":4,"win_rate":0.0,"timestamp":1608492755,"path_taken":["M","?","M","M","M","E","M","R","T","R","E","M","R","M","R","BOSS"],"items_purchased_type":[],"build_version":"2020-12-13","purchased_purges":0,"victory":false,"max_hp_per_floor":[71,71,71,71,71,71,71,71,78,78,78,78,78,78,78,78,78],"relic_stats":{"Nunchaku":[3],"counters":[11,45],"Art of War":[4],"MawBank":192,"obtain_stats":[{"Nunchaku":6,"Strawberry":9,"Art of War":11,"Cracked Core":0,"MawBank":0},{"Nunchaku":6,"Strawberry":7,"Art of War":8,"Cracked Core":0,"MawBank":0},{"Nunchaku":23,"Strawberry":26,"Art of War":31,"Cracked Core":0,"MawBank":0}]},"card_choices":[{"not_picked":["Turbo","Leap"],"picked":"Tempest","floor":1.0},{"not_picked":["Force Field","Steam Power"],"picked":"Self Repair","floor":2.0},{"not_picked":["Self Repair","Go for the Eyes"],"picked":"Cold Snap","floor":3.0},{"not_picked":["Gash","Chill"],"picked":"Compile Driver","floor":4.0},{"not_picked":["Amplify","Hologram"],"picked":"Go for the Eyes","floor":5.0},{"not_picked":["Conserve Battery","Reinforced Body"],"picked":"Streamline","floor":6},{"not_picked":["Reprogram","Compile Driver"],"picked":"Ball Lightning","floor":7},{"not_picked":["Scrape","Loop"],"picked":"Hyperbeam","floor":11},{"not_picked":["Loop","Sweeping Beam"],"picked":"Leap","floor":12},{"not_picked":["Conserve Battery","Leap"],"picked":"Auto Shields","floor":14}],"player_experience":2561810,"relics_obtained":[{"floor":6,"key":"Nunchaku"},{"floor":9,"key":"Strawberry"},{"floor":11,"key":"Art of War"}],"event_choices":[],"is_beta":false,"boss_relics":[],"items_purged_floors":[],"is_endless":false,"potions_floor_spawned":[1,4,5,14],"killed_by":"Slime Boss","ascension_level":20}}