{"host":"d7qmn60fs48wu5y6","time":1608496046,"event":{"mods":["BaseMod","Downfall","Marisa????????","Minty Spire (QoL Compilation)","Shade Mod","StSLib","The Bug Knight","The Cursed","The Necromancer","The Servant 0.9.4"],"gold_per_floor":[115,65,65,11,28,28,54,54,54,86,106,106,22,48,48,145,145,157,157,128,128,128,128,143,45,45,45,57,90,100,134,134,231,231,247,93,93,110,23,23,33,46,92,92,142,142,157,157,157,157,157,157,9,40,40],"floor_reached":56,"playtime":3478,"items_purged":["Defend_W+1","Defend_W+1"],"score":1272,"play_id":"93d03b87-b409-469c-910f-905e7d8aaa6f","local_time":"20201220122726","is_ascension_mode":true,"campfire_choices":[{"data":"Negative_Energy_Shield","floor":6,"key":"SMITH"},{"data":"Spectral_Armor","floor":8,"key":"SMITH"},{"data":"Slay_Living","floor":12,"key":"SMITH"},{"floor":15,"key":"REST"},{"data":"expansioncontent:CaCaw","floor":23,"key":"SMITH"},{"floor":27,"key":"RECALL"},{"floor":32,"key":"REST"},{"data":"Summon_Death_Knight","floor":40,"key":"SMITH"},{"data":"Summon_Death_Knight","floor":44,"key":"SMITH"},{"data":"Madness","floor":49,"key":"SMITH"},{"data":"Madness","floor":52,"key":"SMITH"}],"circlet_count":0,"master_deck":["Strike_W+1","Strike_W+1","Negative_Energy_Arrows","Bone_Wall","Life_Tap","Negative_Energy_Shield+1","Spectral_Armor+1","Slay_Living+1","Summon_Undead_Army","expansioncontent:CaCaw+1","Spectral_Armor","Summon_Vampire_Lady","Spectral_Armor+1","Ghostly","Ghostly","Ghostly","Ghostly","Ghostly","Scare","Summon_Death_Knight+1","Summon_Vampire_Lady","Summon_Death_Knight+1","Impatience","Parasite","Madness+1","Madness+1","Negative_Energy_Shield+1"],"relics":["Vampire_Amulet","NeowsBlessing","Regal Pillow","Incense Burner","Darkstone Periapt","Vajra","Empty Cage","HollowMod:StagPassRelic","MealTicket","Letter Opener","Busted Crown","Oddly Smooth Stone","Thread and Needle","Kunai"],"acts_visited":["Exordium","TheCity","TheBeyond","TheEnding"],"potions_floor_usage":[14,54,54,55,55],"damage_taken":[{"damage":0,"enemies":"Jaw Worm","floor":1,"turns":1},{"damage":0,"enemies":"2 Louse","floor":5,"turns":1},{"damage":0,"enemies":"Gremlin Nob","floor":7,"turns":1},{"damage":35,"enemies":"Lagavulin","floor":10,"turns":15},{"damage":1,"enemies":"Small Slimes","floor":11,"turns":8},{"damage":19,"enemies":"Gremlin Nob","floor":14,"turns":5},{"damage":41,"enemies":"Slime Boss","floor":16,"turns":11},{"damage":17,"enemies":"Spheric Guardian","floor":18,"turns":6},{"damage":19,"enemies":"2 Thieves","floor":20,"turns":5},{"damage":7,"enemies":"Chosen and Byrds","floor":24,"turns":10},{"damage":6,"enemies":"Snake Plant","floor":28,"turns":7},{"damage":6,"enemies":"Book of Stabbing","floor":29,"turns":10},{"damage":16,"enemies":"Cultist and Chosen","floor":30,"turns":9},{"damage":63,"enemies":"Gremlin Leader","floor":31,"turns":13},{"damage":32,"enemies":"Automaton","floor":33,"turns":11},{"damage":2,"enemies":"Orb Walker","floor":35,"turns":6},{"damage":3,"enemies":"3 Darklings","floor":38,"turns":9},{"damage":1,"enemies":"Writhing Mass","floor":41,"turns":9},{"damage":0,"enemies":"4 Shapes","floor":42,"turns":7},{"damage":3,"enemies":"Mind Bloom Boss Battle","floor":45,"turns":11},{"damage":0,"enemies":"Maw","floor":47,"turns":8},{"damage":8,"enemies":"Time Eater","floor":50,"turns":13},{"damage":15,"enemies":"Shield and Spear","floor":54,"turns":9},{"damage":51,"enemies":"The Heart","floor":55,"turns":15}],"seed_played":"-7515574638123871279","potions_obtained":[{"floor":1,"key":"sneckomod:MuddlingPotion"},{"floor":5,"key":"FairyPotion"},{"floor":10,"key":"SpeedPotion"},{"floor":18,"key":"Block Potion"},{"floor":29,"key":"GamblersBrew"},{"floor":33,"key":"champ:CounterPotion"},{"floor":35,"key":"Energy Potion"},{"floor":54,"key":"BlessingOfTheForge"}],"is_trial":false,"path_per_floor":["M","?","?","$","M","R","E","R","T","E","M","R","$","E","R","B",null,"M","?","M","?","?","R","M","$","T","R","M","E","M","E","R","B",null,"M","$","?","M","$","R","M","M","T","R","?","?","M","?","R","B",null,"R","$","E","B",null],"character_chosen":"NECROMANCER","items_purchased":["Negative_Energy_Shield","expansioncontent:CaCaw","Scare","Oddly Smooth Stone","Impatience","Negative_Energy_Shield"],"campfire_rested":2,"item_purchase_floors":[4,13,25,36,39,53],"current_hp_per_floor":[75,75,80,80,80,80,80,80,80,47,50,50,50,33,72,39,80,77,77,69,40,40,40,40,40,40,40,39,35,29,19,40,33,40,40,40,40,40,40,40,46,46,46,46,46,46,46,40,40,46,46,46,46,39,40],"gold":40,"neow_bonus":"THREE_ENEMY_KILL","is_daily":false,"chose_seed":false,"campfire_upgraded":8,"win_rate":0.0,"timestamp":1608496046,"path_taken":["M","?","?","$","M","R","E","R","T","E","M","R","?","E","R","BOSS","M","?","M","?","?","R","M","$","T","R","M","E","M","E","R","BOSS","M","$","?","M","?","R","M","M","T","R","?","?","?","?","R","BOSS","R","$","E","BOSS"],"items_purchased_type":["Card","Card","Card","Relic","Card","Card"],"build_version":"2020-12-13","purchased_purges":2,"victory":true,"max_hp_per_floor":[75,75,80,80,80,80,80,80,80,80,80,80,80,80,80,80,80,80,80,80,40,40,40,40,40,40,40,40,40,40,40,40,40,40,40,40,40,40,40,40,46,46,46,46,46,46,46,46,46,46,46,46,46,46,46],"card_choices":[{"not_picked":["Death_March_Dance","Scare"],"picked":"Life_Tap","floor":1},{"not_picked":["Shackles_Of_Pain","Pandemic","Bones_to_Steel"],"picked":"SKIP","floor":5},{"not_picked":["Blood_Curse","Spectral_Walk"],"picked":"Spectral_Armor","floor":7},{"not_picked":["Blood_Whip","Death_Knell"],"picked":"Slay_Living","floor":10},{"not_picked":["Bone_Spikes","Shackles_Of_Pain"],"picked":"Summon_Undead_Army","floor":11},{"not_picked":["Bone_Prison","Death_Knell"],"picked":"Spectral_Armor","floor":14},{"not_picked":["Requiem","Reap_The_Weak"],"picked":"Summon_Vampire_Lady","floor":16},{"not_picked":["Negative_Energy_Sphere","Thousand_Bone_Knives","Shade_Step"],"picked":"SKIP","floor":18},{"not_picked":["Pandemic","Negative_Energy_Shield"],"picked":"Spectral_Armor+1","floor":20},{"not_picked":["Negative_Energy_Mist","Corrupt","Bone_Spikes+1"],"picked":"SKIP","floor":24},{"not_picked":["Blood_Shield","Life_Tap"],"picked":"Summon_Death_Knight","floor":28},{"not_picked":["Shackles_Of_Pain","Toxic_Smoke_Screen","Scare+1"],"picked":"SKIP","floor":29},{"not_picked":["Deaths_Shadow","Toxic_Smoke_Screen","Cloudkill"],"picked":"SKIP","floor":30},{"not_picked":["Consume_Illness","Bone_Armor"],"picked":"Summon_Vampire_Lady","floor":31},{"not_picked":["Detonate_Bones","Blood_Magic"],"picked":"Summon_Death_Knight","floor":33},{"not_picked":["Death_Knell"],"picked":"SKIP","floor":35},{"not_picked":["Negative_Energy_Javelin"],"picked":"SKIP","floor":38},{"not_picked":["Negative_Energy_Mist"],"picked":"SKIP","floor":41},{"not_picked":["Negative_Energy_Javelin"],"picked":"SKIP","floor":42},{"not_picked":["Chill_Blood"],"picked":"SKIP","floor":47},{"not_picked":["Bone_Spikes+1"],"picked":"SKIP","floor":54}],"player_experience":889726,"relics_obtained":[{"floor":7,"key":"Regal Pillow"},{"floor":9,"key":"Incense Burner"},{"floor":10,"key":"Darkstone Periapt"},{"floor":14,"key":"Vajra"},{"floor":26,"key":"HollowMod:StagPassRelic"},{"floor":29,"key":"MealTicket"},{"floor":31,"key":"Letter Opener"},{"floor":45,"key":"Thread and Needle"},{"floor":54,"key":"Kunai"}],"event_choices":[{"cards_removed":["Defend_W"],"damage_healed":0,"gold_gain":0,"player_choice":"Card Removal","damage_taken":0,"max_hp_gain":0,"max_hp_loss":0,"event_name":"The Cleric","floor":2,"gold_loss":50},{"damage_healed":0,"gold_gain":0,"player_choice":"Donut","damage_taken":0,"max_hp_gain":5,"max_hp_loss":0,"event_name":"Big Fish","floor":3,"gold_loss":0},{"damage_healed":0,"gold_gain":0,"player_choice":"Became a Ghost","damage_taken":0,"max_hp_gain":0,"max_hp_loss":40,"event_name":"Ghosts","floor":21,"gold_loss":0,"cards_obtained":["Ghostly","Ghostly","Ghostly","Ghostly","Ghostly"]},{"damage_healed":0,"gold_gain":0,"player_choice":"Simplicity","damage_taken":0,"max_hp_gain":0,"max_hp_loss":0,"event_name":"Back to Basics","floor":22,"gold_loss":0,"cards_upgraded":["Strike_W","Strike_W","Strike_W","Defend_W","Defend_W"]},{"cards_removed":["Strike_W"],"damage_healed":0,"gold_gain":0,"player_choice":"Purged","damage_taken":0,"max_hp_gain":0,"max_hp_loss":0,"event_name":"Purifier","floor":37,"gold_loss":0},{"damage_healed":0,"gold_gain":0,"player_choice":"Fight","damage_taken":0,"max_hp_gain":0,"max_hp_loss":0,"event_name":"MindBloom","floor":45,"gold_loss":0},{"damage_healed":0,"gold_gain":0,"player_choice":"Ignored","damage_taken":0,"max_hp_gain":0,"max_hp_loss":0,"event_name":"NoteForYourself","floor":46,"gold_loss":0},{"damage_healed":0,"gold_gain":0,"player_choice":"Embrace Madness","damage_taken":6,"max_hp_gain":0,"max_hp_loss":0,"event_name":"Winding Halls","floor":48,"gold_loss":0,"cards_obtained":["Madness","Madness"]}],"is_beta":false,"boss_relics":[{"not_picked":["Fusion Hammer","Black Star"],"picked":"Empty Cage"},{"not_picked":["SlaversCollar","Philosopher\u0027s Stone"],"picked":"Busted Crown"}],"items_purged_floors":[25,53],"is_endless":false,"potions_floor_spawned":[1,5,10,18,29,33,35,38,42,54],"ascension_level":1}}