{"host":"qoai0zeca0j4yswu","time":1608425615,"event":{"mods":["Act Like it!","BaseMod","Curses Come First","Hallownest","Minty Spire (QoL Compilation)","StSLib","The Servant 0.9.4"],"gold_per_floor":[359,359,359,2,2,27,45,45,45,45,56,56,90,108,108,212,262,282,192,192,92,106,136,136,150,223,223,223],"floor_reached":27,"playtime":1547,"items_purged":["Strike_G","Injury"],"score":299,"play_id":"04897fbb-fcf4-473f-8160-72fe7d61c1f9","local_time":"20201219165335","is_ascension_mode":true,"campfire_choices":[{"data":"Bouncing Flask","floor":8,"key":"SMITH"},{"data":"Wraith Form v2","floor":12,"key":"SMITH"},{"data":"Catalyst","floor":15,"key":"SMITH"},{"data":"Catalyst","floor":24,"key":"SMITH"}],"circlet_count":0,"master_deck":["Strike_G","Strike_G","Strike_G","Defend_G","Defend_G+1","Defend_G","Defend_G","Survivor","Neutralize+1","Poisoned Stab","Bouncing Flask+1","Deadly Poison+1","Wraith Form v2+1","Doppelganger","Catalyst+1","Burst","Backflip","Catalyst+1","Leg Sweep+1"],"relics":["Ring of the Snake","War Paint","Meat on the Bone","Question Card","Pantograph","Tiny House","Hallownest:StagBellRelic1","Eternal Feather","Singing Bowl","Sundial"],"acts_visited":["Exordium","Hallownest:Greenpath"],"potions_floor_usage":[27,27],"damage_taken":[{"damage":0,"enemies":"Hallownest:2_MossCreeps","floor":1,"turns":9},{"damage":11,"enemies":"Hallownest:eliteCrystalGuardian","floor":6,"turns":5},{"damage":1,"enemies":"Hallownest:2_Baldur","floor":7,"turns":4},{"damage":0,"enemies":"Hallownest:monsterHuskWarrior","floor":11,"turns":2},{"damage":12,"enemies":"Hallownest:eliteMossKnight","floor":13,"turns":5},{"damage":0,"enemies":"Hallownest:monsterFoolEater","floor":14,"turns":3},{"damage":12,"enemies":"Hallownest:BossHornet","floor":16,"turns":6},{"damage":34,"enemies":"Hallownest:Flukemon_and_Top","floor":18,"turns":8},{"damage":11,"enemies":"Hallownest:2_Mistakes","floor":22,"turns":6},{"damage":11,"enemies":"Hallownest:eliteSoulWarrior","floor":23,"turns":4},{"damage":4,"enemies":"Hallownest:Warrior_and_Youth","floor":25,"turns":6},{"damage":60,"enemies":"Hallownest:eliteWatcherKnight","floor":27,"turns":9}],"seed_played":"4537454511928178322","potions_obtained":[{"floor":6,"key":"CultistPotion"},{"floor":11,"key":"Ancient Potion"}],"is_trial":false,"path_per_floor":["M","?","?","$","?","E","M","R","T","$","M","R","E","M","R","B",null,"M","?","?","$","M","E","R","M","T","E"],"character_chosen":"THE_SILENT","items_purchased":["Bouncing Flask","Deadly Poison","War Paint"],"campfire_rested":0,"item_purchase_floors":[4,4,4],"current_hp_per_floor":[45,45,45,45,35,24,35,35,35,35,35,35,35,35,35,48,64,42,42,42,42,43,46,55,53,53,0,0],"gold":223,"neow_bonus":"TWO_FIFTY_GOLD","is_daily":false,"chose_seed":false,"campfire_upgraded":4,"win_rate":0.0,"timestamp":1608425615,"path_taken":["M","?","?","$","?","E","M","R","T","$","M","R","E","M","R","BOSS","M","?","?","$","M","E","R","M","T","E"],"items_purchased_type":["Card","Card","Relic"],"build_version":"2020-12-13","purchased_purges":2,"victory":false,"max_hp_per_floor":[70,63,63,63,63,63,63,63,63,63,63,63,63,63,63,63,68,68,68,68,68,68,70,70,72,72,72,72],"card_choices":[{"not_picked":["Riddle With Holes","Prepared"],"picked":"Poisoned Stab","floor":1},{"not_picked":["Acrobatics","Bane","Tactician"],"picked":"SKIP","floor":6},{"not_picked":["All Out Attack","Caltrops","Underhanded Strike"],"picked":"SKIP","floor":7},{"not_picked":["Setup","All Out Attack","Endless Agony"],"picked":"Wraith Form v2","floor":11},{"not_picked":["Phantasmal Killer","Underhanded Strike","Bane"],"picked":"Doppelganger","floor":13},{"not_picked":["Flying Knee","Acrobatics","Cloak And Dagger"],"picked":"Catalyst","floor":14},{"not_picked":["Adrenaline","A Thousand Cuts","Phantasmal Killer"],"picked":"Burst","floor":16},{"not_picked":["Choke","Dagger Spray","Riddle With Holes"],"picked":"Backflip","floor":17},{"not_picked":["Dash","Terror","Crippling Poison+1"],"picked":"Catalyst","floor":18},{"not_picked":["Setup+1","Escape Plan","Skewer"],"picked":"Leg Sweep+1","floor":22},{"not_picked":["Dodge and Roll+1","Predator","Malaise","Poisoned Stab"],"picked":"Singing Bowl","floor":23},{"not_picked":["Reflex","Prepared","Outmaneuver","Dodge and Roll+1"],"picked":"Singing Bowl","floor":25}],"player_experience":675740,"relics_obtained":[{"floor":6,"key":"Meat on the Bone"},{"floor":9,"key":"Question Card"},{"floor":13,"key":"Pantograph"},{"floor":23,"key":"Singing Bowl"},{"floor":26,"key":"Sundial"}],"event_choices":[],"is_beta":false,"boss_relics":[{"not_picked":["HoveringKite","WristBlade"],"picked":"Tiny House"}],"items_purged_floors":[4,21],"is_endless":false,"potions_floor_spawned":[6,11,13,16,18,22],"killed_by":"Hallownest:eliteWatcherKnight","ascension_level":6}}