{"host":"a9gsz7kv8aebwp1f","time":1608427041,"event":{"mods":["AchievementEnabler","BaseMod","Minty Spire (QoL Compilation)"],"gold_per_floor":[112,112,122,139,151,165,165,165,165,180,180,180,180,191,191,286,286,301,301,311,328,328,355,366,366,435,435,435,350,364,374,374,469,469,487,499,112,122,422,422,422],"floor_reached":40,"playtime":1394,"items_purged":[],"score":668,"play_id":"95b71b89-1bd7-4822-b579-7e4a2381928e","local_time":"20201220101721","is_ascension_mode":true,"campfire_choices":[{"data":"Dualcast","floor":7,"key":"SMITH"},{"floor":12,"key":"REST"},{"floor":15,"key":"REST"},{"floor":25,"key":"REST"},{"floor":28,"key":"REST"},{"floor":32,"key":"REST"}],"circlet_count":0,"master_deck":["AscendersBane","Strike_B+1","Strike_B+1","Strike_B+1","Strike_B+1","Defend_B+1","Defend_B+1","Defend_B+1","Defend_B+1","Zap","Dualcast+1","Defragment","Beam Cell","Coolheaded","Beam Cell","Barrage","White Noise+1","Glacier","White Noise","Electrodynamics","White Noise","Tempest","Darkness+1","Gash","Stack","Leap","Barrage","Buffer","Stack","Steam+1","Conserve Battery","Purity","Barrage"],"relics":["Cracked Core","Incense Burner","Mango","Black Star","CaptainsWheel","Pantograph","StrikeDummy","Eternal Feather","Gremlin Horn","Inserter","Letter Opener"],"acts_visited":["Exordium","TheCity","TheBeyond"],"potions_floor_usage":[23,23,31,38,38],"damage_taken":[{"damage":13,"enemies":"2 Louse","floor":1,"turns":2},{"damage":1,"enemies":"Cultist","floor":3,"turns":3},{"damage":0,"enemies":"Small Slimes","floor":4,"turns":3},{"damage":8,"enemies":"3 Louse","floor":5,"turns":3},{"damage":7,"enemies":"2 Fungi Beasts","floor":6,"turns":3},{"damage":19,"enemies":"Exordium Thugs","floor":10,"turns":5},{"damage":11,"enemies":"Looter","floor":14,"turns":3},{"damage":22,"enemies":"Slime Boss","floor":16,"turns":12},{"damage":15,"enemies":"Shell Parasite","floor":18,"turns":3},{"damage":13,"enemies":"2 Thieves","floor":20,"turns":3},{"damage":8,"enemies":"Cultist and Chosen","floor":21,"turns":6},{"damage":16,"enemies":"Book of Stabbing","floor":23,"turns":5},{"damage":3,"enemies":"Snake Plant","floor":24,"turns":6},{"damage":10,"enemies":"Centurion and Healer","floor":30,"turns":6},{"damage":25,"enemies":"Shelled Parasite and Fungi","floor":31,"turns":6},{"damage":35,"enemies":"Collector","floor":33,"turns":10},{"damage":9,"enemies":"Orb Walker","floor":35,"turns":4},{"damage":30,"enemies":"3 Shapes","floor":36,"turns":3},{"damage":39,"enemies":"Transient","floor":38,"turns":5},{"damage":29,"enemies":"Giant Head","floor":40,"turns":6}],"seed_played":"-8835558445146613902","potions_obtained":[{"floor":1,"key":"SkillPotion"},{"floor":14,"key":"DuplicationPotion"},{"floor":16,"key":"EssenceOfDarkness"},{"floor":24,"key":"SteroidPotion"},{"floor":30,"key":"SneckoOil"},{"floor":33,"key":"AttackPotion"},{"floor":35,"key":"Block Potion"},{"floor":38,"key":"Energy Potion"}],"is_trial":false,"path_per_floor":["M","?","M","M","M","M","R","?","T","M","?","R","?","M","R","B",null,"M","?","M","M","?","E","M","R","T","T","R","?","M","M","R","B",null,"M","M","$","M","?","E"],"character_chosen":"DEFECT","items_purchased":["Letter Opener","Conserve Battery","Purity"],"campfire_rested":5,"item_purchase_floors":[37,37,37],"current_hp_per_floor":[55,48,47,47,39,32,32,32,32,13,13,35,37,26,52,30,74,59,42,29,21,21,5,2,30,30,30,73,73,63,38,81,59,85,76,46,46,7,7,0,0],"gold":422,"neow_bonus":"THREE_CARDS","is_daily":false,"chose_seed":false,"campfire_upgraded":1,"win_rate":0.0,"timestamp":1608427041,"path_taken":["M","?","M","M","?","M","R","?","T","M","?","R","?","M","R","BOSS","M","?","M","M","?","E","M","R","T","?","R","?","M","M","R","BOSS","M","M","$","M","?","E"],"items_purchased_type":["Relic","Card","Card"],"build_version":"2020-12-13","purchased_purges":0,"victory":false,"max_hp_per_floor":[75,75,75,75,75,75,75,75,75,75,75,75,89,89,89,89,89,89,94,94,94,94,94,94,94,94,94,94,94,94,94,94,94,94,94,94,94,94,94,94,94],"card_choices":[{"not_picked":["Cold Snap","Go for the Eyes"],"picked":"Defragment","floor":0},{"not_picked":["Force Field","Rip and Tear"],"picked":"Beam Cell","floor":1},{"not_picked":["Go for the Eyes","Sweeping Beam"],"picked":"Coolheaded","floor":3},{"not_picked":["Cold Snap","Ball Lightning"],"picked":"Beam Cell","floor":4},{"not_picked":["Turbo","Steam Power"],"picked":"Barrage","floor":5},{"not_picked":["Tempest","Go for the Eyes"],"picked":"White Noise","floor":6},{"not_picked":["Blizzard","Stack"],"picked":"Glacier","floor":10},{"not_picked":["Ball Lightning","Compile Driver"],"picked":"White Noise","floor":14},{"not_picked":["Reboot","Hyperbeam"],"picked":"Electrodynamics","floor":16},{"not_picked":["Compile Driver","Go for the Eyes"],"picked":"White Noise","floor":18},{"not_picked":["Gash","Ball Lightning"],"picked":"Tempest","floor":20},{"not_picked":["Undo","Barrage"],"picked":"Darkness+1","floor":21},{"not_picked":["Sweeping Beam","Rip and Tear"],"picked":"Gash","floor":23},{"not_picked":["Steam","Lockon"],"picked":"Stack","floor":24},{"not_picked":["Fusion","Hologram"],"picked":"Leap","floor":30},{"not_picked":["Fission","Double Energy"],"picked":"Barrage","floor":31},{"not_picked":["Multi-Cast","Amplify"],"picked":"Buffer","floor":33},{"not_picked":["Ball Lightning","Genetic Algorithm"],"picked":"Stack","floor":35},{"not_picked":["Gash","Reprogram"],"picked":"Steam+1","floor":36},{"not_picked":["Redo","Steam Power"],"picked":"Barrage","floor":38}],"player_experience":435577,"relics_obtained":[{"floor":9,"key":"Incense Burner"},{"floor":23,"key":"CaptainsWheel"},{"floor":23,"key":"Pantograph"},{"floor":26,"key":"StrikeDummy"},{"floor":27,"key":"Eternal Feather"}],"event_choices":[{"damage_healed":0,"gold_gain":0,"player_choice":"Damaged","damage_taken":7,"max_hp_gain":0,"max_hp_loss":0,"event_name":"Wheel of Change","floor":2,"gold_loss":0},{"damage_healed":0,"gold_gain":0,"player_choice":"Ignored","damage_taken":0,"max_hp_gain":0,"max_hp_loss":0,"event_name":"Golden Wing","floor":8,"gold_loss":0},{"damage_healed":0,"gold_gain":0,"player_choice":"Grow","damage_taken":0,"max_hp_gain":0,"max_hp_loss":0,"event_name":"Living Wall","floor":11,"gold_loss":0,"cards_upgraded":["White Noise"]},{"damage_healed":0,"gold_gain":0,"player_choice":"Success","damage_taken":12,"relics_obtained":["Mango"],"max_hp_gain":0,"max_hp_loss":0,"event_name":"Scrap Ooze","floor":13,"gold_loss":0},{"damage_healed":0,"gold_gain":0,"player_choice":"Shed Blood","damage_taken":22,"max_hp_gain":5,"max_hp_loss":0,"event_name":"Forgotten Altar","floor":19,"gold_loss":0},{"damage_healed":0,"gold_gain":0,"player_choice":"Simplicity","damage_taken":0,"max_hp_gain":0,"max_hp_loss":0,"event_name":"Back to Basics","floor":22,"gold_loss":0,"cards_upgraded":["Strike_B","Strike_B","Strike_B","Strike_B","Defend_B","Defend_B","Defend_B","Defend_B"]},{"damage_healed":0,"gold_gain":0,"player_choice":"Obtained Relic","damage_taken":0,"relics_obtained":["Gremlin Horn"],"max_hp_gain":0,"max_hp_loss":0,"event_name":"Addict","floor":29,"gold_loss":85},{"damage_healed":0,"gold_gain":300,"player_choice":"Gold","damage_taken":0,"max_hp_gain":0,"max_hp_loss":0,"event_name":"Wheel of Change","floor":39,"gold_loss":0}],"is_beta":false,"boss_relics":[{"not_picked":["Tiny House","Snecko Eye"],"picked":"Black Star"},{"not_picked":["Empty Cage","Cursed Key"],"picked":"Inserter"}],"items_purged_floors":[],"is_endless":false,"potions_floor_spawned":[1,14,16,20,24,30,33,35,38],"killed_by":"Giant Head","ascension_level":12}}