{"host":"g8sjq9ki9zl67elp","time":1608429920,"event":{"mods":["BaseMod","Colored Map","Highlight Path","Hubris","Infinite Spire","Mimic Mod","Minty Spire (QoL Compilation)","Replay The Spire","StSLib","everything is the same but u backflip on backflip"],"gold_per_floor":[116,136,136,56,73,73,34,34,34,34,60,60,85,85,85,180,180,200,200,215,215],"floor_reached":20,"playtime":1555,"items_purged":[],"score":189,"play_id":"b626c103-e0b9-4187-8d4c-85c5a63ae717","local_time":"20201219180520","is_ascension_mode":true,"campfire_choices":[{"data":"Whirlwind","floor":6,"key":"SMITH"},{"data":"Sever Soul","floor":10,"key":"SMITH"},{"data":"Bash","floor":12,"key":"SMITH"}],"circlet_count":0,"master_deck":["Strike_R","Strike_R","Strike_R","Strike_R","Strike_R","Defend_R","Defend_R","Defend_R","Defend_R","Bash","Bash+1","Whirlwind+1","Sever Soul+1","Battle Trance","Shrug It Off+1","Demon Form","Disarm"],"relics":["Burning Blood","Durian","Red Skull","Strawberry","The Courier","Ring of Chaos"],"acts_visited":["Exordium","TheCity"],"potions_floor_usage":[16,20],"damage_taken":[{"damage":0,"enemies":"2 Louse","floor":1,"turns":3},{"damage":0,"enemies":"Small Slimes","floor":2,"turns":4},{"damage":10,"enemies":"Jaw Worm","floor":5,"turns":4},{"damage":42,"enemies":"3 Sentries","floor":11,"turns":10},{"damage":10,"enemies":"Replay:BlueRogue","floor":13,"turns":4},{"damage":17,"enemies":"Slime Boss","floor":16,"turns":8},{"damage":46,"enemies":"Spheric Guardian","floor":18,"turns":7},{"damage":5,"enemies":"Chosen","floor":20,"turns":6}],"seed_played":"6247493471608702712","potions_obtained":[{"floor":13,"key":"LiquidMemories"},{"floor":18,"key":"Regen Potion"}],"is_trial":false,"path_per_floor":["M","M","?","$","M","R","$","?","T","R","E","R","E","$","R_BF","B",null,"M","?","M"],"character_chosen":"IRONCLAD","items_purchased":["Whirlwind","Sever Soul"],"campfire_rested":0,"item_purchase_floors":[4,7],"current_hp_per_floor":[85,85,85,85,81,81,81,81,81,81,52,52,48,48,75,64,92,52,52,62,62],"gold":215,"neow_bonus":"ONE_RARE_RELIC","is_daily":false,"chose_seed":false,"campfire_upgraded":3,"win_rate":0.0,"timestamp":1608429920,"path_taken":["M","M","?","$","M","R","$","?","T","R","E","R","E","?","R_BF","BOSS","M","?","M"],"items_purchased_type":["Card","Card"],"build_version":"2020-12-13","purchased_purges":0,"victory":false,"max_hp_per_floor":[85,85,85,85,85,85,85,85,85,85,92,92,92,92,92,92,92,92,92,92,92],"card_choices":[{"not_picked":["Thunderclap","Rage","Power Through"],"picked":"SKIP","floor":1},{"not_picked":["Sword Boomerang","Clothesline","Warcry"],"picked":"SKIP","floor":2},{"not_picked":["Power Through","Perfected Strike","ReplayReversal"],"picked":"SKIP","floor":5},{"not_picked":["Thunderclap","hubris:ReadiedAction","Battle Trance"],"picked":"SKIP","floor":11},{"not_picked":["Thunderclap","hubris:ReadiedAction"],"picked":"Battle Trance","floor":11},{"not_picked":["Havoc","Intimidate"],"picked":"Shrug It Off","floor":13},{"not_picked":["Demonic Infusion","Impervious"],"picked":"Demon Form","floor":16},{"not_picked":["Run Through","Body Slam+1"],"picked":"Disarm","floor":18}],"player_experience":164448,"relics_obtained":[{"floor":9,"key":"Red Skull"},{"floor":11,"key":"Strawberry"},{"floor":13,"key":"The Courier"}],"event_choices":[{"damage_healed":0,"gold_gain":0,"player_choice":"Ignored","damage_taken":0,"max_hp_gain":0,"max_hp_loss":0,"event_name":"Vampires","floor":19,"gold_loss":0}],"is_beta":false,"boss_relics":[{"not_picked":["Astrolabe","Velvet Choker"],"picked":"Ring of Chaos"}],"items_purged_floors":[],"is_endless":false,"potions_floor_spawned":[13,18],"killed_by":"Chosen","ascension_level":1}}