{"host":"qzcrkuyonb3ec1ca","time":1608496724,"event":{"mods":["BaseMod","Better Third Choice","Colored Powertips","Downfall","Koishi","Marisa????????","Minty Spire (QoL Compilation)","Quick Restart","Relic Stats","Spicy Shops","StSLib","The Animator","The Cursed","The Hierophant","The Servant 0.9.4","Uncapped"],"gold_per_floor":[99,127,127,138,5,5,5,180,180,213,232,13,25,61,72,72,72],"floor_reached":16,"playtime":1719,"items_purged":["Doubt"],"score":110,"play_id":"e3a1c2b7-9e4e-4752-a50c-f764c442c532","local_time":"20201220143844","is_ascension_mode":false,"campfire_choices":[{"data":"Slimebound:Split","floor":1,"key":"SMITH"},{"floor":6,"key":"REST"}],"circlet_count":0,"master_deck":["Slimebound:Strike_Slimebound","Slimebound:Strike_Slimebound","Slimebound:Tackle","Slimebound:Defend_Slimebound","Slimebound:Defend_Slimebound","Slimebound:Defend_Slimebound","Slimebound:Split+1","Slimebound:CorrosiveSpit","Slimebound:Equalize","Slimebound:HauntingLick","Slimebound:PressTheAttack","Decay","Slimebound:LeadByExample","Slimebound:PressTheAttack","Slimebound:SlimeSpikes","Slimebound:LeechEnergy","Metamorphosis","Slimebound:SpikyOuterGoop","Slimebound:FirmFortitude","Slimebound:Dissolve"],"relics":["Slimebound:AbsorbEndCombat","Matryoshka","Membership Card","Toolbox","Ancient Tea Set","Slimebound:GreedOozeRelic","Bottled Flame","Lantern"],"acts_visited":["Exordium"],"potions_floor_usage":[10,10,10,14,16,16],"damage_taken":[{"damage":45,"enemies":"3 Sentries","floor":2,"turns":7},{"damage":14,"enemies":"2 Louse","floor":4,"turns":3},{"damage":18,"enemies":"downfall:FleeingMerchant","floor":5,"turns":4},{"damage":31,"enemies":"Gremlin Nob","floor":10,"turns":3},{"damage":0,"enemies":"Small Slimes","floor":11,"turns":2},{"damage":28,"enemies":"downfall:FleeingMerchant","floor":12,"turns":4},{"damage":18,"enemies":"Jaw Worm","floor":13,"turns":3},{"damage":14,"enemies":"Lots of Slimes","floor":14,"turns":3},{"damage":0,"enemies":"3 Louse","floor":15,"turns":2},{"damage":22,"enemies":"downfall:Ironclad","floor":16,"turns":2}],"seed_played":"-476668737497601875","potions_obtained":[{"floor":4,"key":"EntropicBrew"},{"floor":10,"key":"Dexterity Potion"},{"floor":11,"key":"Block Potion"},{"floor":13,"key":"SpeedPotion"},{"floor":14,"key":"CultistPotion"}],"is_trial":false,"path_per_floor":["R","E","?","M","$","R","T","?","?","E","M","$","M","M","M","B"],"character_chosen":"SLIMEBOUND","items_purchased":["Membership Card","Slimebound:LeadByExample","Toolbox","Lantern","Metamorphosis"],"campfire_rested":1,"item_purchase_floors":[5,5,5,12,12],"current_hp_per_floor":[60,27,27,23,25,43,43,43,43,32,34,24,16,16,20,0,0],"gold":72,"neow_bonus":"REMOVE_CARD","is_daily":false,"chose_seed":false,"campfire_upgraded":1,"win_rate":0.0,"timestamp":1608496724,"path_taken":["R","E","?","M","$","R","T","?","?","E","M","?","?","M","M","BOSS"],"items_purchased_type":["Relic","Card","Relic","Relic","Card"],"build_version":"2020-12-13","purchased_purges":1,"victory":false,"max_hp_per_floor":[60,60,60,60,60,60,60,60,60,60,60,60,60,60,60,60,60],"relic_stats":{"counters":[10,30],"obtain_stats":[{"Slimebound:GreedOozeRelic":9,"Bottled Flame":10,"Lantern":12,"Matryoshka":2,"Toolbox":5,"Slimebound:AbsorbEndCombat":0,"Membership Card":5,"Ancient Tea Set":7},{"Slimebound:GreedOozeRelic":3,"Bottled Flame":4,"Lantern":6,"Matryoshka":1,"Toolbox":3,"Slimebound:AbsorbEndCombat":0,"Membership Card":3,"Ancient Tea Set":3},{"Slimebound:GreedOozeRelic":13,"Bottled Flame":16,"Lantern":22,"Matryoshka":7,"Toolbox":13,"Slimebound:AbsorbEndCombat":0,"Membership Card":13,"Ancient Tea Set":13}]},"card_choices":[{"not_picked":["Slimebound:FormOfPuddle","Slimebound:SplitAcid"],"picked":"Slimebound:Equalize","floor":2},{"not_picked":["Slimebound:FinishingTackle","Slimebound:RollThrough"],"picked":"Slimebound:HauntingLick","floor":4},{"not_picked":["Slimebound:ForwardTackle","Slimebound:FinishingTackle"],"picked":"Slimebound:PressTheAttack","floor":5},{"not_picked":["Slimebound:FinishingTackle","Slimebound:BestDefense"],"picked":"Slimebound:PressTheAttack","floor":10},{"not_picked":["Slimebound:ForwardTackle","Slimebound:LeechingTouch"],"picked":"Slimebound:SlimeSpikes","floor":11},{"not_picked":["Slimebound:MegaLick","Slimebound:RollThrough"],"picked":"Slimebound:LeechEnergy","floor":12},{"not_picked":["Slimebound:SplitBruiser","Slimebound:Schlurp"],"picked":"Slimebound:SpikyOuterGoop","floor":13},{"not_picked":["Slimebound:SplitMire","Slimebound:MassFeed"],"picked":"Slimebound:FirmFortitude","floor":14},{"not_picked":["Slimebound:GrowthPunch","Slimebound:SplitAcid"],"picked":"Slimebound:Dissolve","floor":15}],"player_experience":45307,"relics_obtained":[{"floor":2,"key":"Matryoshka"},{"floor":7,"key":"Ancient Tea Set"},{"floor":10,"key":"Bottled Flame"}],"event_choices":[],"is_beta":false,"boss_relics":[],"items_purged_floors":[12],"is_endless":false,"potions_floor_spawned":[4,10,11,13,14],"killed_by":"downfall:Ironclad","ascension_level":0}}