{"host":"hemshb5b6cie9gjx","time":1608503177,"event":{"mods":["BaseMod","Better Note","Better Third Choice","Better Vampires","BetterRewards","Colored Map","Colored Powertips","DeckTracker","Googly Eyes","Infinite Spire","Minty Spire (QoL Compilation)","Permanent Neow","Relic Stats","Replay The Spire","StSLib","SuperFastMode","Uncapped","slay the spire mod where everything is the same but ironclad has a cowboy hat"],"gold_per_floor":[115,127,127,0,13,13,26,38,38,67,77,91,91,140,140,245,295,314,314,274,274,288,288,288],"floor_reached":23,"playtime":760,"items_purged":[],"score":203,"play_id":"f3ddab62-fea9-4bef-b5aa-97b8e89cd214","local_time":"20201221092617","is_ascension_mode":false,"campfire_choices":[{"floor":6,"key":"REST"},{"floor":15,"key":"REST"}],"circlet_count":0,"master_deck":["Strike_B","Strike_B","Strike_B","Defend_B","Defend_B","Defend_B","Defend_B","Zap","Dualcast+1","Loop","ReplayTheSpireMod:Repulse+1","Sunder+1","Enlightenment","Conserve Battery","FIFO Queue","White Noise","Cold Snap","Capacitor","Barrage+1","Hologram+1","Fusion","Zap","Go for the Eyes+1","ReplayRNGCard"],"relics":["Fusion Hammer","Blue Doll","Juzu Bracelet","infinitespire:Cubic Diamond","Tiny House","Prayer Wheel","Nloth\u0027s Gift"],"acts_visited":["Exordium","TheCity"],"potions_floor_usage":[14,16,18],"damage_taken":[{"damage":0,"enemies":"2 Louse","floor":1,"turns":2},{"damage":5,"enemies":"Small Slimes","floor":2,"turns":3},{"damage":6,"enemies":"Jaw Worm","floor":5,"turns":2},{"damage":8,"enemies":"2 Fungi Beasts","floor":7,"turns":3},{"damage":8,"enemies":"Looter","floor":8,"turns":3},{"damage":9,"enemies":"Replay:BlueRogue","floor":10,"turns":5},{"damage":0,"enemies":"3 Louse","floor":11,"turns":3},{"damage":6,"enemies":"Red Slaver","floor":12,"turns":3},{"damage":20,"enemies":"3 Sentries","floor":14,"turns":6},{"damage":47,"enemies":"Slime Boss","floor":16,"turns":12},{"damage":62,"enemies":"3 Byrds","floor":18,"turns":8},{"damage":11,"enemies":"Chosen","floor":22,"turns":7},{"damage":13,"enemies":"Replay:Snechameleon","floor":23,"turns":6}],"seed_played":"2533131009953850916","potions_obtained":[{"floor":2,"key":"Weak Potion"},{"floor":5,"key":"Energy Potion"},{"floor":11,"key":"ColorlessPotion"},{"floor":16,"key":"FearPotion"},{"floor":17,"key":"FearPotion"}],"is_trial":false,"path_per_floor":["M","M","?","?","M","R","M","M","T","E","M","M","?","E","R","B",null,"M","?","?","?","M","E"],"character_chosen":"DEFECT","items_purchased":[],"campfire_rested":2,"item_purchase_floors":[],"current_hp_per_floor":[75,70,70,76,70,81,73,65,65,56,56,50,50,30,54,7,86,24,24,24,24,13,0,0],"gold":288,"neow_bonus":"BOSS_RELIC","is_daily":false,"chose_seed":false,"campfire_upgraded":0,"win_rate":0.0,"timestamp":1608503177,"path_taken":["M","M","?","?","M","R","M","M","T","E","M","M","?","E","R","BOSS","M","?","?","?","M","E"],"items_purchased_type":[],"build_version":"2020-12-13","purchased_purges":0,"victory":false,"max_hp_per_floor":[75,75,75,81,81,81,81,81,81,81,81,81,81,81,81,81,86,86,86,86,86,86,86,86],"relic_stats":{"counters":[13,63],"Prayer Wheel":2,"Juzu Bracelet":0,"Nloth\u0027s Gift":0,"obtain_stats":[{"Tiny House":17,"Blue Doll":9,"Prayer Wheel":18,"Fusion Hammer":0,"infinitespire:Cubic Diamond":13,"infinitespire:FocusingShard":14,"Juzu Bracelet":10,"Nloth\u0027s Gift":21,"Cracked Core":0},{"Tiny House":10,"Blue Doll":5,"Prayer Wheel":11,"Fusion Hammer":0,"infinitespire:Cubic Diamond":8,"infinitespire:FocusingShard":9,"Juzu Bracelet":6,"Nloth\u0027s Gift":11,"Cracked Core":0},{"Tiny House":42,"Blue Doll":13,"Prayer Wheel":48,"Fusion Hammer":0,"infinitespire:Cubic Diamond":24,"infinitespire:FocusingShard":30,"Juzu Bracelet":18,"Nloth\u0027s Gift":50,"Cracked Core":0}]},"card_choices":[{"not_picked":["Sweeping Beam","Compile Driver"],"picked":"Loop","floor":1},{"not_picked":["Blizzard","Streamline"],"picked":"ReplayTheSpireMod:Repulse","floor":2},{"not_picked":["Rip and Tear","All For One","Panic Button"],"picked":"SKIP","floor":5},{"not_picked":["Recycle","ReplayTheSpireMod:GoodbyeWorld"],"picked":"Conserve Battery","floor":7},{"not_picked":["Turbo","Storm","Panic Button"],"picked":"SKIP","floor":8},{"not_picked":["Heatsinks","Time Bomb"],"picked":"FIFO Queue","floor":10},{"not_picked":["Barrage","ReplaySort"],"picked":"White Noise","floor":11},{"not_picked":["Rebound","Leap"],"picked":"Cold Snap","floor":12},{"not_picked":["Beam Cell","Loop"],"picked":"Capacitor","floor":14},{"not_picked":["Biased Cognition","Reboot"],"picked":"ReplayTheSpireMod:Fabricate Wheel","floor":16},{"not_picked":["BootSequence","Steam Power"],"picked":"Barrage","floor":17},{"not_picked":["Leap","ReplayTheSpireMod:Calculation Training"],"picked":"Hologram+1","floor":18},{"not_picked":["Ball Lightning+1","Auto Shields+1"],"picked":"Fusion","floor":18},{"not_picked":["Glacier+1","Gash"],"picked":"Go for the Eyes+1","floor":22},{"not_picked":["Rebound","Gash"],"picked":"ReplayRNGCard","floor":22}],"player_experience":452767,"relics_obtained":[{"floor":9,"key":"Blue Doll"},{"floor":10,"key":"Juzu Bracelet"},{"floor":14,"key":"infinitespire:FocusingShard"}],"event_choices":[{"damage_healed":0,"gold_gain":0,"player_choice":"RENOUNCE","damage_taken":127,"max_hp_gain":0,"max_hp_loss":0,"event_name":"betterThird:BetterSerpent","floor":4,"gold_loss":127,"cards_obtained":["Enlightenment"]},{"damage_healed":0,"gold_gain":0,"player_choice":"1 cards matched","damage_taken":0,"max_hp_gain":0,"max_hp_loss":0,"event_name":"Match and Keep!","floor":19,"gold_loss":0,"cards_obtained":["Zap"]},{"damage_healed":0,"gold_gain":0,"player_choice":"Upgraded Two","damage_taken":0,"max_hp_gain":0,"max_hp_loss":0,"event_name":"Designer","floor":20,"gold_loss":40,"cards_upgraded":["ReplayTheSpireMod:Repulse","Barrage"]},{"damage_healed":0,"gold_gain":0,"player_choice":"Traded Relic","damage_taken":0,"relics_obtained":["Nloth\u0027s Gift"],"max_hp_gain":0,"max_hp_loss":0,"event_name":"N\u0027loth","floor":21,"relics_lost":["infinitespire:FocusingShard"],"gold_loss":0}],"is_beta":false,"boss_relics":[{"not_picked":["Abe\u0027s Treasure","infinitespire:Cupcake"],"picked":"Tiny House"}],"items_purged_floors":[],"is_endless":false,"potions_floor_spawned":[2,5,11,12,16],"killed_by":"Replay:Snechameleon","ascension_level":0}}