{"host":"hione0pk5ff35p8e","time":1608493377,"event":{"mods":["AchievementEnabler","Aspiration","Bard","BaseMod","Beaked The Cultist","Better Altar","Better Match","Better Note","Better Sensory Stone","Better Skull","Better Third Choice","BetterRewards","CCEM","Clawfect","Colored Map","Conspire","Downfall","GifTheSpireLib","Googly Eyes","Halation","Hermit","Highlight Path","Hubris","Hunter ??","Jedi Mod","Jorbs\u0027s Wanderer Trilogy","Mad Scientist","Marisa????????","Mimic Mod","Minty Spire (QoL Compilation)","Permanent Neow","Rare Cards Sparkle","Replay The Spire","Shade Mod","Shop Mod","Spicy Shops","StSLib","Stuff the Spire","Td1madao Mod","The Administrix","The Blackbeard","The Bug Knight","The Construct","The Cursed","The Disciple","The Gatherer","The Hierophant","The IronCluck","The Jungle","The Mystic","The Necromancer","The Problem Sleuth","The Runesmith","The Servant 0.9.4","The Spell Scribe","The Wild Card","The Witch","Unceasing Turn Reminder","everything is the same but u backflip on backflip","slay the spire mod where everything is the same but ironclad has a cowboy hat"],"gold_per_floor":[110,120,120,120,140,140,160,160,187,187,187,199,263,263,263,263,263],"floor_reached":16,"playtime":588,"items_purged":[],"score":90,"play_id":"2357d002-da0d-49ce-813c-5ff584b0f525","local_time":"20201220204257","is_ascension_mode":false,"campfire_choices":[{"data":"Apotheosis","floor":6,"key":"SMITH"},{"floor":11,"key":"REST"},{"data":"StuffTheSpire:FinalStruggle","floor":15,"key":"SMITH"}],"circlet_count":0,"master_deck":["construct:Strike_Gold","construct:Strike_Gold","construct:Strike_Gold","construct:Strike_Gold","construct:Strike_Gold","construct:Defend_Gold","construct:Defend_Gold","construct:Defend_Gold","construct:Defend_Gold","construct:AttackMode","construct:DefenseMode","hermit:Covet","Apotheosis+1","construct:FierceBash","construct:Zapper","construct:GuardCore","ReplayTheSpireMod:Splinters","construct:BatteryAcid","Predator","ReplayTheSpireMod:Speed Training","StuffTheSpire:FinalStruggle+1"],"relics":["construct:Cogwheel","Ring of Searing","ReplayTheSpireMod:Ring of Sloth","hubris:SphereOfDissonance","Juzu Bracelet","jedi:cryingmask","Bag of Preparation"],"acts_visited":["Exordium"],"potions_floor_usage":[7,16,16,16],"damage_taken":[{"damage":8,"enemies":"Jaw Worm","floor":1,"turns":4},{"damage":9,"enemies":"Cultist","floor":2,"turns":4},{"damage":0,"enemies":"Small Slimes","floor":5,"turns":2},{"damage":4,"enemies":"2 Fungi Beasts","floor":7,"turns":3},{"damage":2,"enemies":"Blue Slaver","floor":12,"turns":2},{"damage":67,"enemies":"Fading Forest","floor":16,"turns":8}],"seed_played":"6722156716564701383","potions_obtained":[{"floor":2,"key":"Swift Potion"},{"floor":5,"key":"FearPotion"},{"floor":12,"key":"Toxic Potion"},{"floor":13,"key":"Flashbang"}],"is_trial":false,"path_per_floor":["M","M","?","?","M","R","M","$","T","?","R","M","?","?","R","B"],"character_chosen":"THE_CONSTRUCT_MOD","items_purchased":["hubris:SphereOfDissonance","Juzu Bracelet"],"campfire_rested":1,"item_purchase_floors":[8,8],"current_hp_per_floor":[77,68,68,61,61,61,57,31,31,26,51,49,52,55,55,0,0],"gold":263,"neow_bonus":"RANDOM_COLORLESS_2","is_daily":false,"chose_seed":false,"campfire_upgraded":2,"win_rate":0.0,"timestamp":1608493377,"path_taken":["M","M","?","?","M","R","?","?","T","?","R","M","?","?","R","BOSS"],"items_purchased_type":["Relic","Relic"],"build_version":"2020-12-13","purchased_purges":0,"victory":false,"max_hp_per_floor":[85,85,85,85,85,85,85,85,85,85,85,85,85,85,85,85,85],"card_choices":[{"not_picked":["Poisoned Strike","Master of Strategy"],"picked":"Apotheosis","floor":0},{"not_picked":["construct:Synchronize","construct:Anticipate"],"picked":"construct:FocusedBeam","floor":1},{"not_picked":["construct:Hazardproof","construct:SaveState"],"picked":"construct:FierceBash","floor":2},{"not_picked":["construct:FlakBarrage","construct:Backfire","construct:Construct_Overclock"],"picked":"SKIP","floor":5},{"not_picked":["construct:Tumble","construct:Boost"],"picked":"construct:Zapper","floor":7},{"not_picked":["construct:Boost","construct:CriticalHit"],"picked":"construct:GuardCore","floor":12},{"not_picked":["construct:PowerUp","construct:ShiftStrike"],"picked":"construct:BatteryAcid","floor":13}],"player_experience":7102,"relics_obtained":[{"floor":3,"key":"Ring of Searing"},{"floor":3,"key":"ReplayTheSpireMod:Ring of Sloth"},{"floor":9,"key":"jedi:cryingmask"},{"floor":13,"key":"Bag of Preparation"}],"event_choices":[{"cards_removed":["Delirium"],"damage_healed":0,"gold_gain":0,"player_choice":"Card Removal","damage_taken":7,"max_hp_gain":0,"max_hp_loss":0,"event_name":"Golden Wing","floor":4,"gold_loss":0},{"damage_healed":0,"gold_gain":0,"player_choice":"Damaged","damage_taken":8,"max_hp_gain":0,"max_hp_loss":0,"event_name":"Wheel of Change","floor":10,"gold_loss":0}],"is_beta":false,"boss_relics":[],"items_purged_floors":[],"is_endless":false,"potions_floor_spawned":[2,5,12],"killed_by":"Fading Forest","ascension_level":0}}