{"host":"sav7uxregyirlf69","time":1608431287,"event":{"mods":["AchievementEnabler","BaseMod","Colored Map","DeckTracker","Keyboard Shortcuts","Minty Spire (QoL Compilation)","READ ME - Guardian Mod","StSLib","SuperFastMode"],"gold_per_floor":[109,9,25,37,37,37,37,37,63,63,83,83,116,132,132,221,221,239,239,254,274,199,237,237,237,237,268,268,10,10,20,20,96,96,107,107,124,137,137,166,166,184,266,266,284,284,339,367,367,367,367,367],"floor_reached":51,"playtime":1337,"items_purged":["Injury"],"score":1586,"play_id":"131656ea-5a9c-4440-94be-9944fef18328","local_time":"20201220112807","is_ascension_mode":true,"campfire_choices":[{"data":"Bludgeon","floor":6,"key":"SMITH"},{"data":"Seeing Red","floor":8,"key":"SMITH"},{"data":"Fire Breathing","floor":15,"key":"SMITH"},{"data":"Corruption","floor":24,"key":"SMITH"},{"data":"Offering","floor":32,"key":"SMITH"},{"data":"Armaments","floor":44,"key":"SMITH"},{"floor":49,"key":"RECALL"}],"circlet_count":0,"master_deck":["AscendersBane","Bash","Bludgeon+1","Wild Strike","Warcry","Fire Breathing+1","Seeing Red+1","Impervious","Corruption+1","Blood for Blood","Cleave","Dropkick","Armaments+1","Reaper","Dropkick","Reaper","Shrug It Off","Battle Trance","Rage","Feel No Pain+1","Offering+1","Shrug It Off","Barricade+1","Shrug It Off+1","Shrug It Off+1","Shockwave","Corruption+1","Flame Barrier+1","Finesse","Purity","True Grit+1","Warcry"],"relics":["Burning Blood","Bloody Idol","Omamori","Meat on the Bone","Pandora\u0027s Box","WarpedTongs","Mango","MutagenicStrength","Frozen Egg 2","Bag of Marbles","Cursed Key","HornCleat","TungstenRod","Anchor"],"acts_visited":["Exordium","TheCity","TheBeyond"],"potions_floor_usage":[16,16,16,21,21,21,23,27,33,45,48,50,51],"damage_taken":[{"damage":9,"enemies":"Jaw Worm","floor":1,"turns":3},{"damage":0,"enemies":"Small Slimes","floor":3,"turns":2},{"damage":1,"enemies":"Cultist","floor":4,"turns":3},{"damage":14,"enemies":"3 Louse","floor":11,"turns":3},{"damage":25,"enemies":"3 Sentries","floor":13,"turns":5},{"damage":15,"enemies":"Gremlin Gang","floor":14,"turns":6},{"damage":0,"enemies":"Slime Boss","floor":16,"turns":5},{"damage":25,"enemies":"Spheric Guardian","floor":18,"turns":4},{"damage":41,"enemies":"Shell Parasite","floor":20,"turns":5},{"damage":11,"enemies":"Snake Plant","floor":21,"turns":4},{"damage":62,"enemies":"Slavers","floor":23,"turns":5},{"damage":42,"enemies":"Book of Stabbing","floor":27,"turns":5},{"damage":22,"enemies":"3 Cultists","floor":31,"turns":5},{"damage":54,"enemies":"Collector","floor":33,"turns":7},{"damage":39,"enemies":"3 Darklings","floor":35,"turns":5},{"damage":7,"enemies":"3 Shapes","floor":37,"turns":5},{"damage":47,"enemies":"Spire Growth","floor":38,"turns":5},{"damage":64,"enemies":"Giant Head","floor":40,"turns":8},{"damage":15,"enemies":"Transient","floor":42,"turns":6},{"damage":16,"enemies":"3 Darklings","floor":45,"turns":4},{"damage":25,"enemies":"2 Orb Walkers","floor":47,"turns":6},{"damage":19,"enemies":"Nemesis","floor":48,"turns":7},{"damage":60,"enemies":"Donu and Deca","floor":50,"turns":10},{"damage":60,"enemies":"Awakened One","floor":51,"turns":3}],"seed_played":"-516550006990760253","potions_obtained":[{"floor":3,"key":"LiquidBronze"},{"floor":11,"key":"EntropicBrew"},{"floor":13,"key":"HeartOfIron"},{"floor":18,"key":"EntropicBrew"},{"floor":23,"key":"EssenceOfSteel"},{"floor":31,"key":"PowerPotion"},{"floor":33,"key":"Fire Potion"},{"floor":35,"key":"Ancient Potion"},{"floor":45,"key":"BloodPotion"},{"floor":47,"key":"Swift Potion"},{"floor":48,"key":"HeartOfIron"}],"is_trial":false,"path_per_floor":["M","$","M","M","?","R","?","R","T","$","M","$","E","M","R","B",null,"M","?","M","M","?","E","R","?","T","E","?","$","?","M","R","B",null,"M","?","M","M","?","E","?","M","T","R","M","?","?","E","R","B","B"],"character_chosen":"IRONCLAD","items_purchased":["Warcry","Feel No Pain+1","Offering"],"campfire_rested":0,"item_purchase_floors":[2,29,29],"current_hp_per_floor":[65,65,71,75,49,49,49,49,49,49,41,41,22,25,25,43,67,48,48,30,43,43,33,33,33,33,20,20,20,20,48,48,43,78,66,66,89,59,59,43,43,62,67,67,80,70,77,85,85,52,0,0],"gold":367,"neow_bonus":"THREE_RARE_CARDS","is_daily":false,"chose_seed":false,"campfire_upgraded":6,"win_rate":0.0,"timestamp":1608431287,"path_taken":["M","$","M","M","?","R","?","R","T","$","?","$","E","M","R","BOSS","M","?","?","M","?","E","R","?","T","E","?","$","?","M","R","BOSS","M","?","M","M","?","E","?","?","T","R","M","?","?","E","R","BOSS","BOSS"],"items_purchased_type":["Card","Card","Card"],"build_version":"2020-12-13","purchased_purges":1,"victory":false,"max_hp_per_floor":[75,75,75,75,75,75,75,75,75,75,75,75,75,75,75,75,75,75,75,75,75,75,89,89,89,89,89,89,89,89,89,89,89,89,89,89,89,89,85,85,85,85,85,85,85,85,85,85,85,85,85,85],"card_choices":[{"not_picked":["Exhume","Offering"],"picked":"Bludgeon","floor":0},{"not_picked":["Pommel Strike","Perfected Strike"],"picked":"Wild Strike","floor":1},{"not_picked":["Clash","True Grit","Pommel Strike"],"picked":"SKIP","floor":3},{"not_picked":["Clothesline","Combust"],"picked":"Fire Breathing","floor":4},{"not_picked":["Sever Soul","Infernal Blade","Flex"],"picked":"SKIP","floor":11},{"not_picked":["Cleave","Twin Strike","Warcry"],"picked":"SKIP","floor":13},{"not_picked":["Rage","Twin Strike"],"picked":"Impervious","floor":14},{"not_picked":["Feed","Demon Form"],"picked":"Corruption","floor":16},{"not_picked":["Whirlwind+1","Dual Wield","Wild Strike"],"picked":"SKIP","floor":18},{"not_picked":["Clothesline","Cleave"],"picked":"Battle Trance","floor":20},{"not_picked":["Metallicize","Fire Breathing","Blood for Blood"],"picked":"SKIP","floor":21},{"not_picked":["Body Slam","Wild Strike","Anger"],"picked":"SKIP","floor":23},{"not_picked":["Armaments","Rage","Searing Blow"],"picked":"SKIP","floor":27},{"not_picked":["Armaments","Searing Blow"],"picked":"Rage","floor":27},{"not_picked":["Uppercut","Heavy Blade"],"picked":"Shrug It Off","floor":31},{"not_picked":["Immolate","Bludgeon"],"picked":"Barricade+1","floor":33},{"not_picked":["Havoc+1","Wild Strike","Searing Blow"],"picked":"SKIP","floor":35},{"not_picked":["Havoc","Twin Strike"],"picked":"Shrug It Off+1","floor":37},{"not_picked":["Exhume","Intimidate"],"picked":"Shrug It Off+1","floor":38},{"not_picked":["Anger","Flex"],"picked":"Shockwave","floor":40},{"not_picked":["Pommel Strike","Flex","Clash+1"],"picked":"SKIP","floor":42},{"not_picked":["Corruption+1","Shockwave"],"picked":"Flame Barrier+1","floor":45},{"not_picked":["Panacea","Dramatic Entrance"],"picked":"Finesse","floor":46},{"not_picked":["Discovery","PanicButton"],"picked":"Purity","floor":46},{"not_picked":["Pommel Strike","Perfected Strike"],"picked":"True Grit+1","floor":47},{"not_picked":["Sever Soul+1","Havoc"],"picked":"Warcry","floor":48}],"player_experience":960748,"relics_obtained":[{"floor":9,"key":"Omamori"},{"floor":13,"key":"Meat on the Bone"},{"floor":23,"key":"Mango"},{"floor":26,"key":"Frozen Egg 2"},{"floor":27,"key":"Bag of Marbles"},{"floor":40,"key":"HornCleat"},{"floor":47,"key":"TungstenRod"},{"floor":48,"key":"Anchor"}],"event_choices":[{"damage_healed":0,"gold_gain":0,"player_choice":"Take Damage","damage_taken":26,"relics_obtained":["Golden Idol"],"max_hp_gain":0,"max_hp_loss":0,"event_name":"Golden Idol","floor":5,"gold_loss":0},{"damage_healed":0,"gold_gain":0,"player_choice":"2 cards matched","damage_taken":0,"max_hp_gain":0,"max_hp_loss":0,"event_name":"Match and Keep!","floor":7,"gold_loss":0,"cards_obtained":["Seeing Red","Clumsy"]},{"damage_healed":0,"gold_gain":0,"player_choice":"Rummage","damage_taken":0,"relics_obtained":["WarpedTongs"],"max_hp_gain":0,"max_hp_loss":0,"event_name":"Accursed Blacksmith","floor":19,"gold_loss":0,"cards_obtained":["Pain"]},{"cards_removed":["Clumsy"],"damage_healed":0,"gold_gain":0,"player_choice":"Gave Gold","damage_taken":0,"max_hp_gain":0,"max_hp_loss":0,"event_name":"Beggar","floor":22,"gold_loss":75},{"damage_healed":0,"gold_gain":0,"player_choice":"Inject Mutagens","damage_taken":0,"relics_obtained":["MutagenicStrength"],"max_hp_gain":0,"max_hp_loss":0,"event_name":"Drug Dealer","floor":25,"gold_loss":0},{"damage_healed":0,"gold_gain":0,"player_choice":"Gave Idol","damage_taken":0,"relics_obtained":["Bloody Idol"],"max_hp_gain":0,"max_hp_loss":0,"event_name":"Forgotten Altar","floor":28,"relics_lost":["Golden Idol"],"gold_loss":0},{"cards_removed":["Searing Blow"],"damage_healed":0,"gold_gain":0,"player_choice":"Elegance","damage_taken":0,"max_hp_gain":0,"max_hp_loss":0,"event_name":"Back to Basics","floor":30,"gold_loss":0},{"damage_healed":0,"gold_gain":0,"player_choice":"Ignored","damage_taken":0,"max_hp_gain":0,"max_hp_loss":0,"event_name":"Tomb of Lord Red Mask","floor":36,"gold_loss":0},{"damage_healed":0,"gold_gain":0,"player_choice":"Max HP","damage_taken":0,"max_hp_gain":0,"max_hp_loss":4,"event_name":"Winding Halls","floor":39,"gold_loss":0},{"damage_healed":0,"gold_gain":0,"player_choice":"Copied","damage_taken":0,"max_hp_gain":0,"max_hp_loss":0,"event_name":"Duplicator","floor":41,"gold_loss":0,"cards_obtained":["Corruption"]},{"damage_healed":0,"gold_gain":0,"player_choice":"Memory 3","damage_taken":10,"max_hp_gain":0,"max_hp_loss":0,"event_name":"SensoryStone","floor":46,"gold_loss":0},{"damage_healed":0,"gold_gain":0,"player_choice":"Fight","damage_taken":0,"max_hp_gain":0,"max_hp_loss":0,"event_name":"Mysterious Sphere","floor":47,"gold_loss":0}],"is_beta":false,"boss_relics":[{"not_picked":["SlaversCollar","Astrolabe"],"picked":"Pandora\u0027s Box"},{"not_picked":["Fusion Hammer","Black Star"],"picked":"Cursed Key"}],"items_purged_floors":[2],"is_endless":false,"potions_floor_spawned":[3,11,13,18,23,31,33,35,45,47,48],"killed_by":"Awakened One","ascension_level":20}}