{"host":"qgwlv9366poilr0p","time":1608486765,"event":{"mods":["Aspiration","BaseMod","Better Match","Better Note","Colored Powertips","Conspire","Dota2Spire","Friendly Minions","Halation","Hubris","Infinite Spire","JesterMod","Minty Spire (QoL Compilation)","Relic Stats","Replay The Spire","Shop Mod","StSLib","The Blue Laboratory","Wandering Minibosses","vexMod"],"gold_per_floor":[111,176,192,208,208,208,208,208],"floor_reached":7,"playtime":280,"items_purged":[],"score":72,"play_id":"2303696e-de2d-491e-9039-8b4c9dceb4fc","local_time":"20201220185245","is_ascension_mode":true,"campfire_choices":[],"circlet_count":0,"master_deck":["AscendersBane","Strike_R","Strike_R","Strike_R","Strike_R","Strike_R","Defend_R","Defend_R","Defend_R+1","Defend_R+1","Bash","Combust","conspire:Purge"],"relics":["Burning Blood","aspiration:Nostalgia","Replay:M_SmolderingBlood","Simple Rune","infinitespire:PuzzleCube","Kunai"],"acts_visited":["Exordium"],"potions_floor_usage":[4,7],"damage_taken":[{"damage":2,"enemies":"2 Louse","floor":1,"turns":3},{"damage":0,"enemies":"Cultist","floor":3,"turns":2},{"damage":10,"enemies":"Small Slimes","floor":4,"turns":3},{"damage":53,"enemies":"Lagavulin","floor":7,"turns":6}],"seed_played":"-8987081742562357391","potions_obtained":[{"floor":1,"key":"DuplicationPotion"},{"floor":3,"key":"blueLaboratory:FruitPunch"}],"is_trial":false,"path_per_floor":["M","?","M","M","T","?","E"],"character_chosen":"IRONCLAD","items_purchased":[],"campfire_rested":0,"item_purchase_floors":[],"current_hp_per_floor":[72,48,54,52,52,52,0,0],"gold":208,"neow_bonus":"NOSTALGIA","is_daily":false,"chose_seed":false,"campfire_upgraded":0,"win_rate":0.0,"timestamp":1608486765,"path_taken":["M","?","?","M","?","?","E"],"items_purchased_type":[],"build_version":"2020-12-13","purchased_purges":0,"victory":false,"max_hp_per_floor":[75,75,75,77,77,77,77,77],"relic_stats":{"counters":[4,14],"Kunai":[2],"obtain_stats":[{"aspiration:Nostalgia":0,"Replay:M_SmolderingBlood":0,"Simple Rune":2,"Kunai":6,"Burning Blood":0,"infinitespire:PuzzleCube":5},{"aspiration:Nostalgia":0,"Replay:M_SmolderingBlood":0,"Simple Rune":1,"Kunai":3,"Burning Blood":0,"infinitespire:PuzzleCube":3},{"aspiration:Nostalgia":0,"Replay:M_SmolderingBlood":0,"Simple Rune":3,"Kunai":8,"Burning Blood":0,"infinitespire:PuzzleCube":8}],"Burning Blood":18},"card_choices":[{"not_picked":["Iron Wave","CrushJoints"],"picked":"Combust","floor":1},{"not_picked":["BowlingBash","Havoc"],"picked":"Crescendo","floor":2},{"not_picked":["Clash","Sword Boomerang"],"picked":"conspire:Purge","floor":3},{"not_picked":["Warcry","Anger","Pummel"],"picked":"SKIP","floor":4}],"player_experience":1080492,"relics_obtained":[{"floor":2,"key":"Simple Rune"},{"floor":5,"key":"infinitespire:PuzzleCube"}],"event_choices":[{"cards_removed":["Crescendo"],"damage_healed":0,"gold_gain":0,"player_choice":"Gave Card","damage_taken":0,"relics_obtained":["Kunai"],"max_hp_gain":0,"max_hp_loss":0,"event_name":"WeMeetAgain","floor":6,"gold_loss":0}],"is_beta":false,"boss_relics":[],"items_purged_floors":[],"is_endless":false,"potions_floor_spawned":[1,3],"killed_by":"Lagavulin","ascension_level":15}}