{"host":"8l1xuphorofpdxlv","time":1608473446,"event":{"mods":["AchievementEnabler","BaseMod","DeckTracker","Minty Spire (QoL Compilation)","Quick Restart","SuperFastMode"],"gold_per_floor":[109,129,129,129,18,54,54,79,79,103,103,117,117,130,130,260,260,276,294,294,294,317,317,317,340,340,340,355,11,11,11],"floor_reached":30,"playtime":862,"items_purged":["Strike_G","Defend_G"],"score":324,"play_id":"fdfd9cbc-31e2-4300-b76f-468310f13539","local_time":"20201220231046","is_ascension_mode":true,"campfire_choices":[{"data":"Strike_G","floor":7,"key":"PURGE"},{"data":"Poisoned Stab","floor":13,"key":"SMITH"},{"floor":15,"key":"REST"},{"floor":23,"key":"REST"}],"circlet_count":0,"master_deck":["Defend_G","Defend_G","Defend_G","Defend_G","Survivor","Neutralize","Poisoned Stab+1","Dagger Spray","Accuracy","Well Laid Plans","Terror","Quick Slash","Blade Dance","Night Terror","Escape Plan","Accuracy","Wraith Form v2","Riddle With Holes","Backflip","Footwork"],"relics":["Ring of the Snake","Golden Idol","Peace Pipe","HoveringKite","Mummified Hand","Torii","Oddly Smooth Stone"],"acts_visited":["Exordium","TheCity"],"potions_floor_usage":[6,6,30],"damage_taken":[{"damage":0,"enemies":"Small Slimes","floor":1,"turns":4},{"damage":0,"enemies":"2 Louse","floor":2,"turns":3},{"damage":18,"enemies":"Gremlin Nob","floor":6,"turns":4},{"damage":0,"enemies":"Cultist","floor":8,"turns":4},{"damage":8,"enemies":"Exordium Wildlife","floor":10,"turns":4},{"damage":5,"enemies":"3 Louse","floor":12,"turns":4},{"damage":6,"enemies":"2 Fungi Beasts","floor":14,"turns":3},{"damage":0,"enemies":"Slime Boss","floor":16,"turns":8},{"damage":10,"enemies":"Chosen","floor":18,"turns":5},{"damage":48,"enemies":"Spheric Guardian","floor":19,"turns":7},{"damage":29,"enemies":"3 Cultists","floor":22,"turns":5},{"damage":1,"enemies":"Centurion and Healer","floor":25,"turns":5},{"damage":17,"enemies":"Snake Plant","floor":28,"turns":5},{"damage":9,"enemies":"3 Cultists","floor":30,"turns":5}],"seed_played":"8335349446410468535","potions_obtained":[{"floor":0,"key":"GamblersBrew"},{"floor":0,"key":"Weak Potion"},{"floor":0,"key":"LiquidMemories"},{"floor":2,"key":"CunningPotion"},{"floor":6,"key":"SpeedPotion"},{"floor":11,"key":"Fire Potion"},{"floor":11,"key":"CultistPotion"},{"floor":12,"key":"DuplicationPotion"},{"floor":19,"key":"CunningPotion"}],"is_trial":false,"path_per_floor":["M","M","?","?","$","E","R","M","T","M","?","M","R","M","R","B",null,"M","M","?","?","M","R","?","M","T","?","M","$","M"],"character_chosen":"THE_SILENT","items_purchased":["Accuracy","Footwork","Oddly Smooth Stone","SteroidPotion"],"campfire_rested":2,"item_purchase_floors":[5,29,29,29],"current_hp_per_floor":[70,70,53,46,46,28,28,28,28,20,20,15,15,9,30,30,70,60,12,12,35,6,27,27,26,26,26,9,9,0,0],"gold":11,"neow_bonus":"THREE_SMALL_POTIONS","is_daily":false,"chose_seed":false,"campfire_upgraded":1,"win_rate":0.0,"timestamp":1608473446,"path_taken":["M","M","?","?","$","E","R","M","T","M","?","M","R","M","R","BOSS","M","M","?","?","M","R","?","M","T","?","M","$","M"],"items_purchased_type":["Card","Card","Relic","Potion"],"build_version":"2020-12-13","purchased_purges":2,"victory":false,"max_hp_per_floor":[70,70,70,70,70,70,70,70,70,70,70,70,70,70,70,70,70,70,70,70,70,70,70,70,70,70,70,70,70,70,70],"card_choices":[{"not_picked":["Prepared","PiercingWail"],"picked":"Poisoned Stab","floor":1},{"not_picked":["Slice","Dagger Throw"],"picked":"Dagger Spray","floor":2},{"not_picked":["Flying Knee","Deflect"],"picked":"Well Laid Plans","floor":6},{"not_picked":["Bane","Outmaneuver"],"picked":"Terror","floor":8},{"not_picked":["Malaise","Underhanded Strike"],"picked":"Quick Slash","floor":10},{"not_picked":["Quick Slash","Sucker Punch","Dodge and Roll"],"picked":"SKIP","floor":12},{"not_picked":["Flying Knee","Finisher"],"picked":"Blade Dance","floor":14},{"not_picked":["Envenom","Glass Knife"],"picked":"Night Terror","floor":16},{"not_picked":["Slice","Heel Hook"],"picked":"Escape Plan","floor":18},{"not_picked":["Tactician","Skewer+1"],"picked":"Accuracy","floor":19},{"not_picked":["Deadly Poison","Crippling Poison","All Out Attack"],"picked":"SKIP","floor":22},{"not_picked":["Predator","Cloak And Dagger","Bane"],"picked":"SKIP","floor":25},{"not_picked":["Terror","Outmaneuver"],"picked":"Backflip","floor":28}],"player_experience":72465,"relics_obtained":[{"floor":6,"key":"Peace Pipe"},{"floor":26,"key":"Torii"}],"event_choices":[{"damage_healed":0,"gold_gain":0,"player_choice":"Take Damage","damage_taken":17,"relics_obtained":["Golden Idol"],"max_hp_gain":0,"max_hp_loss":0,"event_name":"Golden Idol","floor":3,"gold_loss":0},{"cards_removed":["Strike_G"],"damage_healed":0,"gold_gain":0,"player_choice":"Card Removal","damage_taken":7,"max_hp_gain":0,"max_hp_loss":0,"event_name":"Golden Wing","floor":4,"gold_loss":0},{"damage_healed":0,"gold_gain":0,"player_choice":"Got Potions","damage_taken":0,"max_hp_gain":0,"max_hp_loss":0,"event_name":"Lab","floor":11,"gold_loss":0},{"damage_healed":0,"gold_gain":0,"player_choice":"Opened","damage_taken":0,"relics_obtained":["Mummified Hand"],"max_hp_gain":0,"max_hp_loss":0,"event_name":"The Mausoleum","floor":20,"gold_loss":0},{"damage_healed":23,"gold_gain":0,"player_choice":"Heal","damage_taken":0,"max_hp_gain":0,"max_hp_loss":0,"event_name":"The Library","floor":21,"gold_loss":0},{"damage_healed":0,"gold_gain":0,"player_choice":"Ignored","damage_taken":0,"max_hp_gain":0,"max_hp_loss":0,"event_name":"Vampires","floor":24,"gold_loss":0},{"damage_healed":0,"gold_gain":0,"cards_transformed":["Strike_G","Strike_G"],"player_choice":"Became Test Subject","damage_taken":0,"max_hp_gain":0,"max_hp_loss":0,"event_name":"Drug Dealer","floor":27,"gold_loss":0,"cards_obtained":["Wraith Form v2","Riddle With Holes"]}],"is_beta":false,"boss_relics":[{"not_picked":["Runic Pyramid","Coffee Dripper"],"picked":"HoveringKite"}],"items_purged_floors":[5,29],"is_endless":false,"potions_floor_spawned":[2,6,12,18,19,22],"killed_by":"3 Cultists","ascension_level":3}}