{"host":"5trcja4hacd149zc","time":1608448482,"event":{"mods":["BaseMod","Colored Map","GifTheSpireLib","Minty Spire (QoL Compilation)","Relic Stats","StSLib"],"gold_per_floor":[114,114,23,33,33,33,59,59,85,112,112,144,163,188,188,267,267,287,287,98,111,129,157,183,183,260,180,180,180,42,53,53,128,128,140,152,177,177,195,195,230,230,230,240,240,270,282,306,318,330,342,354,366,22,57,57],"floor_reached":57,"playtime":2480,"items_purged":["Strike_R","Strike_R","Strike_R"],"score":2908,"play_id":"d40e684c-6d9f-4298-a7f9-7bd2e7a6bed3","local_time":"20201220011442","is_ascension_mode":true,"campfire_choices":[{"data":"Whirlwind","floor":6.0,"key":"SMITH"},{"data":"True Grit","floor":11.0,"key":"SMITH"},{"data":"Dual Wield","floor":15.0,"key":"SMITH"},{"data":"Bash","floor":25.0,"key":"SMITH"},{"data":"True Grit","floor":29.0,"key":"SMITH"},{"data":"Dropkick","floor":32.0,"key":"SMITH"},{"data":"Corruption","floor":40.0,"key":"SMITH"},{"data":"Pommel Strike","floor":42,"key":"SMITH"},{"floor":45,"key":"RECALL"},{"data":"Power Through","floor":47,"key":"SMITH"},{"floor":49,"key":"REST"},{"data":"Shrug It Off","floor":53,"key":"SMITH"}],"circlet_count":0,"master_deck":["AscendersBane","Defend_R","Defend_R","Defend_R","Defend_R","Bash+1","Power Through+1","Dropkick+1","True Grit+1","Whirlwind+1","Pommel Strike+1","Dual Wield+1","Shrug It Off+1","Corruption+1","True Grit+1","Shockwave+1"],"relics":["Busted Crown","Strawberry","Pen Nib","Mercury Hourglass","Anchor","Incense Burner","Toy Ornithopter","Happy Flower","Runic Pyramid","Meat on the Bone","Red Mask","The Courier","TheAbacus","Empty Cage","Prayer Wheel","Ancient Tea Set","MawBank","ClockworkSouvenir","Blood Vial","Ice Cream"],"acts_visited":["Exordium","TheCity","TheBeyond","TheEnding"],"potions_floor_usage":[56,56,56,56],"damage_taken":[{"damage":6.0,"enemies":"2 Louse","floor":1.0,"turns":3.0},{"damage":0.0,"enemies":"Cultist","floor":4.0,"turns":4.0},{"damage":15.0,"enemies":"3 Sentries","floor":7.0,"turns":4.0},{"damage":8.0,"enemies":"Gremlin Nob","floor":10.0,"turns":3.0},{"damage":0.0,"enemies":"3 Sentries","floor":12.0,"turns":3.0},{"damage":0.0,"enemies":"Jaw Worm","floor":13.0,"turns":2.0},{"damage":12.0,"enemies":"Lagavulin","floor":14.0,"turns":5.0},{"damage":17.0,"enemies":"Slime Boss","floor":16.0,"turns":6.0},{"damage":12.0,"enemies":"Chosen","floor":18.0,"turns":5.0},{"damage":0.0,"enemies":"3 Byrds","floor":21.0,"turns":2.0},{"damage":11.0,"enemies":"Snake Plant","floor":22.0,"turns":5.0},{"damage":11.0,"enemies":"Gremlin Leader","floor":23.0,"turns":5.0},{"damage":0.0,"enemies":"Masked Bandits","floor":24.0,"turns":1.0},{"damage":0.0,"enemies":"Snecko","floor":31.0,"turns":4.0},{"damage":1.0,"enemies":"Collector","floor":33.0,"turns":4.0},{"damage":0.0,"enemies":"3 Darklings","floor":35.0,"turns":5.0},{"damage":16.0,"enemies":"3 Shapes","floor":36.0,"turns":7.0},{"damage":0.0,"enemies":"Mind Bloom Boss Battle","floor":37.0,"turns":3.0},{"damage":2.0,"enemies":"Spire Growth","floor":39.0,"turns":4.0},{"damage":0.0,"enemies":"Giant Head","floor":41.0,"turns":3.0},{"damage":20,"enemies":"4 Shapes","floor":44,"turns":4},{"damage":1,"enemies":"Nemesis","floor":46,"turns":4},{"damage":6,"enemies":"Writhing Mass","floor":48,"turns":4},{"damage":0,"enemies":"Time Eater","floor":50,"turns":6},{"damage":11,"enemies":"Awakened One","floor":51,"turns":6},{"damage":28,"enemies":"Shield and Spear","floor":55,"turns":4},{"damage":61,"enemies":"The Heart","floor":56,"turns":7}],"seed_played":"-7193854690462670146","potions_obtained":[{"floor":1.0,"key":"SpeedPotion"},{"floor":10.0,"key":"EntropicBrew"},{"floor":12.0,"key":"DuplicationPotion"}],"is_trial":false,"path_per_floor":["M","?","$","M","?","R","E","?","T","E","R","E","M","E","R","B",null,"M","?","$","M","M","E","?","R","T","$","?","R","$","M","R","B",null,"M","M","?","?","M","R","E","R","T","M","R","E","R","M","R","B","B",null,"R","$","E","B",null],"character_chosen":"IRONCLAD","items_purchased":["Dropkick","True Grit","True Grit","FearPotion","TheAbacus","ClockworkSouvenir","Blood Vial"],"campfire_rested":1,"item_purchase_floors":[3,3,20,20,30,54,54],"current_hp_per_floor":[62,69,69,69,64,64,49,54,54,46,46,46,46,34,34,22,71,59,59,59,59,48,37,49,49,49,49,66,66,66,66,66,65,82,82,66,66,66,64,64,64,64,64,44,44,55,55,49,75,75,64,81,81,81,55,28],"gold":57,"neow_bonus":"BOSS_RELIC","is_daily":false,"chose_seed":true,"campfire_upgraded":10,"win_rate":0.0,"timestamp":1608448482,"path_taken":["M","?","$","?","?","R","E","?","T","E","R","E","M","E","R","BOSS","M","?","$","M","M","E","?","R","T","$","?","R","?","?","R","BOSS","M","M","?","?","M","R","E","R","T","M","R","E","R","M","R","BOSS","BOSS","R","$","E","BOSS"],"items_purchased_type":["Card","Card","Card","Potion","Relic","Relic","Relic"],"build_version":"2020-12-13","purchased_purges":3,"victory":true,"max_hp_per_floor":[75,82,82,82,82,82,82,87,87,87,87,87,87,87,87,87,87,87,87,87,87,87,87,87,87,87,87,87,87,87,87,87,87,87,87,87,87,87,87,87,87,87,87,87,87,87,87,87,87,87,87,87,87,87,87,87],"relic_stats":{"Blood Vial":4,"Busted Crown":56,"TheAbacus":[1908],"Happy Flower":[29],"counters":[27,112],"Prayer Wheel":3,"Pen Nib":[51],"MawBank":96,"obtain_stats":[{"Ice Cream":55,"Happy Flower":14,"Pen Nib":5,"The Courier":26,"Incense Burner":10,"Empty Cage":34,"Ancient Tea Set":41,"MawBank":46,"Burning Blood":0,"Mercury Hourglass":7,"ClockworkSouvenir":54,"Blood Vial":54,"Anchor":9,"Busted Crown":0,"TheAbacus":30,"Strawberry":2,"Prayer Wheel":37,"Red Mask":24,"Toy Ornithopter":12,"Runic Pyramid":17,"Meat on the Bone":23},{"Ice Cream":26,"Happy Flower":7,"Pen Nib":2,"The Courier":13,"Incense Burner":4,"Empty Cage":15,"Ancient Tea Set":20,"MawBank":22,"Burning Blood":0,"Mercury Hourglass":3,"ClockworkSouvenir":25,"Blood Vial":25,"Anchor":3,"Busted Crown":0,"TheAbacus":13,"Strawberry":1,"Prayer Wheel":18,"Red Mask":13,"Toy Ornithopter":5,"Runic Pyramid":8,"Meat on the Bone":12},{"Ice Cream":105,"Happy Flower":23,"Pen Nib":7,"The Courier":47,"Incense Burner":14,"Empty Cage":55,"Ancient Tea Set":77,"MawBank":85,"Burning Blood":0,"Mercury Hourglass":11,"ClockworkSouvenir":101,"Blood Vial":101,"Anchor":11,"Busted Crown":0,"TheAbacus":47,"Strawberry":3,"Prayer Wheel":70,"Red Mask":47,"Toy Ornithopter":16,"Runic Pyramid":29,"Meat on the Bone":46}],"Toy Ornithopter":25,"Mercury Hourglass":[460],"Meat on the Bone":36},"card_choices":[{"not_picked":[],"picked":"Power Through","floor":1.0},{"not_picked":[],"picked":"Whirlwind","floor":4.0},{"not_picked":["Cleave"],"picked":"SKIP","floor":7.0},{"not_picked":[],"picked":"Pommel Strike","floor":10.0},{"not_picked":[],"picked":"Dual Wield","floor":12.0},{"not_picked":[],"picked":"Shrug It Off","floor":13.0},{"not_picked":["Dual Wield"],"picked":"SKIP","floor":14.0},{"not_picked":[],"picked":"Corruption","floor":16.0},{"not_picked":["Thunderclap"],"picked":"SKIP","floor":18.0},{"not_picked":["Pummel"],"picked":"SKIP","floor":21.0},{"not_picked":["Body Slam+1"],"picked":"SKIP","floor":22.0},{"not_picked":["Clothesline+1"],"picked":"SKIP","floor":23.0},{"not_picked":["Pommel Strike"],"picked":"SKIP","floor":31.0},{"not_picked":["Headbutt"],"picked":"SKIP","floor":35.0},{"not_picked":[],"picked":"Shockwave","floor":36.0},{"not_picked":["Perfected Strike"],"picked":"SKIP","floor":39.0},{"not_picked":["Uppercut"],"picked":"SKIP","floor":39.0},{"not_picked":["Hemokinesis"],"picked":"SKIP","floor":41},{"not_picked":["Seeing Red"],"picked":"SKIP","floor":44},{"not_picked":["Heavy Blade+1"],"picked":"SKIP","floor":44},{"not_picked":["Headbutt"],"picked":"SKIP","floor":46},{"not_picked":["Headbutt"],"picked":"SKIP","floor":46},{"not_picked":["Immolate"],"picked":"SKIP","floor":48},{"not_picked":["Battle Trance"],"picked":"SKIP","floor":48},{"not_picked":["Combust"],"picked":"SKIP","floor":55}],"player_experience":752952,"relics_obtained":[{"floor":7.0,"key":"Mercury Hourglass"},{"floor":9.0,"key":"Anchor"},{"floor":10.0,"key":"Incense Burner"},{"floor":12.0,"key":"Toy Ornithopter"},{"floor":14.0,"key":"Happy Flower"},{"floor":23.0,"key":"Meat on the Bone"},{"floor":24.0,"key":"Red Mask"},{"floor":26.0,"key":"The Courier"},{"floor":37.0,"key":"Prayer Wheel"},{"floor":41,"key":"Ancient Tea Set"},{"floor":46,"key":"MawBank"},{"floor":55,"key":"Ice Cream"}],"event_choices":[{"damage_healed":0.0,"max_hp_gain":0.0,"max_hp_loss":0.0,"gold_gain":0.0,"event_name":"WeMeetAgain","player_choice":"Gave Potion","floor":2.0,"gold_loss":0.0,"damage_taken":0.0,"relics_obtained":["Strawberry"]},{"damage_healed":0.0,"max_hp_gain":0.0,"max_hp_loss":0.0,"gold_gain":0.0,"event_name":"Scrap Ooze","player_choice":"Success","floor":5.0,"gold_loss":0.0,"damage_taken":5.0,"relics_obtained":["Pen Nib"]},{"damage_healed":0.0,"max_hp_gain":5.0,"max_hp_loss":0.0,"gold_gain":0.0,"event_name":"Big Fish","player_choice":"Donut","floor":8.0,"gold_loss":0.0,"damage_taken":0.0},{"damage_healed":0.0,"max_hp_gain":0.0,"max_hp_loss":0.0,"gold_gain":0.0,"event_name":"Vampires","player_choice":"Ignored","floor":19.0,"gold_loss":0.0,"damage_taken":0.0},{"damage_healed":0.0,"max_hp_gain":0.0,"max_hp_loss":0.0,"gold_gain":0.0,"event_name":"Masked Bandits","player_choice":"Fought Bandits","floor":24.0,"gold_loss":0.0,"damage_taken":0.0},{"damage_healed":17.0,"max_hp_gain":0.0,"max_hp_loss":0.0,"gold_gain":0.0,"event_name":"The Library","player_choice":"Heal","floor":28.0,"gold_loss":0.0,"damage_taken":0.0},{"damage_healed":0.0,"max_hp_gain":0.0,"max_hp_loss":0.0,"gold_gain":0.0,"event_name":"MindBloom","player_choice":"Fight","floor":37.0,"gold_loss":0.0,"damage_taken":0.0},{"damage_healed":0.0,"max_hp_gain":0.0,"max_hp_loss":0.0,"gold_gain":0.0,"event_name":"Upgrade Shrine","player_choice":"Upgraded","floor":38.0,"gold_loss":0.0,"damage_taken":0.0,"cards_upgraded":["Shockwave"]}],"is_beta":false,"boss_relics":[{"not_picked":["SacredBark","Velvet Choker"],"picked":"Runic Pyramid"},{"not_picked":["Calling Bell","Black Star"],"picked":"Empty Cage"}],"items_purged_floors":[20,27,54],"is_endless":false,"potions_floor_spawned":[1,10,12,14,21,23,24,35,37,44,48,55],"ascension_level":20}}