{"host":"cb9xh4d0ss8ax8yb","time":1608461543,"event":{"mods":["BaseMod","Minty Spire (QoL Compilation)","StSLib","The Alterego","The Dragon Tamer","The Gatherer"],"gold_per_floor":[10,10,25,37,48,77,90,120,147,190,203,223,249,117,117,117,117,117],"floor_reached":16,"playtime":1602,"items_purged":[],"score":147,"play_id":"b98ee972-ce55-4482-9982-25fe98821bf6","local_time":"20201220195223","is_ascension_mode":true,"metric_token":413,"campfire_choices":[{"data":"Gatherer:Centralize","floor":15,"key":"SMITH"}],"circlet_count":0,"master_deck":["Gatherer:Strike_Gatherer","Gatherer:Strike_Gatherer","Gatherer:Strike_Gatherer","Gatherer:Strike_Gatherer","Gatherer:Defend_Gatherer","Gatherer:Defend_Gatherer","Gatherer:Defend_Gatherer","Gatherer:Centralize+1","Gatherer:FlowerWhip+1","Gatherer:ScrollOfPurity","Gatherer:SmartManeuver","Gatherer:QuickSynthesis","Gatherer:FlowerFalling+1","Gatherer:Snatch","Gatherer:VenomBarrier","Gatherer:QuickSynthesis","Gatherer:FlowerBeam+1","Gatherer:Nutrients"],"relics":["Gatherer:AlchemyBag","Mercury Hourglass","Happy Flower","CeramicFish","Smiling Mask","Blood Vial","Orrery"],"acts_visited":["Exordium"],"potions_floor_usage":[6,6,6,13,16,16],"damage_taken":[{"damage":0,"enemies":"2 Louse","floor":1,"turns":2},{"damage":0,"enemies":"Cultist","floor":3,"turns":3},{"damage":1,"enemies":"Small Slimes","floor":4,"turns":3},{"damage":0,"enemies":"Exordium Wildlife","floor":5,"turns":2},{"damage":16,"enemies":"Gremlin Nob","floor":6,"turns":4},{"damage":0,"enemies":"2 Fungi Beasts","floor":7,"turns":2},{"damage":13,"enemies":"Lagavulin","floor":8,"turns":6},{"damage":4,"enemies":"3 Sentries","floor":10,"turns":6},{"damage":0,"enemies":"3 Louse","floor":11,"turns":1},{"damage":0,"enemies":"Exordium Wildlife","floor":12,"turns":3},{"damage":10,"enemies":"Lagavulin","floor":13,"turns":5},{"damage":31,"enemies":"Hexaghost","floor":16,"turns":9}],"seed_played":"7093726061182121048","potions_obtained":[{"floor":1,"key":"Strength Potion"},{"floor":3,"key":"SpeedPotion"},{"floor":4,"key":"BlessingOfTheForge"},{"floor":10,"key":"SteroidPotion"},{"floor":11,"key":"Swift Potion"},{"floor":13,"key":"SteroidPotion"}],"is_trial":false,"path_per_floor":["M","?","M","M","M","E","M","E","T","E","M","M","E","$","R","B"],"character_chosen":"THE_GATHERER","items_purchased":["Orrery"],"campfire_rested":0,"item_purchase_floors":[14],"current_hp_per_floor":[72,72,72,71,71,55,55,42,42,38,38,38,28,28,28,0,0,0],"gold":117,"neow_bonus":"TRANSFORM_TWO_CARDS","is_daily":false,"chose_seed":false,"campfire_upgraded":1,"win_rate":0.0,"timestamp":1608461543,"path_taken":["M","?","?","M","M","E","M","E","T","E","?","M","E","?","R","BOSS"],"items_purchased_type":["Relic"],"build_version":"2020-12-13","purchased_purges":0,"victory":false,"max_hp_per_floor":[72,72,72,72,72,72,72,72,72,72,72,72,72,72,72,72,72,72],"card_choices":[{"not_picked":["Gatherer:ScentOfRosmari","Gatherer:Polymorphism"],"picked":"Gatherer:QuickSynthesis","floor":1},{"not_picked":["Gatherer:GatherMaterial","Gatherer:CarefulStrike"],"picked":"Gatherer:FlowerFalling","floor":3},{"not_picked":["Gatherer:SealedBomb","Gatherer:Convert"],"picked":"Gatherer:Snatch","floor":4},{"not_picked":["Gatherer:BalancedGrowth","Gatherer:BambuSword","Gatherer:PotentialSlash"],"picked":"SKIP","floor":5},{"not_picked":["Gatherer:DrugPower","Gatherer:ScrollOfWall"],"picked":"Gatherer:VenomBarrier","floor":6},{"not_picked":["Gatherer:TreeGrowth","Gatherer:BambuSword","Gatherer:AcidicSpray"],"picked":"SKIP","floor":7},{"not_picked":["Gatherer:Liquidism","Gatherer:TreeGrowth","Gatherer:OddSpoils"],"picked":"SKIP","floor":8},{"not_picked":["Gatherer:AromaProtection","Gatherer:EnergyBasket"],"picked":"Gatherer:QuickSynthesis","floor":10},{"not_picked":["Gatherer:BalancedGrowth","Gatherer:Duplicator","Gatherer:Herbalism"],"picked":"SKIP","floor":11},{"not_picked":["Gatherer:CursedBlade","Gatherer:CollectorsShot","Gatherer:AcidicSpray"],"picked":"SKIP","floor":12},{"not_picked":["Gatherer:Convert","Gatherer:SaveValuables","Gatherer:AromaProtection"],"picked":"SKIP","floor":13},{"not_picked":["Gatherer:EchoOfNature","Gatherer:ScherryThrow"],"picked":"Gatherer:FlowerBeam","floor":14},{"not_picked":["Gatherer:Snatch","Gatherer:FlowerFalling"],"picked":"Gatherer:Nutrients","floor":14}],"player_experience":438500,"relics_obtained":[{"floor":6,"key":"Mercury Hourglass"},{"floor":8,"key":"Happy Flower"},{"floor":9,"key":"CeramicFish"},{"floor":10,"key":"Smiling Mask"},{"floor":13,"key":"Blood Vial"}],"event_choices":[{"cards_removed":["Gatherer:Defend_Gatherer"],"damage_healed":0,"gold_gain":0,"player_choice":"Card Removal","damage_taken":0,"max_hp_gain":0,"max_hp_loss":0,"event_name":"Wheel of Change","floor":2,"gold_loss":0}],"is_beta":false,"boss_relics":[],"items_purged_floors":[],"is_endless":false,"potions_floor_spawned":[1,3,4,10,11,13],"killed_by":"Hexaghost","ascension_level":2}}