{"host":"fne7yx97fnz7kq05","time":1608445901,"event":{"mods":["BaseMod","Colored Map","Colored Powertips","Highlight Path","Minty Spire (QoL Compilation)","Relic Stats"],"gold_per_floor":[117,137,87,87,105,105,138,158,158,174,186,219,219,239,239,335,335,350,33,133,152,167,167,192,192,192,217,217,231,231,259,259,360,360,378,212,229,229,241,241,268,23,23,23,23,37,49,63,63,63,63,63,22,55,55],"floor_reached":56,"playtime":3576,"items_purged":["Strike_G","Strike_G","Neutralize"],"score":1374,"play_id":"c60422ff-ef5f-4151-b511-eb76b43552a6","local_time":"20201220003141","is_ascension_mode":true,"campfire_choices":[{"data":"Dagger Throw","floor":6,"key":"SMITH"},{"data":"Dash","floor":13,"key":"SMITH"},{"data":"Strike_G","floor":15,"key":"PURGE"},{"data":"Well Laid Plans","floor":23,"key":"SMITH"},{"data":"Eviscerate","floor":25,"key":"SMITH"},{"data":"Parasite","floor":28,"key":"PURGE"},{"data":"Predator","floor":30,"key":"SMITH"},{"data":"Strike_G","floor":32,"key":"PURGE"},{"floor":40,"key":"RECALL"},{"data":"Poisoned Stab","floor":44,"key":"SMITH"},{"data":"Defend_G","floor":49,"key":"PURGE"},{"data":"Defend_G","floor":52,"key":"PURGE"}],"circlet_count":0,"master_deck":["Defend_G","Defend_G","Defend_G","Survivor","Deadly Poison+1","Dagger Throw+1","Backflip+1","Deadly Poison+1","Crippling Poison+1","Dash+1","Poisoned Stab+1","Tools of the Trade","Bouncing Flask+1","Well Laid Plans+1","Die Die Die+1","Eviscerate+1","PiercingWail+1","Sucker Punch+1","Predator+1","PiercingWail+1","Envenom","Backflip+1","Catalyst+1","Noxious Fumes+1","Crippling Poison+1","Acrobatics+1","Envenom","PiercingWail+1","Bouncing Flask+1"],"relics":["Snecko Eye","Toxic Egg 2","Peace Pipe","The Specimen","Odd Mushroom","Cursed Key","Membership Card","Potion Belt","Torii","InkBottle","HoveringKite","Bag of Preparation","TungstenRod","Medical Kit","Toy Ornithopter","Bird Faced Urn"],"acts_visited":["Exordium","TheCity","TheBeyond","TheEnding"],"potions_floor_usage":[7,29,39,47,50],"damage_taken":[{"damage":7,"enemies":"Jaw Worm","floor":1,"turns":5},{"damage":2,"enemies":"2 Louse","floor":2,"turns":3},{"damage":2,"enemies":"Small Slimes","floor":5,"turns":4},{"damage":22,"enemies":"Lagavulin","floor":7,"turns":7},{"damage":2,"enemies":"Blue Slaver","floor":8,"turns":5},{"damage":17,"enemies":"Gremlin Gang","floor":10,"turns":8},{"damage":0,"enemies":"Looter","floor":11,"turns":4},{"damage":19,"enemies":"Gremlin Nob","floor":12,"turns":5},{"damage":3,"enemies":"The Mushroom Lair","floor":14,"turns":3},{"damage":1,"enemies":"Hexaghost","floor":16,"turns":7},{"damage":0,"enemies":"Chosen","floor":18,"turns":4},{"damage":0,"enemies":"2 Thieves","floor":21,"turns":3},{"damage":0,"enemies":"Snecko","floor":22,"turns":3},{"damage":10,"enemies":"Gremlin Leader","floor":24,"turns":5},{"damage":0,"enemies":"Book of Stabbing","floor":27,"turns":4},{"damage":8,"enemies":"Snake Plant","floor":29,"turns":2},{"damage":1,"enemies":"Gremlin Leader","floor":31,"turns":5},{"damage":0,"enemies":"Collector","floor":33,"turns":6},{"damage":0,"enemies":"3 Shapes","floor":35,"turns":3},{"damage":7,"enemies":"3 Darklings","floor":37,"turns":3},{"damage":11,"enemies":"Writhing Mass","floor":39,"turns":5},{"damage":0,"enemies":"Nemesis","floor":41,"turns":5},{"damage":0,"enemies":"Sphere and 2 Shapes","floor":46,"turns":4},{"damage":0,"enemies":"3 Darklings","floor":47,"turns":3},{"damage":5,"enemies":"Spire Growth","floor":48,"turns":4},{"damage":36,"enemies":"Time Eater","floor":50,"turns":7},{"damage":11,"enemies":"Shield and Spear","floor":54,"turns":4},{"damage":59,"enemies":"The Heart","floor":55,"turns":8}],"seed_played":"3697181399661873722","potions_obtained":[{"floor":2,"key":"Weak Potion"},{"floor":7,"key":"FairyPotion"},{"floor":11,"key":"FairyPotion"},{"floor":14,"key":"Explosive Potion"},{"floor":16,"key":"SkillPotion"},{"floor":27,"key":"CunningPotion"},{"floor":29,"key":"FearPotion"},{"floor":33,"key":"AttackPotion"},{"floor":37,"key":"Fire Potion"},{"floor":41,"key":"Explosive Potion"},{"floor":47,"key":"Block Potion"}],"is_trial":false,"path_per_floor":["M","M","?","?","M","R","E","M","T","M","M","E","R","?","R","B",null,"M","$","?","M","M","R","E","R","T","E","R","M","R","E","R","B",null,"M","$","M","?","M","R","E","$","T","R","?","M","M","M","R","B",null,"R","$","E","B",null],"character_chosen":"THE_SILENT","items_purchased":["Membership Card","Bouncing Flask+1","Well Laid Plans","Die Die Die","Catalyst+1","Bag of Preparation","Medical Kit","Toy Ornithopter","Envenom","Bouncing Flask+1"],"campfire_rested":0,"item_purchase_floors":[19,19,19,19,36,36,42,42,42,53],"current_hp_per_floor":[63,61,61,61,59,59,37,35,35,18,18,21,21,18,18,17,70,70,70,70,70,70,70,60,60,60,60,60,52,52,51,51,51,67,67,67,60,77,66,66,66,66,66,66,66,66,71,66,66,35,77,77,77,66,15],"gold":55,"neow_bonus":"BOSS_RELIC","is_daily":false,"chose_seed":false,"campfire_upgraded":6,"win_rate":0.0,"timestamp":1608445901,"path_taken":["M","M","?","?","M","R","E","M","T","M","M","E","R","?","R","BOSS","M","$","?","M","M","R","E","R","T","E","R","M","R","E","R","BOSS","M","$","?","?","?","R","E","?","T","R","?","M","M","?","R","BOSS","R","$","E","BOSS"],"items_purchased_type":["Relic","Card","Card","Card","Card","Relic","Relic","Relic","Card","Card"],"build_version":"2020-12-13","purchased_purges":3,"victory":true,"max_hp_per_floor":[70,70,70,70,70,70,70,70,70,70,70,70,70,70,70,70,70,70,70,70,70,70,70,70,70,70,70,67,67,67,67,67,67,67,67,67,67,77,77,77,77,77,77,77,77,77,77,77,77,77,77,77,77,77,77],"relic_stats":{"Torii":26,"counters":[28,129],"HoveringKite":[34],"Bag of Preparation":[18],"Cursed Key":1,"Medical Kit":[3],"Peace Pipe":6,"Bird Faced Urn":[8],"Snecko Eye":[245,263,279,260],"obtain_stats":[{"Potion Belt":24,"The Specimen":12,"Torii":27,"HoveringKite":34,"Bag of Preparation":36,"Odd Mushroom":14,"Cursed Key":17,"Medical Kit":42,"Peace Pipe":9,"Bird Faced Urn":54,"Snecko Eye":0,"Membership Card":19,"Toxic Egg 2":7,"InkBottle":31,"TungstenRod":41,"Toy Ornithopter":42,"Ring of the Snake":0},{"Potion Belt":14,"The Specimen":8,"Torii":15,"HoveringKite":18,"Bag of Preparation":19,"Odd Mushroom":9,"Cursed Key":10,"Medical Kit":22,"Peace Pipe":5,"Bird Faced Urn":27,"Snecko Eye":0,"Membership Card":11,"Toxic Egg 2":4,"InkBottle":17,"TungstenRod":22,"Toy Ornithopter":22,"Ring of the Snake":0},{"Potion Belt":66,"The Specimen":41,"Torii":70,"HoveringKite":83,"Bag of Preparation":86,"Odd Mushroom":44,"Cursed Key":51,"Medical Kit":99,"Peace Pipe":24,"Bird Faced Urn":121,"Snecko Eye":0,"Membership Card":55,"Toxic Egg 2":19,"InkBottle":77,"TungstenRod":99,"Toy Ornithopter":99,"Ring of the Snake":0}],"InkBottle":[22],"TungstenRod":37,"Toy Ornithopter":10},"card_choices":[{"not_picked":["Slice","Finisher","All Out Attack"],"picked":"SKIP","floor":1},{"not_picked":["Dodge and Roll","Slice"],"picked":"Deadly Poison","floor":2},{"not_picked":["Bane","Tactician"],"picked":"Dagger Throw","floor":5},{"not_picked":["Expertise+1","Phantasmal Killer+1"],"picked":"Backflip+1","floor":7},{"not_picked":["Slice","Quick Slash"],"picked":"Deadly Poison+1","floor":8},{"not_picked":["Distraction+1","Prepared+1","All Out Attack"],"picked":"SKIP","floor":10},{"not_picked":["Quick Slash","Poisoned Stab"],"picked":"Crippling Poison+1","floor":11},{"not_picked":["Deflect+1","Slice"],"picked":"Dash","floor":12},{"not_picked":["Distraction+1","Flechettes"],"picked":"Poisoned Stab","floor":14},{"not_picked":["Unload","Glass Knife"],"picked":"Tools of the Trade","floor":16},{"not_picked":["All Out Attack","Outmaneuver+1","Finisher"],"picked":"SKIP","floor":18},{"not_picked":["Distraction+1","Dodge and Roll+1"],"picked":"Eviscerate","floor":21},{"not_picked":["Dagger Throw","Underhanded Strike+1"],"picked":"PiercingWail+1","floor":22},{"not_picked":["Terror+1","Outmaneuver+1"],"picked":"Sucker Punch+1","floor":24},{"not_picked":["Slice","Footwork"],"picked":"Doppelganger+1","floor":27},{"not_picked":["Escape Plan+1","Prepared+1"],"picked":"Predator","floor":29},{"not_picked":["Masterful Stab","Heel Hook"],"picked":"PiercingWail+1","floor":31},{"not_picked":["Glass Knife","Die Die Die"],"picked":"Envenom","floor":33},{"not_picked":["Sucker Punch+1","Choke+1"],"picked":"Backflip+1","floor":35},{"not_picked":["Expertise+1","Endless Agony+1"],"picked":"Noxious Fumes+1","floor":37},{"not_picked":["Finisher+1","Prepared+1"],"picked":"Crippling Poison+1","floor":39},{"not_picked":["Flying Knee","Flechettes+1"],"picked":"Acrobatics+1","floor":41},{"not_picked":["Escape Plan+1","Heel Hook","Sucker Punch"],"picked":"SKIP","floor":46},{"not_picked":["Dagger Spray+1","Choke","Deadly Poison+1"],"picked":"SKIP","floor":47},{"not_picked":["Blade Dance+1","Acrobatics+1"],"picked":"PiercingWail+1","floor":48},{"not_picked":["Reflex+1","Poisoned Stab+1","Deadly Poison+1"],"picked":"SKIP","floor":54}],"player_experience":68406,"relics_obtained":[{"floor":7,"key":"Toxic Egg 2"},{"floor":9,"key":"Peace Pipe"},{"floor":12,"key":"The Specimen"},{"floor":14,"key":"Odd Mushroom"},{"floor":24,"key":"Potion Belt"},{"floor":27,"key":"Torii"},{"floor":31,"key":"InkBottle"},{"floor":41,"key":"TungstenRod"},{"floor":54,"key":"Bird Faced Urn"}],"event_choices":[{"cards_removed":["Strike_G"],"damage_healed":0,"gold_gain":0,"player_choice":"Card Removal","damage_taken":0,"max_hp_gain":0,"max_hp_loss":0,"event_name":"The Cleric","floor":3,"gold_loss":50},{"damage_healed":0,"gold_gain":0,"player_choice":"Grow","damage_taken":0,"max_hp_gain":0,"max_hp_loss":0,"event_name":"Living Wall","floor":4,"gold_loss":0,"cards_upgraded":["Deadly Poison"]},{"damage_healed":0,"gold_gain":0,"player_choice":"Fought Mushrooms","damage_taken":0,"max_hp_gain":0,"max_hp_loss":0,"event_name":"Mushrooms","floor":14,"gold_loss":0},{"damage_healed":0,"gold_gain":100,"player_choice":"Pray","damage_taken":0,"max_hp_gain":0,"max_hp_loss":0,"event_name":"Golden Shrine","floor":20,"gold_loss":0},{"cards_removed":["Doppelganger"],"damage_healed":7,"gold_gain":0,"player_choice":"Offered Rare","damage_taken":0,"max_hp_gain":10,"max_hp_loss":0,"event_name":"Bonfire Elementals","floor":38,"gold_loss":0},{"damage_healed":0,"gold_gain":0,"player_choice":"Upgraded","damage_taken":0,"max_hp_gain":0,"max_hp_loss":0,"event_name":"Upgrade Shrine","floor":45,"gold_loss":0,"cards_upgraded":["Die Die Die"]}],"is_beta":false,"boss_relics":[{"not_picked":["SacredBark","Tiny House"],"picked":"Cursed Key"},{"not_picked":["Sozu","Runic Dome"],"picked":"HoveringKite"}],"items_purged_floors":[19,36,42],"is_endless":false,"potions_floor_spawned":[2,7,11,14,16,22,27,29,33,37,41,47],"ascension_level":1}}