{"host":"87fdiiwflhrwsj8a","time":1608492722,"event":{"mods":["Aspiration","BaseMod","Better Match","Better Third Choice","BetterRewards","Colored Map","Downfall","GifTheSpireLib","Infinite Spire","Minty Spire (QoL Compilation)","Relic Sorter","Replay The Spire","Robot Space Explorer","StSLib","Stuff the Spire","The Cursed"],"gold_per_floor":[118,131,6,106,125,125,156,156,182,182,182],"floor_reached":10,"playtime":354,"items_purged":["Massacre"],"score":132,"play_id":"d719d464-20b6-4160-b9af-259179296f6b","local_time":"20201220143202","is_ascension_mode":true,"campfire_choices":[{"data":"Replay:SS_fish_3","floor":6,"key":"SMITH"},{"data":"Limit Break","floor":8,"key":"SMITH"}],"circlet_count":0,"master_deck":["AscendersBane","Strike_R","Strike_R","Strike_R","Strike_R","Strike_R","Defend_R","Defend_R","Defend_R","Defend_R","Bash","Master of Strategy","Limit Break+1","Fire Breathing","Fire Breathing","ReplayTheSpireMod:Stacked","Carnage","Replay:SS_fish_3+1","True Grit","Shrug It Off","Dual Wield","Finesse+1","Trip+1","Discovery+1","Anger","Impervious"],"relics":["Burning Blood","Vajra","BargainBundle","Replay:Kaleidoscope","infinitespire:PuzzleCube"],"acts_visited":["Exordium"],"potions_floor_usage":[10,10],"damage_taken":[{"damage":0,"enemies":"Cultist","floor":1,"turns":3},{"damage":1,"enemies":"Small Slimes","floor":2,"turns":3},{"damage":6,"enemies":"2 Louse","floor":5,"turns":2},{"damage":12,"enemies":"Lagavulin","floor":7,"turns":5},{"damage":83,"enemies":"Gremlin Nob","floor":10,"turns":4}],"seed_played":"-7122162120341264964","potions_obtained":[{"floor":7,"key":"BloodPotion"}],"is_trial":false,"path_per_floor":["M","M","?","?","M","R","E","R","T","E"],"character_chosen":"IRONCLAD","items_purchased":["Vajra","BargainBundle","Master of Strategy","Limit Break","Fire Breathing","ReplayTheSpireMod:Stacked","Massacre","Carnage","Replay:SS_fish_3","PowerPotion","Strength Potion"],"campfire_rested":0,"item_purchase_floors":[0,0,0,0,0,0,0,0,0,0,0],"current_hp_per_floor":[39,44,44,44,44,44,38,38,38,0,0],"gold":182,"neow_bonus":"","is_daily":false,"chose_seed":false,"campfire_upgraded":2,"win_rate":0.0,"timestamp":1608492722,"path_taken":["M","?","?","?","?","R","E","R","T","E"],"items_purchased_type":["Relic","Relic","Card","Card","Card","Card","Card","Card","Card","Potion","Potion"],"build_version":"2020-12-13","purchased_purges":1,"victory":false,"max_hp_per_floor":[75,75,75,75,75,75,75,75,75,75,75],"card_choices":[{"not_picked":["Rage","Iron Wave","Shrug It Off"],"picked":"SKIP","floor":1},{"not_picked":["Rage","Iron Wave"],"picked":"Shrug It Off","floor":1},{"not_picked":["Clash","Headbutt"],"picked":"Dual Wield","floor":2},{"not_picked":["Replay:SS_hec_1+1","Replay:SS_forest_5+1"],"picked":"Finesse+1","floor":3},{"not_picked":["expansioncontent:CaCaw+1","expansioncontent:TimeRipple+1"],"picked":"Trip+1","floor":3},{"not_picked":["Replay:Parry+1","Replay:SS_fish_1+1"],"picked":"Discovery+1","floor":3},{"not_picked":["Armaments","Uppercut"],"picked":"Anger","floor":5},{"not_picked":["Cleave","Replay:Undeath\u0027s Touch"],"picked":"Impervious","floor":7}],"player_experience":2597690,"relics_obtained":[{"floor":7,"key":"infinitespire:PuzzleCube"}],"event_choices":[{"damage_healed":0,"gold_gain":0,"player_choice":"3","damage_taken":0,"max_hp_gain":0,"max_hp_loss":0,"event_name":"betterMatch:BetterMatch","floor":3,"gold_loss":0,"cards_obtained":["betterMatch:ColorlessUncommonCard"]},{"damage_healed":0,"gold_gain":100,"player_choice":"Gold","damage_taken":0,"max_hp_gain":0,"max_hp_loss":0,"event_name":"Wheel of Change","floor":4,"gold_loss":0}],"is_beta":false,"boss_relics":[],"items_purged_floors":[0],"is_endless":false,"potions_floor_spawned":[1,7],"killed_by":"Gremlin Nob","ascension_level":20}}