{"host":"f14d6hm2349s9jse","time":1608498829,"event":{"mods":["2.2 Compatiblity","BaseMod","Minty Spire (QoL Compilation)","StSLib","The Marked"],"gold_per_floor":[118,137,156,168,182,213,213,231,278,278,278,25,25,53,53,53,53],"floor_reached":16,"playtime":547,"items_purged":[],"score":112,"play_id":"6e213ff7-dc15-47fa-b9fc-57f83f471d79","local_time":"20201220161349","is_ascension_mode":false,"campfire_choices":[{"floor":13,"key":"REST"},{"floor":15,"key":"REST"}],"circlet_count":0,"master_deck":["theMarked:Strike","theMarked:Strike","theMarked:Strike","theMarked:Strike","theMarked:Defend+1","theMarked:Defend","theMarked:Defend","theMarked:SoldierOfQuellstein","theMarked:ShockingTouch","theMarked:WastefulDefense","theMarked:SelfDefenseTraining+1","theMarked:DispelDoubt","theMarked:GodGivenPower","theMarked:ParalyzingBlade","theMarked:EnhancedHearing","theMarked:BanishingWave","theMarked:DeterminationOfTheMarked","theMarked:StartUp"],"relics":["Empty Cage","Bag of Preparation","Anchor","Oddly Smooth Stone","Pen Nib","Tiny Chest","theMarked:Gun"],"acts_visited":["Exordium"],"potions_floor_usage":[5,6],"damage_taken":[{"damage":0,"enemies":"Small Slimes","floor":1,"turns":3},{"damage":1,"enemies":"Jaw Worm","floor":2,"turns":4},{"damage":0,"enemies":"Cultist","floor":3,"turns":3},{"damage":3,"enemies":"2 Fungi Beasts","floor":4,"turns":4},{"damage":0,"enemies":"Gremlin Gang","floor":5,"turns":1},{"damage":24,"enemies":"3 Sentries","floor":6,"turns":7},{"damage":0,"enemies":"Exordium Wildlife","floor":8,"turns":3},{"damage":16,"enemies":"Lagavulin","floor":14,"turns":9},{"damage":0,"enemies":"Hexaghost","floor":16,"turns":1}],"seed_played":"5784321954259182629","potions_obtained":[{"floor":1,"key":"SteroidPotion"},{"floor":3,"key":"SpeedPotion"},{"floor":4,"key":"Explosive Potion"},{"floor":6,"key":"SpeedPotion"}],"is_trial":false,"path_per_floor":["M","M","M","M","M","E","?","M","T","?","T","$","R","E","R","B"],"character_chosen":"THE_DEFAULT","items_purchased":["Tiny Chest","theMarked:BanishingWave","theMarked:DeterminationOfTheMarked"],"campfire_rested":2,"item_purchase_floors":[12,12,12],"current_hp_per_floor":[70,69,69,66,66,42,39,39,39,25,25,25,46,30,51,51,51],"gold":53,"neow_bonus":"BOSS_RELIC","is_daily":false,"chose_seed":false,"campfire_upgraded":0,"win_rate":0.0,"timestamp":1608498829,"path_taken":["M","M","M","M","M","E","?","M","T","?","?","$","R","E","R","BOSS"],"items_purchased_type":["Relic","Card","Card"],"build_version":"2020-12-13","purchased_purges":0,"victory":false,"max_hp_per_floor":[70,70,70,70,70,70,70,70,70,70,70,70,70,70,70,70,70],"card_choices":[{"not_picked":["theMarked:Overcharge","theMarked:Frustration"],"picked":"theMarked:ShockingTouch","floor":1},{"not_picked":["theMarked:SwordAndMagic","theMarked:Improvise"],"picked":"theMarked:WastefulDefense","floor":2},{"not_picked":["theMarked:Static","theMarked:ResourceFulStrike"],"picked":"theMarked:SelfDefenseTraining","floor":3},{"not_picked":["theMarked:Generate","theMarked:SwordAndMagic"],"picked":"theMarked:DispelDoubt","floor":4},{"not_picked":["theMarked:Static","theMarked:Aftermath"],"picked":"theMarked:GodGivenPower","floor":5},{"not_picked":["theMarked:Parkour","theMarked:ResourceFulStrike"],"picked":"theMarked:ParalyzingBlade","floor":6},{"not_picked":["theMarked:Improvise","theMarked:Frustration"],"picked":"theMarked:EnhancedHearing","floor":8},{"not_picked":["theMarked:RogueSparks","theMarked:SelfDefenseTraining"],"picked":"theMarked:StartUp","floor":14}],"player_experience":2470525,"relics_obtained":[{"floor":6,"key":"Bag of Preparation"},{"floor":9,"key":"Oddly Smooth Stone"},{"floor":11,"key":"Pen Nib"},{"floor":14,"key":"theMarked:Gun"}],"event_choices":[{"damage_healed":0,"gold_gain":0,"player_choice":"Success","damage_taken":3,"relics_obtained":["Anchor"],"max_hp_gain":0,"max_hp_loss":0,"event_name":"Scrap Ooze","floor":7,"gold_loss":0},{"damage_healed":0,"gold_gain":0,"player_choice":"Entered Light","damage_taken":14,"max_hp_gain":0,"max_hp_loss":0,"event_name":"Shining Light","floor":10,"gold_loss":0,"cards_upgraded":["theMarked:SelfDefenseTraining","theMarked:Defend"]}],"is_beta":false,"boss_relics":[],"items_purged_floors":[],"is_endless":false,"potions_floor_spawned":[1,3,4,6],"killed_by":"Hexaghost","ascension_level":0}}