{"host":"bxn2em57qlx5u4i0","time":1608506005,"event":{"mods":["BaseMod","Colored Map","Colored Powertips","Highlight Path","Minty Spire (QoL Compilation)","Random Character Button","Relic Sorter","Relic Stats","StSLib","SuperFastMode"],"gold_per_floor":[115,115,135,135,210,237,237,237,237],"floor_reached":8,"playtime":150,"items_purged":[],"score":108,"play_id":"73ccdaf8-d059-4ee3-8d05-0809addeb2f5","local_time":"20201220181325","is_ascension_mode":true,"campfire_choices":[{"data":"Bouncing Flask","floor":7,"key":"SMITH"}],"circlet_count":0,"master_deck":["AscendersBane","Strike_G","Strike_G","Strike_G","Strike_G","Strike_G","Defend_G","Defend_G","Defend_G","Defend_G","Defend_G","Survivor","Neutralize","Deadly Poison","Deadly Poison","Bouncing Flask+1"],"relics":["Ring of the Snake","Juzu Bracelet","Pen Nib","Pear"],"acts_visited":["Exordium"],"potions_floor_usage":[6],"damage_taken":[{"damage":0,"enemies":"2 Louse","floor":1,"turns":6},{"damage":1,"enemies":"Cultist","floor":3,"turns":4},{"damage":27,"enemies":"3 Sentries","floor":6,"turns":8},{"damage":45,"enemies":"Gremlin Nob","floor":8,"turns":3}],"seed_played":"-6324333310501199858","potions_obtained":[{"floor":3,"key":"LiquidBronze"}],"is_trial":false,"path_per_floor":["M","?","M","?","?","E","R","E"],"character_chosen":"THE_SILENT","items_purchased":[],"campfire_rested":0,"item_purchase_floors":[],"current_hp_per_floor":[59,59,58,63,52,35,35,0,0],"gold":237,"neow_bonus":"RANDOM_COMMON_RELIC","is_daily":false,"chose_seed":false,"campfire_upgraded":1,"win_rate":0.0,"timestamp":1608506005,"path_taken":["M","?","M","?","?","E","R","E"],"items_purchased_type":[],"build_version":"2020-12-13","purchased_purges":0,"victory":false,"max_hp_per_floor":[66,66,66,71,71,81,81,81,81],"relic_stats":{"counters":[4,21],"Pen Nib":[2],"Juzu Bracelet":1,"obtain_stats":[{"Pear":6,"Pen Nib":2,"Juzu Bracelet":0,"Ring of the Snake":0},{"Pear":3,"Pen Nib":1,"Juzu Bracelet":0,"Ring of the Snake":0},{"Pear":18,"Pen Nib":6,"Juzu Bracelet":0,"Ring of the Snake":0}],"Ring of the Snake":[8]},"card_choices":[{"not_picked":["PiercingWail","Acrobatics"],"picked":"Deadly Poison","floor":1},{"not_picked":["Flying Knee","All Out Attack"],"picked":"Deadly Poison","floor":3},{"not_picked":["Acrobatics","Underhanded Strike"],"picked":"Bouncing Flask","floor":6}],"player_experience":2835328,"relics_obtained":[{"floor":2,"key":"Pen Nib"},{"floor":6,"key":"Pear"}],"event_choices":[{"damage_healed":0,"gold_gain":0,"player_choice":"Relic","damage_taken":0,"max_hp_gain":0,"max_hp_loss":0,"event_name":"Wheel of Change","floor":2,"gold_loss":0},{"damage_healed":0,"gold_gain":0,"player_choice":"Donut","damage_taken":0,"max_hp_gain":5,"max_hp_loss":0,"event_name":"Big Fish","floor":4,"gold_loss":0},{"damage_healed":0,"gold_gain":75,"player_choice":"Gather Gold","damage_taken":11,"max_hp_gain":0,"max_hp_loss":0,"event_name":"World of Goop","floor":5,"gold_loss":0}],"is_beta":false,"boss_relics":[],"items_purged_floors":[],"is_endless":false,"potions_floor_spawned":[3],"killed_by":"Gremlin Nob","ascension_level":20}}