{"host":"cb9xh4d0ss8ax8yb","time":1608464495,"event":{"mods":["BaseMod","Minty Spire (QoL Compilation)","StSLib","The Alterego","The Dragon Tamer","The Gatherer"],"gold_per_floor":[118,118,118,118,143,143,159,197,245,245,270,270,288,68,68,189,189,210,229,74,74,99,99,142,142,168,188,188,188,222,222,222,354,354,376,394,90,90,110,110,110,443,443,443,101,126,138,178,178,178],"floor_reached":51,"playtime":2925,"items_purged":["Gatherer:Defend_Gatherer","Gatherer:Strike_Gatherer"],"score":865,"play_id":"f3488067-ea12-4153-a908-62eb7085d4d9","local_time":"20201220204135","is_ascension_mode":true,"metric_token":413,"campfire_choices":[{"data":"Gatherer:Centralize","floor":6,"key":"SMITH"},{"data":"Gatherer:LuckyClover","floor":10,"key":"SMITH"},{"data":"Gatherer:TacticalStrike","floor":15,"key":"SMITH"},{"data":"Gatherer:Photoscythe","floor":23,"key":"SMITH"},{"data":"Gatherer:FlowerShield","floor":25,"key":"SMITH"},{"data":"Gatherer:FlowerShield+1","floor":28,"key":"SMITH"},{"floor":32,"key":"REST"},{"data":"Madness","floor":40,"key":"SMITH"},{"data":"Madness","floor":41,"key":"SMITH"},{"data":"Gatherer:FlowerShield","floor":49,"key":"SMITH"}],"circlet_count":0,"master_deck":["Gatherer:Strike_Gatherer","Gatherer:Strike_Gatherer","Gatherer:Strike_Gatherer","Gatherer:Defend_Gatherer","Gatherer:Defend_Gatherer","Gatherer:Defend_Gatherer","Gatherer:Defend_Gatherer","Gatherer:Centralize+1","Gatherer:FlowerWhip","Gatherer:QuickSynthesis","Gatherer:TacticalStrike","Gatherer:TacticalStrike+1","Gatherer:BambuSword","Gatherer:FlowerFalling","Gatherer:LuckyClover+1","Gatherer:FlowerPower","Gatherer:FruitForce","Gatherer:FlowerShield+2","Gatherer:Photoscythe+1","Gatherer:FlowerShield+1","Gatherer:RecoveryHerb","Gatherer:BambuSword+1","Gatherer:Bulldoze","Gatherer:ScherryThrow+1","Madness+1","Madness+1","Gatherer:Duality"],"relics":["Gatherer:MiracleBag","WingedGreaves","Nunchaku","Pen Nib","Bottled Flame","Lee\u0027s Waffle","Vajra","Mercury Hourglass","Boot","CeramicFish","Coffee Dripper","Bag of Marbles","ClockworkSouvenir","Gremlin Horn","Eternal Feather","Dead Branch","Ornamental Fan"],"acts_visited":["Exordium","TheCity","TheBeyond"],"potions_floor_usage":[13,18,18,19,21,22,30,31,33,35,50,50],"damage_taken":[{"damage":0,"enemies":"Jaw Worm","floor":1,"turns":4},{"damage":1,"enemies":"2 Louse","floor":5,"turns":3},{"damage":0,"enemies":"Small Slimes","floor":7,"turns":2},{"damage":17,"enemies":"3 Sentries","floor":8,"turns":12},{"damage":5,"enemies":"Blue Slaver","floor":11,"turns":3},{"damage":2,"enemies":"Exordium Wildlife","floor":13,"turns":3},{"damage":33,"enemies":"Slime Boss","floor":16,"turns":7},{"damage":0,"enemies":"Chosen","floor":18,"turns":2},{"damage":37,"enemies":"Shell Parasite","floor":19,"turns":9},{"damage":0,"enemies":"Snake Plant","floor":21,"turns":1},{"damage":16,"enemies":"Snecko","floor":22,"turns":3},{"damage":25,"enemies":"Book of Stabbing","floor":24,"turns":7},{"damage":3,"enemies":"Chosen and Byrds","floor":27,"turns":6},{"damage":8,"enemies":"Slavers","floor":30,"turns":4},{"damage":0,"enemies":"Cultist and Chosen","floor":31,"turns":1},{"damage":33,"enemies":"Collector","floor":33,"turns":10},{"damage":1,"enemies":"Orb Walker","floor":35,"turns":3},{"damage":0,"enemies":"3 Shapes","floor":39,"turns":1},{"damage":7,"enemies":"Nemesis","floor":46,"turns":5},{"damage":0,"enemies":"Jaw Worm Horde","floor":47,"turns":2},{"damage":0,"enemies":"Reptomancer","floor":48,"turns":1},{"damage":13,"enemies":"Donu and Deca","floor":50,"turns":8}],"seed_played":"-9153771448856007344","potions_obtained":[{"floor":8,"key":"DuplicationPotion"},{"floor":13,"key":"FairyPotion"},{"floor":16,"key":"FearPotion"},{"floor":19,"key":"SpeedPotion"},{"floor":27,"key":"LiquidBronze"},{"floor":30,"key":"ColorlessPotion"},{"floor":33,"key":"GamblersBrew"},{"floor":35,"key":"Block Potion"},{"floor":46,"key":"Ancient Potion"}],"is_trial":false,"path_per_floor":["M","?","?","?","M","R","M","E","T","R","M","T","M","$","R","B",null,"M","M","$","M","M","R","E","R","T","M","R","?","E","M","R","B",null,"M","?","$","?","M","R","R","?","T","?","$","E","M","E","R","B",null],"character_chosen":"THE_GATHERER","items_purchased":["Lee\u0027s Waffle","Vajra","Bag of Marbles","ClockworkSouvenir","Eternal Feather"],"campfire_rested":1,"item_purchase_floors":[14,20,37,37,45],"current_hp_per_floor":[51,51,33,33,32,32,32,19,19,19,14,14,12,83,83,50,83,88,51,51,51,35,35,16,16,16,21,21,50,47,47,73,45,88,88,77,77,88,88,88,88,88,88,88,88,82,82,82,88,75],"gold":178,"neow_bonus":"ONE_RARE_RELIC","is_daily":false,"chose_seed":false,"campfire_upgraded":9,"win_rate":0.0,"timestamp":1608464495,"path_taken":["M","?","?","?","M","R","M","E","T","R","M","?","M","$","R","BOSS","M","M","$","M","M","R","E","R","T","M","R","?","E","M","R","BOSS","M","?","$","?","?","R","R","?","T","?","$","E","M","E","R","BOSS"],"items_purchased_type":["Relic","Relic","Relic","Relic","Relic"],"build_version":"2020-12-13","purchased_purges":2,"victory":true,"max_hp_per_floor":[72,72,72,72,72,72,72,76,76,76,76,76,76,83,83,83,83,88,88,88,88,88,88,88,88,88,88,88,88,88,88,88,88,88,88,88,88,88,88,88,88,88,88,88,88,88,88,88,88,88],"card_choices":[{"not_picked":["Gatherer:TreeGrowth","Gatherer:Frenzy"],"picked":"Gatherer:QuickSynthesis","floor":1},{"not_picked":["Gatherer:EchoOfNature","Gatherer:Convert","Gatherer:Uplift"],"picked":"SKIP","floor":5},{"not_picked":["Gatherer:TreeGrowth","Gatherer:ScherryThrow"],"picked":"Gatherer:FlowerPower","floor":7},{"not_picked":["Gatherer:PotentialSlash","Gatherer:AcidicSpray"],"picked":"Gatherer:FruitForce","floor":8},{"not_picked":["Gatherer:Liquidism","Gatherer:PotentialSlash"],"picked":"Gatherer:FlowerShield","floor":11},{"not_picked":["Gatherer:TreeGrowth","Gatherer:QuickSynthesis","Gatherer:DrugPower"],"picked":"SKIP","floor":13},{"not_picked":["Gatherer:BomberForm","Gatherer:StoneFence"],"picked":"Gatherer:Photoscythe","floor":16},{"not_picked":["Gatherer:EchoOfNature","Gatherer:Frenzy+1"],"picked":"Gatherer:FlowerShield","floor":18},{"not_picked":["Gatherer:Convert","Gatherer:TreeGrowth","Gatherer:Frenzy"],"picked":"SKIP","floor":19},{"not_picked":["Gatherer:CarefulStrike","Gatherer:GatherMaterial"],"picked":"Gatherer:RecoveryHerb","floor":22},{"not_picked":["Gatherer:OddSpoils+1","Gatherer:SaveValuables+1","Gatherer:FruitForce"],"picked":"SKIP","floor":24},{"not_picked":["Gatherer:EchoOfNature","Gatherer:OddSpoils+1"],"picked":"Gatherer:BambuSword+1","floor":27},{"not_picked":["Gatherer:Herbalism","Gatherer:FragileHammer","Gatherer:FeelingFine"],"picked":"SKIP","floor":30},{"not_picked":["Gatherer:HeartToFruit","Gatherer:ScrollOfPurity"],"picked":"Gatherer:Bulldoze","floor":33},{"not_picked":["Gatherer:AcidicSpray+1","Gatherer:TacticalStrike+1"],"picked":"Gatherer:ScherryThrow+1","floor":35},{"not_picked":["Gatherer:RottenStipe","Gatherer:Enchant","Gatherer:TacticalStrike+1"],"picked":"SKIP","floor":39},{"not_picked":["Gatherer:GlowingPlant+1","Gatherer:TreeGrowth","Gatherer:Transmute"],"picked":"SKIP","floor":46},{"not_picked":["Gatherer:Pollute","Gatherer:GlowingPlant+1","Gatherer:EnergyBasket"],"picked":"SKIP","floor":47},{"not_picked":["Gatherer:GlowingPlant","Gatherer:ScrollOfPurity"],"picked":"Gatherer:Duality","floor":48}],"player_experience":440102,"relics_obtained":[{"floor":8,"key":"Nunchaku"},{"floor":9,"key":"Pen Nib"},{"floor":12,"key":"Bottled Flame"},{"floor":24,"key":"Mercury Hourglass"},{"floor":26,"key":"Boot"},{"floor":30,"key":"CeramicFish"},{"floor":43,"key":"Gremlin Horn"},{"floor":46,"key":"Dead Branch"},{"floor":48,"key":"Ornamental Fan"}],"event_choices":[{"damage_healed":0,"gold_gain":0,"player_choice":"Take Damage","damage_taken":18,"relics_obtained":["Golden Idol"],"max_hp_gain":0,"max_hp_loss":0,"event_name":"Golden Idol","floor":3,"gold_loss":0},{"cards_removed":["Gatherer:Strike_Gatherer"],"damage_healed":0,"gold_gain":0,"player_choice":"Forget","damage_taken":0,"max_hp_gain":0,"max_hp_loss":0,"event_name":"Living Wall","floor":4,"gold_loss":0},{"damage_healed":29,"gold_gain":0,"player_choice":"Heal","damage_taken":0,"max_hp_gain":0,"max_hp_loss":0,"event_name":"The Library","floor":29,"gold_loss":0},{"damage_healed":0,"gold_gain":0,"player_choice":"Embrace Madness","damage_taken":11,"max_hp_gain":0,"max_hp_loss":0,"event_name":"Winding Halls","floor":36,"gold_loss":0,"cards_obtained":["Madness","Madness"]},{"damage_healed":11,"gold_gain":0,"player_choice":"Full Heal","damage_taken":0,"max_hp_gain":0,"max_hp_loss":0,"event_name":"Wheel of Change","floor":38,"gold_loss":0},{"damage_healed":0,"gold_gain":333,"player_choice":"Gave Idol","damage_taken":0,"max_hp_gain":0,"max_hp_loss":0,"event_name":"The Moai Head","floor":42,"relics_lost":["Golden Idol"],"gold_loss":0},{"damage_healed":0,"gold_gain":0,"player_choice":"Ignored","damage_taken":0,"max_hp_gain":0,"max_hp_loss":0,"event_name":"Tomb of Lord Red Mask","floor":44,"gold_loss":0}],"is_beta":false,"boss_relics":[{"not_picked":["Gatherer:ExplorersPath","Calling Bell"],"picked":"Gatherer:MiracleBag"},{"not_picked":["Black Star","Astrolabe"],"picked":"Coffee Dripper"}],"items_purged_floors":[14,45],"is_endless":false,"potions_floor_spawned":[8,13,16,19,27,30,33,35,46,47],"ascension_level":2}}