{"host":"4qkvkh7pd9qr2mca","time":1608426587,"event":{"mods":["AchievementEnabler","BaseMod","Colored Map","Colored Powertips","Highlight Path","Minty Spire (QoL Compilation)","Permanent Neow","Quick Restart","StSLib","SuperFastMode"],"gold_per_floor":[114,114,133,208,26,55,55,80,103,119,135,135,35,51,51,128,128,138,151,32,32,32,32,44,69,69,94,94,111,111,111],"floor_reached":30,"playtime":1353,"items_purged":["Regret","Decay"],"score":581,"play_id":"af75496b-61a7-4160-bc8f-867a7fa1e60e","local_time":"20201220020947","is_ascension_mode":true,"campfire_choices":[{"floor":7.0,"key":"REST"},{"floor":12.0,"key":"REST"},{"floor":15.0,"key":"REST"},{"floor":23.0,"key":"REST"},{"data":"Well Laid Plans","floor":28.0,"key":"SMITH"}],"circlet_count":0,"master_deck":["AscendersBane","Defend_G","Defend_G","Defend_G","Defend_G","Defend_G","Survivor","Neutralize","Predator","Leg Sweep","Footwork","Backflip","Well Laid Plans+1","Bouncing Flask","Escape Plan","Acrobatics","Malaise","PiercingWail+1","Blur","Noxious Fumes","Crippling Poison","Bite","Bite","Bite","Bite","Bite","Corpse Explosion","Pain","Caltrops+1","Acrobatics+1"],"relics":["Cursed Key","Bag of Marbles","Du-Vu Doll","Toy Ornithopter","Whetstone","SlaversCollar","Nilry\u0027s Codex","Pantograph","Frozen Egg 2","Matryoshka"],"acts_visited":["Exordium","TheCity"],"potions_floor_usage":[],"damage_taken":[{"damage":1.0,"enemies":"Small Slimes","floor":1.0,"turns":4.0},{"damage":0.0,"enemies":"2 Louse","floor":3.0,"turns":2.0},{"damage":37.0,"enemies":"Gremlin Nob","floor":6.0,"turns":4.0},{"damage":6.0,"enemies":"3 Sentries","floor":8.0,"turns":12.0},{"damage":9.0,"enemies":"Jaw Worm","floor":10.0,"turns":2.0},{"damage":8.0,"enemies":"Blue Slaver","floor":11.0,"turns":4.0},{"damage":9.0,"enemies":"Red Slaver","floor":14.0,"turns":2.0},{"damage":3.0,"enemies":"The Guardian","floor":16.0,"turns":11.0},{"damage":15.0,"enemies":"3 Byrds","floor":18.0,"turns":8.0},{"damage":0.0,"enemies":"Spheric Guardian","floor":19.0,"turns":5.0},{"damage":8.0,"enemies":"Cultist and Chosen","floor":24.0,"turns":7.0},{"damage":8.0,"enemies":"Slavers","floor":25.0,"turns":8.0},{"damage":18.0,"enemies":"Gremlin Leader","floor":27.0,"turns":8.0},{"damage":11.0,"enemies":"Chosen and Byrds","floor":29.0,"turns":8.0},{"damage":53,"enemies":"Slavers","floor":30,"turns":4}],"seed_played":"-8401095383744592133","potions_obtained":[{"floor":10.0,"key":"FearPotion"},{"floor":11.0,"key":"GamblersBrew"},{"floor":18.0,"key":"Explosive Potion"},{"floor":24.0,"key":"Poison Potion"},{"floor":25.0,"key":"GamblersBrew"}],"is_trial":false,"path_per_floor":["M","?","M","?","$","E","R","E","T","M","M","R","$","M","R","B",null,"M","M","$","?","?","R","M","E","T","E","R","M","E"],"character_chosen":"THE_SILENT","items_purchased":["Footwork","Backflip","Noxious Fumes","Crippling Poison"],"campfire_rested":4,"item_purchase_floors":[5,5,20,20],"current_hp_per_floor":[58,58,58,47,47,10,29,23,23,14,6,25,25,16,35,37,59,49,49,49,46,25,38,43,46,46,43,43,41,0,0],"gold":111,"neow_bonus":"BOSS_RELIC","is_daily":false,"chose_seed":false,"campfire_upgraded":1,"win_rate":0.0,"timestamp":1608426587,"path_taken":["M","?","M","?","$","E","R","E","T","M","M","R","$","M","R","BOSS","M","M","$","?","?","R","M","E","T","E","R","M","E"],"items_purchased_type":["Card","Card","Card","Card"],"build_version":"2020-12-13","purchased_purges":2,"victory":false,"max_hp_per_floor":[66,66,66,66,66,66,66,66,66,66,66,66,66,66,66,66,66,66,66,66,46,46,46,46,46,46,46,46,46,46,46],"card_choices":[{"not_picked":["Deflect","PiercingWail"],"picked":"Predator","floor":1.0},{"not_picked":["Deadly Poison","Bane"],"picked":"Leg Sweep","floor":3.0},{"not_picked":["Skewer","Sucker Punch"],"picked":"Well Laid Plans","floor":6.0},{"not_picked":["Concentrate","Quick Slash"],"picked":"Bouncing Flask","floor":8.0},{"not_picked":["Poisoned Stab","Bane","Distraction"],"picked":"SKIP","floor":10.0},{"not_picked":["Backstab","Bane"],"picked":"Escape Plan","floor":11.0},{"not_picked":["Quick Slash","Reflex"],"picked":"Acrobatics","floor":14.0},{"not_picked":["Die Die Die","Grand Finale"],"picked":"Malaise","floor":16.0},{"not_picked":["Sucker Punch","Distraction"],"picked":"PiercingWail+1","floor":18.0},{"not_picked":["Masterful Stab","Prepared"],"picked":"Blur","floor":19.0},{"not_picked":["Flying Knee","Dash","Eviscerate+1"],"picked":"SKIP","floor":24.0},{"not_picked":["Grand Finale","Deflect"],"picked":"Corpse Explosion","floor":25.0},{"not_picked":["Doppelganger","Endless Agony"],"picked":"Caltrops+1","floor":27.0},{"not_picked":["Deflect","Flying Knee"],"picked":"Acrobatics+1","floor":29.0}],"player_experience":467026,"relics_obtained":[{"floor":6.0,"key":"Du-Vu Doll"},{"floor":8.0,"key":"Toy Ornithopter"},{"floor":9.0,"key":"Whetstone"},{"floor":22.0,"key":"Nilry\u0027s Codex"},{"floor":25.0,"key":"Pantograph"},{"floor":26.0,"key":"Frozen Egg 2"},{"floor":27.0,"key":"Matryoshka"}],"event_choices":[{"damage_healed":0.0,"max_hp_gain":0.0,"max_hp_loss":0.0,"gold_gain":0.0,"event_name":"Big Fish","player_choice":"Box","floor":2.0,"gold_loss":0.0,"damage_taken":0.0,"relics_obtained":["Bag of Marbles"],"cards_obtained":["Regret"]},{"damage_healed":0.0,"max_hp_gain":0.0,"max_hp_loss":0.0,"gold_gain":75.0,"event_name":"World of Goop","player_choice":"Gather Gold","floor":4.0,"gold_loss":0.0,"damage_taken":11.0},{"damage_healed":0.0,"max_hp_gain":0.0,"max_hp_loss":20.0,"gold_gain":0.0,"event_name":"Vampires","player_choice":"Became a vampire","floor":21.0,"gold_loss":0.0,"damage_taken":0.0,"cards_obtained":["Bite","Bite","Bite","Bite","Bite"]},{"damage_healed":0.0,"max_hp_gain":0.0,"max_hp_loss":0.0,"gold_gain":0.0,"event_name":"Cursed Tome","player_choice":"Obtained Book","floor":22.0,"gold_loss":0.0,"damage_taken":21.0}],"is_beta":false,"boss_relics":[{"not_picked":["Empty Cage","Tiny House"],"picked":"SlaversCollar"}],"items_purged_floors":[5,13],"is_endless":false,"potions_floor_spawned":[10,11,18,24,25],"killed_by":"Slavers","ascension_level":20}}