{"host":"07tcb8n8jdavk3gs","time":1608482394,"event":{"mods":["BaseMod","Colored Map","Hermit","Marisa????????","Minty Spire (QoL Compilation)","StSLib","The Animator","The Cursed","The Servant 0.9.4"],"gold_per_floor":[122,122,102,126,137,137,287,287,287,287,11,37,53,70,70,70,70],"floor_reached":16,"playtime":926,"items_purged":[],"score":175,"play_id":"fbcbc766-8e3c-4fc0-be47-62a535609e76","local_time":"20201220103954","is_ascension_mode":true,"campfire_choices":[{"floor":6,"key":"REST"},{"data":"animator:MisaKurobane","floor":8,"key":"SMITH"},{"data":"animator:HighElfArcher","floor":10,"key":"SMITH"},{"floor":15,"key":"REST"}],"circlet_count":0,"master_deck":["AscendersBane","animator:Strike_Overlord","animator:Defend_Overlord","animator:Strike","animator:Strike","animator:Strike","animator:Defend","animator:Defend","animator:Defend","animator:Cocytus+1","animator:Demiurge","animator:MisaKurobane+1","animator:Entoma+2","animator:HighElfArcher+1","animator:IzunaHatsuse","Doubt","animator:Elesis","animator:LizardPriest","animator:Cocytus","animator:Shalltear"],"relics":["animator:LivingPicture","animator:TheMissingPiece","CaptainsWheel","Tiny Chest","Smiling Mask"],"acts_visited":["Exordium"],"potions_floor_usage":[12,14,16,16],"damage_taken":[{"damage":9,"enemies":"2 Louse","floor":1,"turns":3},{"damage":1,"enemies":"Cultist","floor":4,"turns":3},{"damage":7,"enemies":"Jaw Worm","floor":5,"turns":3},{"damage":40,"enemies":"Lagavulin","floor":12,"turns":9},{"damage":6,"enemies":"Large Slime","floor":13,"turns":5},{"damage":0,"enemies":"Looter","floor":14,"turns":3},{"damage":32,"enemies":"The Guardian","floor":16,"turns":9}],"seed_played":"6077022938663410733","potions_obtained":[{"floor":3,"key":"AttackPotion"},{"floor":4,"key":"SteroidPotion"},{"floor":12,"key":"Energy Potion"},{"floor":13,"key":"ColorlessPotion"},{"floor":14,"key":"DistilledChaos"}],"is_trial":false,"path_per_floor":["M","?","?","M","M","R","?","R","T","R","$","E","M","M","R","B"],"character_chosen":"THE_ANIMATOR","items_purchased":["Tiny Chest","animator:Elesis","animator:LizardPriest"],"campfire_rested":2,"item_purchase_floors":[11,11,11],"current_hp_per_floor":[45,27,27,26,19,37,37,37,37,37,37,1,2,6,24,0,0],"gold":70,"neow_bonus":"RANDOM_COLORLESS","is_daily":false,"chose_seed":false,"campfire_upgraded":2,"win_rate":0.0,"timestamp":1608482394,"path_taken":["M","?","?","?","?","R","?","R","T","R","$","E","M","M","R","BOSS"],"items_purchased_type":["Relic","Card","Card"],"build_version":"2020-12-13","purchased_purges":0,"victory":false,"max_hp_per_floor":[60,60,60,60,60,60,60,60,60,60,60,60,63,63,63,63,63],"card_choices":[{"not_picked":["animator:LimeBell","animator:Kuroyukihime"],"picked":"animator:MisaKurobane","floor":0},{"not_picked":["animator:Raven","animator:DolaRiku"],"picked":"animator:Entoma","floor":1},{"not_picked":["animator:Spearman","animator:Priestess"],"picked":"animator:HighElfArcher","floor":4},{"not_picked":["animator:Assassin","animator:Lancer"],"picked":"animator:IzunaHatsuse","floor":5},{"not_picked":["animator:Entoma","animator:Evileye"],"picked":"animator:Cocytus","floor":12},{"not_picked":["animator:TukaLunaMarceau","animator:Millim"],"picked":"animator:Shalltear","floor":13},{"not_picked":["animator:Laby","animator:RoryMercury","animator:ChlammyZell"],"picked":"SKIP","floor":14}],"player_experience":895578,"relics_obtained":[{"floor":9,"key":"CaptainsWheel"},{"floor":12,"key":"Smiling Mask"}],"event_choices":[{"damage_healed":0,"gold_gain":0,"player_choice":"Entered Light","damage_taken":18,"max_hp_gain":0,"max_hp_loss":0,"event_name":"Shining Light","floor":2,"gold_loss":0,"cards_upgraded":["animator:Entoma","animator:Cocytus"]},{"damage_healed":0,"gold_gain":0,"player_choice":"Bought 1 Potion","damage_taken":0,"max_hp_gain":0,"max_hp_loss":0,"event_name":"The Woman in Blue","floor":3,"gold_loss":0},{"damage_healed":0,"gold_gain":150,"player_choice":"AGREE","damage_taken":0,"max_hp_gain":0,"max_hp_loss":0,"event_name":"Liars Game","floor":7,"gold_loss":0,"cards_obtained":["Doubt"]}],"is_beta":false,"boss_relics":[],"items_purged_floors":[],"is_endless":false,"potions_floor_spawned":[4,12,13,14],"killed_by":"The Guardian","ascension_level":15}}