{"host":"kdwpkw8fmmdxtkuu","time":1608422978,"event":{"mods":["AchievementEnabler","BaseMod","Better Third Choice","Downfall","Minty Spire (QoL Compilation)","Quick Restart","Spicy Shops","StSLib","The IronCluck","slay the spire mod where everything is the same but ironclad has a cowboy hat"],"gold_per_floor":[99,99,127,127,152,152],"floor_reached":5,"playtime":112,"items_purged":[],"score":77,"play_id":"0c0e57a8-7a32-4882-9150-b1f06594bd80","local_time":"20201219180938","is_ascension_mode":true,"campfire_choices":[{"data":"hexamod:Float","floor":1,"key":"SMITH"}],"circlet_count":0,"master_deck":["hexamod:Strike","hexamod:Strike","hexamod:Strike","hexamod:Strike","hexamod:Defend","hexamod:Defend","hexamod:Defend","hexamod:Defend","hexamod:Sear","hexamod:Float+1","hexamod:FourthSeal","hexamod:GhostOfSpirePresent","hexamod:RainOfEmbers"],"relics":["hexamod:SpiritBrand","downfall:HeartsMalice","sneckomod:BlankCard","Tiny Chest"],"acts_visited":["Exordium"],"potions_floor_usage":[],"damage_taken":[{"damage":0,"enemies":"downfall:FleeingMerchant","floor":2,"turns":1},{"damage":0,"enemies":"3 Sentries","floor":3,"turns":1},{"damage":0,"enemies":"Cultist","floor":4,"turns":1},{"damage":20,"enemies":"Gremlin Nob","floor":5,"turns":4}],"seed_played":"1124148813482063646","potions_obtained":[{"floor":3,"key":"Ancient Potion"},{"floor":5,"key":"Block Potion"}],"is_trial":false,"path_per_floor":["R","$","E","M","E"],"character_chosen":"THE_SPIRIT","items_purchased":[],"campfire_rested":0,"item_purchase_floors":[],"current_hp_per_floor":[70,70,70,70,50,50],"gold":152,"neow_bonus":"THREE_ENEMY_KILL","is_daily":false,"chose_seed":false,"campfire_upgraded":1,"win_rate":0.0,"timestamp":1608422978,"path_taken":["R","$","E","M","E"],"items_purchased_type":[],"build_version":"2020-12-13","purchased_purges":0,"victory":false,"max_hp_per_floor":[70,70,70,70,70,70],"card_choices":[{"not_picked":["hexamod:EtherealExpedition","hexamod:GhostLash"],"picked":"hexamod:FourthSeal","floor":2},{"not_picked":["hexamod:BacktrackSmack","hexamod:GhostShield"],"picked":"hexamod:GhostOfSpirePresent","floor":3},{"not_picked":["hexamod:BurningTouch","hexamod:Hexaguard"],"picked":"hexamod:RainOfEmbers","floor":4}],"player_experience":154449,"relics_obtained":[{"floor":3,"key":"sneckomod:BlankCard"},{"floor":5,"key":"Tiny Chest"}],"event_choices":[],"is_beta":false,"boss_relics":[],"items_purged_floors":[],"is_endless":false,"potions_floor_spawned":[3],"killed_by":"Gremlin Nob","ascension_level":2}}