{"host":"y0wkltgt9g64tmdy","time":1608443159,"event":{"mods":["BaseMod","Marisa£®ÏF”Í°°ƒß¿Ì…≥£©","Minty Spire (QoL Compilation)","Reimu£®≤©¿ˆ¡È√Œ£©","Remilia£®¿Ÿ√◊¿Ú—«£©","Replay The Spire","Shop Mod","StSLib","The Bug Knight","The Gatherer","Waifu the Spire","Youmu£®ªÍ∆«—˝√Œ£©","[µÿæ´ ◊¡Ï≈¿À˛]The Maniac"],"gold_per_floor":[109,127,127,127,147,147,180,190,216,216,216,230,38,62,62,186,186,210,210,210,224,244,244,276,287,334,374,395,335,49,87,87,196,196,222,0,18,18],"floor_reached":37,"playtime":1650,"items_purged":["Injury"],"score":458,"play_id":"15695617-cf43-45fc-aa12-48de1ca43cc6","local_time":"20201220134559","is_ascension_mode":true,"campfire_choices":[{"data":"DC","floor":6,"key":"SMITH"},{"floor":11,"key":"REST"},{"floor":15,"key":"REST"},{"floor":23,"key":"REST"},{"floor":32,"key":"REST"}],"circlet_count":0,"master_deck":["Strike_MRS+1","Strike_MRS+1","Strike_MRS+1","Strike_MRS+1","Defend_MRS+1","Defend_MRS+1","Defend_MRS+1","Defend_MRS+1","UpSweep","DC+1","SporeBomb","DarkMatter+1","EarthLightRay","ManaConvection","BinaryStars+1","PowerUp","MilkyWay+1","PropBag","MilkyWay","EscapeVelocity","SuperPerseids","MysteriousBeam","GalacticHalo","PulseMagic+1","Singularity","MillisecondPulsars","GrandCross","EarthLightRay+1","EscapeVelocity","PowerUp"],"relics":["MiniHakkero","Happy Flower","War Paint","Bloody Idol","ChewingGum","Replay:Baseball","Replay:Bandana","Replay:Accelerometer","MerchantsRug","Runic Dome","Red Mask","Shuriken"],"acts_visited":["Exordium","TheCity","TheBeyond"],"potions_floor_usage":[27,30,33,37],"damage_taken":[{"damage":1,"enemies":"Jaw Worm","floor":1,"turns":3},{"damage":5,"enemies":"Small Slimes","floor":2,"turns":3},{"damage":1,"enemies":"Cultist","floor":5,"turns":3},{"damage":44,"enemies":"3 Sentries","floor":7,"turns":12},{"damage":0,"enemies":"2 Fungi Beasts","floor":8,"turns":3},{"damage":0,"enemies":"3 Louse","floor":12,"turns":4},{"damage":5,"enemies":"Exordium Thugs","floor":14,"turns":2},{"damage":40,"enemies":"Hexaghost","floor":16,"turns":8},{"damage":0,"enemies":"Spheric Guardian","floor":18,"turns":3},{"damage":3,"enemies":"Chosen","floor":21,"turns":4},{"damage":30,"enemies":"Snake Plant","floor":22,"turns":3},{"damage":36,"enemies":"Slavers","floor":24,"turns":6},{"damage":15,"enemies":"Centurion and Healer","floor":25,"turns":4},{"damage":13,"enemies":"Book of Stabbing","floor":27,"turns":4},{"damage":3,"enemies":"Cultist and Chosen","floor":28,"turns":6},{"damage":6,"enemies":"Snake Plant","floor":31,"turns":3},{"damage":42,"enemies":"Automaton","floor":33,"turns":8},{"damage":32,"enemies":"3 Darklings","floor":35,"turns":5},{"damage":75,"enemies":"Orin","floor":37,"turns":7}],"seed_played":"-201134056463093310","potions_obtained":[{"floor":2,"key":"DuplicationPotion"},{"floor":5,"key":"Fire Potion"},{"floor":12,"key":"SteroidPotion"},{"floor":33,"key":"Dexterity Potion"}],"is_trial":false,"path_per_floor":["M","M","?","?","M","R","E","M","T","?","R","M","$","M","R","B",null,"M","?","?","M","M","R","E","M","T","E","M","?","$","M","R","B",null,"M","?","?"],"character_chosen":"MARISA","items_purchased":["MilkyWay+1","PropBag","MerchantsRug","Fruit Juice","Elixir"],"campfire_rested":4,"item_purchase_floors":[13,13,30,30,30],"current_hp_per_floor":[81,76,76,76,75,75,35,39,39,39,63,67,67,66,82,42,82,82,82,82,82,57,81,54,48,53,49,55,55,60,73,87,50,87,60,60,0,0],"gold":18,"neow_bonus":"TEN_PERCENT_HP_BONUS","is_daily":false,"chose_seed":false,"campfire_upgraded":1,"win_rate":0.0,"timestamp":1608443159,"path_taken":["M","M","?","?","M","R","E","M","T","?","R","M","?","?","R","BOSS","M","?","?","M","M","R","E","M","T","E","M","?","$","M","R","BOSS","M","?","?"],"items_purchased_type":["Card","Card","Relic","Potion","Potion"],"build_version":"2020-12-13","purchased_purges":1,"victory":false,"max_hp_per_floor":[82,82,82,82,82,82,82,82,82,82,82,82,82,82,82,82,82,82,82,82,82,82,82,82,82,82,82,82,82,87,87,87,87,87,87,87,87,87],"card_choices":[{"not_picked":["MilkyWay","StarlightTyphoon"],"picked":"DC","floor":1},{"not_picked":["AlicesGift","DoubleSpark"],"picked":"SporeBomb","floor":2},{"not_picked":["UnstableBomb","Acceleration"],"picked":"EarthLightRay","floor":5},{"not_picked":["ShootingEcho","WitchOfGreed"],"picked":"ManaConvection","floor":7},{"not_picked":["SuperPerseids","IllusionStar"],"picked":"BinaryStars","floor":8},{"not_picked":["ManaConvection","GasGiant"],"picked":"PowerUp","floor":12},{"not_picked":["DarkSpark","ManaConvection"],"picked":"MilkyWay","floor":14},{"not_picked":["SatelliteIllusion","SuperNova"],"picked":"EscapeVelocity","floor":16},{"not_picked":["GalacticHalo","MilkyWay"],"picked":"SuperPerseids","floor":18},{"not_picked":["MilkyWay","ChargingUp"],"picked":"MysteriousBeam","floor":21},{"not_picked":["SporeBomb+1","DC"],"picked":"GalacticHalo","floor":22},{"not_picked":["SatelliteIllusion","MilkyWay"],"picked":"PulseMagic+1","floor":24},{"not_picked":["GalacticHalo","StarBarrage"],"picked":"Singularity","floor":25},{"not_picked":["Robbery","MagicChant"],"picked":"MillisecondPulsars","floor":27},{"not_picked":["PulseMagic","ChargingUp"],"picked":"GrandCross","floor":28},{"not_picked":["GravityBeat","IllusionStar+1"],"picked":"EarthLightRay+1","floor":31},{"not_picked":["MillisecondPulsars","CollectingQuirk"],"picked":"EscapeVelocity","floor":33},{"not_picked":["IllusionStar+1","GasGiant+1"],"picked":"PowerUp","floor":35}],"player_experience":94015,"relics_obtained":[{"floor":7,"key":"Happy Flower"},{"floor":9,"key":"War Paint"},{"floor":24,"key":"Replay:Baseball"},{"floor":26,"key":"Replay:Bandana"},{"floor":27,"key":"Replay:Accelerometer"}],"event_choices":[{"damage_healed":0,"gold_gain":0,"player_choice":"Ignored","damage_taken":0,"max_hp_gain":0,"max_hp_loss":0,"event_name":"Liars Game","floor":4,"gold_loss":0},{"damage_healed":0,"gold_gain":0,"player_choice":"Take Wound","damage_taken":0,"relics_obtained":["Golden Idol"],"max_hp_gain":0,"max_hp_loss":0,"event_name":"Golden Idol","floor":10,"gold_loss":0,"cards_obtained":["Injury"]},{"damage_healed":0,"gold_gain":0,"player_choice":"Simplicity","damage_taken":0,"max_hp_gain":0,"max_hp_loss":0,"event_name":"Back to Basics","floor":19,"gold_loss":0,"cards_upgraded":["Strike_MRS","Strike_MRS","Strike_MRS","Strike_MRS","Defend_MRS","Defend_MRS","Defend_MRS"]},{"damage_healed":0,"gold_gain":0,"player_choice":"Gave Idol","damage_taken":0,"relics_obtained":["Bloody Idol"],"max_hp_gain":0,"max_hp_loss":0,"event_name":"Forgotten Altar","floor":20,"relics_lost":["Golden Idol"],"gold_loss":0},{"damage_healed":0,"gold_gain":0,"player_choice":"Paid","damage_taken":0,"relics_obtained":["Red Mask"],"max_hp_gain":0,"max_hp_loss":0,"event_name":"Tomb of Lord Red Mask","floor":36,"gold_loss":222},{"damage_healed":0,"gold_gain":0,"player_choice":"Fight","damage_taken":0,"max_hp_gain":0,"max_hp_loss":0,"event_name":"OrinTheCat","floor":37,"gold_loss":0}],"is_beta":false,"boss_relics":[{"not_picked":["Replay:Ancient Bell","Snecko Eye"],"picked":"ChewingGum"},{"not_picked":["Painkiller Herb","Replay:Drink Me"],"picked":"Runic Dome"}],"items_purged_floors":[13],"is_endless":false,"potions_floor_spawned":[2,5,12,21,25,31,33,35],"killed_by":"Orin","ascension_level":1}}