{"host":"wcdwdpnxbe04tinu","time":1608447054,"event":{"mods":["BaseMod","Downfall","Minty Spire (QoL Compilation)","Relic Sorter","StSLib"],"gold_per_floor":[99,132,146,163,48,77,77,77,2,31,16,16,28,28,38,38,38],"floor_reached":16,"playtime":906,"items_purged":[],"score":143,"play_id":"1fe75ba4-2d5c-405f-83ee-d65f1ab06091","local_time":"20201220005054","is_ascension_mode":false,"campfire_choices":[{"data":"champ:Taunt","floor":1,"key":"SMITH"},{"data":"champ:PerfectedStrike","floor":9,"key":"SMITH"}],"circlet_count":0,"master_deck":["champ:Strike","champ:Strike","champ:Strike","champ:Strike","champ:Defend","champ:Defend","champ:Defend","champ:Defend","champ:Execute","champ:Taunt+1","champ:RageSigil","champ:PerfectedStrike+1","champ:CalledShot","champ:Lariat","champ:Encircle","champ:FlashCut","champ:GutPunch","champ:SwordThrow"],"relics":["champ:ChampionCrown","Incense Burner","Singing Bowl","The Courier","downfall:HeartBlessingGreen","Blood Vial"],"acts_visited":["Exordium"],"potions_floor_usage":[10,16,16],"damage_taken":[{"damage":56,"enemies":"3 Sentries","floor":2,"turns":11},{"damage":14,"enemies":"Small Slimes","floor":3,"turns":4},{"damage":0,"enemies":"2 Louse","floor":4,"turns":3},{"damage":19,"enemies":"downfall:FleeingMerchant","floor":5,"turns":4},{"damage":39,"enemies":"Gremlin Nob","floor":6,"turns":5},{"damage":47,"enemies":"Lagavulin","floor":10,"turns":8},{"damage":0,"enemies":"downfall:FleeingMerchant","floor":11,"turns":4},{"damage":0,"enemies":"Cultist","floor":12,"turns":1},{"damage":6,"enemies":"Exordium Wildlife","floor":13,"turns":6},{"damage":16,"enemies":"Large Slime","floor":15,"turns":3},{"damage":42,"enemies":"downfall:Ironclad","floor":16,"turns":3}],"seed_played":"1758743638767733149","potions_obtained":[{"floor":4,"key":"sneckomod:MuddlingPotion"},{"floor":6,"key":"BlessingOfTheForge"},{"floor":10,"key":"LiquidMemories"},{"floor":15,"key":"SpeedPotion"}],"is_trial":false,"path_per_floor":["R","E","M","M","$","E","T","?","R","E","$","M","M","?","M","B"],"character_chosen":"THE_CHAMP","items_purchased":["champ:Encircle","champ:FlashCut"],"campfire_rested":0,"item_purchase_floors":[5,5],"current_hp_per_floor":[99,63,63,63,58,30,30,30,30,18,20,24,27,27,33,0,0],"gold":38,"neow_bonus":"TEN_PERCENT_HP_BONUS","is_daily":false,"chose_seed":false,"campfire_upgraded":2,"win_rate":0.0,"timestamp":1608447054,"path_taken":["R","E","M","M","$","E","T","?","R","E","$","M","M","?","M","BOSS"],"items_purchased_type":["Card","Card"],"build_version":"2020-12-13","purchased_purges":0,"victory":false,"max_hp_per_floor":[99,99,99,99,99,101,101,101,101,103,103,105,105,105,107,107,107],"card_choices":[{"not_picked":["champ:Circumvent","champ:Lariat"],"picked":"champ:RageSigil","floor":2},{"not_picked":["champ:GladiatorsShout","champ:StanceDance"],"picked":"champ:PerfectedStrike","floor":3},{"not_picked":["champ:SwordSigil","champ:ArenaPreparation"],"picked":"champ:CalledShot","floor":4},{"not_picked":["champ:Backstep","champ:Encircle"],"picked":"champ:Lariat","floor":5},{"not_picked":["champ:CalledShot","champ:DefensiveShout","champ:Balance"],"picked":"Singing Bowl","floor":6},{"not_picked":["champ:DeathBlow","champ:BringItOn","champ:SwordSigil"],"picked":"Singing Bowl","floor":10},{"not_picked":["champ:Balance","champ:Duel","champ:Riposte"],"picked":"SKIP","floor":11},{"not_picked":["champ:MurderStrike","champ:ShieldSigil","champ:Backstep"],"picked":"Singing Bowl","floor":12},{"not_picked":["champ:Encircle","champ:FocusedGladiator"],"picked":"champ:GutPunch","floor":13},{"not_picked":["champ:EnGarde","champ:Backstep","champ:BladeFlurry"],"picked":"Singing Bowl","floor":15}],"player_experience":518655,"relics_obtained":[{"floor":2,"key":"Incense Burner"},{"floor":6,"key":"Singing Bowl"},{"floor":7,"key":"The Courier"},{"floor":10,"key":"Blood Vial"}],"event_choices":[],"is_beta":false,"boss_relics":[],"items_purged_floors":[],"is_endless":false,"potions_floor_spawned":[4,6,10,15],"killed_by":"downfall:Ironclad","ascension_level":0}}