{"host":"4ia4wmtvbzfrqeuq","time":1608501777,"event":{"mods":["A Magickal Journey","Aspiration","BaseMod","Beaked The Cultist","Better Skull","Better Third Choice","BetterRewards","Card Forge","Conspire","Dio Mod","Downfall","Duelist Mod","Halation","Hermit","Hubris","Infinite Spire","Jorbs\u0027s Wanderer Trilogy","Lobotomy","LobotomyExtend","Luminous","Mimic Mod","Minty Spire (QoL Compilation)","Prisma Mod","Replay The Spire","Robot Space Explorer","Shop Mod","Spicy Shops","StSLib","The Animator","The Cursed","The Disciple","The Elementalist","The Hierophant","The Necromancer","The Runesmith","The Wild Card","Wandering Minibosses","vexMod"],"gold_per_floor":[109,128,128,128,142,172,186,186,186],"floor_reached":8,"playtime":838,"items_purged":["stsjorbsmod:Strike_Wanderer"],"score":58,"play_id":"b7ee7e3b-1b41-4bb6-a37e-1be4a1dfbe75","local_time":"20201220140257","is_ascension_mode":false,"campfire_choices":[],"circlet_count":0,"master_deck":["stsjorbsmod:ForbiddenGrimoire+1","stsjorbsmod:Strike_Wanderer","stsjorbsmod:Strike_Wanderer","stsjorbsmod:Strike_Wanderer+1","stsjorbsmod:Defend_Wanderer","stsjorbsmod:Defend_Wanderer","stsjorbsmod:Defend_Wanderer","stsjorbsmod:Defend_Wanderer","stsjorbsmod:FreshAdventure","stsjorbsmod:EyeOfTheStorm","stsjorbsmod:FranticSearch","stsjorbsmod:BookOfTongues","stsjorbsmod:ScorchingRay","stsjorbsmod:DoubleCheck","stsjorbsmod:Channel"],"relics":["stsjorbsmod:GrimoireRelic","Hammer of Thor","Seething Fire","Anvil of the Gods","Blue Doll","ClockworkSouvenir","LetterFromLob","stsjorbsmod:BottledMemoryRelic"],"acts_visited":["Exordium"],"potions_floor_usage":[],"damage_taken":[{"damage":0,"enemies":"2 Louse","floor":1,"turns":1},{"damage":1,"enemies":"Small Slimes","floor":2,"turns":3},{"damage":1,"enemies":"Jaw Worm","floor":5,"turns":3},{"damage":26,"enemies":"3 Sentries","floor":6,"turns":8},{"damage":4,"enemies":"2 Fungi Beasts","floor":7,"turns":3}],"seed_played":"-80166145256636391","potions_obtained":[{"floor":5,"key":"SmokeBomb"},{"floor":6,"key":"Elixir"}],"is_trial":false,"path_per_floor":["M","M","?","?","M","E","M","E"],"character_chosen":"WANDERER","items_purchased":["stsjorbsmod:FranticSearch","Blue Doll","ClockworkSouvenir"],"campfire_rested":0,"item_purchase_floors":[0,0,0],"current_hp_per_floor":[38,38,46,46,46,20,18,0,0],"gold":186,"neow_bonus":"","is_daily":false,"chose_seed":false,"campfire_upgraded":0,"win_rate":0.0,"timestamp":1608501777,"path_taken":["M","M","?","?","M","E","M","E"],"items_purchased_type":["Card","Relic","Relic"],"build_version":"2020-12-13","purchased_purges":1,"victory":false,"max_hp_per_floor":[68,68,68,68,68,68,68,68,68],"card_choices":[{"not_picked":["stsjorbsmod:BurningFlask","stsjorbsmod:ParryingBlow","stsjorbsmod:WeightOfMemory"],"picked":"SKIP","floor":1},{"not_picked":["stsjorbsmod:WanderingMind","stsjorbsmod:TrueStrike"],"picked":"stsjorbsmod:BookOfTongues","floor":2},{"not_picked":["stsjorbsmod:BurningFlask","stsjorbsmod:UnseenServant"],"picked":"stsjorbsmod:ScorchingRay","floor":5},{"not_picked":["stsjorbsmod:Thorns","stsjorbsmod:Prepare"],"picked":"stsjorbsmod:DoubleCheck","floor":6},{"not_picked":["stsjorbsmod:Prestidigitation","stsjorbsmod:LoseGrip"],"picked":"stsjorbsmod:Channel","floor":7}],"player_experience":847548,"relics_obtained":[{"floor":1,"key":"LetterFromLob"},{"floor":6,"key":"stsjorbsmod:BottledMemoryRelic"}],"event_choices":[],"is_beta":false,"boss_relics":[],"items_purged_floors":[0],"is_endless":false,"potions_floor_spawned":[5,6],"killed_by":"Lagavulin","ascension_level":0}}