{"host":"9ndbo4kgsfoemf7y","time":1608465232,"event":{"mods":["AchievementEnabler","BaseMod","Colored Map","DeckTracker","Keyboard Shortcuts","Minty Spire (QoL Compilation)","Permanent Neow","Quick Restart","Relic Stats","StSLib","SuperFastMode"],"gold_per_floor":[117,136,146,157,82,117,117,127,127,127,144,69,69,84,84,159,159,177,97,22,22,22,22,37,71,71,82,82,82,82,115,115,191,191,202,202,202,202,222,256,272,306,306,206,226,16,46,46,46,46,46],"floor_reached":50,"playtime":2399,"items_purged":["Strike_R","Defend_R","Defend_R"],"score":1236,"play_id":"97cd0ee1-1a83-4ad3-80aa-6b2da7bfbed0","local_time":"20201220205352","is_ascension_mode":true,"campfire_choices":[{"data":"Offering","floor":7.0,"key":"SMITH"},{"floor":10.0,"key":"REST"},{"data":"Dropkick","floor":15.0,"key":"SMITH"},{"floor":23.0,"key":"REST"},{"floor":28.0,"key":"REST"},{"floor":30.0,"key":"REST"},{"floor":32.0,"key":"REST"},{"floor":49.0,"key":"REST"}],"circlet_count":0,"master_deck":["AscendersBane","Strike_R","Strike_R+1","Defend_R","Defend_R","Bash","Flash of Steel+1","Cleave","Battle Trance","Dropkick+1","Flex","Offering+1","Evolve","Dropkick","Impervious","Double Tap","Purity+1","Secret Technique+1"],"relics":["Burning Blood","Shuriken","The Courier","Fusion Hammer","Whetstone","Turnip","TungstenRod","Black Star","Torii","Pocketwatch","Charon\u0027s Ashes","Mango","Toxic Egg 2","TheAbacus","Regal Pillow","Letter Opener"],"acts_visited":["Exordium","TheCity","TheBeyond"],"potions_floor_usage":[50,50],"damage_taken":[{"damage":1.0,"enemies":"Cultist","floor":1.0,"turns":3.0},{"damage":8.0,"enemies":"2 Louse","floor":2.0,"turns":2.0},{"damage":7.0,"enemies":"Jaw Worm","floor":3.0,"turns":3.0},{"damage":11.0,"enemies":"Blue Slaver","floor":4.0,"turns":3.0},{"damage":45.0,"enemies":"3 Sentries","floor":6.0,"turns":9.0},{"damage":9.0,"enemies":"2 Fungi Beasts","floor":8.0,"turns":3.0},{"damage":6.0,"enemies":"Looter","floor":11.0,"turns":1.0},{"damage":8.0,"enemies":"Blue Slaver","floor":14.0,"turns":2.0},{"damage":47.0,"enemies":"The Guardian","floor":16.0,"turns":11.0},{"damage":19.0,"enemies":"2 Thieves","floor":18.0,"turns":4.0},{"damage":28.0,"enemies":"3 Byrds","floor":24.0,"turns":4.0},{"damage":36.0,"enemies":"Book of Stabbing","floor":25.0,"turns":4.0},{"damage":24.0,"enemies":"Snake Plant","floor":27.0,"turns":3.0},{"damage":9.0,"enemies":"Gremlin Leader","floor":31.0,"turns":4.0},{"damage":24.0,"enemies":"Champ","floor":33.0,"turns":8.0},{"damage":60.0,"enemies":"3 Shapes","floor":35.0,"turns":4.0},{"damage":24.0,"enemies":"3 Darklings","floor":39.0,"turns":4.0},{"damage":17.0,"enemies":"Giant Head","floor":40.0,"turns":4.0},{"damage":5.0,"enemies":"Maw","floor":41.0,"turns":6.0},{"damage":0.0,"enemies":"Nemesis","floor":42.0,"turns":3.0},{"damage":5.0,"enemies":"Jaw Worm Horde","floor":45.0,"turns":3.0},{"damage":5.0,"enemies":"Reptomancer","floor":47.0,"turns":3.0},{"damage":93,"enemies":"Donu and Deca","floor":50,"turns":7}],"seed_played":"-1213921951851791968","potions_obtained":[{"floor":2.0,"key":"FearPotion"},{"floor":3.0,"key":"Regen Potion"},{"floor":16.0,"key":"Weak Potion"},{"floor":27.0,"key":"ColorlessPotion"},{"floor":31.0,"key":"EntropicBrew"},{"floor":35.0,"key":"ColorlessPotion"},{"floor":45.0,"key":"Explosive Potion"}],"is_trial":false,"path_per_floor":["M","M","M","M","$","E","R","M","T","R","M","?","?","M","R","B",null,"M","$","?","$","?","R","M","E","T","M","R","?","R","E","R","B",null,"M","?","?","?","M","E","M","E","T","$","M","$","E","?","R","B"],"character_chosen":"IRONCLAD","items_purchased":["TheAbacus","Purity+1"],"campfire_rested":6,"item_purchase_floors":[46,46],"current_hp_per_floor":[73,71,70,65,65,26,26,23,23,45,45,45,50,48,48,22,66,53,53,53,53,53,77,55,25,25,7,31,8,33,35,62,44,79,25,25,25,70,52,41,42,62,62,62,63,63,64,64,84,0,0],"gold":46,"neow_bonus":"RANDOM_COLORLESS","is_daily":false,"chose_seed":false,"campfire_upgraded":2,"win_rate":0.0,"timestamp":1608465232,"path_taken":["M","M","M","M","$","E","R","?","T","R","M","?","?","M","R","BOSS","M","$","?","$","?","R","M","E","T","M","R","?","R","E","R","BOSS","M","?","?","?","M","E","M","E","T","?","M","$","E","?","R","BOSS"],"items_purchased_type":["Relic","Card"],"build_version":"2020-12-13","purchased_purges":3,"victory":false,"max_hp_per_floor":[75,75,75,75,75,75,75,75,75,75,75,75,80,80,80,80,80,80,80,80,80,80,80,80,80,80,80,80,85,85,90,90,90,90,90,85,85,70,70,70,70,84,84,84,84,84,84,84,84,84,84],"relic_stats":{"Regal Pillow":0,"Torii":0,"counters":[23,98],"Charon\u0027s Ashes":[77],"Whetstone":["Strike_R","Flash of Steel"],"Letter Opener":[40],"Burning Blood":132,"TheAbacus":[54],"Shuriken":[72],"Turnip":[7],"Black Star":3,"obtain_stats":[{"Regal Pillow":47,"Torii":40,"Mango":42,"The Courier":9,"Charon\u0027s Ashes":42,"Whetstone":25,"Letter Opener":47,"Burning Blood":0,"TheAbacus":46,"Shuriken":6,"Fusion Hammer":17,"Turnip":26,"Black Star":34,"Toxic Egg 2":43,"TungstenRod":31,"Pocketwatch":40},{"Regal Pillow":22,"Torii":18,"Mango":20,"The Courier":6,"Charon\u0027s Ashes":20,"Whetstone":12,"Letter Opener":22,"Burning Blood":0,"TheAbacus":21,"Shuriken":5,"Fusion Hammer":9,"Turnip":12,"Black Star":15,"Toxic Egg 2":20,"TungstenRod":14,"Pocketwatch":18},{"Regal Pillow":91,"Torii":76,"Mango":85,"The Courier":23,"Charon\u0027s Ashes":85,"Whetstone":49,"Letter Opener":91,"Burning Blood":0,"TheAbacus":88,"Shuriken":20,"Fusion Hammer":37,"Turnip":49,"Black Star":64,"Toxic Egg 2":85,"TungstenRod":56,"Pocketwatch":76}],"TungstenRod":30,"Pocketwatch":[6]},"card_choices":[{"not_picked":["Finesse","PanicButton"],"picked":"Flash of Steel","floor":0.0},{"not_picked":["Pommel Strike","Thunderclap"],"picked":"Cleave","floor":1.0},{"not_picked":["Hemokinesis","Shrug It Off"],"picked":"Battle Trance","floor":2.0},{"not_picked":["Iron Wave","Evolve"],"picked":"Dropkick","floor":3.0},{"not_picked":["Rampage","Havoc"],"picked":"Flex","floor":4.0},{"not_picked":["Dropkick","Flex"],"picked":"Offering","floor":6.0},{"not_picked":["Body Slam","Hemokinesis"],"picked":"Evolve","floor":8.0},{"not_picked":["Power Through","Fire Breathing","Flex"],"picked":"SKIP","floor":11.0},{"not_picked":["Havoc","Combust"],"picked":"Dropkick","floor":14.0},{"not_picked":["Exhume","Demon Form"],"picked":"Impervious","floor":16.0},{"not_picked":["Cleave","Warcry","Flex"],"picked":"SKIP","floor":18.0},{"not_picked":["Cleave","Warcry","Flex"],"picked":"SKIP","floor":18.0},{"not_picked":["True Grit","Thunderclap","Combust"],"picked":"SKIP","floor":24.0},{"not_picked":["Immolate","Seeing Red+1","Metallicize"],"picked":"SKIP","floor":25.0},{"not_picked":["Cleave","Seeing Red","Searing Blow+1"],"picked":"SKIP","floor":27.0},{"not_picked":["Flame Barrier","Havoc","Dual Wield"],"picked":"SKIP","floor":31.0},{"not_picked":["Berserk","Immolate"],"picked":"Double Tap","floor":33.0},{"not_picked":["Whirlwind","Bloodletting","Flex"],"picked":"SKIP","floor":35.0},{"not_picked":["True Grit","Pummel","Perfected Strike"],"picked":"SKIP","floor":39.0},{"not_picked":["True Grit","Pummel","Perfected Strike"],"picked":"SKIP","floor":39.0},{"not_picked":["Metallicize","Sword Boomerang","Twin Strike"],"picked":"SKIP","floor":40.0},{"not_picked":["Thunderclap","Iron Wave","Combust+1"],"picked":"SKIP","floor":41.0},{"not_picked":["Rupture","Fire Breathing+1","Iron Wave+1"],"picked":"SKIP","floor":42.0},{"not_picked":["Sentinel+1","Heavy Blade","Anger+1"],"picked":"SKIP","floor":45.0},{"not_picked":["True Grit+1","Flex+1","Iron Wave"],"picked":"SKIP","floor":47.0},{"not_picked":["Madness+1","Dark Shackles+1"],"picked":"Secret Technique+1","floor":48.0}],"player_experience":723874,"relics_obtained":[{"floor":6.0,"key":"Shuriken"},{"floor":9.0,"key":"The Courier"},{"floor":25.0,"key":"Whetstone"},{"floor":26.0,"key":"Turnip"},{"floor":31.0,"key":"TungstenRod"},{"floor":40.0,"key":"Torii"},{"floor":40.0,"key":"Pocketwatch"},{"floor":42.0,"key":"Charon\u0027s Ashes"},{"floor":42.0,"key":"Mango"},{"floor":43.0,"key":"Toxic Egg 2"},{"floor":47.0,"key":"Regal Pillow"},{"floor":47.0,"key":"Letter Opener"}],"event_choices":[{"cards_removed":["Strike_R"],"damage_healed":0.0,"max_hp_gain":0.0,"max_hp_loss":0.0,"gold_gain":0.0,"event_name":"The Cleric","player_choice":"Card Removal","floor":12.0,"gold_loss":75.0,"damage_taken":0.0},{"damage_healed":0.0,"max_hp_gain":5.0,"max_hp_loss":0.0,"gold_gain":0.0,"event_name":"Big Fish","player_choice":"Donut","floor":13.0,"gold_loss":0.0,"damage_taken":0.0},{"cards_removed":["Strike_R"],"damage_healed":0.0,"max_hp_gain":0.0,"max_hp_loss":0.0,"gold_gain":0.0,"event_name":"Beggar","player_choice":"Gave Gold","floor":20.0,"gold_loss":75.0,"damage_taken":0.0},{"damage_healed":0.0,"max_hp_gain":0.0,"max_hp_loss":0.0,"gold_gain":0.0,"event_name":"Cursed Tome","player_choice":"Ignored","floor":22.0,"gold_loss":0.0,"damage_taken":0.0},{"damage_healed":0.0,"max_hp_gain":5.0,"max_hp_loss":0.0,"gold_gain":0.0,"event_name":"Forgotten Altar","player_choice":"Shed Blood","floor":29.0,"gold_loss":0.0,"damage_taken":28.0},{"damage_healed":0.0,"max_hp_gain":0.0,"max_hp_loss":5.0,"gold_gain":0.0,"event_name":"Winding Halls","player_choice":"Max HP","floor":36.0,"gold_loss":0.0,"damage_taken":0.0},{"damage_healed":0.0,"max_hp_gain":0.0,"max_hp_loss":0.0,"gold_gain":0.0,"event_name":"Tomb of Lord Red Mask","player_choice":"Ignored","floor":37.0,"gold_loss":0.0,"damage_taken":0.0},{"damage_healed":70.0,"max_hp_gain":0.0,"max_hp_loss":15.0,"gold_gain":0.0,"event_name":"The Moai Head","player_choice":"Heal","floor":38.0,"gold_loss":0.0,"damage_taken":0.0},{"damage_healed":0.0,"max_hp_gain":0.0,"max_hp_loss":0.0,"gold_gain":0.0,"event_name":"SensoryStone","player_choice":"Memory 1","floor":48.0,"gold_loss":0.0,"damage_taken":0.0}],"is_beta":false,"boss_relics":[{"not_picked":["Calling Bell","Black Blood"],"picked":"Fusion Hammer"},{"not_picked":["Velvet Choker","SlaversCollar"],"picked":"Black Star"}],"items_purged_floors":[5,19,44],"is_endless":false,"potions_floor_spawned":[2,3,6,14,16,18,27,31,35,41,45,47],"killed_by":"Donu and Deca","ascension_level":20}}