{"host":"q5vpntglr38zhb0c","time":1608425904,"event":{"mods":["BaseMod","Colored Map","DeckTracker","Keyboard Shortcuts","Minty Spire (QoL Compilation)","Permanent Neow","StSLib","SuperFastMode","everything is the same but u backflip on backflip"],"gold_per_floor":[109,124,124,140,100,100,129,129,129,139,139,139,139,163,163,256,256,274,290,308,332,382,382,405,405,405,405,405],"floor_reached":27,"playtime":887,"items_purged":[],"score":430,"play_id":"70fb972c-8f18-4e2e-a6c0-b48eb76066b1","local_time":"20201220095824","is_ascension_mode":true,"campfire_choices":[{"data":"Eruption","floor":6.0,"key":"SMITH"},{"data":"CrushJoints","floor":11.0,"key":"SMITH"},{"floor":15.0,"key":"REST"},{"data":"Adaptation","floor":23,"key":"SMITH"},{"floor":25,"key":"REST"}],"circlet_count":0,"master_deck":["AscendersBane","Strike_P","Defend_P","Defend_P","Defend_P","Eruption+1","Vigilance","WheelKick","CrushJoints+1","EmptyFist","Scrawl","Adaptation+1","Vault","MentalFortress"],"relics":["PureWater","Kunai","Potion Belt","Golden Idol","Runic Pyramid"],"acts_visited":["Exordium","TheCity"],"potions_floor_usage":[20,21,27],"damage_taken":[{"damage":2.0,"enemies":"Jaw Worm","floor":1.0,"turns":4.0},{"damage":0.0,"enemies":"2 Louse","floor":2.0,"turns":2.0},{"damage":4.0,"enemies":"Small Slimes","floor":4.0,"turns":4.0},{"damage":4.0,"enemies":"Looter","floor":5.0,"turns":4.0},{"damage":4.0,"enemies":"3 Sentries","floor":7.0,"turns":4.0},{"damage":14.0,"enemies":"Exordium Thugs","floor":10.0,"turns":4.0},{"damage":0.0,"enemies":"Gremlin Gang","floor":14.0,"turns":5.0},{"damage":17.0,"enemies":"Hexaghost","floor":16.0,"turns":9.0},{"damage":17.0,"enemies":"Shell Parasite","floor":18.0,"turns":4.0},{"damage":0.0,"enemies":"Spheric Guardian","floor":19.0,"turns":4.0},{"damage":2,"enemies":"Chosen and Byrds","floor":20,"turns":6},{"damage":15,"enemies":"Shelled Parasite and Fungi","floor":21,"turns":5},{"damage":11,"enemies":"Sentry and Sphere","floor":24,"turns":6},{"damage":31,"enemies":"Slavers","floor":27,"turns":3}],"seed_played":"6541511047679903754","potions_obtained":[{"floor":1.0,"key":"SpeedPotion"},{"floor":4.0,"key":"LiquidMemories"},{"floor":14.0,"key":"PowerPotion"},{"floor":19,"key":"Weak Potion"},{"floor":20,"key":"EssenceOfSteel"},{"floor":24,"key":"Fruit Juice"}],"is_trial":false,"path_per_floor":["M","M","?","M","M","R","E","?","T","M","R","?","?","M","R","B",null,"M","M","M","M","?","R","M","R","T","E"],"character_chosen":"WATCHER","items_purchased":[],"campfire_rested":2,"item_purchase_floors":[],"current_hp_per_floor":[41,41,41,37,33,33,29,29,29,15,15,8,8,8,26,9,49,32,32,30,15,15,15,4,22,22,0,0],"gold":405,"neow_bonus":"TRANSFORM_TWO_CARDS","is_daily":false,"chose_seed":false,"campfire_upgraded":3,"win_rate":0.0,"timestamp":1608425904,"path_taken":["M","M","?","M","M","R","E","?","T","M","R","?","?","?","R","BOSS","M","M","M","?","?","R","M","R","T","E"],"items_purchased_type":[],"build_version":"2020-12-13","purchased_purges":0,"victory":false,"max_hp_per_floor":[68,68,68,68,68,68,68,68,68,68,68,68,62,62,62,62,62,62,62,62,62,62,62,62,62,62,67,67],"card_choices":[{"not_picked":["Prostrate","BowlingBash","DeceiveReality"],"picked":"SKIP","floor":1.0},{"not_picked":["EmptyMind","FollowUp","WaveOfTheHand"],"picked":"SKIP","floor":2.0},{"not_picked":["ReachHeaven","Crescendo","ClearTheMind"],"picked":"SKIP","floor":4.0},{"not_picked":["Halt","JustLucky"],"picked":"EmptyFist","floor":5.0},{"not_picked":["Crescendo","CutThroughFate","Halt"],"picked":"SKIP","floor":7.0},{"not_picked":["Pray","WindmillStrike"],"picked":"Scrawl","floor":10.0},{"not_picked":["FlurryOfBlows","SashWhip"],"picked":"Adaptation","floor":14.0},{"not_picked":["LessonLearned","Wish"],"picked":"Vault","floor":16.0},{"not_picked":["SashWhip","CrushJoints"],"picked":"MentalFortress","floor":18.0},{"not_picked":["FlyingSleeves+1","EmptyFist","FollowUp"],"picked":"SKIP","floor":19},{"not_picked":["EmptyBody","Worship","BowlingBash"],"picked":"SKIP","floor":20},{"not_picked":["ThirdEye","Vengeance","Establishment"],"picked":"SKIP","floor":21},{"not_picked":["ThirdEye","SashWhip","WheelKick"],"picked":"SKIP","floor":24}],"player_experience":1309611,"relics_obtained":[{"floor":7.0,"key":"Kunai"},{"floor":9.0,"key":"Potion Belt"}],"event_choices":[{"damage_healed":0.0,"max_hp_gain":0.0,"max_hp_loss":0.0,"gold_gain":0.0,"event_name":"Liars Game","player_choice":"Ignored","floor":3.0,"gold_loss":0.0,"damage_taken":0.0},{"cards_removed":["Strike_P"],"damage_healed":0.0,"max_hp_gain":0.0,"max_hp_loss":0.0,"gold_gain":0.0,"event_name":"Living Wall","player_choice":"Forget","floor":8.0,"gold_loss":0.0,"damage_taken":0.0},{"cards_removed":["Strike_P"],"damage_healed":0.0,"max_hp_gain":0.0,"max_hp_loss":0.0,"gold_gain":0.0,"event_name":"Golden Wing","player_choice":"Card Removal","floor":12.0,"gold_loss":0.0,"damage_taken":7.0},{"damage_healed":0.0,"max_hp_gain":0.0,"max_hp_loss":6.0,"gold_gain":0.0,"event_name":"Golden Idol","player_choice":"Lose Max HP","floor":13.0,"gold_loss":0.0,"damage_taken":0.0,"relics_obtained":["Golden Idol"]},{"damage_healed":0,"gold_gain":50,"player_choice":"Stole From Cult","damage_taken":0,"max_hp_gain":0,"max_hp_loss":0,"event_name":"Nest","floor":22,"gold_loss":0}],"is_beta":false,"boss_relics":[{"not_picked":["Calling Bell","Velvet Choker"],"picked":"Runic Pyramid"}],"items_purged_floors":[],"is_endless":false,"potions_floor_spawned":[1,4,14,19,20,24],"killed_by":"Slavers","ascension_level":20}}