{"host":"19kf8tqwqindyscq","time":1608441779,"event":{"mods":["2.2 Compatiblity","BaseMod","Colored Map","Colored Powertips","Conspire","Downfall","Hermit","Hubris","Infinite Spire","Minty Spire (QoL Compilation)","Quick Restart","Rare Cards Sparkle","Replay The Spire","StSLib","SuperFastMode","The Bladedancer","The Bug Knight","The Construct","The Cursed","The Disciple","The Hierophant","The Mystic","The Necromancer","The Runesmith","The Servant 0.9.4"],"gold_per_floor":[109,129,144,1,1,1,45,72,72,97,124,145,145,145,145,194,194,226,226],"floor_reached":18,"playtime":911,"items_purged":[],"score":124,"play_id":"7f105813-738f-487b-8b86-2da16b24693a","local_time":"20201220022259","is_ascension_mode":false,"campfire_choices":[{"floor":6,"key":"RECALL"},{"floor":17,"key":"REST"}],"circlet_count":0,"master_deck":["mysticmod:Strike_Mystic","mysticmod:Strike_Mystic","mysticmod:Strike_Mystic","mysticmod:Strike_Mystic","mysticmod:Defend_Mystic","mysticmod:Defend_Mystic","mysticmod:Defend_Mystic","mysticmod:Defend_Mystic","mysticmod:ArcaneDodge","mysticmod:ShockingGrasp","construct:HeatedStrike","Strike_S","mysticmod:Fireball","mysticmod:MightyMagic","mysticmod:Sideswipe","mysticmod:MagicWeapon","mysticmod:Disengage","mysticmod:CureLightWounds","mysticmod:SpellRecall","mysticmod:Grapple"],"relics":["mysticmod:SpellBook","hubris:Potato","Replay:Bandana","infinitespire:Midas Blood","conspire:Flyswatter","hubris:Icosahedron","Omamori"],"acts_visited":["Exordium"],"potions_floor_usage":[16,16,16,16,16,18],"damage_taken":[{"damage":2,"enemies":"Jaw Worm","floor":1,"turns":4},{"damage":1,"enemies":"Cultist","floor":2,"turns":4},{"damage":10,"enemies":"Small Slimes","floor":3,"turns":3},{"damage":20,"enemies":"Gremlin Nob","floor":7,"turns":5},{"damage":5,"enemies":"Looter","floor":8,"turns":4},{"damage":4,"enemies":"Blue Slaver","floor":10,"turns":4},{"damage":9,"enemies":"2 Fungi Beasts","floor":11,"turns":3},{"damage":4,"enemies":"3 Louse","floor":12,"turns":2},{"damage":24,"enemies":"3 Sentries","floor":16,"turns":8},{"damage":63,"enemies":"The Guardian","floor":18,"turns":15}],"seed_played":"378061129680627343","potions_obtained":[{"floor":2,"key":"SpeedPotion"},{"floor":3,"key":"EntropicBrew"},{"floor":7,"key":"Strength Potion"},{"floor":12,"key":"Venom Potion"},{"floor":16,"key":"Regen Potion"}],"is_trial":false,"path_per_floor":["M","M","M","$","?","R","E","M","T","M","M","M","PTL","PTL","?","E","R","B"],"character_chosen":"MYSTIC_CLASS","items_purchased":["Replay:Bandana"],"campfire_rested":1,"item_purchase_floors":[4],"current_hp_per_floor":[75,74,64,64,64,64,44,39,39,35,26,24,24,24,24,12,35,0,0],"gold":226,"neow_bonus":"ONE_RARE_RELIC","is_daily":false,"chose_seed":false,"campfire_upgraded":0,"win_rate":0.0,"timestamp":1608441779,"path_taken":["M","M","M","$","?","R","E","M","T","?","M","M","PTL","PTL","?","E","R","BOSS"],"items_purchased_type":["Relic"],"build_version":"2020-12-13","purchased_purges":0,"victory":false,"max_hp_per_floor":[77,77,77,77,77,77,77,77,77,77,77,77,77,77,77,77,77,77,77],"card_choices":[{"not_picked":["mysticmod:PureInstinct","mysticmod:Disengage"],"picked":"mysticmod:Fireball","floor":1},{"not_picked":["mysticmod:Grease","mysticmod:Flurry"],"picked":"mysticmod:MightyMagic","floor":2},{"not_picked":["mysticmod:Dedication","mysticmod:HeavyStrike"],"picked":"mysticmod:Sideswipe","floor":3},{"not_picked":["mysticmod:TomeOfSpells","mysticmod:KnowledgePool"],"picked":"mysticmod:MagicWeapon","floor":7},{"not_picked":["mysticmod:DiviningBlow","mysticmod:SuddenClarity","mysticmod:ComponentsPouch"],"picked":"SKIP","floor":8},{"not_picked":["mysticmod:MirrorStrike","mysticmod:Daze"],"picked":"mysticmod:Disengage","floor":10},{"not_picked":["mysticmod:Alacrity","mysticmod:PowerSlash"],"picked":"mysticmod:CureLightWounds","floor":11},{"not_picked":["mysticmod:CorrosiveTouch","mysticmod:BladedDash"],"picked":"mysticmod:SpellRecall","floor":12},{"not_picked":["mysticmod:MightyMagic","mysticmod:CorrosiveTouch"],"picked":"mysticmod:Grapple","floor":16}],"player_experience":157182,"relics_obtained":[{"floor":7,"key":"infinitespire:Midas Blood"},{"floor":9,"key":"conspire:Flyswatter"},{"floor":16,"key":"Omamori"}],"event_choices":[{"cards_removed":["Writhe"],"damage_healed":0,"gold_gain":0,"player_choice":"Took Card","damage_taken":0,"max_hp_gain":0,"max_hp_loss":0,"event_name":"NoteForYourself","floor":5,"gold_loss":0,"cards_obtained":["Writhe"]}],"is_beta":false,"boss_relics":[],"items_purged_floors":[],"is_endless":false,"potions_floor_spawned":[2,3,7,8,12,16],"killed_by":"The Guardian","ascension_level":0}}