{"host":"o4pit0n7y0vm2e4t","time":1608481263,"event":{"mods":["Aspiration","BaseMod","Better Altar","Better Match","Better Note","Better Sensory Stone","Better Skull","Better Third Choice","Colored Map","Conspire","Downfall","Friendly Minions","Googly Eyes","Halation","Hermit","HexUI Lib","Hubris","Minty Spire (QoL Compilation)","RatMod","Replay The Spire","Robot Space Explorer","Spikes Relics","StSLib","The Hierophant","The Jungle","The Necromancer"],"gold_per_floor":[12,30,30,15,15,15,15,15,27,39,24,49,49,68,68,171,171,182,182,182,198,198,198],"floor_reached":22,"playtime":1715,"items_purged":[],"score":184,"play_id":"c8993077-bc3d-4a18-bdf8-89537c7a2bcd","local_time":"20201220112103","is_ascension_mode":false,"campfire_choices":[{"data":"Slimebound:FirmFortitude","floor":6,"key":"SMITH"},{"data":"Slimebound:LeechLife","floor":8,"key":"SMITH"},{"data":"Slimebound:FormOfPuddle","floor":13,"key":"SMITH"},{"data":"Slimebound:Split","floor":15,"key":"SMITH"}],"circlet_count":0,"master_deck":["Slimebound:Strike_Slimebound","Slimebound:Tackle","Slimebound:Defend_Slimebound","Slimebound:Defend_Slimebound","Slimebound:Split+1","Slimebound:CorrosiveSpit","Slimebound:FirmFortitude+1","Slimebound:ProtectTheBoss","Slimebound:GrowthPunch","Slimebound:Dissolve","Slimebound:ViciousTackle","Slimebound:LeechLife+1","Slimebound:SlimeTap","Slimebound:SplitBruiser","Slimebound:FormOfPuddle+1","Slimebound:SplitLeeching","Slimebound:CheckThePlaybook","Slimebound:FinishingTackle+1","Pain","Slimebound:RollThrough+1"],"relics":["Slimebound:AbsorbEndCombat","Replay:Bottled Flurry","hubris:BottledRain","Replay:Bronze Core","ReplayTheSpireMod:Lightbulb"],"acts_visited":["Exordium","TheCity"],"potions_floor_usage":[16,16,21,22],"damage_taken":[{"damage":1,"enemies":"conspire:RoseBush","floor":1,"turns":3},{"damage":6,"enemies":"Jaw Worm","floor":2,"turns":4},{"damage":1,"enemies":"downfall:FleeingMerchant","floor":4,"turns":4},{"damage":2,"enemies":"2 Louse","floor":9,"turns":2},{"damage":26,"enemies":"Exordium Thugs","floor":10,"turns":3},{"damage":17,"enemies":"downfall:FleeingMerchant","floor":11,"turns":4},{"damage":16,"enemies":"Replay:BlueRogue","floor":12,"turns":3},{"damage":6,"enemies":"2 Fungi Beasts","floor":14,"turns":2},{"damage":56,"enemies":"downfall:Silent","floor":16,"turns":6},{"damage":25,"enemies":"Spheric Guardian","floor":18,"turns":6},{"damage":45,"enemies":"conspire:FuzzyDice","floor":21,"turns":4},{"damage":23,"enemies":"Chosen and Byrds","floor":22,"turns":3}],"seed_played":"-2641557659660110188","potions_obtained":[{"floor":2,"key":"Swift Potion"},{"floor":9,"key":"sneckomod:MuddlingPotion"},{"floor":14,"key":"SkillPotion"},{"floor":16,"key":"Swift Potion"},{"floor":21,"key":"Fire Potion"}],"is_trial":false,"path_per_floor":["R_BF","M","?","$","?","R","T","R","M","M","$","E","R","M","R","B",null,"R_BF","?","?","M","M"],"character_chosen":"SLIMEBOUND","items_purchased":[],"campfire_rested":0,"item_purchase_floors":[],"current_hp_per_floor":[60,60,60,60,60,60,60,60,60,42,51,60,60,60,60,47,60,48,48,48,23,0,0],"gold":198,"neow_bonus":"TRANSFORM_TWO_CARDS","is_daily":false,"chose_seed":false,"campfire_upgraded":4,"win_rate":0.0,"timestamp":1608481263,"path_taken":["R_BF","M","?","?","?","R","T","R","?","M","$","E","R","M","R","BOSS","R_BF","?","?","?","M"],"items_purchased_type":[],"build_version":"2020-12-13","purchased_purges":0,"victory":false,"max_hp_per_floor":[60,60,60,60,60,60,60,60,60,60,60,60,60,60,60,60,60,60,60,60,60,60,60],"card_choices":[{"not_picked":["Slimebound:LeechEnergy","Slimebound:LivingWall"],"picked":"Slimebound:GrowthPunch","floor":1},{"not_picked":["Slimebound:AcidTongue","Slimebound:ComboTackle"],"picked":"Slimebound:Dissolve","floor":2},{"not_picked":["Slimebound:Schlurp","Slimebound:LevelUp"],"picked":"Slimebound:ViciousTackle","floor":4},{"not_picked":["Slimebound:ComboTackle","Slimebound:GrowthPunch"],"picked":"Slimebound:SlimeTap","floor":9},{"not_picked":["Slimebound:Equalize","Slimebound:FormOfPuddle"],"picked":"Slimebound:SplitBruiser","floor":10},{"not_picked":["Slimebound:Gluttony","Slimebound:MassRepurpose","Slimebound:Schlurp"],"picked":"SKIP","floor":11},{"not_picked":["Slimebound:Schlurp","Slimebound:Chomp"],"picked":"Slimebound:FormOfPuddle","floor":12},{"not_picked":["Slimebound:SlimeSpikes","Slimebound:SlimeBrawl"],"picked":"Slimebound:SplitLeeching","floor":14},{"not_picked":["Slimebound:MassFeed","Slimebound:PrepareCrush"],"picked":"Slimebound:CheckThePlaybook","floor":16},{"not_picked":["Slimebound:Dissolve","Slimebound:SplitAcid"],"picked":"Slimebound:FinishingTackle+1","floor":18},{"not_picked":["Slimebound:SlimeSpikes","Slimebound:GoopSpray"],"picked":"Slimebound:RollThrough+1","floor":21}],"player_experience":199383,"relics_obtained":[{"floor":7,"key":"Replay:Bottled Flurry"},{"floor":12,"key":"hubris:BottledRain"}],"event_choices":[{"cards_removed":["Slimebound:Defend_Slimebound"],"damage_healed":0,"gold_gain":0,"player_choice":"Purged","damage_taken":0,"max_hp_gain":0,"max_hp_loss":0,"event_name":"Purifier","floor":3,"gold_loss":0},{"damage_healed":0,"gold_gain":0,"cards_transformed":["Slimebound:Strike_Slimebound"],"player_choice":"Transformed","damage_taken":0,"max_hp_gain":0,"max_hp_loss":0,"event_name":"Transmorgrifier","floor":5,"gold_loss":0,"cards_obtained":["Slimebound:LeechLife"]},{"cards_removed":["Slimebound:FirmFortitude"],"damage_healed":0,"gold_gain":0,"player_choice":"Give","damage_taken":0,"max_hp_gain":0,"max_hp_loss":0,"event_name":"betterNote:BetterNote","floor":20,"gold_loss":0,"cards_obtained":["None"]}],"is_beta":false,"boss_relics":[{"not_picked":["Fusion Hammer","aspiration:DefectSkillbook"],"picked":"Replay:Bronze Core"}],"items_purged_floors":[],"is_endless":false,"potions_floor_spawned":[2,9,14,16,21],"killed_by":"Chosen and Byrds","ascension_level":0}}