{"host":"swphzoo6hmc78epl","time":1608437919,"event":{"mods":["BaseMod","Highlight Path","Minty Spire (QoL Compilation)","Quick Restart"],"gold_per_floor":[110,124,124,124,134,134,160,34,34,34,52,62,62,76,76,76,76],"floor_reached":16,"playtime":547,"items_purged":["Regret"],"score":117,"play_id":"28c970ea-daa4-48ef-9b13-db9e94873354","local_time":"20201219231839","is_ascension_mode":true,"campfire_choices":[{"data":"Choke","floor":6,"key":"SMITH"},{"data":"Dash","floor":10,"key":"SMITH"},{"data":"Dagger Spray","floor":15,"key":"SMITH"}],"circlet_count":0,"master_deck":["Strike_G","Strike_G","Strike_G","Strike_G+1","Strike_G","Defend_G","Defend_G","Defend_G","Defend_G+1","Defend_G","Survivor","Neutralize","Deadly Poison","Slice","Choke+1","Dash+1","Caltrops","Quick Slash","Blade Dance","Dagger Spray+1"],"relics":["Sozu","Calipers","The Courier","Turnip","Paper Crane"],"acts_visited":["Exordium"],"potions_floor_usage":[],"damage_taken":[{"damage":1,"enemies":"Small Slimes","floor":1,"turns":4},{"damage":2,"enemies":"Jaw Worm","floor":2,"turns":4},{"damage":6,"enemies":"Cultist","floor":5,"turns":4},{"damage":23,"enemies":"Lagavulin","floor":7,"turns":5},{"damage":3,"enemies":"2 Fungi Beasts","floor":11,"turns":4},{"damage":0,"enemies":"3 Louse","floor":12,"turns":4},{"damage":10,"enemies":"Lots of Slimes","floor":14,"turns":4},{"damage":20,"enemies":"Slime Boss","floor":16,"turns":7}],"seed_played":"6531731828364727983","potions_obtained":[],"is_trial":false,"path_per_floor":["M","M","?","?","M","R","E","$","T","R","M","M","T","M","R","B"],"character_chosen":"THE_SILENT","items_purchased":["Caltrops"],"campfire_rested":0,"item_purchase_floors":[8],"current_hp_per_floor":[69,67,67,53,47,47,24,24,24,24,21,21,21,11,11,0,0],"gold":76,"neow_bonus":"BOSS_RELIC","is_daily":false,"chose_seed":false,"campfire_upgraded":3,"win_rate":0.0,"timestamp":1608437919,"path_taken":["M","M","?","?","M","R","E","$","T","R","M","M","?","?","R","BOSS"],"items_purchased_type":["Card"],"build_version":"2020-12-13","purchased_purges":1,"victory":false,"max_hp_per_floor":[70,70,70,70,70,70,70,70,70,70,70,70,70,70,70,70,70],"card_choices":[{"not_picked":["Well Laid Plans","PiercingWail"],"picked":"Deadly Poison","floor":1},{"not_picked":["Dodge and Roll","Acrobatics"],"picked":"Slice","floor":2},{"not_picked":["Bane","PiercingWail"],"picked":"Choke","floor":5},{"not_picked":["Sucker Punch","Predator"],"picked":"Dash","floor":7},{"not_picked":["Underhanded Strike","Slice"],"picked":"Quick Slash","floor":11},{"not_picked":["Slice","Deadly Poison"],"picked":"Blade Dance","floor":12},{"not_picked":["Poisoned Stab","Sucker Punch"],"picked":"Dagger Spray","floor":14}],"player_experience":753401,"relics_obtained":[{"floor":7,"key":"The Courier"},{"floor":9,"key":"Turnip"},{"floor":13,"key":"Paper Crane"}],"event_choices":[{"damage_healed":0,"gold_gain":0,"player_choice":"Box","damage_taken":0,"relics_obtained":["Calipers"],"max_hp_gain":0,"max_hp_loss":0,"event_name":"Big Fish","floor":3,"gold_loss":0,"cards_obtained":["Regret"]},{"damage_healed":0,"gold_gain":0,"player_choice":"Entered Light","damage_taken":14,"max_hp_gain":0,"max_hp_loss":0,"event_name":"Shining Light","floor":4,"gold_loss":0,"cards_upgraded":["Strike_G","Defend_G"]}],"is_beta":false,"boss_relics":[],"items_purged_floors":[8],"is_endless":false,"potions_floor_spawned":[1,5,12],"killed_by":"Slime Boss","ascension_level":3}}