{"host":"a9gsz7kv8aebwp1f","time":1608427499,"event":{"mods":["AchievementEnabler","BaseMod","Minty Spire (QoL Compilation)"],"gold_per_floor":[119,119,294,14,24,24,34,47,93,110,110,135,155,173,173,173,173],"floor_reached":16,"playtime":422,"items_purged":["Doubt"],"score":151,"play_id":"1edd9ae2-266a-4b9a-b975-6c3aacb8ff71","local_time":"20201220102459","is_ascension_mode":true,"campfire_choices":[{"data":"Shrug It Off","floor":6,"key":"SMITH"},{"floor":15,"key":"REST"}],"circlet_count":0,"master_deck":["Strike_R","Strike_R","Strike_R","Strike_R","Strike_R","Defend_R","Defend_R","Defend_R","Defend_R","Bash","Flex","Flex","Shrug It Off+1","Flex","Heavy Blade","Heavy Blade","Armaments","Perfected Strike"],"relics":["Burning Blood","Bird Faced Urn","Vajra","Smiling Mask","Toy Ornithopter","The Courier"],"acts_visited":["Exordium"],"potions_floor_usage":[12,16,16],"damage_taken":[{"damage":0,"enemies":"Small Slimes","floor":1,"turns":5},{"damage":4,"enemies":"Jaw Worm","floor":5,"turns":3},{"damage":0,"enemies":"Cultist","floor":7,"turns":3},{"damage":10,"enemies":"3 Louse","floor":8,"turns":4},{"damage":11,"enemies":"Exordium Thugs","floor":10,"turns":4},{"damage":20,"enemies":"Lagavulin","floor":12,"turns":3},{"damage":12,"enemies":"Looter","floor":13,"turns":3},{"damage":11,"enemies":"Blue Slaver","floor":14,"turns":3},{"damage":75,"enemies":"Hexaghost","floor":16,"turns":9}],"seed_played":"5896471083967991076","potions_obtained":[{"floor":7,"key":"DistilledChaos"},{"floor":12,"key":"Explosive Potion"},{"floor":14,"key":"ColorlessPotion"}],"is_trial":false,"path_per_floor":["M","?","?","$","M","R","M","M","T","M","?","E","M","M","R","B"],"character_chosen":"IRONCLAD","items_purchased":["Vajra","Flex"],"campfire_rested":1,"item_purchase_floors":[4,4],"current_hp_per_floor":[72,72,72,72,72,72,72,68,68,63,63,54,48,43,64,0,0],"gold":173,"neow_bonus":"ONE_RARE_RELIC","is_daily":false,"chose_seed":false,"campfire_upgraded":1,"win_rate":0.0,"timestamp":1608427499,"path_taken":["M","?","?","?","M","R","M","M","T","M","?","E","?","M","R","BOSS"],"items_purchased_type":["Relic","Card"],"build_version":"2020-12-13","purchased_purges":1,"victory":false,"max_hp_per_floor":[72,72,72,72,72,72,72,72,72,72,72,72,72,72,72,72,72],"card_choices":[{"not_picked":["Clash","Sword Boomerang"],"picked":"Flex","floor":1},{"not_picked":["Flame Barrier","True Grit"],"picked":"Shrug It Off","floor":5},{"not_picked":["Shockwave","Pummel"],"picked":"Flex","floor":7},{"not_picked":["Cleave","Wild Strike"],"picked":"Heavy Blade","floor":8},{"not_picked":["Twin Strike","Pommel Strike"],"picked":"Heavy Blade","floor":10},{"not_picked":["Power Through","Berserk"],"picked":"Armaments","floor":12},{"not_picked":["Iron Wave","Havoc","Bloodletting"],"picked":"SKIP","floor":13},{"not_picked":["Shrug It Off","Carnage"],"picked":"Perfected Strike","floor":14}],"player_experience":436991,"relics_obtained":[{"floor":9,"key":"Smiling Mask"},{"floor":12,"key":"The Courier"}],"event_choices":[{"damage_healed":0,"gold_gain":0,"player_choice":"Ignored","damage_taken":0,"max_hp_gain":0,"max_hp_loss":0,"event_name":"Golden Wing","floor":2,"gold_loss":0},{"damage_healed":0,"gold_gain":175,"player_choice":"AGREE","damage_taken":0,"max_hp_gain":0,"max_hp_loss":0,"event_name":"Liars Game","floor":3,"gold_loss":0,"cards_obtained":["Doubt"]},{"damage_healed":0,"gold_gain":0,"player_choice":"Searched \u00271\u0027 times","damage_taken":0,"relics_obtained":["Toy Ornithopter"],"max_hp_gain":0,"max_hp_loss":0,"event_name":"Dead Adventurer","floor":11,"gold_loss":0}],"is_beta":false,"boss_relics":[],"items_purged_floors":[4],"is_endless":false,"potions_floor_spawned":[7,12,14],"killed_by":"Hexaghost","ascension_level":9}}