{"host":"69rply1jf2d1wbmp","time":1608475593,"event":{"mods":["BaseMod","Minty Spire (QoL Compilation)","Quick Restart"],"gold_per_floor":[119,135,149,164,164,192,210,243,243,13,13,39,51,75,87,195,207,235,172,184,215,227,267,279,38,38,73,73,23,23,36,36,36,36],"floor_reached":33,"playtime":1182,"items_purged":["Strike_R","Strike_R"],"score":328,"play_id":"3ee68fdb-5a96-4409-9e7b-6262868a0dcd","local_time":"20201220094633","is_ascension_mode":false,"campfire_choices":[{"floor":13,"key":"REST"},{"data":"Metamorphosis","floor":15,"key":"SMITH"},{"data":"Bash","floor":24,"key":"SMITH"},{"floor":28,"key":"REST"},{"data":"Flame Barrier","floor":32,"key":"SMITH"}],"circlet_count":0,"master_deck":["Strike_R","Strike_R","Defend_R","Defend_R","Defend_R","Defend_R","Bash+1","Metamorphosis+1","Pummel","Flame Barrier+1","Spot Weakness","Cleave","Double Tap","Parasite","Battle Trance","Spot Weakness","Feed","Anger+1","Cleave","Twin Strike+1","Writhe"],"relics":["Burning Blood","FaceOfCleric","Vajra","Lantern","Juzu Bracelet","MawBank","SlaversCollar","HornCleat","Frozen Egg 2","Medical Kit","Pear","White Beast Statue","MealTicket"],"acts_visited":["Exordium","TheCity"],"potions_floor_usage":[6,8,12,33],"damage_taken":[{"damage":0,"enemies":"Small Slimes","floor":1,"turns":3},{"damage":0,"enemies":"Cultist","floor":2,"turns":2},{"damage":1,"enemies":"Jaw Worm","floor":3,"turns":5},{"damage":12,"enemies":"3 Louse","floor":4,"turns":6},{"damage":17,"enemies":"3 Sentries","floor":6,"turns":11},{"damage":4,"enemies":"Gremlin Gang","floor":7,"turns":6},{"damage":21,"enemies":"Gremlin Nob","floor":8,"turns":4},{"damage":14,"enemies":"3 Sentries","floor":12,"turns":6},{"damage":7,"enemies":"Blue Slaver","floor":14,"turns":2},{"damage":35,"enemies":"Slime Boss","floor":16,"turns":5},{"damage":12,"enemies":"Shell Parasite","floor":18,"turns":4},{"damage":5,"enemies":"2 Thieves","floor":21,"turns":3},{"damage":34,"enemies":"Gremlin Leader","floor":23,"turns":4},{"damage":29,"enemies":"Slavers","floor":27,"turns":4},{"damage":16,"enemies":"3 Cultists","floor":31,"turns":5},{"damage":73,"enemies":"Champ","floor":33,"turns":8}],"seed_played":"36992087882948018","potions_obtained":[{"floor":2,"key":"Regen Potion"},{"floor":4,"key":"EssenceOfSteel"},{"floor":7,"key":"PowerPotion"},{"floor":21,"key":"CultistPotion"},{"floor":31,"key":"Energy Potion"}],"is_trial":false,"path_per_floor":["M","M","M","M","?","E","M","E","T","$","?","E","R","M","R","B",null,"M","?","?","M","?","E","R","$","T","E","R","$","?","M","R","B"],"character_chosen":"IRONCLAD","items_purchased":["DuplicationPotion","Double Tap","Medical Kit","Strength Potion"],"campfire_rested":2,"item_purchase_floors":[10,10,25,29],"current_hp_per_floor":[62,68,73,67,67,57,60,46,46,46,66,59,84,84,84,56,86,81,81,81,83,83,56,56,56,66,44,74,74,74,68,68,0,0],"gold":36,"neow_bonus":"RANDOM_COLORLESS_2","is_daily":false,"chose_seed":false,"campfire_upgraded":3,"win_rate":0.0,"timestamp":1608475593,"path_taken":["M","M","M","M","?","E","M","E","T","$","?","E","R","M","R","BOSS","M","?","?","M","?","E","R","$","T","E","R","$","?","M","R","BOSS"],"items_purchased_type":["Potion","Card","Relic","Potion"],"build_version":"2020-12-13","purchased_purges":2,"victory":false,"max_hp_per_floor":[80,80,80,80,80,81,82,83,83,83,83,84,84,85,85,86,86,87,87,87,88,88,89,89,89,99,100,100,100,100,104,104,104,104],"card_choices":[{"not_picked":["Master of Strategy","The Bomb"],"picked":"Metamorphosis","floor":0},{"not_picked":["Warcry","Reckless Charge"],"picked":"Pummel","floor":1},{"not_picked":["Combust","Wild Strike","Heavy Blade"],"picked":"SKIP","floor":2},{"not_picked":["Heavy Blade","Clothesline","Reckless Charge"],"picked":"SKIP","floor":3},{"not_picked":["Twin Strike","Rage"],"picked":"Flame Barrier","floor":4},{"not_picked":["Dropkick","Thunderclap","Clothesline"],"picked":"SKIP","floor":6},{"not_picked":["Dark Embrace","Sword Boomerang"],"picked":"Spot Weakness","floor":7},{"not_picked":["Evolve","True Grit"],"picked":"Cleave","floor":8},{"not_picked":["Infernal Blade","Wild Strike"],"picked":"Battle Trance","floor":12},{"not_picked":["Entrench","Power Through"],"picked":"Spot Weakness","floor":14},{"not_picked":["Berserk","Corruption"],"picked":"Feed","floor":16},{"not_picked":["Headbutt+1","Wild Strike"],"picked":"Anger+1","floor":18},{"not_picked":["Headbutt","Havoc","Burning Pact+1"],"picked":"SKIP","floor":21},{"not_picked":["Headbutt","Heavy Blade","Body Slam"],"picked":"SKIP","floor":23},{"not_picked":["Perfected Strike+1","Clash+1"],"picked":"Twin Strike+1","floor":27},{"not_picked":["Body Slam","Cleave","Heavy Blade"],"picked":"SKIP","floor":31}],"player_experience":364141,"relics_obtained":[{"floor":6,"key":"Vajra"},{"floor":8,"key":"Lantern"},{"floor":9,"key":"Juzu Bracelet"},{"floor":12,"key":"MawBank"},{"floor":23,"key":"Frozen Egg 2"},{"floor":26,"key":"Pear"},{"floor":27,"key":"White Beast Statue"}],"event_choices":[{"damage_healed":0,"gold_gain":0,"player_choice":"Trade","damage_taken":0,"relics_obtained":["FaceOfCleric"],"max_hp_gain":0,"max_hp_loss":0,"event_name":"FaceTrader","floor":5,"gold_loss":0},{"damage_healed":20,"gold_gain":0,"player_choice":"Healed and dodged fight","damage_taken":0,"max_hp_gain":0,"max_hp_loss":0,"event_name":"Mushrooms","floor":11,"gold_loss":0,"cards_obtained":["Parasite"]},{"cards_removed":["Strike_R"],"damage_healed":0,"gold_gain":0,"player_choice":"Gave Gold","damage_taken":0,"max_hp_gain":0,"max_hp_loss":0,"event_name":"Beggar","floor":19,"gold_loss":75},{"damage_healed":0,"gold_gain":0,"player_choice":"Gave Potion","damage_taken":0,"relics_obtained":["HornCleat"],"max_hp_gain":0,"max_hp_loss":0,"event_name":"WeMeetAgain","floor":20,"gold_loss":0},{"damage_healed":0,"gold_gain":0,"player_choice":"Read","damage_taken":0,"max_hp_gain":0,"max_hp_loss":0,"event_name":"The Library","floor":22,"gold_loss":0,"cards_obtained":["Cleave"]},{"damage_healed":0,"gold_gain":0,"player_choice":"Opened","damage_taken":0,"relics_obtained":["MealTicket"],"max_hp_gain":0,"max_hp_loss":0,"event_name":"The Mausoleum","floor":30,"gold_loss":0,"cards_obtained":["Writhe"]}],"is_beta":false,"boss_relics":[{"not_picked":["Runic Cube","Astrolabe"],"picked":"SlaversCollar"}],"items_purged_floors":[10,25],"is_endless":false,"potions_floor_spawned":[2,4,7,21,31],"killed_by":"Champ","ascension_level":0}}