{"host":"Krakhan","time":1608426825,"event":{"mods":["AchievementEnabler","BaseMod","Colored Map","Colored Powertips","Faster Ascension Climbing","Highlight Path","Minty Spire (QoL Compilation)","Rare Cards Sparkle","Relic Stats","StSLib"],"gold_per_floor":[116,132,132,148,148,148,182,182,209,244,264,298,312,312,312,384,384,400,418,418,333,197,197,223,223,223,223,148,148,108,125,125,203,203,217,25,37,37,37,72,22,22,22,22,41,66,66,111,111,111,111,111,111,30,56,56,56],"floor_reached":56,"playtime":4262,"items_purged":["Terror","Storm of Steel"],"score":1814,"play_id":"52c269a0-a5f8-4317-9d31-64b9068f74aa","local_time":"20201219201345","is_ascension_mode":true,"campfire_choices":[{"floor":6.0,"key":"REST"},{"floor":8.0,"key":"REST"},{"data":"Catalyst","floor":15.0,"key":"SMITH"},{"data":"Malaise","floor":23.0,"key":"SMITH"},{"data":"Burst","floor":25.0,"key":"SMITH"},{"data":"Crippling Poison","floor":27.0,"key":"SMITH"},{"floor":32.0,"key":"REST"},{"floor":42.0,"key":"REST"},{"floor":44.0,"key":"RECALL"},{"floor":49.0,"key":"REST"},{"floor":53.0,"key":"REST"}],"circlet_count":0,"master_deck":["AscendersBane","Survivor+1","Neutralize+1","All Out Attack","Backflip","Riddle With Holes","All Out Attack","Quick Slash+1","Deadly Poison","Deflect","Noxious Fumes","PiercingWail+1","PiercingWail","Crippling Poison+1","Catalyst+1","Dagger Spray","Malaise+1","Dodge and Roll+1","Burst+1","Deadly Poison","PiercingWail+1","Purity","Crippling Poison+1","Backflip+1"],"relics":["Pandora\u0027s Box","Ancient Tea Set","Snake Skull","Peace Pipe","Philosopher\u0027s Stone","Paper Crane","Smiling Mask","Happy Flower","Mummified Hand","Runic Pyramid","Medical Kit","Kunai","Pocketwatch","Gambling Chip","Whetstone"],"acts_visited":["Exordium","TheCity","TheBeyond","TheEnding"],"potions_floor_usage":[56,56],"damage_taken":[{"damage":0.0,"enemies":"2 Louse","floor":1.0,"turns":3.0},{"damage":0.0,"enemies":"Small Slimes","floor":2.0,"turns":2.0},{"damage":2.0,"enemies":"Cultist","floor":4.0,"turns":3.0},{"damage":26.0,"enemies":"3 Sentries","floor":7.0,"turns":7.0},{"damage":6.0,"enemies":"Lagavulin","floor":10.0,"turns":6.0},{"damage":2.0,"enemies":"Exordium Wildlife","floor":11.0,"turns":4.0},{"damage":18.0,"enemies":"3 Sentries","floor":12.0,"turns":5.0},{"damage":0.0,"enemies":"3 Louse","floor":13.0,"turns":2.0},{"damage":4.0,"enemies":"Hexaghost","floor":16.0,"turns":6.0},{"damage":6.0,"enemies":"3 Byrds","floor":18.0,"turns":3.0},{"damage":12.0,"enemies":"Spheric Guardian","floor":19.0,"turns":3.0},{"damage":10.0,"enemies":"Book of Stabbing","floor":24.0,"turns":7.0},{"damage":9.0,"enemies":"Cultist and Chosen","floor":31.0,"turns":7.0},{"damage":18.0,"enemies":"Collector","floor":33.0,"turns":4.0},{"damage":0.0,"enemies":"Orb Walker","floor":35.0,"turns":3.0},{"damage":0.0,"enemies":"3 Shapes","floor":37.0,"turns":2.0},{"damage":18.0,"enemies":"Giant Head","floor":40.0,"turns":6.0},{"damage":0.0,"enemies":"Transient","floor":45.0,"turns":6.0},{"damage":0.0,"enemies":"Mind Bloom Boss Battle","floor":46.0,"turns":5.0},{"damage":16.0,"enemies":"2 Orb Walkers","floor":48.0,"turns":5.0},{"damage":7.0,"enemies":"Time Eater","floor":50.0,"turns":5.0},{"damage":20.0,"enemies":"Donu and Deca","floor":51.0,"turns":10.0},{"damage":25.0,"enemies":"Shield and Spear","floor":55.0,"turns":6.0},{"damage":46,"enemies":"The Heart","floor":56,"turns":6}],"seed_played":"-8968193085692955621","potions_obtained":[{"floor":10.0,"key":"Poison Potion"},{"floor":12.0,"key":"ColorlessPotion"},{"floor":13.0,"key":"ColorlessPotion"},{"floor":16.0,"key":"Fire Potion"},{"floor":35.0,"key":"EssenceOfSteel"},{"floor":45.0,"key":"SkillPotion"},{"floor":55.0,"key":"SkillPotion"}],"is_trial":false,"path_per_floor":["M","M","?","M","?","R","E","R","T","E","M","E","M","?","R","B",null,"M","M","T","?","$","R","E","R","T","R","?","?","?","M","R","B",null,"M","$","M","?","?","E","$","R","T","R","M","?","?","?","R","B","B",null,"R","$","E","B"],"character_chosen":"THE_SILENT","items_purchased":["DuplicationPotion","Medical Kit","Deadly Poison","DuplicationPotion"],"campfire_rested":6,"item_purchase_floors":[22,36,36,54],"current_hp_per_floor":[59,59,59,57,37,56,30,49,49,43,41,23,23,23,23,19,54,48,36,36,36,36,36,26,26,26,26,26,26,26,17,36,18,54,54,54,54,44,44,26,26,45,45,45,45,45,45,29,47,40,20,52,63,63,38,0,0],"gold":56,"neow_bonus":"BOSS_RELIC","is_daily":false,"chose_seed":false,"campfire_upgraded":4,"win_rate":0.0,"timestamp":1608426825,"path_taken":["M","M","?","M","?","R","E","R","T","E","M","E","M","?","R","BOSS","M","M","?","?","$","R","E","R","T","R","?","?","?","M","R","BOSS","M","$","M","?","?","E","$","R","T","R","M","?","?","?","R","BOSS","BOSS","R","$","E","BOSS"],"items_purchased_type":["Potion","Relic","Card","Potion"],"build_version":"2020-12-18","purchased_purges":2,"victory":false,"max_hp_per_floor":[66,66,66,66,66,66,66,66,66,66,66,66,66,66,66,66,66,66,66,66,66,66,66,66,66,66,66,66,66,66,66,66,66,66,66,66,66,66,66,66,66,66,66,66,66,66,63,63,63,63,63,63,63,63,63,63,63],"relic_stats":{"Happy Flower":[21],"counters":[24,116],"Snake Skull":[201],"Whetstone":["Quick Slash","Neutralize"],"Smiling Mask":75,"Medical Kit":[5],"Peace Pipe":0,"Mummified Hand":[15],"Gambling Chip":[13],"Pandora\u0027s Box":["All Out Attack","All Out Attack","Accuracy","Backflip","Riddle With Holes","All Out Attack","Terror","Quick Slash","Well Laid Plans","Storm of Steel"],"Kunai":[1],"obtain_stats":[{"Happy Flower":24,"Snake Skull":9,"Whetstone":55,"Paper Crane":20,"Ancient Tea Set":7,"Smiling Mask":21,"Medical Kit":36,"Peace Pipe":10,"Mummified Hand":26,"Gambling Chip":48,"Pandora\u0027s Box":0,"Philosopher\u0027s Stone":17,"Kunai":40,"Ring of the Snake":0,"Runic Pyramid":34,"Pocketwatch":46},{"Happy Flower":12,"Snake Skull":4,"Whetstone":23,"Paper Crane":11,"Ancient Tea Set":4,"Smiling Mask":11,"Medical Kit":15,"Peace Pipe":5,"Mummified Hand":12,"Gambling Chip":20,"Pandora\u0027s Box":0,"Philosopher\u0027s Stone":9,"Kunai":17,"Ring of the Snake":0,"Runic Pyramid":14,"Pocketwatch":19},{"Happy Flower":51,"Snake Skull":15,"Whetstone":110,"Paper Crane":44,"Ancient Tea Set":15,"Smiling Mask":44,"Medical Kit":65,"Peace Pipe":21,"Mummified Hand":51,"Gambling Chip":89,"Pandora\u0027s Box":0,"Philosopher\u0027s Stone":38,"Kunai":73,"Ring of the Snake":0,"Runic Pyramid":62,"Pocketwatch":84}],"Pocketwatch":[15]},"card_choices":[{"not_picked":["Bane","Dagger Throw"],"picked":"Deadly Poison","floor":1.0},{"not_picked":["Prepared","Sucker Punch"],"picked":"Deflect","floor":2.0},{"not_picked":["Dagger Spray","Bane"],"picked":"PiercingWail","floor":4.0},{"not_picked":["Bane","All Out Attack"],"picked":"PiercingWail","floor":7.0},{"not_picked":["Heel Hook","Tools of the Trade"],"picked":"Crippling Poison","floor":10.0},{"not_picked":["Deadly Poison","Backflip"],"picked":"Catalyst","floor":11.0},{"not_picked":["Heel Hook","Flechettes","Escape Plan"],"picked":"SKIP","floor":12.0},{"not_picked":["PiercingWail","Concentrate"],"picked":"Dagger Spray","floor":13.0},{"not_picked":["Envenom","Die Die Die"],"picked":"Malaise","floor":16.0},{"not_picked":["Finisher","Flying Knee","Reflex"],"picked":"SKIP","floor":18.0},{"not_picked":["Outmaneuver","Slice"],"picked":"Dodge and Roll+1","floor":19.0},{"not_picked":["PiercingWail","Crippling Poison"],"picked":"Burst","floor":24.0},{"not_picked":["Bane","Dagger Spray","Distraction"],"picked":"SKIP","floor":31.0},{"not_picked":["Heel Hook+1","Blade Dance","Dash"],"picked":"SKIP","floor":35.0},{"not_picked":["Bane+1","Sucker Punch"],"picked":"PiercingWail+1","floor":37.0},{"not_picked":["Dark Shackles","Blind"],"picked":"Purity","floor":38.0},{"not_picked":["Terror","Predator+1","Quick Slash"],"picked":"SKIP","floor":40.0},{"not_picked":["Expertise","Acrobatics"],"picked":"Crippling Poison+1","floor":45.0},{"not_picked":["Escape Plan","Heel Hook"],"picked":"Backflip+1","floor":46.0},{"not_picked":["Predator","Dagger Spray+1","Corpse Explosion"],"picked":"SKIP","floor":55.0}],"player_experience":1207979,"relics_obtained":[{"floor":7.0,"key":"Ancient Tea Set"},{"floor":9.0,"key":"Snake Skull"},{"floor":10.0,"key":"Peace Pipe"},{"floor":20.0,"key":"Paper Crane"},{"floor":24.0,"key":"Happy Flower"},{"floor":26.0,"key":"Mummified Hand"},{"floor":40.0,"key":"Kunai"},{"floor":46.0,"key":"Pocketwatch"},{"floor":48.0,"key":"Gambling Chip"},{"floor":55.0,"key":"Whetstone"}],"event_choices":[{"damage_healed":0.0,"max_hp_gain":0.0,"max_hp_loss":0.0,"gold_gain":0.0,"cards_transformed":["Accuracy"],"event_name":"Living Wall","player_choice":"Change","floor":3.0,"gold_loss":0.0,"damage_taken":0.0,"cards_obtained":["Noxious Fumes"]},{"damage_healed":0.0,"max_hp_gain":0.0,"max_hp_loss":0.0,"gold_gain":0.0,"event_name":"Shining Light","player_choice":"Entered Light","floor":5.0,"gold_loss":0.0,"damage_taken":20.0,"cards_upgraded":["Survivor","PiercingWail"]},{"damage_healed":0.0,"max_hp_gain":0.0,"max_hp_loss":0.0,"gold_gain":0.0,"event_name":"Match and Keep!","player_choice":"0 cards matched","floor":14.0,"gold_loss":0.0,"damage_taken":0.0,"cards_obtained":[]},{"damage_healed":0.0,"max_hp_gain":0.0,"max_hp_loss":0.0,"gold_gain":0.0,"event_name":"Addict","player_choice":"Obtained Relic","floor":21.0,"gold_loss":85.0,"damage_taken":0.0,"relics_obtained":["Smiling Mask"]},{"cards_removed":["All Out Attack"],"damage_healed":0.0,"max_hp_gain":0.0,"max_hp_loss":0.0,"gold_gain":0.0,"event_name":"Beggar","player_choice":"Gave Gold","floor":28.0,"gold_loss":75.0,"damage_taken":0.0},{"damage_healed":0.0,"max_hp_gain":0.0,"max_hp_loss":0.0,"gold_gain":0.0,"event_name":"Vampires","player_choice":"Ignored","floor":29.0,"gold_loss":0.0,"damage_taken":0.0},{"damage_healed":0.0,"max_hp_gain":0.0,"max_hp_loss":0.0,"gold_gain":0.0,"event_name":"The Woman in Blue","player_choice":"Bought 3 Potions","floor":30.0,"gold_loss":0.0,"damage_taken":0.0},{"damage_healed":0.0,"max_hp_gain":0.0,"max_hp_loss":0.0,"gold_gain":0.0,"event_name":"SensoryStone","player_choice":"Memory 3","floor":38.0,"gold_loss":0.0,"damage_taken":10.0},{"cards_removed":["Well Laid Plans"],"damage_healed":0.0,"max_hp_gain":0.0,"max_hp_loss":0.0,"gold_gain":0.0,"event_name":"Falling","player_choice":"Removed Power","floor":39.0,"gold_loss":0.0,"damage_taken":0.0},{"damage_healed":0.0,"max_hp_gain":0.0,"max_hp_loss":0.0,"gold_gain":0.0,"event_name":"MindBloom","player_choice":"Fight","floor":46.0,"gold_loss":0.0,"damage_taken":0.0},{"damage_healed":0.0,"max_hp_gain":0.0,"max_hp_loss":3.0,"gold_gain":0.0,"event_name":"Winding Halls","player_choice":"Max HP","floor":47.0,"gold_loss":0.0,"damage_taken":0.0},{"damage_healed":0.0,"max_hp_gain":0.0,"max_hp_loss":0.0,"gold_gain":0.0,"event_name":"Mysterious Sphere","player_choice":"Fight","floor":48.0,"gold_loss":0.0,"damage_taken":0.0}],"is_beta":true,"boss_relics":[{"not_picked":["Calling Bell","Ectoplasm"],"picked":"Philosopher\u0027s Stone"},{"not_picked":["Runic Dome","Sozu"],"picked":"Runic Pyramid"}],"items_purged_floors":[22,41],"is_endless":false,"potions_floor_spawned":[10,12,13,16,19,31,35,45,46,55],"killed_by":"The Heart","ascension_level":20}}