{"host":"8o45mh5p3pp1o2mi","time":1608469789,"event":{"mods":["BaseMod","Minty Spire (QoL Compilation)","Replay The Spire","Shop Mod","StSLib"],"gold_per_floor":[118,193,203,203,11,46,46,46,46,46,56,67,102,115,115,214,214,225,243,243,243,243,243,254,280,333,38,58,58,89,103,103,103,103],"floor_reached":33,"playtime":2638,"items_purged":[],"score":345,"play_id":"32b6b4ad-f140-4ee3-8194-fe76e478860a","local_time":"20201220130949","is_ascension_mode":false,"campfire_choices":[{"floor":8.0,"key":"RECALL"},{"data":"Apotheosis","floor":15,"key":"SMITH"},{"floor":23,"key":"REST"},{"floor":29,"key":"REST"},{"floor":32,"key":"REST"}],"circlet_count":0,"master_deck":["Defend_R","Defend_R","Defend_R","Defend_R","Bash","Amnesia","Shrug It Off","Thunderclap","Rupture","Apotheosis+1","Flex","Offering","Self Repair+1","Scorching Beam","Genetic Algorithm","Rebound","Berserk","Heavy Blade","Warcry","Bite","Bite","Bite","Bite","Finesse","ReplayTheSpireMod:Limb From Limb","ReplayUltimateDefense","Metallicize","Sword Boomerang+1","Inflame+1"],"relics":["Gambling Chip","Iron Core","InkBottle","Black Star","Mummified Hand","StoneCalendar","Happy Flower","MerchantsRug","Ornamental Fan","Matryoshka"],"acts_visited":["Exordium","TheCity"],"potions_floor_usage":[16,19,28,31,33],"damage_taken":[{"damage":2.0,"enemies":"Small Slimes","floor":1.0,"turns":3.0},{"damage":1.0,"enemies":"Cultist","floor":3.0,"turns":4.0},{"damage":0.0,"enemies":"Lagavulin","floor":6.0,"turns":7.0},{"damage":6.0,"enemies":"2 Louse","floor":11.0,"turns":2.0},{"damage":18.0,"enemies":"Blue Slaver","floor":12.0,"turns":3.0},{"damage":24.0,"enemies":"3 Sentries","floor":13.0,"turns":5.0},{"damage":6.0,"enemies":"Exordium Wildlife","floor":14.0,"turns":3.0},{"damage":25,"enemies":"Fading Forest","floor":16,"turns":11},{"damage":22,"enemies":"Chosen","floor":18,"turns":5},{"damage":27,"enemies":"3 Byrds","floor":19,"turns":4},{"damage":8,"enemies":"3 Cultists","floor":24,"turns":5},{"damage":53,"enemies":"Gremlin Leader","floor":25,"turns":5},{"damage":8,"enemies":"Snake Plant","floor":28,"turns":3},{"damage":49,"enemies":"Slavers","floor":30,"turns":4},{"damage":13,"enemies":"Snecko","floor":31,"turns":5},{"damage":43,"enemies":"Pondfish","floor":33,"turns":5}],"seed_played":"4649791125801099202","potions_obtained":[{"floor":1.0,"key":"SpeedPotion"},{"floor":3.0,"key":"LiquidBronze"},{"floor":14.0,"key":"Strength Potion"},{"floor":18,"key":"ColorlessPotion"},{"floor":25,"key":"Swift Potion"},{"floor":28,"key":"Weak Potion"},{"floor":30,"key":"Energy Potion"}],"is_trial":false,"path_per_floor":["M","?","M","?","$","E","?","R","T","$","M","M","E","M","R","B",null,"M","M","?","?","?","R","M","E","T","$","M","R","E","M","R","B"],"character_chosen":"IRONCLAD","items_purchased":["Apotheosis","Flex","MerchantsRug","ReplayUltimateDefense"],"campfire_rested":3,"item_purchase_floors":[5,5,27,27],"current_hp_per_floor":[80,72,77,77,77,80,80,80,80,80,80,72,58,62,62,57,80,68,51,36,36,36,53,59,30,30,30,34,51,24,15,32,0,0],"gold":103,"neow_bonus":"ONE_RARE_RELIC","is_daily":false,"chose_seed":false,"campfire_upgraded":1,"win_rate":0.0,"timestamp":1608469789,"path_taken":["M","?","?","?","$","E","?","R","T","?","M","?","E","M","R","BOSS","M","M","?","?","?","R","M","E","T","$","M","R","E","?","R","BOSS"],"items_purchased_type":["Card","Card","Relic","Card"],"build_version":"2020-12-13","purchased_purges":0,"victory":false,"max_hp_per_floor":[80,80,80,80,80,80,80,80,80,80,80,80,80,80,80,80,80,80,80,85,59,59,59,59,59,59,59,59,59,59,59,59,59,59],"card_choices":[{"not_picked":["Thunderclap","Hemokinesis"],"picked":"Shrug It Off","floor":1.0},{"not_picked":["Cleave","Flame Barrier"],"picked":"Thunderclap","floor":3.0},{"not_picked":["Shrug It Off","Run Through"],"picked":"Offering","floor":6.0},{"not_picked":["Perfected Strike","Battle Trance","Clash"],"picked":"SKIP","floor":11.0},{"not_picked":["Clothesline","True Grit"],"picked":"Scorching Beam","floor":12.0},{"not_picked":["WeaponsOverheat","True Grit"],"picked":"Genetic Algorithm","floor":13.0},{"not_picked":["ReplayTheSpireMod:Strike From Hell","Armaments"],"picked":"Rebound","floor":14.0},{"not_picked":["Impervious","Bludgeon"],"picked":"Berserk","floor":16},{"not_picked":["Run Through","ReplayTheSpireMod:Strike From Hell"],"picked":"Heavy Blade","floor":18},{"not_picked":["ReplayTheSpireMod:Strike From Hell+1","Heavy Blade"],"picked":"Warcry","floor":19},{"not_picked":["Sever Soul","Perfected Strike","ReplayTheSpireMod:Corrosion Curse"],"picked":"SKIP","floor":24},{"not_picked":["Replay:Undeath\u0027s Touch","Berserk"],"picked":"ReplayTheSpireMod:Limb From Limb","floor":25},{"not_picked":["Pommel Strike","Body Slam"],"picked":"Metallicize","floor":28},{"not_picked":["Anger+1","Clothesline"],"picked":"Sword Boomerang+1","floor":30},{"not_picked":["Body Slam+1","True Grit"],"picked":"Inflame+1","floor":31}],"player_experience":10745,"relics_obtained":[{"floor":6.0,"key":"Replay:Baseball"},{"floor":13.0,"key":"InkBottle"},{"floor":25,"key":"Mummified Hand"},{"floor":25,"key":"StoneCalendar"},{"floor":26,"key":"Happy Flower"},{"floor":30,"key":"Ornamental Fan"},{"floor":30,"key":"Matryoshka"}],"event_choices":[{"damage_healed":0.0,"max_hp_gain":0.0,"max_hp_loss":0.0,"gold_gain":75.0,"event_name":"FaceTrader","player_choice":"Touch","floor":2.0,"gold_loss":0.0,"damage_taken":8.0},{"damage_healed":0.0,"max_hp_gain":0.0,"max_hp_loss":0.0,"gold_gain":0.0,"cards_transformed":["Strike_R"],"event_name":"Living Wall","player_choice":"Change","floor":4.0,"gold_loss":0.0,"damage_taken":0.0,"cards_obtained":["Rupture"]},{"damage_healed":0,"gold_gain":0,"player_choice":"Shed Blood","damage_taken":20,"max_hp_gain":5,"max_hp_loss":0,"event_name":"Forgotten Altar","floor":20,"gold_loss":0},{"damage_healed":0,"gold_gain":0,"player_choice":"Became a vampire","damage_taken":0,"max_hp_gain":0,"max_hp_loss":26,"event_name":"Vampires","floor":21,"gold_loss":0,"cards_obtained":["Bite","Bite","Bite","Bite","Bite"]},{"damage_healed":0,"gold_gain":0,"cards_transformed":["Bite"],"player_choice":"Transformed","damage_taken":0,"max_hp_gain":0,"max_hp_loss":0,"event_name":"Transmorgrifier","floor":22,"gold_loss":0,"cards_obtained":["Finesse"]}],"is_beta":false,"boss_relics":[{"not_picked":["SacredBark","Tiny House"],"picked":"Black Star"}],"items_purged_floors":[],"is_endless":false,"potions_floor_spawned":[1,3,14,18,25,28,30],"killed_by":"Pondfish","ascension_level":0}}