{"host":"qwttrqaysb380yri","time":1608450839,"event":{"mods":["BaseMod","Custom Start","Minty Spire (QoL Compilation)","Permanent Neow","Puzzle Mod","Relic Stats","StSLib","The Cursed","The Hierophant"],"gold_per_floor":[117,132,30,46,66,66,91,91,91,136,11,59,91,130,130,100,100],"floor_reached":16,"playtime":520,"items_purged":["TheCursedMod:Dregs"],"score":214,"play_id":"0ffc1b73-ad35-4abf-8dc5-d0df0e223bd4","local_time":"20201220085359","is_ascension_mode":true,"campfire_choices":[{"floor":6.0,"key":"REST"},{"data":"hierophant:Batter","floor":8.0,"key":"SMITH"},{"floor":15.0,"key":"REST"}],"circlet_count":0,"master_deck":["AscendersBane","hierophant:Strike_Hierophant","hierophant:Strike_Hierophant","hierophant:Strike_Hierophant","hierophant:Strike_Hierophant","hierophant:Punish","hierophant:Defend_Hierophant","hierophant:Defend_Hierophant","hierophant:Defend_Hierophant","hierophant:Defend_Hierophant","hierophant:ChurchCoffers","hierophant:Smite","hierophant:Batter+1","hierophant:HolyVerse","hierophant:ThreeLashes","hierophant:SecretStash","hierophant:HammerAndAnvil","hierophant:Encroach","hierophant:Community","hierophant:OrnateBuckler","hierophant:PristineSoul"],"relics":["hierophant:PropheticMaskRelic","Lizard Tail","Bag of Preparation","Juzu Bracelet","Singing Bowl","Blood Vial"],"acts_visited":["Exordium"],"potions_floor_usage":[],"damage_taken":[{"damage":7.0,"enemies":"2 Louse","floor":1.0,"turns":2.0},{"damage":12.0,"enemies":"Jaw Worm","floor":2.0,"turns":3.0},{"damage":0.0,"enemies":"Small Slimes","floor":4.0,"turns":3.0},{"damage":12.0,"enemies":"Exordium Thugs","floor":5.0,"turns":3.0},{"damage":20.0,"enemies":"3 Sentries","floor":7.0,"turns":5.0},{"damage":25.0,"enemies":"Lagavulin","floor":10.0,"turns":4.0},{"damage":5.0,"enemies":"3 Sentries","floor":12.0,"turns":4.0},{"damage":0.0,"enemies":"3 Louse","floor":13.0,"turns":1.0},{"damage":10.0,"enemies":"Red Slaver","floor":14.0,"turns":5.0},{"damage":35,"enemies":"The Guardian","floor":16,"turns":13}],"seed_played":"-6450060226903801371","potions_obtained":[{"floor":4.0,"key":"SneckoOil"},{"floor":12.0,"key":"Explosive Potion"},{"floor":13.0,"key":"Regen Potion"}],"is_trial":false,"path_per_floor":["M","M","$","M","M","R","E","R","T","E","$","E","M","M","R","B"],"character_chosen":"HIEROPHANT","items_purchased":["hierophant:HolyVerse","Block Potion","Block Potion"],"campfire_rested":2,"item_purchase_floors":[3,3,11],"current_hp_per_floor":[61,49,49,49,37,59,39,39,39,14,14,9,11,15,37,4,4],"gold":100,"neow_bonus":"ONE_RARE_RELIC","is_daily":false,"chose_seed":false,"campfire_upgraded":1,"win_rate":0.0,"timestamp":1608450839,"path_taken":["M","M","$","M","M","R","E","R","T","E","$","E","M","M","R","BOSS"],"items_purchased_type":["Card","Potion","Potion"],"build_version":"2020-12-13","purchased_purges":1,"victory":false,"max_hp_per_floor":[75,75,75,75,75,75,75,75,75,75,75,75,75,75,75,75,75],"relic_stats":{"Blood Vial":6,"Lizard Tail":0,"Singing Bowl":0,"counters":[10,43],"Bag of Preparation":[10],"Juzu Bracelet":0,"obtain_stats":[{"Blood Vial":12,"Lizard Tail":0,"Singing Bowl":10,"hierophant:PropheticMaskRelic":0,"Bag of Preparation":7,"Juzu Bracelet":9},{"Blood Vial":7,"Lizard Tail":0,"Singing Bowl":6,"hierophant:PropheticMaskRelic":0,"Bag of Preparation":5,"Juzu Bracelet":5},{"Blood Vial":24,"Lizard Tail":0,"Singing Bowl":20,"hierophant:PropheticMaskRelic":0,"Bag of Preparation":16,"Juzu Bracelet":16}]},"card_choices":[{"not_picked":["hierophant:PassingBell","hierophant:Dazzle"],"picked":"hierophant:Smite","floor":1.0},{"not_picked":["hierophant:DisplayOfPower","hierophant:Sermon"],"picked":"hierophant:Batter","floor":2.0},{"not_picked":["hierophant:Upheaval","hierophant:Repentance"],"picked":"hierophant:ThreeLashes","floor":4.0},{"not_picked":["hierophant:DisplayOfPower","hierophant:Glossolalia"],"picked":"hierophant:SecretStash","floor":5.0},{"not_picked":["hierophant:CoinFling","hierophant:SealAway"],"picked":"hierophant:HammerAndAnvil","floor":7.0},{"not_picked":["hierophant:RustyCrate","hierophant:RecallFunds"],"picked":"hierophant:Encroach","floor":10.0},{"not_picked":["hierophant:ArchangelShield","hierophant:CursedGold"],"picked":"hierophant:Community","floor":12.0},{"not_picked":["hierophant:HolyVerse","hierophant:AuricForm"],"picked":"hierophant:OrnateBuckler","floor":13.0},{"not_picked":["hierophant:DisplayOfPower","hierophant:Doubloon"],"picked":"hierophant:PristineSoul","floor":14.0}],"player_experience":1903520,"relics_obtained":[{"floor":7.0,"key":"Bag of Preparation"},{"floor":9.0,"key":"Juzu Bracelet"},{"floor":10.0,"key":"Singing Bowl"},{"floor":12.0,"key":"Blood Vial"}],"event_choices":[],"is_beta":false,"boss_relics":[],"items_purged_floors":[11],"is_endless":false,"potions_floor_spawned":[4,12,13],"killed_by":"The Guardian","ascension_level":15}}