{"host":"5gc11emcm5chfr5t","time":1608448174,"event":{"mods":["2.2 Compatiblity","AchievementEnabler","BaseMod","Bestiary","Better Note","Colored Map","Colored Powertips","Downfall","Googly Eyes","Minty Spire (QoL Compilation)","Rare Cards Sparkle","StSLib"],"gold_per_floor":[99,133,58,90,90,90,90,240,266,296,14,14,3,3,16,16,16],"floor_reached":16,"playtime":517,"items_purged":[],"score":308,"play_id":"2c426cf0-a381-4c5c-b17f-a885f495b4c4","local_time":"20201220020934","is_ascension_mode":true,"campfire_choices":[{"floor":1,"key":"RECALL"},{"floor":3,"key":"REST"},{"data":"sneckomod:SnekBite","floor":5,"key":"SMITH"}],"circlet_count":0,"master_deck":["AscendersBane","sneckomod:Strike","sneckomod:Strike","sneckomod:Strike","sneckomod:Defend","sneckomod:Defend","sneckomod:Defend+1","sneckomod:TailWhip","sneckomod:SnekBite+1","sneckomod:Unknown+1","sneckomod:Unknown","sneckomod:UnknownStrength","sneckomod:IronFang","sneckomod:UnknownExhaust","Doubt","sneckomod:SerpentIdol","sneckomod:GlitteringGambit","sneckomod:SoulDraw","sneckomod:SoulRoll","sneckomod:UnknownEthereal","sneckomod:UnknownDexterity"],"relics":["sneckomod:SneckoSoul","downfall:HeartsMalice","Juzu Bracelet","downfall:HeartBlessingRed","Lizard Tail","War Paint","Odd Mushroom","White Beast Statue","Molten Egg 2","Ornamental Fan"],"acts_visited":["Exordium"],"potions_floor_usage":[10,16],"damage_taken":[{"damage":0,"enemies":"Gremlin Nob","floor":2,"turns":1},{"damage":0,"enemies":"Lagavulin","floor":4,"turns":1},{"damage":0,"enemies":"2 Louse","floor":6,"turns":1},{"damage":0,"enemies":"The Mushroom Lair","floor":9,"turns":3},{"damage":45,"enemies":"3 Sentries","floor":10,"turns":9},{"damage":0,"enemies":"downfall:FleeingMerchant","floor":11,"turns":4},{"damage":1,"enemies":"downfall:FleeingMerchant","floor":13,"turns":4},{"damage":0,"enemies":"Small Slimes","floor":15,"turns":1},{"damage":132,"enemies":"downfall:Defect","floor":16,"turns":5}],"seed_played":"-8544864720471334078","potions_obtained":[{"floor":9,"key":"Strength Potion"},{"floor":11,"key":"SteroidPotion"},{"floor":13,"key":"FearPotion"}],"is_trial":false,"path_per_floor":["R","E","R","E","R","M","T","?","?","E","$","T","$","?","M","B"],"character_chosen":"THE_SNECKO","items_purchased":["Molten Egg 2","sneckomod:SoulRoll"],"campfire_rested":1,"item_purchase_floors":[11,11],"current_hp_per_floor":[75,76,84,84,84,85,85,85,85,40,40,40,40,68,69,0,0],"gold":16,"neow_bonus":"THREE_ENEMY_KILL","is_daily":false,"chose_seed":false,"campfire_upgraded":1,"win_rate":0.0,"timestamp":1608448174,"path_taken":["R","E","R","E","R","M","T","?","?","E","$","?","?","?","M","BOSS"],"items_purchased_type":["Relic","Card"],"build_version":"2020-12-13","purchased_purges":0,"victory":false,"max_hp_per_floor":[83,84,84,84,84,85,85,85,85,85,85,85,86,86,87,87,87],"card_choices":[{"not_picked":["sneckomod:QuickMove","sneckomod:UnknownDexterity"],"picked":"sneckomod:UnknownStrength","floor":2},{"not_picked":["sneckomod:Nope","sneckomod:RainOfDice"],"picked":"sneckomod:IronFang","floor":4},{"not_picked":["sneckomod:RainOfDice","sneckomod:UnknownClassPURPLE"],"picked":"sneckomod:UnknownExhaust","floor":6},{"not_picked":["sneckomod:UnknownCommonSkill","sneckomod:UnknownWeak"],"picked":"sneckomod:SerpentIdol","floor":9},{"not_picked":["sneckomod:UnknownBlock","sneckomod:UnknownCommonSkill"],"picked":"sneckomod:GlitteringGambit","floor":10},{"not_picked":["sneckomod:UnknownClassSLIMEBOUND","sneckomod:Unknown1Cost"],"picked":"sneckomod:SoulDraw","floor":11},{"not_picked":["sneckomod:UnknownVulnerable","sneckomod:UnknownCommonAttack+1"],"picked":"sneckomod:UnknownEthereal","floor":13},{"not_picked":["sneckomod:UnknownVulnerable","sneckomod:UnknownClassGREEN"],"picked":"sneckomod:UnknownDexterity","floor":15}],"player_experience":449570,"relics_obtained":[{"floor":2,"key":"Juzu Bracelet"},{"floor":4,"key":"Lizard Tail"},{"floor":7,"key":"War Paint"},{"floor":9,"key":"Odd Mushroom"},{"floor":10,"key":"White Beast Statue"},{"floor":12,"key":"Ornamental Fan"}],"event_choices":[{"damage_healed":0,"gold_gain":0,"player_choice":"Fought Mushrooms","damage_taken":0,"max_hp_gain":0,"max_hp_loss":0,"event_name":"Mushrooms","floor":9,"gold_loss":0},{"damage_healed":28,"gold_gain":0,"player_choice":"Banana","damage_taken":0,"max_hp_gain":0,"max_hp_loss":0,"event_name":"Big Fish","floor":14,"gold_loss":0}],"is_beta":false,"boss_relics":[],"items_purged_floors":[],"is_endless":false,"potions_floor_spawned":[9,11,13,15],"killed_by":"downfall:Defect","ascension_level":18}}