{"host":"o7j6aatxjwpw1421","time":1608477237,"event":{"mods":["2.2 Compatiblity","BaseMod","Colored Map","DeckTracker","Highlight Path","Keyboard Shortcuts","Minty Spire (QoL Compilation)","Permanent Neow","Quick Restart","StSLib","SuperFastMode","everything is the same but u backflip on backflip"],"gold_per_floor":[114,114,34,34,52,52,62,90,90,109,109,122,122,138,138,212,212,222,222,240,240,4,4,30,49,74,74,84,84,84,103,103,180,180,194,194,194,194,205,232,232,232],"floor_reached":41,"playtime":2995,"items_purged":["Strike_G"],"score":819,"play_id":"d49c1691-9c78-4f8e-9a76-58549947e289","local_time":"20201221001357","is_ascension_mode":true,"campfire_choices":[{"data":"Infinite Blades","floor":6.0,"key":"SMITH"},{"floor":11.0,"key":"REST"},{"data":"Cloak And Dagger","floor":15.0,"key":"SMITH"},{"data":"Calculated Gamble","floor":23.0,"key":"SMITH"},{"floor":32.0,"key":"REST"}],"circlet_count":0,"master_deck":["AscendersBane","Defend_G","Defend_G","Survivor","Neutralize","Choke","Blur","Infinite Blades+1","Accuracy","Flying Knee","Bouncing Flask","Cloak And Dagger+1","Backflip","Tactician","Dagger Spray","Tools of the Trade+1","Calculated Gamble+1","Well Laid Plans+1","Tactician","Crippling Poison","Flying Knee","Phantasmal Killer","Blade Dance","Backflip+1","Panache+1","Reflex+1"],"relics":["Ring of the Snake","Pocketwatch","Frozen Egg 2","Nunchaku","Empty Cage","Bronze Scales","Boot","SacredBark","Darkstone Periapt","Shuriken"],"acts_visited":["Exordium","TheCity","TheBeyond"],"potions_floor_usage":[],"damage_taken":[{"damage":4.0,"enemies":"Jaw Worm","floor":1.0,"turns":5.0},{"damage":1.0,"enemies":"Cultist","floor":5.0,"turns":5.0},{"damage":2.0,"enemies":"2 Louse","floor":7.0,"turns":2.0},{"damage":24.0,"enemies":"3 Sentries","floor":8.0,"turns":8.0},{"damage":2.0,"enemies":"Exordium Wildlife","floor":10.0,"turns":4.0},{"damage":6.0,"enemies":"Blue Slaver","floor":12.0,"turns":4.0},{"damage":8.0,"enemies":"Exordium Thugs","floor":14.0,"turns":6.0},{"damage":39.0,"enemies":"Slime Boss","floor":16.0,"turns":11.0},{"damage":7.0,"enemies":"Spheric Guardian","floor":18.0,"turns":4.0},{"damage":2.0,"enemies":"Chosen","floor":20.0,"turns":6.0},{"damage":20.0,"enemies":"Gremlin Leader","floor":24.0,"turns":5.0},{"damage":17.0,"enemies":"Sentry and Sphere","floor":25.0,"turns":5.0},{"damage":0.0,"enemies":"Centurion and Healer","floor":28.0,"turns":5.0},{"damage":21.0,"enemies":"Chosen and Byrds","floor":31.0,"turns":5.0},{"damage":44.0,"enemies":"Automaton","floor":33.0,"turns":9.0},{"damage":0.0,"enemies":"3 Shapes","floor":35.0,"turns":7.0},{"damage":16.0,"enemies":"3 Darklings","floor":39.0,"turns":5.0},{"damage":12.0,"enemies":"Nemesis","floor":40.0,"turns":5.0},{"damage":24,"enemies":"Spire Growth","floor":41,"turns":3}],"seed_played":"1275010864699036388","potions_obtained":[{"floor":1.0,"key":"FairyPotion"},{"floor":8.0,"key":"Explosive Potion"},{"floor":14.0,"key":"FairyPotion"},{"floor":18.0,"key":"Regen Potion"},{"floor":28.0,"key":"EssenceOfSteel"},{"floor":33.0,"key":"SkillPotion"},{"floor":35.0,"key":"ColorlessPotion"}],"is_trial":false,"path_per_floor":["M","?","$","?","M","R","M","E","T","M","R","M","?","M","R","B",null,"M","?","M","?","$","R","E","M","T","?","M","?","$","M","R","B",null,"M","?","T","?","M","E","M"],"character_chosen":"THE_SILENT","items_purchased":["Accuracy","Well Laid Plans+1","Tactician"],"campfire_rested":2,"item_purchase_floors":[3,22,22],"current_hp_per_floor":[40,40,40,45,44,44,42,18,18,16,37,31,31,23,23,14,57,50,50,48,48,48,48,42,25,25,25,25,25,25,4,25,17,58,58,48,48,48,32,20,0,0],"gold":232,"neow_bonus":"TRANSFORM_TWO_CARDS","is_daily":false,"chose_seed":false,"campfire_upgraded":3,"win_rate":0.0,"timestamp":1608477237,"path_taken":["M","?","?","?","M","R","M","E","T","M","R","?","?","M","R","BOSS","M","?","M","?","?","R","E","?","T","?","M","?","?","?","R","BOSS","M","?","?","?","M","E","?"],"items_purchased_type":["Card","Card","Card"],"build_version":"2020-12-13","purchased_purges":1,"victory":false,"max_hp_per_floor":[66,66,66,71,71,71,71,71,71,71,71,71,71,71,71,71,71,71,71,71,71,71,71,71,71,71,71,71,71,71,71,71,71,71,71,71,71,71,71,71,71,71],"card_choices":[{"not_picked":["Finisher","Heel Hook"],"picked":"Infinite Blades","floor":1.0},{"not_picked":["Deadly Poison","Acrobatics"],"picked":"Flying Knee","floor":5.0},{"not_picked":["Backflip","Dodge and Roll"],"picked":"Bouncing Flask","floor":7.0},{"not_picked":["Infinite Blades","Unload"],"picked":"Cloak And Dagger","floor":8.0},{"not_picked":["Underhanded Strike","Prepared"],"picked":"Backflip","floor":10.0},{"not_picked":["Backstab","Slice"],"picked":"Tactician","floor":12.0},{"not_picked":["Outmaneuver","Dagger Throw"],"picked":"Dagger Spray","floor":14.0},{"not_picked":["Night Terror","Phantasmal Killer"],"picked":"Tools of the Trade+1","floor":16.0},{"not_picked":["Quick Slash","Dagger Throw","Sucker Punch"],"picked":"SKIP","floor":18.0},{"not_picked":["Outmaneuver","Flying Knee+1"],"picked":"Acrobatics+1","floor":20.0},{"not_picked":["Night Terror","Dagger Spray","Flying Knee"],"picked":"SKIP","floor":24.0},{"not_picked":["Well Laid Plans+1","Bane","Dagger Throw"],"picked":"SKIP","floor":25.0},{"not_picked":["PiercingWail","Backstab"],"picked":"Crippling Poison","floor":28.0},{"not_picked":["Slice+1","Quick Slash"],"picked":"Blade Dance","floor":31.0},{"not_picked":["Poisoned Stab+1","Quick Slash"],"picked":"Backflip+1","floor":35.0},{"not_picked":["Deep Breath","Sadistic Nature+1"],"picked":"Panache+1","floor":36.0},{"not_picked":["Leg Sweep","Dagger Throw","Choke"],"picked":"SKIP","floor":39.0},{"not_picked":["Leg Sweep","Concentrate"],"picked":"Reflex+1","floor":40.0}],"player_experience":298784,"relics_obtained":[{"floor":8.0,"key":"Pocketwatch"},{"floor":9.0,"key":"Frozen Egg 2"},{"floor":24.0,"key":"Bronze Scales"},{"floor":26.0,"key":"Boot"},{"floor":37.0,"key":"Darkstone Periapt"},{"floor":40.0,"key":"Shuriken"}],"event_choices":[{"cards_removed":["Strike_G"],"damage_healed":0.0,"max_hp_gain":0.0,"max_hp_loss":0.0,"gold_gain":0.0,"event_name":"Bonfire Elementals","player_choice":"Offered Basic","floor":2.0,"gold_loss":0.0,"damage_taken":0.0},{"damage_healed":0.0,"max_hp_gain":5.0,"max_hp_loss":0.0,"gold_gain":0.0,"event_name":"Big Fish","player_choice":"Donut","floor":4.0,"gold_loss":0.0,"damage_taken":0.0},{"damage_healed":0.0,"max_hp_gain":0.0,"max_hp_loss":0.0,"gold_gain":0.0,"event_name":"Dead Adventurer","player_choice":"Searched \u00271\u0027 times","floor":13.0,"gold_loss":0.0,"damage_taken":0.0,"relics_obtained":["Nunchaku"]},{"damage_healed":0.0,"max_hp_gain":0.0,"max_hp_loss":0.0,"gold_gain":0.0,"event_name":"The Library","player_choice":"Read","floor":19.0,"gold_loss":0.0,"damage_taken":0.0,"cards_obtained":["Calculated Gamble"]},{"damage_healed":0.0,"max_hp_gain":0.0,"max_hp_loss":0.0,"gold_gain":0.0,"event_name":"Ghosts","player_choice":"Ignored","floor":21.0,"gold_loss":0.0,"damage_taken":0.0},{"damage_healed":0.0,"max_hp_gain":0.0,"max_hp_loss":0.0,"gold_gain":0.0,"event_name":"Cursed Tome","player_choice":"Ignored","floor":27.0,"gold_loss":0.0,"damage_taken":0.0},{"damage_healed":0.0,"max_hp_gain":0.0,"max_hp_loss":0.0,"gold_gain":0.0,"cards_transformed":["Defend_G","Defend_G"],"event_name":"Drug Dealer","player_choice":"Became Test Subject","floor":29.0,"gold_loss":0.0,"damage_taken":0.0,"cards_obtained":["Flying Knee","Phantasmal Killer"]},{"damage_healed":0.0,"max_hp_gain":0.0,"max_hp_loss":0.0,"gold_gain":0.0,"event_name":"SensoryStone","player_choice":"Memory 3","floor":36.0,"gold_loss":0.0,"damage_taken":10.0},{"cards_removed":["Acrobatics"],"damage_healed":0.0,"max_hp_gain":0.0,"max_hp_loss":0.0,"gold_gain":0.0,"event_name":"Falling","player_choice":"Removed Skill","floor":38.0,"gold_loss":0.0,"damage_taken":0.0}],"is_beta":false,"boss_relics":[{"not_picked":["Coffee Dripper","Calling Bell"],"picked":"Empty Cage"},{"not_picked":["Runic Pyramid","Sozu"],"picked":"SacredBark"}],"items_purged_floors":[22],"is_endless":false,"potions_floor_spawned":[1,8,14,18,28,33,35],"killed_by":"Spire Growth","ascension_level":16}}