{"host":"nwjx7hbomubpmo86","time":1608476734,"event":{"mods":["AchievementEnabler","BaseMod","Better Note","Better Third Choice","Downfall","Hubris","Minty Spire (QoL Compilation)","Replay The Spire","Shade Mod","StSLib","The Necromancer","slay the spire mod where everything is the same but ironclad has a cowboy hat"],"gold_per_floor":[114,114,31,31,51,84,102,115,115,140,159,159,159,176,176,248,248,260,260,145,160,160,160,20,20,20,37,37,62,74,89,89,163,163,179,179,229,179,197,197,223,239,239,251,251,278,278,295,295,295],"floor_reached":51,"playtime":2118,"items_purged":["Strike_R"],"score":1417,"play_id":"6494687f-f301-4080-b2d2-2726ef2cbfaa","local_time":"20201220160534","is_ascension_mode":true,"campfire_choices":[{"data":"Inflame","floor":12.0,"key":"SMITH"},{"data":"Havoc","floor":15.0,"key":"SMITH"},{"data":"Mayhem","floor":23.0,"key":"SMITH"},{"data":"Armaments","floor":28,"key":"SMITH"},{"floor":32,"key":"DIG"},{"data":"Armaments","floor":40,"key":"SMITH"},{"data":"Feed","floor":45,"key":"SMITH"},{"data":"Havoc","floor":47,"key":"SMITH"},{"data":"Havoc","floor":49,"key":"SMITH"}],"circlet_count":0,"master_deck":["AscendersBane","Strike_R","Strike_R","Strike_R+1","Strike_R","Defend_R","Defend_R","Defend_R+1","Defend_R","Bash","Mayhem+1","Thunderclap","Self Repair+1","Defragment","Flex","Armaments+1","Replay:Undeath\u0027s Touch+1","Uppercut","Inflame+1","Turbo","Havoc+1","Mirror Shield","AbeCurse","Spot Weakness","Clumsy","Inflame","Armaments+1","Shockwave","Feel No Pain","Inflame","Discovery","Shockwave","Demon Form","Beam Cell","Beam Cell","Hologram+1","Havoc+1","Feed+1","Wild Strike","Defy Death","Havoc+1","ReplayTheSpireMod:Stacked","Shrug It Off","Power Through+1","Carnage","Rage+1","Feel No Pain"],"relics":["Iron Core","White Beast Statue","CaptainsWheel","hubris:SlimyHat","Abe\u0027s Treasure","ReplayTheSpireMod:CursedCoin","Mirror","hubris:ChampionShield","Calipers","Mark of Pain","hubris:Towel","Art of War","Dead Branch","Kunai","Potion Belt"],"acts_visited":["Exordium","TheCity","TheBeyond"],"potions_floor_usage":[29,29,31,33,33,35,41,42,46,50],"damage_taken":[{"damage":12.0,"enemies":"2 Louse","floor":1.0,"turns":4.0},{"damage":14.0,"enemies":"Small Slimes","floor":5.0,"turns":5.0},{"damage":45.0,"enemies":"Gremlin Nob","floor":6.0,"turns":5.0},{"damage":14.0,"enemies":"Jaw Worm","floor":7.0,"turns":5.0},{"damage":25.0,"enemies":"Lots of Slimes","floor":8.0,"turns":5.0},{"damage":34.0,"enemies":"Replay:BlueRogue","floor":10.0,"turns":7.0},{"damage":6.0,"enemies":"Looter","floor":11.0,"turns":4.0},{"damage":5.0,"enemies":"Large Slime","floor":14.0,"turns":3.0},{"damage":46.0,"enemies":"Slime Boss","floor":16.0,"turns":11.0},{"damage":10.0,"enemies":"Shell Parasite","floor":18.0,"turns":4.0},{"damage":14.0,"enemies":"2 Thieves","floor":21.0,"turns":4.0},{"damage":32,"enemies":"Snake Plant","floor":27,"turns":5},{"damage":82,"enemies":"Slavers","floor":29,"turns":8},{"damage":48,"enemies":"Cultist and Chosen","floor":30,"turns":8},{"damage":35,"enemies":"Centurion and Healer","floor":31,"turns":5},{"damage":48,"enemies":"Automaton","floor":33,"turns":10},{"damage":76,"enemies":"3 Shapes","floor":35,"turns":6},{"damage":48,"enemies":"Orb Walker","floor":39,"turns":5},{"damage":31,"enemies":"Nemesis","floor":41,"turns":7},{"damage":59,"enemies":"Spire Growth","floor":42,"turns":6},{"damage":25,"enemies":"Maw","floor":44,"turns":8},{"damage":7,"enemies":"Reptomancer","floor":46,"turns":8},{"damage":28,"enemies":"3 Darklings","floor":48,"turns":4},{"damage":39,"enemies":"Time Eater","floor":50,"turns":11}],"seed_played":"6092211318761027724","potions_obtained":[{"floor":5.0,"key":"BloodPotion"},{"floor":7.0,"key":"hexamod:EctoCoolerPotion"},{"floor":8.0,"key":"Toxic Potion"},{"floor":10.0,"key":"Fruit Juice"},{"floor":11.0,"key":"EssenceOfSteel"},{"floor":14.0,"key":"Block Potion"},{"floor":16.0,"key":"PowerPotion"},{"floor":18.0,"key":"Weak Potion"},{"floor":21.0,"key":"GamblersBrew"},{"floor":27,"key":"sneckomod:MuddlingPotion"},{"floor":29,"key":"Milkshake"},{"floor":30,"key":"Fire Potion"},{"floor":31,"key":"HeartOfIron"},{"floor":33,"key":"PowerPotion"},{"floor":35,"key":"Strength Potion"},{"floor":37,"key":"Slimebound:ThreeZeroPotion"},{"floor":41,"key":"Block Potion"},{"floor":42,"key":"SkillPotion"},{"floor":46,"key":"BlessingOfTheForge"},{"floor":48,"key":"HeartOfIron"}],"is_trial":false,"path_per_floor":["M","?","$","?","M","E","M","M","T","E","M","R","?","M","R","B",null,"M","?","$","M","?","R","$","?","T","M","R","E","M","M","R","B",null,"M","?","?","?","M","R","E","M","T","M","R","E","R","M","R","B",null],"character_chosen":"IRONCLAD","items_purchased":["Defragment","ReplayTheSpireMod:CursedCoin","Inflame","Armaments","Shockwave","Inflame","Discovery"],"campfire_rested":0,"item_purchase_floors":[3,20,20,20,20,24,24],"current_hp_per_floor":[62,62,62,55,51,31,27,75,75,56,60,60,60,65,65,29,67,67,67,67,63,40,40,40,40,40,81,81,85,85,85,85,85,85,88,88,59,59,91,91,94,45,45,97,97,90,90,62,62,95],"gold":295,"neow_bonus":"RANDOM_COLORLESS_2","is_daily":false,"chose_seed":false,"campfire_upgraded":8,"win_rate":0.0,"timestamp":1608476734,"path_taken":["M","?","$","?","M","E","?","M","T","E","?","R","?","M","R","BOSS","M","?","?","M","?","R","$","?","T","M","R","E","?","M","R","BOSS","M","?","?","?","M","R","E","M","T","M","R","E","R","M","R","BOSS"],"items_purchased_type":["Card","Relic","Card","Card","Card","Card","Card"],"build_version":"2020-12-13","purchased_purges":1,"victory":true,"max_hp_per_floor":[75,75,75,75,75,75,75,75,75,80,80,80,80,80,80,80,80,80,80,80,80,85,85,85,85,85,85,85,85,85,85,85,85,85,88,88,88,88,91,91,94,94,94,97,97,97,97,97,97,97],"card_choices":[{"not_picked":["expansioncontent:StudyTheSpire","Metamorphosis"],"picked":"Mayhem","floor":0.0},{"not_picked":["True Grit","Replay:Undeath\u0027s Touch"],"picked":"Thunderclap","floor":1.0},{"not_picked":["Warcry","Abandon"],"picked":"Flex","floor":5.0},{"not_picked":["Ghostly Armor","Entrench"],"picked":"Armaments","floor":6.0},{"not_picked":["Perfected Strike","Dual Wield"],"picked":"Replay:Undeath\u0027s Touch","floor":7.0},{"not_picked":["Wild Strike","Replay:Undeath\u0027s Touch"],"picked":"Uppercut","floor":8.0},{"not_picked":["Cleave","Iron Wave"],"picked":"Inflame","floor":10.0},{"not_picked":["Body Slam","Dark Embrace"],"picked":"Turbo","floor":11.0},{"not_picked":["Flex","Beam Cell"],"picked":"Havoc","floor":14.0},{"not_picked":["Barricade","Feed"],"picked":"Mirror Shield","floor":16.0},{"not_picked":["ReplayTheSpireMod:Strike From Hell+1","Twin Strike"],"picked":"Spot Weakness","floor":18.0},{"not_picked":["Carnage","Clash"],"picked":"Feel No Pain","floor":21.0},{"not_picked":["Thunderclap","Body Slam"],"picked":"Beam Cell","floor":27},{"not_picked":["Twin Strike","hubris:ReadiedAction"],"picked":"Beam Cell","floor":29},{"not_picked":["Burning Pact","Flex"],"picked":"Hologram+1","floor":30},{"not_picked":["Clash","Burning Pact"],"picked":"Havoc","floor":31},{"not_picked":["Eclipse","Berserk"],"picked":"Feed","floor":33},{"not_picked":["ReplayTheSpireMod:Strike From Hell","Twin Strike"],"picked":"Wild Strike","floor":35},{"not_picked":["Anger","Pommel Strike"],"picked":"Defy Death","floor":37},{"not_picked":["Cleave","Thunderclap"],"picked":"Havoc","floor":37},{"not_picked":["Clothesline","Shockwave"],"picked":"ReplayTheSpireMod:Stacked","floor":39},{"not_picked":["hubris:ReadiedAction","Carnage"],"picked":"Shrug It Off","floor":41},{"not_picked":["Demonic Infusion","Entrench+1"],"picked":"Power Through+1","floor":42},{"not_picked":["Second Wind","Warcry"],"picked":"Carnage","floor":44},{"not_picked":["Flex+1","Dark Embrace"],"picked":"Rage+1","floor":46},{"not_picked":["Perfected Strike","Havoc"],"picked":"Feel No Pain","floor":48}],"player_experience":585203,"relics_obtained":[{"floor":6.0,"key":"White Beast Statue"},{"floor":9.0,"key":"CaptainsWheel"},{"floor":10.0,"key":"hubris:SlimyHat"},{"floor":26.0,"key":"Mirror"},{"floor":29,"key":"hubris:ChampionShield"},{"floor":32,"key":"Calipers"},{"floor":37,"key":"Art of War"},{"floor":41,"key":"Dead Branch"},{"floor":43,"key":"Kunai"},{"floor":46,"key":"Potion Belt"}],"event_choices":[{"cards_removed":["Hallucinations"],"damage_healed":0.0,"max_hp_gain":0.0,"max_hp_loss":0.0,"gold_gain":0.0,"event_name":"Golden Wing","player_choice":"Card Removal","floor":4.0,"gold_loss":0.0,"damage_taken":7.0},{"damage_healed":0.0,"max_hp_gain":0.0,"max_hp_loss":0.0,"gold_gain":0.0,"event_name":"Ghosts","player_choice":"Ignored","floor":19.0,"gold_loss":0.0,"damage_taken":0.0},{"damage_healed":0.0,"max_hp_gain":5.0,"max_hp_loss":0.0,"gold_gain":0.0,"event_name":"Forgotten Altar","player_choice":"Shed Blood","floor":22.0,"gold_loss":0.0,"damage_taken":28.0},{"damage_healed":0.0,"max_hp_gain":0.0,"max_hp_loss":0.0,"gold_gain":0.0,"event_name":"Match and Keep!","player_choice":"2 cards matched","floor":25.0,"gold_loss":0.0,"damage_taken":0.0,"cards_obtained":["Shockwave","Demon Form"]},{"damage_healed":0,"gold_gain":0,"player_choice":"Upgraded Two","damage_taken":0,"max_hp_gain":0,"max_hp_loss":0,"event_name":"Designer","floor":38,"gold_loss":50,"cards_upgraded":["Defend_R","Replay:Undeath\u0027s Touch"]}],"is_beta":false,"boss_relics":[{"not_picked":["SacredBark","Runic Cube"],"picked":"Abe\u0027s Treasure"},{"not_picked":["Cursed Key","Philosopher\u0027s Stone"],"picked":"Mark of Pain"}],"items_purged_floors":[20],"is_endless":false,"potions_floor_spawned":[5,7,8,10,11,14,16,18,21,27,29,30,31,33,35,39,41,42,44,46,48],"ascension_level":17}}