{"host":"l2dnabsh5e0fsksb","time":1608453991,"event":{"mods":["2.2 Compatiblity","BaseMod","Downfall","Minty Spire (QoL Compilation)","Quick Restart","StSLib"],"gold_per_floor":[99,99,133,133,58,58,58,83,8,39,24,44,61,76,95,172,172,172,199,486,511,180,211,234,234,234],"floor_reached":25,"playtime":813,"items_purged":["Regret"],"score":611,"play_id":"5a13e6ee-e313-4a6a-b28e-dc5e9a49dea5","local_time":"20201220191631","is_ascension_mode":true,"campfire_choices":[{"floor":1.0,"key":"RECALL"},{"data":"Slimebound:Split","floor":5.0,"key":"SMITH"},{"data":"Slimebound:CorrosiveSpit","floor":9.0,"key":"SMITH"},{"data":"Slimebound:Darklings","floor":18.0,"key":"SMITH"}],"circlet_count":0,"master_deck":["AscendersBane","Slimebound:Strike_Slimebound+1","Slimebound:Strike_Slimebound","Slimebound:Strike_Slimebound","Slimebound:Tackle","Slimebound:Defend_Slimebound+1","Slimebound:Defend_Slimebound","Slimebound:Defend_Slimebound","Slimebound:Defend_Slimebound+1","Slimebound:Split+1","Slimebound:CorrosiveSpit+1","Slimebound:LeechEnergy","Slimebound:Nibble","Slimebound:SamplingLick","Slimebound:PrepareCrush","Slimebound:GoopSpray","Slimebound:SplitMire","Slimebound:Schlurp","Slimebound:Nibble","Slimebound:Darklings+1","Slimebound:HauntingLick","Regret","Slimebound:SplitBruiser","Slimebound:SpikyOuterGoop","Slimebound:RainOfGoop","Slimebound:Prepare"],"relics":["Slimebound:AbsorbEndCombat","downfall:HeartsMalice","downfall:BrokenWingStatue","Guardian:PocketSentry","downfall:HeartBlessingRed","Matryoshka","MealTicket","downfall:HeartBlessingGreen","Art of War","Black Star","MawBank","Pear","Bag of Marbles","Bottled Tornado","Boot","Bronze Scales"],"acts_visited":["Exordium","TheCity"],"potions_floor_usage":[19,25],"damage_taken":[{"damage":0.0,"enemies":"Lagavulin","floor":3.0,"turns":1.0},{"damage":0.0,"enemies":"3 Sentries","floor":8.0,"turns":1.0},{"damage":0.0,"enemies":"Gremlin Nob","floor":10.0,"turns":1.0},{"damage":14.0,"enemies":"downfall:FleeingMerchant","floor":11.0,"turns":4.0},{"damage":8.0,"enemies":"Jaw Worm","floor":12.0,"turns":3.0},{"damage":8.0,"enemies":"2 Louse","floor":13.0,"turns":2.0},{"damage":0.0,"enemies":"Small Slimes","floor":14.0,"turns":3.0},{"damage":17.0,"enemies":"Gremlin Gang","floor":15.0,"turns":3.0},{"damage":42.0,"enemies":"downfall:Silent","floor":16.0,"turns":6.0},{"damage":54,"enemies":"Book of Stabbing","floor":19,"turns":5},{"damage":41,"enemies":"Shell Parasite","floor":21,"turns":5},{"damage":18,"enemies":"downfall:FleeingMerchant","floor":22,"turns":4},{"damage":38,"enemies":"Gremlin Leader","floor":23,"turns":5},{"damage":56,"enemies":"Slavers","floor":25,"turns":4}],"seed_played":"1476393506554011989","potions_obtained":[{"floor":3.0,"key":"Slimebound:SlimyTonguePotion"},{"floor":6.0,"key":"Strength Potion"},{"floor":16.0,"key":"SteroidPotion"},{"floor":19,"key":"Slimebound:SpawnSlimePotion"}],"is_trial":false,"path_per_floor":["R","?","E","?","R","?","T","E","R","E","$","M","M","M","M","B",null,"R","E","?","M","$","E","T","E"],"character_chosen":"SLIMEBOUND","items_purchased":["Slimebound:SpikyOuterGoop","Slimebound:RainOfGoop","Slimebound:Prepare"],"campfire_rested":0,"item_purchase_floors":[22,22,22],"current_hp_per_floor":[49,49,49,49,49,49,49,49,49,49,49,53,54,54,54,34,49,49,35,35,18,39,39,39,0,0],"gold":234,"neow_bonus":"THREE_ENEMY_KILL","is_daily":false,"chose_seed":false,"campfire_upgraded":3,"win_rate":0.0,"timestamp":1608453991,"path_taken":["R","?","E","?","R","?","T","E","R","E","$","M","?","M","M","BOSS","R","E","?","M","$","E","T","E"],"items_purchased_type":["Card","Card","Card"],"build_version":"2020-12-13","purchased_purges":1,"victory":false,"max_hp_per_floor":[54,54,54,54,54,54,54,54,54,54,54,54,54,54,54,54,54,54,64,64,64,64,64,64,64,64],"card_choices":[{"not_picked":["Slimebound:Chomp","Slimebound:RollThrough"],"picked":"Slimebound:LeechEnergy","floor":3.0},{"not_picked":["Slimebound:TongueLash","Slimebound:Equalize"],"picked":"Slimebound:Nibble","floor":8.0},{"not_picked":["Slimebound:LeechEnergy","Slimebound:Equalize"],"picked":"Slimebound:SamplingLick","floor":10.0},{"not_picked":["Slimebound:Grow","Slimebound:PressTheAttack"],"picked":"Slimebound:PrepareCrush","floor":11.0},{"not_picked":["Slimebound:FinishingTackle","Slimebound:ViciousTackle"],"picked":"Slimebound:GoopSpray","floor":12.0},{"not_picked":["Slimebound:FirmFortitude","Slimebound:PressTheAttack"],"picked":"Slimebound:SplitMire","floor":13.0},{"not_picked":["Slimebound:GoopSpray","Slimebound:SlimeSpikes"],"picked":"Slimebound:Schlurp","floor":14.0},{"not_picked":["Slimebound:LeechingTouch","Slimebound:LeechEnergy"],"picked":"Slimebound:Nibble","floor":15.0},{"not_picked":["Slimebound:WasteNot","Slimebound:SlimeSlap"],"picked":"Slimebound:Darklings","floor":16.0},{"not_picked":["Slimebound:ComboTackle","Slimebound:PressTheAttack"],"picked":"Slimebound:HauntingLick","floor":19},{"not_picked":["Slimebound:PressTheAttack","Slimebound:Replication"],"picked":"Slimebound:SplitBruiser","floor":21},{"not_picked":["Slimebound:Schlurp","Slimebound:FinishingTackle","Slimebound:ForwardTackle+1"],"picked":"SKIP","floor":22},{"not_picked":["Slimebound:Recollect","Slimebound:Gluttony","Slimebound:FinishingTackle"],"picked":"SKIP","floor":23}],"player_experience":1695562,"relics_obtained":[{"floor":3.0,"key":"Guardian:PocketSentry"},{"floor":7.0,"key":"Matryoshka"},{"floor":8.0,"key":"MealTicket"},{"floor":10.0,"key":"Art of War"},{"floor":19,"key":"MawBank"},{"floor":19,"key":"Pear"},{"floor":23,"key":"Bag of Marbles"},{"floor":23,"key":"Bottled Tornado"},{"floor":24,"key":"Boot"},{"floor":24,"key":"Bronze Scales"}],"event_choices":[{"damage_healed":0.0,"max_hp_gain":0.0,"max_hp_loss":0.0,"gold_gain":0.0,"event_name":"Lab","player_choice":"Got Potions","floor":6.0,"gold_loss":0.0,"damage_taken":0.0}],"is_beta":false,"boss_relics":[{"not_picked":["Fusion Hammer","Astrolabe"],"picked":"Black Star"}],"items_purged_floors":[22],"is_endless":false,"potions_floor_spawned":[3,10,13,14,15,16,19],"killed_by":"Slavers","ascension_level":17}}