{"host":"htqwg582tjjtn9p7","time":1608470604,"event":{"mods":["2.2 Compatiblity","AchievementEnabler","Act Like it!","Aspiration","BaseMod","Better Third Choice","Colored Map","Conspire","Curses Come First","Displayed Cursed Tome","Energized Spire","Force Act Four","GifTheSpireLib","Hermit","Highlight Path","JesterMod","Mad Scientist","Minty Spire (QoL Compilation)","Pale of the Ancients","Permanent Neow","Random Character Button","Relic Stats","Replay The Spire","Robot Space Explorer","Somnambulant","Spicy Shops","Spikes Relics","StSLib","Stuff the Spire","The Blue Laboratory","The Disciple","The Dragon Tamer","The Forsaken","The Gatherer","The Judge","The Jungle","The Runesmith","The Servant 0.9.4"],"gold_per_floor":[119,130,28,46,46,72,72,98,98,124,124,138,155,155,155,255,355,373,198,198,218,231,231,242,262,262,280,299,313,313,333,333,436,436,447,463,476,204,217,217,231,231,311,311,311,346,346,371,371,371,388,388,467,467,467,467,467],"floor_reached":56,"playtime":2785,"items_purged":["Regret","hermit:Strike_Hermit","hermit:Strike_Hermit"],"score":1061,"play_id":"fbc456e9-d97d-4eed-93be-aba45ffa162a","local_time":"20201220142324","is_ascension_mode":true,"campfire_choices":[{"floor":7,"key":"REST"},{"data":"hermit:LoneWolf","floor":11,"key":"SMITH"},{"data":"hermit:LuckOfTheDraw","floor":15,"key":"SMITH"},{"floor":23,"key":"REST"},{"floor":30,"key":"REST"},{"floor":32,"key":"REST"},{"data":"hermit:LuckOfTheDraw","floor":40,"key":"SMITH"},{"floor":42,"key":"REST"},{"floor":49,"key":"REST"},{"data":"hermit:GhostlyPresence","floor":55,"key":"SMITH"}],"circlet_count":0,"master_deck":["hermit:Strike_Hermit","hermit:Strike_Hermit","hermit:Defend_Hermit","hermit:Defend_Hermit","hermit:Defend_Hermit","hermit:Defend_Hermit","hermit:Snapshot","hermit:Covet","hermit:LuckOfTheDraw+1","hermit:WideOpen","hermit:LoneWolf+1","hermit:GoldenBullet","hermit:Deadeye","hermit:Roughhouse+1","hermit:Quickdraw+1","hermit:LuckOfTheDraw+1","hermit:Roulette+1","hermit:Roughhouse+1","hermit:LowProfile","hermit:Vantage","hermit:HoleUp+1","hermit:GhostlyPresence+1","hermit:Quickdraw+1","hermit:Vantage+1","hermit:Gestalt","hermit:LoneWolf+1","hermit:Gambit","StuffTheSpire:Slingshot+1","Shrug It Off+1","StuffTheSpire:Slingshot+1","Armaments+1","Fire Breathing+1","hermit:Deadeye+1"],"relics":["Painkiller Herb","hermit:Horseshoe","Molten Egg 2","Nunchaku","Lantern","StuffTheSpire:RedRose","Replay:Wanted Poster","theForsaken:Gavel","aspiration:IroncladSkillbook","SpikesRelics:DaevaFist","HornCleat","Dream Catcher","Letter Opener","paleoftheancients:Timepiece","paleoftheancients:KeyRelic","Gremlin Horn","CultistMask","StuffTheSpire:SapphireSignet"],"acts_visited":["Exordium","TheCity","TheBeyond","TheBeyond"],"potions_floor_usage":[8,12,12,37,50,52,56],"damage_taken":[{"damage":0,"enemies":"2 Louse","floor":1,"turns":2},{"damage":1,"enemies":"Cultist","floor":2,"turns":3},{"damage":0,"enemies":"Small Slimes","floor":4,"turns":3},{"damage":25,"enemies":"3 Sentries","floor":6,"turns":8},{"damage":12,"enemies":"Lagavulin","floor":8,"turns":5},{"damage":2,"enemies":"Replay:BlueRogue","floor":10,"turns":5},{"damage":0,"enemies":"3 Louse","floor":12,"turns":2},{"damage":0,"enemies":"Red Slaver","floor":13,"turns":2},{"damage":16,"enemies":"Hexaghost","floor":16,"turns":5},{"damage":23,"enemies":"2 Thieves","floor":18,"turns":3},{"damage":17,"enemies":"Shell Parasite","floor":21,"turns":3},{"damage":1,"enemies":"conspire:HollyBat","floor":22,"turns":4},{"damage":12,"enemies":"Snake Plant","floor":24,"turns":3},{"damage":0,"enemies":"Centurion and Healer","floor":25,"turns":4},{"damage":0,"enemies":"Cultist and Chosen","floor":27,"turns":4},{"damage":0,"enemies":"Snecko","floor":28,"turns":5},{"damage":8,"enemies":"Shelled Parasite and Fungi","floor":29,"turns":6},{"damage":1,"enemies":"conspire:HollyBat","floor":31,"turns":7},{"damage":0,"enemies":"Automaton","floor":33,"turns":8},{"damage":0,"enemies":"3 Shapes","floor":35,"turns":5},{"damage":0,"enemies":"Orb Walker","floor":36,"turns":3},{"damage":1,"enemies":"Sphere and 2 Shapes","floor":37,"turns":6},{"damage":26,"enemies":"3 Darklings","floor":39,"turns":4},{"damage":16,"enemies":"4 Shapes","floor":41,"turns":6},{"damage":0,"enemies":"Nemesis","floor":46,"turns":5},{"damage":21,"enemies":"Giant Head","floor":48,"turns":9},{"damage":44,"enemies":"Donu and Deca","floor":50,"turns":8},{"damage":5,"enemies":"Donu and Deca","floor":51,"turns":8},{"damage":71,"enemies":"Donu and Deca","floor":52,"turns":6},{"damage":100,"enemies":"Donu and Deca","floor":56,"turns":8}],"seed_played":"-6394755621339475501","potions_obtained":[{"floor":2,"key":"blueLaboratory:FrostheartPotion"},{"floor":6,"key":"SkillPotion"},{"floor":10,"key":"SkillPotion"},{"floor":12,"key":"blueLaboratory:PhilterOfMotion"},{"floor":18,"key":"blueLaboratory:Moonshine"},{"floor":22,"key":"blueLaboratory:RememoryPotion"},{"floor":31,"key":"DistilledChaos"},{"floor":41,"key":"LiquidBronze"},{"floor":51,"key":"Reflective Coating"}],"is_trial":false,"path_per_floor":["?","?","T","?","T","E","T","E","T","E","T","?","?","?","T","B",null,"?","T","?","?","?","T","?","?","T","?","?","?","T","?","T","B",null,"?","?","?","T","?","T","?","T","T","?","?","E","?","E","T","B","?","?","T","T","T","?"],"character_chosen":"HERMIT","items_purchased":["hermit:LoneWolf","SpikesRelics:DaevaFist"],"campfire_rested":6,"item_purchase_floors":[3,38],"current_hp_per_floor":[75,74,74,74,74,49,71,59,59,57,57,57,57,57,57,41,67,44,44,44,27,26,48,36,36,36,36,36,28,50,49,71,71,74,75,75,75,75,53,53,41,63,63,63,63,67,67,50,72,64,69,75,75,75,75,0,0],"gold":467,"neow_bonus":"BOSS_RELIC","is_daily":false,"chose_seed":false,"campfire_upgraded":4,"win_rate":0.0,"timestamp":1608470604,"path_taken":["?","?","T","?","T","E","T","E","T","E","T","?","?","?","T","BOSS","?","T","?","?","?","T","?","?","T","?","?","?","T","?","T","BOSS","?","?","?","T","?","T","?","T","T","?","?","E","?","E","T","BOSS","?","?","?","T","T","?"],"items_purchased_type":["Card","Relic"],"build_version":"2020-12-13","purchased_purges":3,"victory":false,"max_hp_per_floor":[75,75,75,75,75,75,75,75,75,75,75,75,75,75,75,75,75,75,75,75,75,75,75,75,75,75,75,75,75,75,75,75,75,75,75,75,75,75,75,75,75,75,75,75,75,75,75,75,75,75,75,75,75,75,75,75,75],"relic_stats":{"Nunchaku":[31],"Dream Catcher":1,"Gremlin Horn":[1,1],"counters":[30,150],"Letter Opener":[217],"obtain_stats":[{"Lantern":10,"paleoftheancients:KeyRelic":50,"Gremlin Horn":50,"Painkiller Herb":0,"Letter Opener":48,"theForsaken:Gavel":26,"aspiration:IroncladSkillbook":34,"Replay:Wanted Poster":17,"paleoftheancients:Timepiece":50,"StuffTheSpire:SapphireSignet":53,"Nunchaku":9,"Dream Catcher":46,"HornCleat":43,"Molten Egg 2":8,"CultistMask":50,"SpikesRelics:DaevaFist":38,"StuffTheSpire:RedRose":14,"hermit:Horseshoe":6,"hermit:Momento":0},{"Lantern":6,"paleoftheancients:KeyRelic":27,"Gremlin Horn":27,"Painkiller Herb":0,"Letter Opener":26,"theForsaken:Gavel":14,"aspiration:IroncladSkillbook":19,"Replay:Wanted Poster":9,"paleoftheancients:Timepiece":27,"StuffTheSpire:SapphireSignet":29,"Nunchaku":5,"Dream Catcher":25,"HornCleat":24,"Molten Egg 2":5,"CultistMask":27,"SpikesRelics:DaevaFist":22,"StuffTheSpire:RedRose":8,"hermit:Horseshoe":4,"hermit:Momento":0},{"Lantern":26,"paleoftheancients:KeyRelic":128,"Gremlin Horn":128,"Painkiller Herb":0,"Letter Opener":120,"theForsaken:Gavel":52,"aspiration:IroncladSkillbook":82,"Replay:Wanted Poster":35,"paleoftheancients:Timepiece":128,"StuffTheSpire:SapphireSignet":142,"Nunchaku":21,"Dream Catcher":111,"HornCleat":106,"Molten Egg 2":21,"CultistMask":128,"SpikesRelics:DaevaFist":96,"StuffTheSpire:RedRose":30,"hermit:Horseshoe":16,"hermit:Momento":0}]},"card_choices":[{"not_picked":["hermit:LowProfile","hermit:Headshot"],"picked":"hermit:LuckOfTheDraw","floor":1},{"not_picked":["hermit:Glare","hermit:Coalescence"],"picked":"hermit:WideOpen","floor":2},{"not_picked":["hermit:Dive","hermit:Headshot"],"picked":"hermit:GoldenBullet","floor":4},{"not_picked":["hermit:Combo","hermit:Horror"],"picked":"hermit:Deadeye","floor":6},{"not_picked":["hermit:Shortfuse+1","hermit:TakeAim"],"picked":"hermit:Roughhouse+1","floor":8},{"not_picked":["hermit:Gambit","hermit:Desperado+1"],"picked":"hermit:Quickdraw+1","floor":10},{"not_picked":["hermit:Ricochet+1","hermit:Coalescence"],"picked":"hermit:LuckOfTheDraw","floor":12},{"not_picked":["hermit:BigShot","hermit:Quickdraw+1"],"picked":"hermit:Roulette+1","floor":13},{"not_picked":["hermit:Gambit","hermit:Magnum+1"],"picked":"hermit:Roughhouse+1","floor":16},{"not_picked":["hermit:TrackingShot+1","hermit:Showdown+1"],"picked":"hermit:LowProfile","floor":18},{"not_picked":["hermit:TrackingShot+1","hermit:Headshot+1","hermit:Snipe"],"picked":"SKIP","floor":21},{"not_picked":["hermit:Quickdraw+1","hermit:TakeAim+1"],"picked":"hermit:Vantage","floor":22},{"not_picked":["hermit:Glare","hermit:WideOpen+1"],"picked":"hermit:HoleUp+1","floor":24},{"not_picked":["hermit:TrackingShot+1","hermit:Shortfuse+1"],"picked":"hermit:GhostlyPresence","floor":25},{"not_picked":["hermit:Combo","hermit:EyeOfTheStorm"],"picked":"hermit:Quickdraw+1","floor":27},{"not_picked":["hermit:WideOpen+1","hermit:HoleUp"],"picked":"hermit:Vantage","floor":28},{"not_picked":["hermit:Magnum+1","hermit:Feint"],"picked":"hermit:Gestalt","floor":29},{"not_picked":["hermit:Glare","hermit:CalledShot+1"],"picked":"hermit:LoneWolf+1","floor":31},{"not_picked":["hermit:RoundhouseKick+1","hermit:BlackWind+1"],"picked":"hermit:Gambit","floor":33},{"not_picked":["Wild Strike+1","Twin Strike+1","Heavy Blade+1","Clothesline+1"],"picked":"SKIP","floor":35},{"not_picked":["StuffTheSpire:BloodClot+1","Second Wind+1","Defy Death+1"],"picked":"StuffTheSpire:Slingshot+1","floor":36},{"not_picked":["Replay:Undeath\u0027s Touch+1","Heavy Blade+1","Flame Barrier"],"picked":"Shrug It Off+1","floor":37},{"not_picked":["Whirlwind+1","hermit:HighCaliber+1","hermit:TrackingShot+1"],"picked":"StuffTheSpire:Slingshot+1","floor":39},{"not_picked":["hermit:FromBeyond","hermit:Snipe","Inflame+1"],"picked":"Armaments+1","floor":41},{"not_picked":["Berserk","StuffTheSpire:RockThrow+1","hermit:Manifest"],"picked":"Fire Breathing+1","floor":46},{"not_picked":["Dual Wield+1","Entrench","Feed+1","Run Through+1"],"picked":"SKIP","floor":48},{"not_picked":["Wild Strike+1","Carnage+1","hermit:Snipe"],"picked":"hermit:Deadeye+1","floor":49},{"not_picked":["hermit:Scavenge","ReplayTheSpireMod:Strike From Hell+1","hermit:SprayPray+1","Armaments+1"],"picked":"SKIP","floor":51}],"player_experience":1721200,"relics_obtained":[{"floor":6,"key":"hermit:Horseshoe"},{"floor":8,"key":"Molten Egg 2"},{"floor":9,"key":"Nunchaku"},{"floor":10,"key":"Lantern"},{"floor":26,"key":"theForsaken:Gavel"},{"floor":43,"key":"HornCleat"},{"floor":46,"key":"Dream Catcher"},{"floor":48,"key":"Letter Opener"},{"floor":53,"key":"StuffTheSpire:SapphireSignet"}],"event_choices":[{"damage_healed":0,"gold_gain":0,"player_choice":"0 cards matched","damage_taken":0,"max_hp_gain":0,"max_hp_loss":0,"event_name":"Match and Keep!","floor":20,"gold_loss":0,"cards_obtained":[]},{"damage_healed":0,"gold_gain":0,"player_choice":"Upgraded","damage_taken":0,"max_hp_gain":0,"max_hp_loss":0,"event_name":"Upgrade Shrine","floor":47,"gold_loss":0,"cards_upgraded":["hermit:Vantage"]}],"is_beta":false,"boss_relics":[{"not_picked":["Velvet Choker","ChewingGum"],"picked":"Replay:Wanted Poster"},{"not_picked":["Sozu","aspiration:DefectSkillbook"],"picked":"aspiration:IroncladSkillbook"}],"items_purged_floors":[19,19,38],"is_endless":false,"potions_floor_spawned":[2,6,10,12,18,22,25,29,31,35,41,48,51],"killed_by":"Donu and Deca","ascension_level":5}}