{"host":"0kaxg9rjckhp4v2r","time":1608492219,"event":{"mods":["AchievementEnabler","BaseMod","Bestiary","Better Altar","Better Match","Better Note","Better Sensory Stone","Better Silent Start","Better Skull","Better Third Choice","Better-Laid Plans","Colored Powertips","Disable Question Mark Monsters","Emptier Cage","Melee Mod","Minty Spire (QoL Compilation)","Quick Restart","SacredBarkPlus","StSLib","The Marked","The Senshi","TheFirefly","Unceasing Turn Reminder","yUi"],"gold_per_floor":[112,112,112,112,124,135,135,150,150,150,181,195,51,68,68,167,167,180,105,33,52,52,52,65,81,81,81,151,151,56,75,75,75,75],"floor_reached":33,"playtime":2878,"items_purged":["thefirefly:Strike"],"score":297,"play_id":"50d02f25-ca05-4b5e-8b4f-cd398f49445a","local_time":"20201220142339","is_ascension_mode":false,"campfire_choices":[{"data":"thefirefly:Bombardment","floor":7,"key":"SMITH"},{"data":"thefirefly:Preload","floor":15,"key":"SMITH"},{"data":"thefirefly:LaserMail","floor":23,"key":"SMITH"},{"data":"thefirefly:StealthMode","floor":27,"key":"SMITH"},{"data":"thefirefly:InterceptingShot","floor":29,"key":"SMITH"},{"data":"thefirefly:Lamentation","floor":32,"key":"SMITH"}],"circlet_count":0,"master_deck":["thefirefly:Strike","thefirefly:Strike","thefirefly:Strike","thefirefly:Defend","thefirefly:Defend","thefirefly:Defend","thefirefly:StealthMode+1","thefirefly:PhotonBlast","thefirefly:ChargedLaser","thefirefly:Bombardment+1","thefirefly:Flight","thefirefly:FlakCannon","thefirefly:Preload+1","thefirefly:Lamentation+1","thefirefly:DataMiner","thefirefly:LifeSupport","thefirefly:LustForEternity","thefirefly:LaserMail+1","thefirefly:AccountUncertainty","thefirefly:Boost","Flash of Steel","Finesse","thefirefly:InterceptingShot+1","thefirefly:EMP+1","thefirefly:IonizedBarrier","thefirefly:StoredPower","thefirefly:FullProjection"],"relics":["thefirefly:StealthSystem","NeowsBlessing","Incense Burner","Ginger","Kunai","Coffee Dripper","Darkstone Periapt","theSenshi:FeatherClipsRelic"],"acts_visited":["Exordium","TheCity"],"potions_floor_usage":[11,18],"damage_taken":[{"damage":0,"enemies":"Cultist","floor":1,"turns":1},{"damage":0,"enemies":"2 Louse","floor":5,"turns":1},{"damage":0,"enemies":"Jaw Worm","floor":6,"turns":1},{"damage":10,"enemies":"Large Slime","floor":8,"turns":4},{"damage":7,"enemies":"Gremlin Nob","floor":11,"turns":3},{"damage":0,"enemies":"Exordium Thugs","floor":12,"turns":4},{"damage":3,"enemies":"3 Louse","floor":14,"turns":3},{"damage":1,"enemies":"The Guardian","floor":16,"turns":14},{"damage":6,"enemies":"Chosen","floor":18,"turns":5},{"damage":17,"enemies":"Spheric Guardian","floor":21,"turns":4},{"damage":24,"enemies":"3 Cultists","floor":24,"turns":7},{"damage":5,"enemies":"Snake Plant","floor":25,"turns":6},{"damage":8,"enemies":"Shelled Parasite and Fungi","floor":31,"turns":5},{"damage":30,"enemies":"Collector","floor":33,"turns":11}],"seed_played":"-2303246786368839003","potions_obtained":[{"floor":1,"key":"SteroidPotion"},{"floor":2,"key":"Ancient Potion"},{"floor":2,"key":"LiquidMemories"},{"floor":2,"key":"Dexterity Potion"},{"floor":12,"key":"Strength Potion"},{"floor":25,"key":"EssenceOfSteel"}],"is_trial":false,"path_per_floor":["M","?","?","?","M","M","R","M","T","?","E","M","$","M","R","B",null,"M","?","$","M","?","R","M","M","T","R","T","R","$","M","R","B"],"character_chosen":"THE_FIREFLY","items_purchased":["thefirefly:DataMiner","thefirefly:AccountUncertainty","thefirefly:IonizedBarrier","thefirefly:StoredPower"],"campfire_rested":0,"item_purchase_floors":[13,20,30,30],"current_hp_per_floor":[55,55,48,48,48,48,48,38,38,38,31,31,31,28,28,33,55,49,49,49,32,32,32,14,15,15,15,15,15,15,19,19,0,0],"gold":75,"neow_bonus":"THREE_ENEMY_KILL","is_daily":false,"chose_seed":false,"campfire_upgraded":6,"win_rate":0.0,"timestamp":1608492219,"path_taken":["M","?","?","?","M","M","R","?","T","?","E","M","$","M","R","BOSS","M","?","?","M","?","R","M","M","T","R","?","R","$","M","R","BOSS"],"items_purchased_type":["Card","Card","Card","Card"],"build_version":"2020-12-13","purchased_purges":1,"victory":false,"max_hp_per_floor":[55,55,55,55,55,55,55,55,55,55,55,55,55,55,55,55,55,55,55,55,55,55,55,55,55,55,55,55,55,55,55,55,55,55],"card_choices":[{"not_picked":["thefirefly:IonizedBarrier","thefirefly:ShieldArray"],"picked":"thefirefly:ChargedLaser","floor":1},{"not_picked":["thefirefly:Rend","thefirefly:ChargedLaser"],"picked":"thefirefly:Bombardment","floor":5},{"not_picked":["thefirefly:ArtillleryBeam","thefirefly:Distort"],"picked":"thefirefly:Flight","floor":6},{"not_picked":["thefirefly:FlareScreen","thefirefly:CoveringFire"],"picked":"thefirefly:FlakCannon","floor":8},{"not_picked":["thefirefly:Pacify","thefirefly:LifeSupport"],"picked":"thefirefly:Preload","floor":11},{"not_picked":["thefirefly:Preload","thefirefly:Flight"],"picked":"thefirefly:Lamentation","floor":12},{"not_picked":["thefirefly:ErraticMotions","thefirefly:LaserBarrage"],"picked":"thefirefly:LifeSupport","floor":14},{"not_picked":["thefirefly:Regeneration","thefirefly:HyperspaceAssault"],"picked":"thefirefly:LustForEternity","floor":16},{"not_picked":["thefirefly:Bombardment","thefirefly:DecoyShot+1"],"picked":"thefirefly:LaserMail","floor":18},{"not_picked":["thefirefly:Flight","thefirefly:ArtillleryBeam"],"picked":"thefirefly:Boost","floor":21},{"not_picked":["HandOfGreed","Bandage Up"],"picked":"Flash of Steel","floor":22},{"not_picked":["Dark Shackles","Impatience"],"picked":"Finesse","floor":22},{"not_picked":["thefirefly:Flight+1","thefirefly:LaserMail"],"picked":"thefirefly:InterceptingShot","floor":24},{"not_picked":["thefirefly:Rend","thefirefly:DataMiner"],"picked":"thefirefly:EMP+1","floor":25},{"not_picked":["thefirefly:DataMiner","thefirefly:Rend"],"picked":"thefirefly:FullProjection","floor":31}],"player_experience":290447,"relics_obtained":[{"floor":9,"key":"Ginger"},{"floor":11,"key":"Kunai"},{"floor":26,"key":"Darkstone Periapt"},{"floor":28,"key":"theSenshi:FeatherClipsRelic"}],"event_choices":[{"damage_healed":0,"gold_gain":0,"player_choice":"Got Potions","damage_taken":0,"max_hp_gain":0,"max_hp_loss":0,"event_name":"Lab","floor":2,"gold_loss":0},{"damage_healed":0,"gold_gain":0,"player_choice":"Relic ","damage_taken":7,"max_hp_gain":0,"max_hp_loss":0,"event_name":"betterThird:BetterScrap","floor":3,"gold_loss":0,"cards_obtained":["Double Energy"]},{"damage_healed":0,"gold_gain":0,"player_choice":"Ignored","damage_taken":0,"max_hp_gain":0,"max_hp_loss":0,"event_name":"betterNote:BetterNote","floor":4,"gold_loss":0,"cards_obtained":["DeusExMachina"]},{"damage_healed":0,"gold_gain":0,"player_choice":"Ignored","damage_taken":150,"max_hp_gain":0,"max_hp_loss":0,"event_name":"betterThird:BetterSerpent","floor":10,"gold_loss":0},{"cards_removed":["thefirefly:Defend"],"damage_healed":0,"gold_gain":0,"player_choice":"Gave Gold","damage_taken":0,"max_hp_gain":0,"max_hp_loss":0,"event_name":"Beggar","floor":19,"gold_loss":75},{"damage_healed":0,"gold_gain":2,"player_choice":"1","damage_taken":0,"max_hp_gain":0,"max_hp_loss":0,"event_name":"betterStone:BetterStone","floor":22,"gold_loss":0}],"is_beta":false,"boss_relics":[{"not_picked":["Pandora\u0027s Box","thefirefly:ShadowThruster"],"picked":"Coffee Dripper"}],"items_purged_floors":[13],"is_endless":false,"potions_floor_spawned":[1,8,12,25],"killed_by":"Collector","ascension_level":0}}