{"host":"wcdwdpnxbe04tinu","time":1608449671,"event":{"mods":["BaseMod","Downfall","Minty Spire (QoL Compilation)","Relic Sorter","StSLib"],"gold_per_floor":[99,127,142,153,172,0,0,0,28,28,44,58,78,29,44,143,143,143,154,188,188,188,188,188,117,132,57,57,57,57,57,67,172,172,172,191,241,166,176,176,176,190,218,218,228,228,49,49,64,64],"floor_reached":51,"playtime":2604,"items_purged":["champ:Strike","Parasite"],"score":753,"play_id":"3fa299d1-1b00-4d62-a30e-d6628ea75471","local_time":"20201220013431","is_ascension_mode":false,"campfire_choices":[{"data":"champ:HeavySlash","floor":1,"key":"SMITH"},{"data":"champ:Execute","floor":8,"key":"SMITH"},{"data":"champ:BringItOn","floor":10,"key":"SMITH"},{"data":"champ:CalledShot","floor":18,"key":"SMITH"},{"data":"champ:Taunt","floor":23,"key":"SMITH"},{"data":"champ:Lariat","floor":27,"key":"SMITH"},{"floor":35,"key":"RECALL"},{"data":"champ:Devastate","floor":38,"key":"SMITH"},{"data":"champ:RisingSlash","floor":40,"key":"SMITH"},{"data":"champ:GutPunch","floor":44,"key":"SMITH"}],"circlet_count":0,"master_deck":["champ:Strike+1","champ:Defend","champ:Defend","champ:Defend","champ:Execute+1","champ:Taunt+1","champ:HeavySlash+1","champ:FaceSlap","champ:BringItOn+1","champ:GutPunch+1","champ:Duel+1","champ:CalledShot+1","champ:ShieldSlam","champ:DefensiveShout","champ:TornadoPunch","champ:FlashCut","RitualDagger+1","champ:Lariat+1","champ:Control+1","champ:RisingSlash+1","champ:Devastate+1","champ:PerfectForm+1","champ:MurderStrike+1","champ:DefensiveShout+1","champ:RageSigil+1","champ:IronFortress+1"],"relics":["champ:ChampionCrown","White Beast Statue","Whetstone","Guardian:PocketSentry","Sozu","PreservedInsect","Frozen Egg 2","MutagenicStrength","Juzu Bracelet","downfall:HeartBlessingBlue","Astrolabe","Unceasing Top","downfall:HeartBlessingRed","champ:GladiatorsBookOfMartialProwess","Singing Bowl"],"acts_visited":["Exordium","TheCity","TheBeyond"],"potions_floor_usage":[9,16,19,19,19],"damage_taken":[{"damage":29,"enemies":"3 Sentries","floor":2,"turns":10},{"damage":5,"enemies":"Small Slimes","floor":3,"turns":2},{"damage":0,"enemies":"Jaw Worm","floor":4,"turns":3},{"damage":6,"enemies":"Cultist","floor":5,"turns":3},{"damage":10,"enemies":"downfall:FleeingMerchant","floor":6,"turns":4},{"damage":5,"enemies":"Lagavulin","floor":9,"turns":5},{"damage":0,"enemies":"2 Fungi Beasts","floor":11,"turns":2},{"damage":2,"enemies":"Exordium Thugs","floor":12,"turns":4},{"damage":0,"enemies":"Red Slaver","floor":13,"turns":2},{"damage":0,"enemies":"downfall:FleeingMerchant","floor":14,"turns":4},{"damage":0,"enemies":"Blue Slaver","floor":15,"turns":2},{"damage":22,"enemies":"downfall:Watcher","floor":16,"turns":9},{"damage":5,"enemies":"downfall:FleeingMerchant","floor":19,"turns":4},{"damage":11,"enemies":"Book of Stabbing","floor":20,"turns":4},{"damage":0,"enemies":"Spheric Guardian","floor":26,"turns":2},{"damage":18,"enemies":"Shelled Parasite and Fungi","floor":32,"turns":4},{"damage":33,"enemies":"downfall:Silent","floor":33,"turns":6},{"damage":12,"enemies":"Orb Walker","floor":36,"turns":2},{"damage":86,"enemies":"Mind Bloom Boss Battle","floor":37,"turns":7},{"damage":24,"enemies":"3 Shapes","floor":39,"turns":6},{"damage":24,"enemies":"Writhing Mass","floor":42,"turns":5},{"damage":0,"enemies":"Reptomancer","floor":43,"turns":5},{"damage":18,"enemies":"Sphere and 2 Shapes","floor":45,"turns":3},{"damage":8,"enemies":"Transient","floor":49,"turns":5},{"damage":57,"enemies":"downfall:Ironclad","floor":50,"turns":10}],"seed_played":"5940260459578748132","potions_obtained":[{"floor":3,"key":"Dexterity Potion"},{"floor":4,"key":"sneckomod:MuddlingPotion"},{"floor":5,"key":"Fire Potion"},{"floor":6,"key":"PowerPotion"},{"floor":9,"key":"Explosive Potion"},{"floor":11,"key":"champ:OpenerPotion"},{"floor":16,"key":"champ:OpenerPotion"}],"is_trial":false,"path_per_floor":["R","E","M","M","M","$","T","R","E","R","M","M","M","$","M","B",null,"R","$","E","?","?","R","T","$","M","R","?","?","?","$","M","B",null,"R","M","?","R","M","R","T","M","E","R","M","?","$","?","M","B",null],"character_chosen":"THE_CHAMP","items_purchased":["Whetstone","champ:CalledShot","PreservedInsect","champ:DefensiveShout","champ:TornadoPunch","champ:Lariat","champ:IronFortress+1"],"campfire_rested":0,"item_purchase_floors":[6,14,19,19,19,25,47],"current_hp_per_floor":[90,71,71,71,70,65,65,65,65,65,65,63,63,63,63,52,90,90,90,87,87,87,87,87,87,87,97,97,97,82,82,77,65,100,100,93,50,50,50,50,50,34,41,41,53,91,88,90,92,81],"gold":64,"neow_bonus":"ONE_RANDOM_RARE_CARD","is_daily":false,"chose_seed":false,"campfire_upgraded":9,"win_rate":0.0,"timestamp":1608449671,"path_taken":["R","E","M","M","M","$","T","R","E","R","M","M","M","$","M","BOSS","R","$","E","?","?","R","T","?","M","R","?","?","?","?","M","BOSS","R","M","?","R","M","R","T","M","E","R","M","?","?","?","M","BOSS"],"items_purchased_type":["Relic","Card","Relic","Card","Card","Card","Card"],"build_version":"2020-12-13","purchased_purges":2,"victory":true,"max_hp_per_floor":[90,90,90,90,90,90,90,90,90,90,90,90,90,90,90,90,90,90,90,90,90,90,90,90,90,90,100,100,100,100,100,100,100,100,100,100,100,100,100,100,100,100,102,102,104,91,88,90,92,92],"card_choices":[{"not_picked":["champ:ShieldThrow","champ:EnragedBash"],"picked":"champ:FaceSlap","floor":2},{"not_picked":["champ:EnGarde","champ:EnragedBash"],"picked":"champ:BringItOn","floor":3},{"not_picked":["champ:ViciousMockery","champ:Encircle","champ:RageSigil"],"picked":"SKIP","floor":4},{"not_picked":["champ:Encircle","champ:EnGarde"],"picked":"champ:GutPunch","floor":5},{"not_picked":["champ:RageSigil","champ:BerserkersShout"],"picked":"champ:Duel","floor":6},{"not_picked":["champ:FlashCut","champ:Haymaker","champ:GladiatorStyle"],"picked":"SKIP","floor":9},{"not_picked":["champ:PerfectedStrike","champ:HoldFirm","champ:DefensiveShout"],"picked":"SKIP","floor":11},{"not_picked":["champ:Lariat","champ:PerfectedStrike","champ:DefensiveShout"],"picked":"SKIP","floor":12},{"not_picked":["champ:Lariat","champ:ShieldSigil","champ:Circumvent"],"picked":"SKIP","floor":13},{"not_picked":["champ:FightOn","champ:CrookedStrike","champ:ShieldSigil"],"picked":"SKIP","floor":14},{"not_picked":["champ:ShieldSigil","champ:RapidStrikes","champ:RageSigil"],"picked":"SKIP","floor":15},{"not_picked":["champ:LastStand","champ:HeavySlash"],"picked":"champ:ShieldSlam","floor":16},{"not_picked":["champ:PerfectedStrike","champ:FanOfKnives+1","champ:GladiatorStyle+1"],"picked":"SKIP","floor":19},{"not_picked":["champ:BladeFlurry","champ:DefensiveStyle+1"],"picked":"champ:FlashCut","floor":20},{"not_picked":["champ:Control+1","champ:TornadoPunch","champ:ShieldSigil"],"picked":"SKIP","floor":26},{"not_picked":["champ:TornadoPunch","champ:ShieldSigil"],"picked":"champ:Control+1","floor":26},{"not_picked":["champ:RapidStrikes","champ:StanceDance"],"picked":"champ:RisingSlash","floor":32},{"not_picked":["champ:CrownThrow","champ:PerfectForm+1"],"picked":"champ:Devastate","floor":33},{"not_picked":["champ:DeathBlow+1","champ:StanceDance","champ:RapidStrikes"],"picked":"SKIP","floor":36},{"not_picked":["champ:FocusedGladiator+1","champ:RapidStrikes+1"],"picked":"champ:RageSigil+1","floor":37},{"not_picked":["champ:ShieldSigil","champ:RageSigil+1","champ:Encircle+1"],"picked":"SKIP","floor":39},{"not_picked":["champ:StanceDance+1","champ:BladeFlurry+1","champ:CrookedStrike"],"picked":"SKIP","floor":42},{"not_picked":["champ:DefensiveShout+1","champ:EndlessRage+1","champ:SkillfulDodge+1"],"picked":"Singing Bowl","floor":43},{"not_picked":["champ:BringItOn","champ:BladeFlurry+1","champ:AdrenalArmor+1"],"picked":"Singing Bowl","floor":45},{"not_picked":["expansioncontent:GuardianWhirl","expansioncontent:ChargeUp","expansioncontent:SuperHexaguard"],"picked":"Singing Bowl","floor":48},{"not_picked":["champ:FanOfKnives+1","champ:BringItOn","champ:PerfectedStrike"],"picked":"Singing Bowl","floor":49}],"player_experience":519561,"relics_obtained":[{"floor":2,"key":"White Beast Statue"},{"floor":9,"key":"Guardian:PocketSentry"},{"floor":20,"key":"Frozen Egg 2"},{"floor":24,"key":"Juzu Bracelet"},{"floor":37,"key":"Unceasing Top"},{"floor":41,"key":"champ:GladiatorsBookOfMartialProwess"},{"floor":43,"key":"Singing Bowl"}],"event_choices":[{"damage_healed":0,"gold_gain":0,"player_choice":"Inject Mutagens","damage_taken":0,"relics_obtained":["MutagenicStrength"],"max_hp_gain":0,"max_hp_loss":0,"event_name":"Drug Dealer","floor":22,"gold_loss":0},{"damage_healed":0,"gold_gain":0,"player_choice":"Ignored","damage_taken":0,"max_hp_gain":0,"max_hp_loss":0,"event_name":"Vampires","floor":28,"gold_loss":0},{"damage_healed":0,"gold_gain":0,"player_choice":"Got Potions","damage_taken":0,"max_hp_gain":0,"max_hp_loss":0,"event_name":"Lab","floor":29,"gold_loss":0}],"is_beta":false,"boss_relics":[{"not_picked":["expansioncontent:StudyCardRelic","Pandora\u0027s Box"],"picked":"Sozu"},{"not_picked":["Calling Bell","Fusion Hammer"],"picked":"Astrolabe"}],"items_purged_floors":[19,47],"is_endless":false,"potions_floor_spawned":[3,4,5,6,9,11,12,13,14,15,16,19,20,26,32,33,36,37,39,42,43,45,49],"ascension_level":0}}