{"host":"ryuep8ewa00k39z9","time":1608480254,"event":{"mods":["AchievementEnabler","BaseMod","Best Route Mod","Colored Map","Colored Powertips","Displayed Cursed Tome","Highlight Path","Minty Spire (QoL Compilation)","Quick Restart","SuperFastMode"],"gold_per_floor":[119,129,143,143,91,91,125,125,206,219,241,302,363,395,395,472,472,488,506,556,45,58,58,87,0,0,0,17,17,17],"floor_reached":29,"playtime":58749,"items_purged":["Strike_R"],"score":511,"play_id":"06b68b68-b126-4dad-9771-785f2c1a17ed","local_time":"20201220100414","is_ascension_mode":true,"campfire_choices":[{"data":"Fire Breathing","floor":6.0,"key":"SMITH"},{"data":"Wild Strike","floor":8.0,"key":"SMITH"},{"floor":15.0,"key":"REST"},{"floor":23.0,"key":"REST"}],"circlet_count":0,"master_deck":["AscendersBane","Strike_R","Strike_R","Strike_R","Strike_R","Defend_R","Defend_R","Defend_R","Defend_R","Bash","Fire Breathing+1","Second Wind","Wild Strike+1","Havoc+1","Flame Barrier+1","Exhume+1","Exhume+1","Warcry+1","Warcry+1","Reaper","Whirlwind","Evolve","Feel No Pain","Limit Break+1","Wild Strike"],"relics":["Sozu","PreservedInsect","Toxic Egg 2","Bottled Tornado","Odd Mushroom","Dead Branch","Ornamental Fan","Fusion Hammer","Pantograph","Happy Flower"],"acts_visited":["Exordium","TheCity"],"potions_floor_usage":[],"damage_taken":[{"damage":2.0,"enemies":"Jaw Worm","floor":1.0,"turns":3.0},{"damage":10.0,"enemies":"Small Slimes","floor":2.0,"turns":3.0},{"damage":3.0,"enemies":"2 Louse","floor":3.0,"turns":3.0},{"damage":15.0,"enemies":"3 Sentries","floor":7.0,"turns":4.0},{"damage":0.0,"enemies":"Large Slime","floor":10.0,"turns":3.0},{"damage":0.0,"enemies":"The Mushroom Lair","floor":11.0,"turns":2.0},{"damage":28.0,"enemies":"Lagavulin Event","floor":12.0,"turns":4.0},{"damage":0.0,"enemies":"Lagavulin","floor":14.0,"turns":5.0},{"damage":15.0,"enemies":"The Guardian","floor":16.0,"turns":9.0},{"damage":23.0,"enemies":"Chosen","floor":18.0,"turns":4.0},{"damage":0.0,"enemies":"Spheric Guardian","floor":19.0,"turns":3.0},{"damage":11.0,"enemies":"Snecko","floor":22.0,"turns":3.0},{"damage":44.0,"enemies":"Slavers","floor":24.0,"turns":3.0},{"damage":22.0,"enemies":"Snake Plant","floor":28.0,"turns":4.0},{"damage":6,"enemies":"Centurion and Healer","floor":29,"turns":2}],"seed_played":"1436399211611007855","potions_obtained":[],"is_trial":false,"path_per_floor":["M","M","M","?","?","R","E","R","T","M","?","?","?","E","R","B",null,"M","M","?","$","M","R","E","?","T","?","M","M"],"character_chosen":"IRONCLAD","items_purchased":["Reaper","Whirlwind","Pantograph"],"campfire_rested":2,"item_purchase_floors":[21,21,21],"current_hp_per_floor":[66,56,53,48,48,48,33,33,33,33,33,5,5,5,27,12,59,36,36,36,36,25,47,23,23,23,23,5,0,0],"gold":17,"neow_bonus":"BOSS_RELIC","is_daily":false,"chose_seed":false,"campfire_upgraded":2,"win_rate":0.0,"timestamp":1608480254,"path_taken":["M","M","M","?","?","R","E","R","T","M","?","?","?","E","R","BOSS","M","M","?","$","M","R","E","?","T","?","M","M"],"items_purchased_type":["Card","Card","Relic"],"build_version":"2020-12-13","purchased_purges":1,"victory":false,"max_hp_per_floor":[75,75,75,75,75,75,75,75,75,75,75,75,75,75,75,75,75,75,75,75,75,75,75,75,75,75,75,75,75,75],"card_choices":[{"not_picked":["Iron Wave","Havoc"],"picked":"Fire Breathing","floor":1.0},{"not_picked":["Carnage","Armaments"],"picked":"Second Wind","floor":2.0},{"not_picked":["Body Slam","Shrug It Off"],"picked":"Wild Strike","floor":3.0},{"not_picked":["Berserk","Ghostly Armor+1"],"picked":"Havoc+1","floor":7.0},{"not_picked":["Twin Strike","Disarm+1","Cleave"],"picked":"SKIP","floor":10.0},{"not_picked":["Disarm+1","Havoc+1"],"picked":"Flame Barrier+1","floor":11.0},{"not_picked":["Thunderclap","Seeing Red+1"],"picked":"Exhume+1","floor":14.0},{"not_picked":["Brutality","Berserk"],"picked":"Exhume+1","floor":16.0},{"not_picked":["Spot Weakness+1","Perfected Strike"],"picked":"Warcry+1","floor":18.0},{"not_picked":["Battle Trance+1","Wild Strike+1"],"picked":"Warcry+1","floor":19.0},{"not_picked":["Flame Barrier+1","Feed"],"picked":"Evolve","floor":22.0},{"not_picked":["Heavy Blade","Thunderclap"],"picked":"Feel No Pain","floor":24.0},{"not_picked":["Havoc+1","Clash"],"picked":"Wild Strike","floor":28.0}],"player_experience":3365826,"relics_obtained":[{"floor":7.0,"key":"Toxic Egg 2"},{"floor":9.0,"key":"Bottled Tornado"},{"floor":11.0,"key":"Odd Mushroom"},{"floor":12.0,"key":"Dead Branch"},{"floor":14.0,"key":"Ornamental Fan"},{"floor":24.0,"key":"Happy Flower"}],"event_choices":[{"damage_healed":0.0,"max_hp_gain":0.0,"max_hp_loss":0.0,"gold_gain":0.0,"event_name":"Scrap Ooze","player_choice":"Success","floor":4.0,"gold_loss":0.0,"damage_taken":5.0,"relics_obtained":["PreservedInsect"]},{"damage_healed":0.0,"max_hp_gain":0.0,"max_hp_loss":0.0,"gold_gain":0.0,"event_name":"World of Goop","player_choice":"Left Gold","floor":5.0,"gold_loss":52.0,"damage_taken":0.0},{"damage_healed":0.0,"max_hp_gain":0.0,"max_hp_loss":0.0,"gold_gain":0.0,"event_name":"Mushrooms","player_choice":"Fought Mushrooms","floor":11.0,"gold_loss":0.0,"damage_taken":0.0},{"damage_healed":0.0,"max_hp_gain":0.0,"max_hp_loss":0.0,"gold_gain":30.0,"event_name":"Dead Adventurer","player_choice":"Searched \u00273\u0027 times","floor":12.0,"gold_loss":0.0,"damage_taken":0.0},{"damage_healed":0.0,"max_hp_gain":0.0,"max_hp_loss":0.0,"gold_gain":61.0,"event_name":"Golden Wing","player_choice":"Gained Gold","floor":13.0,"gold_loss":0.0,"damage_taken":0.0},{"damage_healed":0.0,"max_hp_gain":0.0,"max_hp_loss":0.0,"gold_gain":50.0,"event_name":"Nest","player_choice":"Stole From Cult","floor":20.0,"gold_loss":0.0,"damage_taken":0.0},{"damage_healed":0.0,"max_hp_gain":0.0,"max_hp_loss":0.0,"gold_gain":0.0,"event_name":"Masked Bandits","player_choice":"Paid Fearfully","floor":25.0,"gold_loss":87.0,"damage_taken":0.0},{"damage_healed":0.0,"max_hp_gain":0.0,"max_hp_loss":0.0,"gold_gain":0.0,"event_name":"Match and Keep!","player_choice":"1 cards matched","floor":27.0,"gold_loss":0.0,"damage_taken":0.0,"cards_obtained":["Limit Break"]}],"is_beta":false,"boss_relics":[{"not_picked":["Velvet Choker","Coffee Dripper"],"picked":"Fusion Hammer"}],"items_purged_floors":[21],"is_endless":false,"potions_floor_spawned":[1,3,10,11,14,28],"killed_by":"Centurion and Healer","ascension_level":17}}