{"host":"qzcrkuyonb3ec1ca","time":1608499218,"event":{"mods":["BaseMod","Better Third Choice","Colored Powertips","Downfall","Koishi","Marisa????????","Minty Spire (QoL Compilation)","Quick Restart","Relic Stats","Spicy Shops","StSLib","The Animator","The Cursed","The Hierophant","The Servant 0.9.4","Uncapped"],"gold_per_floor":[99,114,133,161,161,161,161,174,174,204,379,395,408,42,54,157,157,7,17,48,65,65,65,88,116,133,160,160,160],"floor_reached":28,"playtime":2487,"items_purged":["Slimebound:Defend_Slimebound"],"score":313,"play_id":"28b9e18d-c146-4e3e-a8c0-f36dc6013c88","local_time":"20201220152018","is_ascension_mode":false,"campfire_choices":[{"data":"Slimebound:Split","floor":1,"key":"SMITH"},{"floor":18,"key":"RECALL"},{"data":"Slimebound:WasteNot","floor":23,"key":"SMITH"}],"circlet_count":0,"master_deck":["Slimebound:Strike_Slimebound","Slimebound:Strike_Slimebound","Slimebound:Strike_Slimebound","Slimebound:Tackle","Slimebound:Defend_Slimebound","Slimebound:Defend_Slimebound","Slimebound:Defend_Slimebound","Slimebound:Split+1","Slimebound:CorrosiveSpit","Slimebound:Dissolve","Slimebound:Nibble+1","Slimebound:SelfFormingGoo","Slimebound:FinishingTackle","Slimebound:WasteNot+1","Doubt","Slimebound:LeechEnergy","Slimebound:SplitMire","Slimebound:SlimeTap","Slimebound:SplitMire","Slimebound:Overexert","Slimebound:SplitBruiser+1","Slimebound:OozeBath","Slimebound:LevelUp"],"relics":["Slimebound:AbsorbEndCombat","Slimebound:AggressiveSlimeRelic","Orichalcum","Pear","Slimebound:SelfDamagePreventRelic","Black Star","downfall:HeartBlessingBlue","downfall:HeartBlessingGreen","Bronze Scales","Nunchaku","Toy Ornithopter","Calipers","Centennial Puzzle","Happy Flower","Dream Catcher"],"acts_visited":["Exordium","TheCity"],"potions_floor_usage":[4,16,16,25],"damage_taken":[{"damage":12,"enemies":"Jaw Worm","floor":2,"turns":3},{"damage":14,"enemies":"Small Slimes","floor":3,"turns":3},{"damage":33,"enemies":"Gremlin Nob","floor":4,"turns":4},{"damage":16,"enemies":"Cultist","floor":8,"turns":3},{"damage":36,"enemies":"Lagavulin","floor":10,"turns":5},{"damage":19,"enemies":"3 Louse","floor":12,"turns":3},{"damage":7,"enemies":"2 Fungi Beasts","floor":13,"turns":3},{"damage":19,"enemies":"downfall:FleeingMerchant","floor":14,"turns":4},{"damage":33,"enemies":"Lots of Slimes","floor":15,"turns":4},{"damage":33,"enemies":"downfall:Watcher","floor":16,"turns":5},{"damage":37,"enemies":"Shell Parasite","floor":19,"turns":5},{"damage":59,"enemies":"Slavers","floor":20,"turns":5},{"damage":28,"enemies":"Chosen","floor":21,"turns":2},{"damage":37,"enemies":"Book of Stabbing","floor":25,"turns":3},{"damage":23,"enemies":"Snake Plant","floor":26,"turns":3},{"damage":98,"enemies":"Slavers","floor":27,"turns":4},{"damage":16,"enemies":"Shelled Parasite and Fungi","floor":28,"turns":2}],"seed_played":"-1960981500216827170","potions_obtained":[{"floor":3,"key":"Weak Potion"},{"floor":8,"key":"SkillPotion"},{"floor":10,"key":"FearPotion"},{"floor":15,"key":"ColorlessPotion"},{"floor":21,"key":"champ:CounterPotion"},{"floor":26,"key":"SmokeBomb"}],"is_trial":false,"path_per_floor":["R","M","M","E","?","?","T","M","?","E","?","M","M","$","M","B",null,"R","M","E","M","?","R","T","E","M","E","M"],"character_chosen":"SLIMEBOUND","items_purchased":["Slimebound:SelfDamagePreventRelic","Slimebound:SplitMire"],"campfire_rested":0,"item_purchase_floors":[14,14],"current_hp_per_floor":[60,60,58,43,43,48,48,48,48,44,44,37,36,39,30,45,75,85,70,45,49,49,49,49,57,56,14,0,0],"gold":160,"neow_bonus":"RANDOM_COMMON_RELIC","is_daily":false,"chose_seed":false,"campfire_upgraded":2,"win_rate":0.0,"timestamp":1608499218,"path_taken":["R","M","M","E","?","?","T","M","?","E","?","M","?","$","M","BOSS","R","M","E","M","?","R","T","E","M","E","M"],"items_purchased_type":["Relic","Card"],"build_version":"2020-12-13","purchased_purges":1,"victory":false,"max_hp_per_floor":[60,60,60,60,60,65,65,65,65,75,75,75,75,75,75,75,75,85,85,85,85,85,85,85,85,85,85,85,85],"relic_stats":{"Nunchaku":[1],"Centennial Puzzle":[3],"Dream Catcher":0,"Happy Flower":[0],"counters":[17,56],"Bronze Scales":[54],"Black Star":3,"Orichalcum":[72],"obtain_stats":[{"Slimebound:AggressiveSlimeRelic":0,"Pear":10,"Slimebound:SelfDamagePreventRelic":14,"Calipers":25,"Happy Flower":27,"downfall:HeartBlessingGreen":18,"Orichalcum":4,"Nunchaku":20,"Centennial Puzzle":25,"Dream Catcher":27,"downfall:HeartBlessingBlue":18,"Bronze Scales":20,"Slimebound:AbsorbEndCombat":0,"Black Star":17,"Toy Ornithopter":24},{"Slimebound:AggressiveSlimeRelic":0,"Pear":5,"Slimebound:SelfDamagePreventRelic":8,"Calipers":14,"Happy Flower":16,"downfall:HeartBlessingGreen":10,"Orichalcum":3,"Nunchaku":12,"Centennial Puzzle":14,"Dream Catcher":16,"downfall:HeartBlessingBlue":10,"Bronze Scales":12,"Slimebound:AbsorbEndCombat":0,"Black Star":10,"Toy Ornithopter":13},{"Slimebound:AggressiveSlimeRelic":0,"Pear":16,"Slimebound:SelfDamagePreventRelic":25,"Calipers":48,"Happy Flower":54,"downfall:HeartBlessingGreen":34,"Orichalcum":8,"Nunchaku":43,"Centennial Puzzle":48,"Dream Catcher":54,"downfall:HeartBlessingBlue":34,"Bronze Scales":43,"Slimebound:AbsorbEndCombat":0,"Black Star":34,"Toy Ornithopter":45}],"Toy Ornithopter":5},"card_choices":[{"not_picked":["Slimebound:SplitMire","Slimebound:FinishingTackle"],"picked":"Slimebound:Dissolve","floor":2},{"not_picked":["Slimebound:Replication","Slimebound:FirmFortitude"],"picked":"Slimebound:Nibble","floor":3},{"not_picked":["Slimebound:SplitMire","Slimebound:SamplingLick"],"picked":"Slimebound:SelfFormingGoo","floor":4},{"not_picked":["Slimebound:PressTheAttack","Slimebound:DisruptingSlam"],"picked":"Slimebound:FinishingTackle","floor":8},{"not_picked":["Slimebound:FlameTackle","Slimebound:SplitAcid"],"picked":"Slimebound:WasteNot","floor":10},{"not_picked":["Slimebound:GrowthPunch","Slimebound:LeechingTouch"],"picked":"Slimebound:LeechEnergy","floor":12},{"not_picked":["Slimebound:GoopSpray","Slimebound:SlimeBrawl"],"picked":"Slimebound:SplitMire","floor":13},{"not_picked":["Slimebound:Nibble","Slimebound:GrowthPunch"],"picked":"Slimebound:SlimeTap","floor":14},{"not_picked":["Slimebound:Dissolve","Slimebound:SamplingLick","Slimebound:SlimeBrawl"],"picked":"SKIP","floor":15},{"not_picked":["Slimebound:PrepareCrush","Slimebound:WasteNot"],"picked":"Slimebound:Overexert","floor":16},{"not_picked":["Slimebound:RollThrough","Slimebound:PressTheAttack","Slimebound:ComboTackle"],"picked":"SKIP","floor":19},{"not_picked":["Slimebound:RainOfGoop","Slimebound:SelfFormingGoo"],"picked":"Slimebound:SplitBruiser+1","floor":20},{"not_picked":["Slimebound:LeechingTouch+1","Slimebound:Grow","Slimebound:TongueLash"],"picked":"SKIP","floor":21},{"not_picked":["Slimebound:Replication","Slimebound:SplitMire"],"picked":"Slimebound:OozeBath","floor":25},{"not_picked":["Slimebound:ForwardTackle","Slimebound:LeechingTouch"],"picked":"Slimebound:LevelUp","floor":26},{"not_picked":["Slimebound:BestDefense","Slimebound:SplitBruiser","Slimebound:FirmFortitude"],"picked":"SKIP","floor":27}],"player_experience":45307,"relics_obtained":[{"floor":4,"key":"Orichalcum"},{"floor":10,"key":"Pear"},{"floor":20,"key":"Bronze Scales"},{"floor":20,"key":"Nunchaku"},{"floor":24,"key":"Toy Ornithopter"},{"floor":25,"key":"Calipers"},{"floor":25,"key":"Centennial Puzzle"},{"floor":27,"key":"Happy Flower"},{"floor":27,"key":"Dream Catcher"}],"event_choices":[{"damage_healed":0,"gold_gain":0,"player_choice":"Grow","damage_taken":0,"max_hp_gain":0,"max_hp_loss":0,"event_name":"Living Wall","floor":5,"gold_loss":0,"cards_upgraded":["Slimebound:Nibble"]},{"damage_healed":0,"gold_gain":0,"player_choice":"Donut","damage_taken":0,"max_hp_gain":5,"max_hp_loss":0,"event_name":"Big Fish","floor":6,"gold_loss":0}],"is_beta":false,"boss_relics":[{"not_picked":["Slimebound:TarBlob","Coffee Dripper"],"picked":"Black Star"}],"items_purged_floors":[14],"is_endless":false,"potions_floor_spawned":[3,8,10,15,21,26],"killed_by":"Shelled Parasite and Fungi","ascension_level":0}}