{"host":"ry4pu9xcjr7tzcbd","time":1608505906,"event":{"mods":["BaseMod","Beaked The Cultist","Downfall","Minty Spire (QoL Compilation)","StSLib"],"gold_per_floor":[99,20,20,20,20,20,69,69,69,101,160,172,284,364,393,405,405],"floor_reached":16,"playtime":484,"items_purged":[],"score":94,"play_id":"a8b218ae-2c10-4922-a9cf-8e4284cdfa1e","local_time":"20201221001146","is_ascension_mode":false,"campfire_choices":[{"data":"hexamod:Sear","floor":1,"key":"SMITH"},{"data":"hexamod:EmpoweringStance","floor":4,"key":"SMITH"}],"circlet_count":0,"master_deck":["hexamod:Strike","hexamod:Strike","hexamod:Strike","hexamod:Defend","hexamod:Defend","hexamod:Defend","hexamod:Defend","hexamod:Sear+1","hexamod:Float","hexamod:Firestarter","hexamod:EmpoweringStance+1","hexamod:GhostOfSpirePresent+1","hexamod:GhostOfSpirePresent","hexamod:PhantomFireball","hexamod:SixthSeal"],"relics":["hexamod:SpiritBrand","downfall:HeartsMalice","MealTicket","MawBank","Dream Catcher","downfall:CloakOfManyFaces","CultistMask","FaceOfCleric","NlothsMask","GremlinMask","SsserpentHead"],"acts_visited":["Exordium"],"potions_floor_usage":[15,16,16],"damage_taken":[{"damage":0,"enemies":"downfall:FleeingMerchant","floor":2,"turns":1},{"damage":0,"enemies":"downfall:FleeingMerchant","floor":5,"turns":1},{"damage":0,"enemies":"Small Slimes","floor":6,"turns":1},{"damage":23,"enemies":"Gremlin Nob","floor":10,"turns":5},{"damage":0,"enemies":"Cultist","floor":12,"turns":1},{"damage":30,"enemies":"downfall:FaceTrader","floor":13,"turns":7},{"damage":0,"enemies":"Jaw Worm","floor":14,"turns":4},{"damage":14,"enemies":"Large Slime","floor":15,"turns":6},{"damage":7,"enemies":"downfall:Silent","floor":16,"turns":2}],"seed_played":"-3141793120771453811","potions_obtained":[{"floor":13,"key":"Block Potion"},{"floor":14,"key":"PowerPotion"},{"floor":15,"key":"hexamod:InfernoChargePotion"}],"is_trial":false,"path_per_floor":["R","$","?","R","$","M","T","?","?","E","T","M","?","M","M","B"],"character_chosen":"THE_SPIRIT","items_purchased":["hexamod:EmpoweringStance"],"campfire_rested":0,"item_purchase_floors":[2],"current_hp_per_floor":[70,70,70,70,70,70,70,70,70,47,47,47,17,18,5,0,0],"gold":405,"neow_bonus":"THREE_ENEMY_KILL","is_daily":false,"chose_seed":false,"campfire_upgraded":2,"win_rate":0.0,"timestamp":1608505906,"path_taken":["R","$","?","R","$","?","T","?","?","E","?","M","?","?","M","BOSS"],"items_purchased_type":["Card"],"build_version":"2020-12-13","purchased_purges":0,"victory":false,"max_hp_per_floor":[70,70,70,70,70,70,70,70,70,70,70,70,70,71,72,72,72],"card_choices":[{"not_picked":["hexamod:GhostOfSpireFuture","hexamod:StepThrough"],"picked":"hexamod:Firestarter","floor":2},{"not_picked":["hexamod:NightmareGuise","hexamod:Haunt"],"picked":"hexamod:GhostOfSpirePresent","floor":5},{"not_picked":["hexamod:AdvancingGuard","hexamod:GhostLash","hexamod:BacktrackSmack"],"picked":"SKIP","floor":6},{"not_picked":["hexamod:Hexaguard","hexamod:PhantomCloak"],"picked":"hexamod:GhostOfSpirePresent","floor":10},{"not_picked":["hexamod:GhostShield","hexamod:FastForward"],"picked":"hexamod:PhantomFireball","floor":12},{"not_picked":["hexamod:InspiringFlames","hexamod:HeatCrush"],"picked":"hexamod:SixthSeal","floor":14},{"not_picked":["hexamod:FastForward","hexamod:NightmareStrike","hexamod:AdvancingGuard"],"picked":"SKIP","floor":15}],"player_experience":1224031,"relics_obtained":[{"floor":7,"key":"MealTicket"},{"floor":10,"key":"MawBank"},{"floor":11,"key":"Dream Catcher"},{"floor":13,"key":"downfall:CloakOfManyFaces"}],"event_choices":[{"damage_healed":0,"gold_gain":0,"player_choice":"Ignored","damage_taken":0,"max_hp_gain":0,"max_hp_loss":0,"event_name":"NoteForYourself","floor":3,"gold_loss":0}],"is_beta":false,"boss_relics":[],"items_purged_floors":[],"is_endless":false,"potions_floor_spawned":[13,14,15],"killed_by":"downfall:Silent","ascension_level":0}}