{"host":"8l1xuphorofpdxlv","time":1608475337,"event":{"mods":["AchievementEnabler","BaseMod","DeckTracker","Minty Spire (QoL Compilation)","Quick Restart","SuperFastMode"],"gold_per_floor":[119,119,130,130,145,145,162,162,216,216,227,245,245,261,261,359,359,370,382,397,36,36,36,36],"floor_reached":23,"playtime":827,"items_purged":["Strike_G"],"score":213,"play_id":"ca991b46-2bd1-4702-bb46-617d66dd7b1c","local_time":"20201220234217","is_ascension_mode":true,"campfire_choices":[{"data":"Calculated Gamble","floor":6,"key":"SMITH"},{"data":"Backflip","floor":8,"key":"SMITH"},{"data":"Accuracy","floor":10,"key":"SMITH"},{"data":"After Image","floor":13,"key":"SMITH"},{"data":"Dagger Spray","floor":15,"key":"SMITH"}],"circlet_count":0,"master_deck":["Strike_G+1","Strike_G+1","Defend_G","Defend_G","Defend_G","Defend_G","Defend_G","Survivor","Neutralize","Dodge and Roll+1","Accuracy+1","Calculated Gamble+1","Backflip+1","After Image+1","Dagger Spray+1","Storm of Steel","Infinite Blades","Choke","Well Laid Plans","Blur","Finisher","Leg Sweep","Backflip"],"relics":["Ring of the Snake","NeowsBlessing","Whetstone","Cursed Key","Bag of Preparation"],"acts_visited":["Exordium","TheCity"],"potions_floor_usage":[16,16,18,23],"damage_taken":[{"damage":0,"enemies":"Cultist","floor":1,"turns":1},{"damage":0,"enemies":"2 Louse","floor":3,"turns":1},{"damage":0,"enemies":"Jaw Worm","floor":5,"turns":1},{"damage":8,"enemies":"3 Louse","floor":7,"turns":7},{"damage":0,"enemies":"2 Fungi Beasts","floor":11,"turns":6},{"damage":0,"enemies":"Blue Slaver","floor":12,"turns":5},{"damage":2,"enemies":"Large Slime","floor":14,"turns":9},{"damage":52,"enemies":"The Guardian","floor":16,"turns":21},{"damage":8,"enemies":"Spheric Guardian","floor":18,"turns":5},{"damage":14,"enemies":"Chosen","floor":19,"turns":6},{"damage":27,"enemies":"Shelled Parasite and Fungi","floor":20,"turns":7},{"damage":15,"enemies":"Gremlin Leader","floor":23,"turns":5}],"seed_played":"6330958413698818384","potions_obtained":[{"floor":3,"key":"BlessingOfTheForge"},{"floor":7,"key":"Explosive Potion"},{"floor":12,"key":"SkillPotion"},{"floor":14,"key":"LiquidMemories"},{"floor":19,"key":"FearPotion"}],"is_trial":false,"path_per_floor":["M","?","M","?","M","R","M","R","T","R","M","M","R","M","R","B",null,"M","M","M","$","?","E"],"character_chosen":"THE_SILENT","items_purchased":["Blur","Finisher","Bag of Preparation"],"campfire_rested":0,"item_purchase_floors":[21,21,21],"current_hp_per_floor":[70,70,70,70,70,70,62,62,62,62,62,62,62,60,60,8,70,62,48,21,21,21,6,6],"gold":36,"neow_bonus":"THREE_ENEMY_KILL","is_daily":false,"chose_seed":false,"campfire_upgraded":5,"win_rate":0.0,"timestamp":1608475337,"path_taken":["M","?","M","?","?","R","M","R","T","R","?","M","R","M","R","BOSS","M","M","M","$","?","E"],"items_purchased_type":["Card","Card","Relic"],"build_version":"2020-12-13","purchased_purges":1,"victory":false,"max_hp_per_floor":[70,70,70,70,70,70,70,70,70,70,70,70,70,70,70,70,70,70,70,70,70,70,70,70],"card_choices":[{"not_picked":["Prepared","Noxious Fumes"],"picked":"Dodge and Roll","floor":1},{"not_picked":["Bane","Choke"],"picked":"Accuracy","floor":3},{"not_picked":["Flying Knee","Underhanded Strike"],"picked":"Calculated Gamble","floor":5},{"not_picked":["Underhanded Strike","Deadly Poison"],"picked":"Backflip","floor":7},{"not_picked":["Outmaneuver","Crippling Poison","Flying Knee"],"picked":"SKIP","floor":11},{"not_picked":["Slice","Setup"],"picked":"After Image","floor":12},{"not_picked":["Distraction","Leg Sweep"],"picked":"Dagger Spray","floor":14},{"not_picked":["Bullet Time","Burst"],"picked":"Storm of Steel","floor":16},{"not_picked":["Expertise","Backflip"],"picked":"Infinite Blades","floor":18},{"not_picked":["Underhanded Strike","Dash"],"picked":"Choke","floor":19},{"not_picked":["Tactician","Slice"],"picked":"Well Laid Plans","floor":20}],"player_experience":73866,"relics_obtained":[{"floor":9,"key":"Whetstone"}],"event_choices":[{"damage_healed":0,"gold_gain":0,"player_choice":"Ignored","damage_taken":0,"max_hp_gain":0,"max_hp_loss":0,"event_name":"Shining Light","floor":2,"gold_loss":0},{"damage_healed":0,"gold_gain":0,"player_choice":"Forge","damage_taken":0,"max_hp_gain":0,"max_hp_loss":0,"event_name":"Accursed Blacksmith","floor":4,"gold_loss":0,"cards_upgraded":["Dodge and Roll"]},{"damage_healed":0,"gold_gain":0,"cards_transformed":["Strike_G","Strike_G"],"player_choice":"Became Test Subject","damage_taken":0,"max_hp_gain":0,"max_hp_loss":0,"event_name":"Drug Dealer","floor":22,"gold_loss":0,"cards_obtained":["Leg Sweep","Backflip"]}],"is_beta":false,"boss_relics":[{"not_picked":["Sozu","Tiny House"],"picked":"Cursed Key"}],"items_purged_floors":[21],"is_endless":false,"potions_floor_spawned":[3,7,12,14,19],"killed_by":"Gremlin Leader","ascension_level":3}}