{"host":"jl15pmpb41l0mhji","time":1608494302,"event":{"mods":["2.2 Compatiblity","AchievementEnabler","Aspiration","Astrologer","BaseMod","Better Altar","Better Match","Better Note","Better Sensory Stone","Better Skull","Better Third Choice","Better Vampires","CCEM","Clawfect","Colored Map","Defuse TimeMaze Blight","Displayed Cursed Tome","Downfall","Emptier Cage","FruityMod","GifTheSpireLib","Hermit","Highlight Path","Hubris","JesterMod","Minty Spire (QoL Compilation)","Permanent Neow","Random Character Button","Relic Stats","Replay The Spire","Shade Mod","Spicy Shops","StSLib","Stuff the Spire","The Blue Laboratory","The Bug Knight","The Disciple","The Hierophant","The Necromancer","The Runesmith"],"gold_per_floor":[209,209,209,209,227,258,258,271,271,271,302,294,320,119,119,226,226,253,5,26,41,57,90,90,112,165,165,207,207,207,207,207,315,315,328,345,91,115,81,113,136,136,136,173,173,194,215,215,215,215],"floor_reached":51,"playtime":3837,"items_purged":["hexamod:Strike","hexamod:Strike"],"score":993,"play_id":"7adf8ff1-5d23-4327-bc3c-364d1a502514","local_time":"20201220135822","is_ascension_mode":true,"campfire_choices":[{"data":"hexamod:EtherealExpedition","floor":7,"key":"SMITH"},{"data":"hexamod:NightmareStrike","floor":10,"key":"SMITH"},{"data":"hexamod:HeatMetal","floor":15,"key":"SMITH"},{"floor":24,"key":"REST"},{"data":"hexamod:HeatCrush","floor":27,"key":"SMITH"},{"data":"StuffTheSpire:CelestialWarden","floor":30,"key":"SMITH"},{"data":"hexamod:SpectralAdrenaline","floor":32,"key":"SMITH"},{"data":"hexamod:RainOfEmbers","floor":42,"key":"SMITH"},{"data":"hexamod:HeatShield","floor":45,"key":"SMITH"},{"floor":49,"key":"DIG"}],"circlet_count":0,"master_deck":["hexamod:Strike+1","hexamod:Strike+1","hexamod:Defend+1","hexamod:Defend+1","hexamod:Defend+1","hexamod:Defend+1","hexamod:Sear+1","hexamod:Float+1","hexamod:GhostShield+1","hexamod:Rewind+1","hexamod:EtherealExpedition+1","hexamod:NightmareStrike+1","hexamod:WildfireWeapon+1","hexamod:SecondSeal","hexamod:HeatMetal+1","hexamod:RecurringNightmare+1","hexamod:RainOfEmbers+1","hexamod:SixthSeal","hexamod:ThermalTransfer+1","hexamod:BurningTouch","hexamod:HeatCrush+1","hexamod:RecurringNightmare+1","hexamod:NightmareGuise","hexamod:GhostShield+1","hexamod:SpectralAdrenaline+1","StuffTheSpire:CelestialWarden+1","hexamod:Toasty+1","hexamod:HeatShield+1","hexamod:FastForward+1","hexamod:WildfireWeapon","hexamod:ExtraCrispy+1","hexamod:RainOfEmbers+1","hexamod:BurningTouch+1","hexamod:HauntingEcho+1","hexamod:GhostOfSpirePast+1","hexamod:HeatCrush"],"relics":["hexamod:SpiritBrand","InkBottle","Meat on the Bone","CCEMRelics:TechnogenicHelmet","hubris:RunicObelisk","Chemical X","Replay:Wax Seal","ReplayTheSpireMod:Lightbulb","MealTicket","StuffTheSpire:Kangaroo","Pet Ghost","Lizard Tail","Durian","Happy Flower","StuffTheSpire:EmeraldSignet"],"acts_visited":["Exordium","TheCity","TheBeyond"],"potions_floor_usage":[6,16,23,23,25,50,50,50],"damage_taken":[{"damage":1,"enemies":"Jaw Worm","floor":1,"turns":4},{"damage":0,"enemies":"Cultist","floor":5,"turns":3},{"damage":0,"enemies":"3 Sentries","floor":6,"turns":8},{"damage":0,"enemies":"2 Louse","floor":8,"turns":3},{"damage":0,"enemies":"Replay:BlueRogue","floor":11,"turns":4},{"damage":1,"enemies":"2 Fungi Beasts","floor":13,"turns":3},{"damage":0,"enemies":"Slime Boss","floor":16,"turns":4},{"damage":0,"enemies":"Chosen","floor":18,"turns":3},{"damage":6,"enemies":"Spheric Guardian","floor":20,"turns":4},{"damage":12,"enemies":"Chosen and Byrds","floor":21,"turns":4},{"damage":4,"enemies":"3 Cultists","floor":22,"turns":4},{"damage":45,"enemies":"Slavers","floor":23,"turns":6},{"damage":10,"enemies":"Sentry and Sphere","floor":25,"turns":5},{"damage":0,"enemies":"HollowMod:Nosk","floor":28,"turns":4},{"damage":53,"enemies":"Automaton","floor":33,"turns":9},{"damage":2,"enemies":"3 Shapes","floor":35,"turns":3},{"damage":0,"enemies":"Orb Walker","floor":36,"turns":3},{"damage":0,"enemies":"Sphere and 2 Shapes","floor":38,"turns":5},{"damage":4,"enemies":"Nemesis","floor":40,"turns":7},{"damage":32,"enemies":"3 Darklings","floor":41,"turns":6},{"damage":0,"enemies":"Giant Head","floor":44,"turns":7},{"damage":0,"enemies":"Sphere and 2 Shapes","floor":46,"turns":4},{"damage":0,"enemies":"Spire Growth","floor":47,"turns":3},{"damage":19,"enemies":"Awakened One","floor":50,"turns":8}],"seed_played":"540748873234123854","potions_obtained":[{"floor":5,"key":"Slimebound:ThreeZeroPotion"},{"floor":8,"key":"blueLaboratory:BottleOfVodka"},{"floor":11,"key":"FearPotion"},{"floor":16,"key":"blueLaboratory:PhilterOfMotion"},{"floor":22,"key":"Cursed Concoction"},{"floor":25,"key":"blueLaboratory:LouseDecoction"},{"floor":33,"key":"blueLaboratory:FrostheartPotion"},{"floor":38,"key":"blueLaboratory:Moonshine"},{"floor":40,"key":"AttackPotion"},{"floor":41,"key":"blueLaboratory:RecallPotion"}],"is_trial":false,"path_per_floor":["M","?","?","T","M","E","R","M","T","R","E","?","M","$","R","B",null,"M","$","M","M","M","E","R","M","T","R","E","?","R","?","R","B",null,"M","M","$","M","$","E","M","R","T","E","R","M","M","?","R_BF","B",null],"character_chosen":"THE_SPIRIT","items_purchased":["hexamod:RecurringNightmare+1","hexamod:RainOfEmbers","Chemical X","hexamod:BurningTouch","Pet Ghost","hexamod:ExtraCrispy"],"campfire_rested":1,"item_purchase_floors":[14,14,19,19,37,39],"current_hp_per_floor":[69,69,69,69,69,69,69,69,69,69,69,69,68,68,68,68,70,70,70,64,52,48,15,36,38,38,38,38,38,38,70,70,29,70,68,68,70,70,70,66,46,46,51,51,51,51,51,51,51,44],"gold":215,"neow_bonus":"HUNDRED_GOLD","is_daily":false,"chose_seed":false,"campfire_upgraded":8,"win_rate":0.0,"timestamp":1608494302,"path_taken":["M","?","?","?","M","E","R","?","T","R","E","?","M","$","R","BOSS","M","$","M","M","M","E","R","M","T","R","E","?","R","?","R","BOSS","M","M","$","M","$","E","M","R","T","E","R","?","M","?","R_BF","BOSS"],"items_purchased_type":["Card","Card","Relic","Card","Relic","Card"],"build_version":"2020-12-13","purchased_purges":2,"victory":true,"max_hp_per_floor":[70,70,70,70,70,70,70,70,70,70,70,70,70,70,70,70,70,70,70,70,70,70,70,70,70,70,70,70,70,70,70,70,70,70,70,70,70,70,70,70,70,70,75,75,75,75,75,75,75,75],"relic_stats":{"Lizard Tail":0,"Happy Flower":[5],"counters":[24,114],"MealTicket":2,"Chemical X":[29],"obtain_stats":[{"Happy Flower":44,"StuffTheSpire:EmeraldSignet":49,"CCEMRelics:TechnogenicHelmet":9,"hubris:RunicObelisk":17,"Pet Ghost":37,"CCEMRelics:SpiritsEdge":11,"Lizard Tail":40,"MealTicket":28,"StuffTheSpire:Kangaroo":34,"Durian":43,"Chemical X":19,"Replay:Wax Seal":23,"ReplayTheSpireMod:Lightbulb":26,"hexamod:SpiritBrand":0,"InkBottle":4,"Meat on the Bone":6},{"Happy Flower":21,"StuffTheSpire:EmeraldSignet":23,"CCEMRelics:TechnogenicHelmet":4,"hubris:RunicObelisk":7,"Pet Ghost":17,"CCEMRelics:SpiritsEdge":5,"Lizard Tail":19,"MealTicket":14,"StuffTheSpire:Kangaroo":15,"Durian":20,"Chemical X":8,"Replay:Wax Seal":12,"ReplayTheSpireMod:Lightbulb":13,"hexamod:SpiritBrand":0,"InkBottle":1,"Meat on the Bone":3},{"Happy Flower":99,"StuffTheSpire:EmeraldSignet":106,"CCEMRelics:TechnogenicHelmet":18,"hubris:RunicObelisk":29,"Pet Ghost":74,"CCEMRelics:SpiritsEdge":22,"Lizard Tail":86,"MealTicket":59,"StuffTheSpire:Kangaroo":68,"Durian":92,"Chemical X":32,"Replay:Wax Seal":50,"ReplayTheSpireMod:Lightbulb":55,"hexamod:SpiritBrand":0,"InkBottle":4,"Meat on the Bone":15}],"InkBottle":[51],"Meat on the Bone":60},"card_choices":[{"not_picked":["hexamod:NightmareStrike","hexamod:EmpoweredFlame"],"picked":"hexamod:GhostShield","floor":1},{"not_picked":["hexamod:SpectersWail","hexamod:FastForward"],"picked":"hexamod:Rewind","floor":5},{"not_picked":["hexamod:NightmareStrike","hexamod:BacktrackSmack"],"picked":"hexamod:EtherealExpedition","floor":6},{"not_picked":["hexamod:BacktrackSmack","hexamod:Firestarter"],"picked":"hexamod:NightmareStrike","floor":8},{"not_picked":["hexamod:SpectralAdrenaline","hexamod:StepThrough"],"picked":"hexamod:WildfireWeapon","floor":11},{"not_picked":["hexamod:BacktrackSmack","hexamod:EmpoweredFlame"],"picked":"hexamod:HeatMetal","floor":13},{"not_picked":["hexamod:UnleashSpirits","hexamod:VolcanoVisage"],"picked":"hexamod:SixthSeal","floor":16},{"not_picked":["hexamod:BurningTouch","hexamod:BacktrackSmack+1"],"picked":"hexamod:ThermalTransfer","floor":18},{"not_picked":["hexamod:AdvancingGuard","hexamod:FourthSeal"],"picked":"hexamod:HeatCrush","floor":20},{"not_picked":["hexamod:SpectralSpark","hexamod:GhostLash+1"],"picked":"hexamod:RecurringNightmare+1","floor":21},{"not_picked":["hexamod:HeatCrush","hexamod:HeatMetal"],"picked":"hexamod:NightmareGuise","floor":22},{"not_picked":["hexamod:SecondSeal","hexamod:HexaLevel"],"picked":"hexamod:GhostShield+1","floor":23},{"not_picked":["hexamod:Haunt","hexamod:ShieldOfDarkness","hexamod:BacktrackSmack"],"picked":"SKIP","floor":25},{"not_picked":["hexamod:HeatMetal+1","hexamod:Firestarter"],"picked":"hexamod:SpectralAdrenaline","floor":28},{"not_picked":["StuffTheSpire:Harmony","StuffTheSpire:Brawn"],"picked":"StuffTheSpire:CelestialWarden","floor":29},{"not_picked":["hexamod:SixthSeal","hexamod:UnlimitedPower"],"picked":"hexamod:Toasty","floor":33},{"not_picked":["hexamod:BacktrackSmack","hexamod:SwordOfDarkness"],"picked":"hexamod:HeatShield","floor":35},{"not_picked":["hexamod:ThermalTransfer+1","hexamod:GhostOfSpirePast"],"picked":"hexamod:FastForward+1","floor":36},{"not_picked":["hexamod:GhostShield+1","hexamod:BacktrackSmack"],"picked":"hexamod:WildfireWeapon","floor":38},{"not_picked":["hexamod:ShieldOfDarkness+1","hexamod:ThermalTransfer+1"],"picked":"hexamod:RainOfEmbers","floor":40},{"not_picked":["hexamod:HeatMetal","hexamod:ShieldOfDarkness+1"],"picked":"hexamod:BurningTouch+1","floor":41},{"not_picked":["hexamod:SwordOfDarkness","hexamod:InspiringFlames+1"],"picked":"hexamod:HauntingEcho+1","floor":44},{"not_picked":["hexamod:ThermalTransfer+1","hexamod:InspiringFlames+1"],"picked":"hexamod:GhostOfSpirePast","floor":46},{"not_picked":["hexamod:GhostShield+1","hexamod:BacktrackSmack"],"picked":"hexamod:HeatCrush","floor":47}],"player_experience":1973142,"relics_obtained":[{"floor":4,"key":"InkBottle"},{"floor":6,"key":"Meat on the Bone"},{"floor":9,"key":"CCEMRelics:TechnogenicHelmet"},{"floor":11,"key":"CCEMRelics:SpiritsEdge"},{"floor":23,"key":"Replay:Wax Seal"},{"floor":26,"key":"ReplayTheSpireMod:Lightbulb"},{"floor":28,"key":"MealTicket"},{"floor":40,"key":"Lizard Tail"},{"floor":43,"key":"Durian"},{"floor":44,"key":"Happy Flower"},{"floor":49,"key":"StuffTheSpire:EmeraldSignet"}],"event_choices":[{"damage_healed":0,"gold_gain":0,"player_choice":"Ignored","damage_taken":209,"max_hp_gain":0,"max_hp_loss":0,"event_name":"betterThird:BetterSerpent","floor":2,"gold_loss":0},{"damage_healed":32,"gold_gain":0,"player_choice":"Full Heal","damage_taken":0,"max_hp_gain":0,"max_hp_loss":0,"event_name":"Wheel of Change","floor":31,"gold_loss":0}],"is_beta":false,"boss_relics":[{"not_picked":["Runesmith:UraniumAnvil","StuffTheSpire:RunicHypercube"],"picked":"hubris:RunicObelisk"},{"not_picked":["ChewingGum","hubris:Backtick"],"picked":"StuffTheSpire:Kangaroo"}],"items_purged_floors":[14,37],"is_endless":false,"potions_floor_spawned":[5,8,11,16,22,25,33,38,40,41,44],"ascension_level":2}}