{"host":"9ndbo4kgsfoemf7y","time":1608453013,"event":{"mods":["AchievementEnabler","BaseMod","Colored Map","DeckTracker","Keyboard Shortcuts","Minty Spire (QoL Compilation)","Permanent Neow","Quick Restart","Relic Stats","StSLib","SuperFastMode"],"gold_per_floor":[109,123,136,147,147,172,97,132,132,154,166,22,34,50,50,50,50],"floor_reached":16,"playtime":570,"items_purged":["Strike_R"],"score":228,"play_id":"d49750fe-af8a-4a25-b31b-1d3b095d5fcc","local_time":"20201220173013","is_ascension_mode":true,"campfire_choices":[{"floor":15,"key":"REST"}],"circlet_count":0,"master_deck":["AscendersBane","Strike_R","Strike_R","Defend_R","Defend_R","Defend_R","Bash","Finesse","Headbutt","Perfected Strike","Pommel Strike","Shockwave","Flame Barrier","Twin Strike"],"relics":["Burning Blood","Juzu Bracelet","Vajra","MawBank"],"acts_visited":["Exordium"],"potions_floor_usage":[8,10,13,16],"damage_taken":[{"damage":10.0,"enemies":"Jaw Worm","floor":1.0,"turns":4.0},{"damage":4.0,"enemies":"Cultist","floor":2.0,"turns":3.0},{"damage":2.0,"enemies":"Small Slimes","floor":3.0,"turns":3.0},{"damage":5.0,"enemies":"Looter","floor":4.0,"turns":4.0},{"damage":26.0,"enemies":"Gremlin Nob","floor":6.0,"turns":4.0},{"damage":46,"enemies":"Lagavulin","floor":8,"turns":9},{"damage":20,"enemies":"Large Slime","floor":10,"turns":5},{"damage":10,"enemies":"Blue Slaver","floor":13,"turns":4},{"damage":5,"enemies":"Exordium Wildlife","floor":14,"turns":3},{"damage":44,"enemies":"Slime Boss","floor":16,"turns":7}],"seed_played":"-6566408816219218991","potions_obtained":[{"floor":1.0,"key":"EssenceOfSteel"},{"floor":3.0,"key":"Weak Potion"},{"floor":8,"key":"BloodPotion"},{"floor":13,"key":"GamblersBrew"},{"floor":14,"key":"Swift Potion"}],"is_trial":false,"path_per_floor":["M","M","M","M","?","E","?","E","T","M","?","$","M","M","R","B"],"character_chosen":"IRONCLAD","items_purchased":["Regen Potion"],"campfire_rested":1,"item_purchase_floors":[12],"current_hp_per_floor":[64,66,70,71,71,51,51,11,11,12,12,12,20,21,43,0,0],"gold":50,"neow_bonus":"RANDOM_COLORLESS","is_daily":false,"chose_seed":false,"campfire_upgraded":0,"win_rate":0.0,"timestamp":1608453013,"path_taken":["M","M","M","M","?","E","?","E","T","M","?","$","M","M","R","BOSS"],"items_purchased_type":["Potion"],"build_version":"2020-12-13","purchased_purges":1,"victory":false,"max_hp_per_floor":[75,75,75,75,75,75,75,75,75,75,75,75,75,75,75,75,75],"relic_stats":{"counters":[10,46],"Juzu Bracelet":1,"MawBank":36,"obtain_stats":[{"Vajra":8,"Juzu Bracelet":6,"MawBank":9,"Burning Blood":0},{"Vajra":6,"Juzu Bracelet":5,"MawBank":6,"Burning Blood":0},{"Vajra":27,"Juzu Bracelet":18,"MawBank":27,"Burning Blood":0}],"Burning Blood":54},"card_choices":[{"not_picked":["Trip","Deep Breath"],"picked":"Finesse","floor":0.0},{"not_picked":["Hemokinesis","Rage"],"picked":"Headbutt","floor":1.0},{"not_picked":["Shockwave","Headbutt"],"picked":"Perfected Strike","floor":2.0},{"not_picked":["Spot Weakness","Infernal Blade","Headbutt"],"picked":"SKIP","floor":3.0},{"not_picked":["Havoc","Warcry","Heavy Blade"],"picked":"SKIP","floor":4.0},{"not_picked":["Shrug It Off","Clothesline"],"picked":"Pommel Strike","floor":6.0},{"not_picked":["Warcry","Thunderclap","Sword Boomerang"],"picked":"SKIP","floor":8},{"not_picked":["Berserk","Clothesline"],"picked":"Shockwave","floor":10},{"not_picked":["Iron Wave","Entrench"],"picked":"Twin Strike","floor":13},{"not_picked":["True Grit","Shrug It Off","Shockwave"],"picked":"SKIP","floor":14}],"player_experience":722748,"relics_obtained":[{"floor":6.0,"key":"Juzu Bracelet"},{"floor":8,"key":"Vajra"},{"floor":9,"key":"MawBank"}],"event_choices":[{"cards_removed":["Strike_R"],"damage_healed":0.0,"max_hp_gain":0.0,"max_hp_loss":0.0,"gold_gain":0.0,"event_name":"Purifier","player_choice":"Purged","floor":5.0,"gold_loss":0.0,"damage_taken":0.0},{"cards_removed":["Strike_R"],"damage_healed":0.0,"max_hp_gain":0.0,"max_hp_loss":0.0,"gold_gain":0.0,"event_name":"The Cleric","player_choice":"Card Removal","floor":7.0,"gold_loss":75.0,"damage_taken":0.0},{"damage_healed":0,"gold_gain":0,"cards_transformed":["Defend_R"],"player_choice":"Change","damage_taken":0,"max_hp_gain":0,"max_hp_loss":0,"event_name":"Living Wall","floor":11,"gold_loss":0,"cards_obtained":["Flame Barrier"]}],"is_beta":false,"boss_relics":[],"items_purged_floors":[12],"is_endless":false,"potions_floor_spawned":[1,3,8,13,14],"killed_by":"Slime Boss","ascension_level":20}}