{"host":"a9gsz7kv8aebwp1f","time":1608429218,"event":{"mods":["AchievementEnabler","BaseMod","Minty Spire (QoL Compilation)"],"gold_per_floor":[118,118,130,148,158,158,175,88,88,88,88,114,114,130,130,226,226,243,243,23,23,35,35,9,9,9,27,45,60,60,60],"floor_reached":30,"playtime":883,"items_purged":[],"score":267,"play_id":"8ea92100-af33-4111-a44f-e2657cdf765e","local_time":"20201220105338","is_ascension_mode":true,"campfire_choices":[{"data":"BattleHymn","floor":6,"key":"SMITH"},{"data":"Good Instincts","floor":10,"key":"SMITH"},{"data":"Vigilance","floor":13,"key":"SMITH"},{"floor":15,"key":"REST"},{"data":"DevaForm","floor":23,"key":"SMITH"},{"floor":25,"key":"REST"}],"circlet_count":0,"master_deck":["Strike_P+1","Strike_P+1","Strike_P+1","Strike_P+1","Defend_P+1","Defend_P+1","Defend_P+1","Defend_P+1","Eruption+1","Vigilance+1","CutThroughFate+1","BattleHymn+1","FollowUp","FollowUp","Consecrate","Good Instincts+1","FollowUp","Evaluate","DevaForm+1","PathToVictory","Perseverance","FlyingSleeves","EmptyFist","WindmillStrike+1","Conclude","WindmillStrike+1"],"relics":["PureWater","Centennial Puzzle","Boot","Pen Nib","Black Star","Sling","Sundial"],"acts_visited":["Exordium","TheCity"],"potions_floor_usage":[16,16,30,30,30],"damage_taken":[{"damage":6,"enemies":"2 Louse","floor":1,"turns":3},{"damage":2,"enemies":"Jaw Worm","floor":3,"turns":4},{"damage":0,"enemies":"Cultist","floor":4,"turns":2},{"damage":3,"enemies":"Looter","floor":5,"turns":2},{"damage":12,"enemies":"Exordium Wildlife","floor":7,"turns":3},{"damage":13,"enemies":"Gremlin Nob","floor":12,"turns":3},{"damage":8,"enemies":"Lots of Slimes","floor":14,"turns":3},{"damage":12,"enemies":"Hexaghost","floor":16,"turns":5},{"damage":7,"enemies":"Chosen","floor":18,"turns":4},{"damage":6,"enemies":"3 Byrds","floor":22,"turns":4},{"damage":17,"enemies":"Snecko","floor":27,"turns":4},{"damage":10,"enemies":"Centurion and Healer","floor":28,"turns":3},{"damage":36,"enemies":"Snake Plant","floor":29,"turns":4},{"damage":15,"enemies":"Shelled Parasite and Fungi","floor":30,"turns":2}],"seed_played":"6573596182056074850","potions_obtained":[{"floor":3,"key":"BottledMiracle"},{"floor":4,"key":"AttackPotion"},{"floor":12,"key":"GamblersBrew"},{"floor":22,"key":"Ancient Potion"},{"floor":28,"key":"LiquidMemories"}],"is_trial":false,"path_per_floor":["M","?","M","M","M","R","M","$","T","R","T","E","R","M","R","B",null,"M","?","$","?","M","R","$","R","T","M","M","M","M"],"character_chosen":"WATCHER","items_purchased":["Good Instincts","Sling","Perseverance","EmptyFist"],"campfire_rested":2,"item_purchase_floors":[8,20,20,24],"current_hp_per_floor":[66,66,64,64,61,61,49,49,49,49,49,36,36,28,49,37,72,65,65,65,65,59,59,59,72,72,55,45,9,0,0],"gold":60,"neow_bonus":"UPGRADE_CARD","is_daily":false,"chose_seed":false,"campfire_upgraded":4,"win_rate":0.0,"timestamp":1608429218,"path_taken":["M","?","M","M","M","R","M","$","T","R","?","E","R","M","R","BOSS","M","?","?","?","?","R","?","R","T","?","M","M","M"],"items_purchased_type":["Card","Relic","Card","Card"],"build_version":"2020-12-13","purchased_purges":0,"victory":false,"max_hp_per_floor":[72,72,72,72,72,72,72,72,72,72,72,72,72,72,72,72,72,72,72,72,72,72,72,72,72,72,72,72,72,72,72],"card_choices":[{"not_picked":["JustLucky","FearNoEvil"],"picked":"CutThroughFate","floor":1},{"not_picked":["BowlingBash","Halt"],"picked":"BattleHymn","floor":3},{"not_picked":["BowlingBash","Prostrate"],"picked":"FollowUp","floor":4},{"not_picked":["ThirdEye","Crescendo"],"picked":"FollowUp","floor":5},{"not_picked":["DeceiveReality","Brilliance"],"picked":"Consecrate","floor":7},{"not_picked":["ReachHeaven","LikeWater"],"picked":"FollowUp","floor":12},{"not_picked":["Wallop","WreathOfFlame"],"picked":"Evaluate","floor":14},{"not_picked":["ConjureBlade","Brilliance"],"picked":"DevaForm","floor":16},{"not_picked":["Halt+1","FlyingSleeves"],"picked":"PathToVictory","floor":18},{"not_picked":["Wallop+1","Collect"],"picked":"FlyingSleeves","floor":22},{"not_picked":["JustLucky","Worship"],"picked":"WindmillStrike+1","floor":27},{"not_picked":["Adaptation","MentalFortress"],"picked":"Conclude","floor":28},{"not_picked":["Crescendo","BowlingBash+1"],"picked":"WindmillStrike+1","floor":29}],"player_experience":438228,"relics_obtained":[{"floor":9,"key":"Centennial Puzzle"},{"floor":11,"key":"Boot"},{"floor":12,"key":"Pen Nib"},{"floor":26,"key":"Sundial"}],"event_choices":[{"damage_healed":0,"gold_gain":0,"player_choice":"Grow","damage_taken":0,"max_hp_gain":0,"max_hp_loss":0,"event_name":"Living Wall","floor":2,"gold_loss":0,"cards_upgraded":["CutThroughFate"]},{"damage_healed":0,"gold_gain":0,"player_choice":"Ignored","damage_taken":0,"max_hp_gain":0,"max_hp_loss":0,"event_name":"N\u0027loth","floor":19,"gold_loss":0},{"damage_healed":0,"gold_gain":0,"player_choice":"Simplicity","damage_taken":0,"max_hp_gain":0,"max_hp_loss":0,"event_name":"Back to Basics","floor":21,"gold_loss":0,"cards_upgraded":["Strike_P","Strike_P","Strike_P","Strike_P","Defend_P","Defend_P","Defend_P","Defend_P"]}],"is_beta":false,"boss_relics":[{"not_picked":["Runic Pyramid","Runic Dome"],"picked":"Black Star"}],"items_purged_floors":[],"is_endless":false,"potions_floor_spawned":[3,4,12,22,28],"killed_by":"Shelled Parasite and Fungi","ascension_level":3}}