{"host":"mqhvlr3kpxebko0t","time":1608461696,"event":{"mods":["AchievementEnabler","BaseMod","Colored Map","Colored Powertips","Keyboard Shortcuts","Minty Spire (QoL Compilation)","StSLib","SuperFastMode"],"gold_per_floor":[111,36,36,36,36,71,71,91,146,156,56,56,73,93,93,93,93],"floor_reached":16,"playtime":1386,"items_purged":["Defend_P","Strike_P"],"score":238,"play_id":"dd9a101e-8e6e-4a54-8fce-645f855f7371","local_time":"20201220195456","is_ascension_mode":true,"campfire_choices":[{"data":"Eruption","floor":15,"key":"SMITH"}],"circlet_count":0,"master_deck":["AscendersBane","Strike_P","Strike_P","Strike_P","Defend_P","Defend_P","Defend_P","Eruption+1","Vigilance","Adaptation","MentalFortress"],"relics":["PureWater","NeowsBlessing","Letter Opener","Akabeko","Centennial Puzzle"],"acts_visited":["Exordium"],"potions_floor_usage":[16,16],"damage_taken":[{"damage":0,"enemies":"Jaw Worm","floor":1,"turns":1},{"damage":0,"enemies":"Gremlin Nob","floor":6,"turns":1},{"damage":0,"enemies":"Small Slimes","floor":8,"turns":1},{"damage":0,"enemies":"2 Louse","floor":10,"turns":2},{"damage":3,"enemies":"Blue Slaver","floor":13,"turns":4},{"damage":4,"enemies":"2 Fungi Beasts","floor":14,"turns":3},{"damage":14,"enemies":"Hexaghost","floor":16,"turns":7}],"seed_played":"-3486586975404218291","potions_obtained":[{"floor":6,"key":"BottledMiracle"},{"floor":8,"key":"Block Potion"},{"floor":10,"key":"Ambrosia"},{"floor":14,"key":"BlessingOfTheForge"}],"is_trial":false,"path_per_floor":["M","$","?","$","?","E","?","M","T","M","$","$","M","M","R","B"],"character_chosen":"WATCHER","items_purchased":[],"campfire_rested":0,"item_purchase_floors":[],"current_hp_per_floor":[61,61,26,26,26,26,31,31,31,31,31,31,28,24,24,10,10],"gold":93,"neow_bonus":"THREE_ENEMY_KILL","is_daily":false,"chose_seed":false,"campfire_upgraded":1,"win_rate":0.0,"timestamp":1608461696,"path_taken":["M","$","?","$","?","E","?","M","T","M","?","$","M","M","R","BOSS"],"items_purchased_type":[],"build_version":"2020-12-13","purchased_purges":2,"victory":false,"max_hp_per_floor":[68,68,68,68,68,68,73,73,73,73,73,73,73,73,73,73,73],"card_choices":[{"not_picked":["Consecrate","WreathOfFlame","ReachHeaven"],"picked":"SKIP","floor":1},{"not_picked":["ForeignInfluence","SashWhip","BowlingBash"],"picked":"SKIP","floor":6},{"not_picked":["CutThroughFate","Evaluate"],"picked":"Adaptation","floor":8},{"not_picked":["ClearTheMind","Prostrate"],"picked":"MentalFortress","floor":10},{"not_picked":["FollowUp","DeceiveReality","Alpha"],"picked":"SKIP","floor":13},{"not_picked":["FlurryOfBlows","EmptyFist","Vengeance"],"picked":"SKIP","floor":14}],"player_experience":660365,"relics_obtained":[{"floor":6,"key":"Akabeko"},{"floor":9,"key":"Centennial Puzzle"}],"event_choices":[{"damage_healed":0,"gold_gain":0,"player_choice":"Success","damage_taken":35,"relics_obtained":["Letter Opener"],"max_hp_gain":0,"max_hp_loss":0,"event_name":"Scrap Ooze","floor":3,"gold_loss":0},{"damage_healed":0,"gold_gain":0,"player_choice":"Leave","damage_taken":0,"max_hp_gain":0,"max_hp_loss":0,"event_name":"The Cleric","floor":5,"gold_loss":0},{"damage_healed":0,"gold_gain":0,"player_choice":"Donut","damage_taken":0,"max_hp_gain":5,"max_hp_loss":0,"event_name":"Big Fish","floor":7,"gold_loss":0}],"is_beta":false,"boss_relics":[],"items_purged_floors":[2,11],"is_endless":false,"potions_floor_spawned":[6,8,10,14],"killed_by":"Hexaghost","ascension_level":18}}