{"host":"dnvpprmy3abbf89m","time":1608432242,"event":{"mods":["BaseMod","Colored Map","Minty Spire (QoL Compilation)","StSLib"],"gold_per_floor":[112,92,108,123,298,298,331,331,331,36,36,36,55,55,55,157,157,170,159,159,159,159,159,159,178,178,178,30,30,30,40,40,138,138,150,1149,1149,895,909,909,909,941,941,959,959,977,977,988,988,988,988],"floor_reached":50,"playtime":3263,"items_purged":["Doubt","Normality"],"score":730,"play_id":"b2f3a207-ea8b-47ab-a0fc-c77d126c96e4","local_time":"20201220034402","is_ascension_mode":true,"campfire_choices":[{"data":"Poisoned Stab","floor":6.0,"key":"SMITH"},{"floor":15.0,"key":"REST"},{"floor":23.0,"key":"REST"},{"data":"Cloak And Dagger","floor":27.0,"key":"SMITH"},{"data":"Blade Dance","floor":30.0,"key":"SMITH"},{"floor":32.0,"key":"REST"},{"data":"Crippling Poison","floor":40.0,"key":"SMITH"},{"data":"Footwork","floor":49.0,"key":"SMITH"}],"circlet_count":0,"master_deck":["Strike_G","Strike_G","Strike_G","Defend_G","Defend_G","Defend_G","Defend_G","Defend_G","Survivor","Neutralize","Dodge and Roll","Poisoned Stab+1","Outmaneuver","Sucker Punch","Crippling Poison+1","Acrobatics","Wraith Form v2","Accuracy","Blade Dance+1","Cloak And Dagger+1","Accuracy","Caltrops","Terror","Envenom","PiercingWail","Normality","Noxious Fumes+1","Riddle With Holes+1","Blind","Footwork+1","Leg Sweep"],"relics":["Ring of the Snake","Gambling Chip","Ginger","Incense Burner","Paper Crane","WristBlade","Orichalcum","Sozu","Lee\u0027s Waffle","Mango","Ninja Scroll"],"acts_visited":["TheBeyond"],"potions_floor_usage":[50],"damage_taken":[{"damage":2.0,"enemies":"Small Slimes","floor":1.0,"turns":5.0},{"damage":0.0,"enemies":"Cultist","floor":3.0,"turns":3.0},{"damage":1.0,"enemies":"Jaw Worm","floor":4.0,"turns":4.0},{"damage":39.0,"enemies":"Lagavulin","floor":7.0,"turns":9.0},{"damage":2.0,"enemies":"2 Fungi Beasts","floor":13.0,"turns":3.0},{"damage":0.0,"enemies":"Exordium Thugs","floor":14.0,"turns":1.0},{"damage":17.0,"enemies":"Hexaghost","floor":16.0,"turns":12.0},{"damage":20.0,"enemies":"Shell Parasite","floor":18.0,"turns":10.0},{"damage":16.0,"enemies":"2 Thieves","floor":19.0,"turns":4.0},{"damage":0.0,"enemies":"Snecko","floor":25.0,"turns":3.0},{"damage":6.0,"enemies":"Snake Plant","floor":31.0,"turns":4.0},{"damage":43.0,"enemies":"Automaton","floor":33.0,"turns":10.0},{"damage":8.0,"enemies":"3 Shapes","floor":35.0,"turns":6.0},{"damage":10.0,"enemies":"Orb Walker","floor":39.0,"turns":4.0},{"damage":6.0,"enemies":"Nemesis","floor":42.0,"turns":7.0},{"damage":1.0,"enemies":"4 Shapes","floor":44.0,"turns":5.0},{"damage":45.0,"enemies":"3 Darklings","floor":46.0,"turns":6.0},{"damage":12.0,"enemies":"Spire Growth","floor":48.0,"turns":6.0},{"damage":84,"enemies":"Donu and Deca","floor":50,"turns":6}],"seed_played":"3586384853752838407","potions_obtained":[{"floor":2.0,"key":"SpeedPotion"},{"floor":7.0,"key":"SmokeBomb"},{"floor":11.0,"key":"Fruit Juice"},{"floor":11.0,"key":"AttackPotion"},{"floor":11.0,"key":"Explosive Potion"},{"floor":16.0,"key":"CunningPotion"},{"floor":33.0,"key":"FearPotion"}],"is_trial":false,"path_per_floor":["M","?","M","M","?","R","E","$","T","$","?","$","M","M","R","B",null,"M","M","?","?","?","R","?","M","T","R","$","?","R","M","R","B",null,"M","?","?","$","M","R","?","E","T","M","?","M","?","M","R","B"],"character_chosen":"THE_SILENT","items_purchased":["Crippling Poison","Paper Crane","Accuracy","Lee\u0027s Waffle"],"campfire_rested":3,"item_purchase_floors":[10,10,28,38],"current_hp_per_floor":[43,43,43,42,42,42,3,3,3,3,8,8,6,6,28,11,59,39,23,23,23,9,33,33,33,33,33,33,33,33,27,51,8,62,54,54,54,87,77,77,77,85,85,84,84,39,88,76,76,0,0],"gold":988,"neow_bonus":"ONE_RARE_RELIC","is_daily":false,"chose_seed":false,"campfire_upgraded":5,"win_rate":0.0,"timestamp":1608432242,"path_taken":["M","?","?","M","?","R","E","$","T","$","?","$","M","?","R","BOSS","M","M","?","?","?","R","?","?","T","R","$","?","R","M","R","BOSS","M","?","?","$","M","R","?","E","T","?","?","M","?","M","R","BOSS"],"items_purchased_type":["Card","Relic","Card","Relic"],"build_version":"2020-12-13","purchased_purges":2,"victory":false,"max_hp_per_floor":[70,70,70,70,70,70,70,70,70,70,75,75,75,75,75,75,75,75,75,75,75,80,80,80,80,80,80,80,80,80,80,80,80,80,80,80,80,87,87,87,87,101,101,101,101,101,88,88,88,88,88],"card_choices":[{"not_picked":["Backflip","Dagger Throw"],"picked":"Dodge and Roll","floor":1.0},{"not_picked":["Dagger Spray","Backflip"],"picked":"Poisoned Stab","floor":3.0},{"not_picked":["Underhanded Strike","Quick Slash"],"picked":"Outmaneuver","floor":4.0},{"not_picked":["Glass Knife","Tactician"],"picked":"Sucker Punch","floor":7.0},{"not_picked":["Underhanded Strike","Die Die Die"],"picked":"Acrobatics","floor":13.0},{"not_picked":["Grand Finale","Die Die Die"],"picked":"Wraith Form v2","floor":16.0},{"not_picked":["Dagger Spray+1","All Out Attack"],"picked":"Accuracy","floor":18.0},{"not_picked":["Crippling Poison+1","Poisoned Stab"],"picked":"Blade Dance","floor":19.0},{"not_picked":["Dagger Spray","Dash+1"],"picked":"Cloak And Dagger","floor":25.0},{"not_picked":["Concentrate+1","Dagger Spray+1"],"picked":"Terror","floor":31.0},{"not_picked":["Corpse Explosion","Wraith Form v2"],"picked":"Envenom","floor":33.0},{"not_picked":["Slice+1","Flechettes"],"picked":"PiercingWail","floor":35.0},{"not_picked":["PiercingWail","Flying Knee+1"],"picked":"Noxious Fumes+1","floor":39.0},{"not_picked":["PiercingWail","Deadly Poison+1"],"picked":"Riddle With Holes+1","floor":42.0},{"not_picked":["Cloak And Dagger","Heel Hook+1","Storm of Steel"],"picked":"SKIP","floor":44.0},{"not_picked":["Mind Blast","Jack Of All Trades"],"picked":"Blind","floor":45.0},{"not_picked":["Well Laid Plans+1","Blade Dance+1"],"picked":"Footwork","floor":46.0},{"not_picked":["Distraction+1","All Out Attack"],"picked":"Leg Sweep","floor":48.0}],"player_experience":758520,"relics_obtained":[{"floor":7.0,"key":"Ginger"},{"floor":9.0,"key":"Incense Burner"},{"floor":26.0,"key":"Orichalcum"},{"floor":42.0,"key":"Mango"},{"floor":43.0,"key":"Ninja Scroll"}],"event_choices":[{"damage_healed":0.0,"max_hp_gain":0.0,"max_hp_loss":0.0,"gold_gain":0.0,"event_name":"The Woman in Blue","player_choice":"Bought 1 Potion","floor":2.0,"gold_loss":0.0,"damage_taken":0.0},{"damage_healed":0.0,"max_hp_gain":0.0,"max_hp_loss":0.0,"gold_gain":175.0,"event_name":"Liars Game","player_choice":"AGREE","floor":5.0,"gold_loss":0.0,"damage_taken":0.0,"cards_obtained":["Doubt"]},{"damage_healed":0.0,"max_hp_gain":0.0,"max_hp_loss":0.0,"gold_gain":0.0,"event_name":"Lab","player_choice":"Got Potions","floor":11.0,"gold_loss":0.0,"damage_taken":0.0},{"damage_healed":0.0,"max_hp_gain":0.0,"max_hp_loss":0.0,"gold_gain":0.0,"event_name":"Ghosts","player_choice":"Ignored","floor":20.0,"gold_loss":0.0,"damage_taken":0.0},{"damage_healed":0.0,"max_hp_gain":0.0,"max_hp_loss":0.0,"gold_gain":0.0,"event_name":"Cursed Tome","player_choice":"Ignored","floor":21.0,"gold_loss":0.0,"damage_taken":0.0},{"damage_healed":0.0,"max_hp_gain":5.0,"max_hp_loss":0.0,"gold_gain":0.0,"event_name":"Forgotten Altar","player_choice":"Shed Blood","floor":22.0,"gold_loss":0.0,"damage_taken":19.0},{"damage_healed":0.0,"max_hp_gain":0.0,"max_hp_loss":0.0,"gold_gain":0.0,"event_name":"Beggar","player_choice":"Ignored","floor":24.0,"gold_loss":0.0,"damage_taken":0.0},{"damage_healed":0.0,"max_hp_gain":0.0,"max_hp_loss":0.0,"gold_gain":0.0,"cards_transformed":["Strike_G","Strike_G"],"event_name":"Drug Dealer","player_choice":"Became Test Subject","floor":29.0,"gold_loss":0.0,"damage_taken":0.0,"cards_obtained":["Heel Hook","Caltrops"]},{"damage_healed":0.0,"max_hp_gain":0.0,"max_hp_loss":0.0,"gold_gain":999.0,"event_name":"MindBloom","player_choice":"Gold","floor":36.0,"gold_loss":0.0,"damage_taken":0.0,"cards_obtained":["Normality","Normality"]},{"damage_healed":0.0,"max_hp_gain":0.0,"max_hp_loss":0.0,"gold_gain":0.0,"event_name":"Mysterious Sphere","player_choice":"Ignored","floor":37.0,"gold_loss":0.0,"damage_taken":0.0},{"cards_removed":["Heel Hook"],"damage_healed":0.0,"max_hp_gain":0.0,"max_hp_loss":0.0,"gold_gain":0.0,"event_name":"Falling","player_choice":"Removed Attack","floor":41.0,"gold_loss":0.0,"damage_taken":0.0},{"damage_healed":0.0,"max_hp_gain":0.0,"max_hp_loss":0.0,"gold_gain":0.0,"event_name":"SensoryStone","player_choice":"Memory 1","floor":45.0,"gold_loss":0.0,"damage_taken":0.0},{"damage_healed":88.0,"max_hp_gain":0.0,"max_hp_loss":13.0,"gold_gain":0.0,"event_name":"The Moai Head","player_choice":"Heal","floor":47.0,"gold_loss":0.0,"damage_taken":0.0}],"is_beta":false,"boss_relics":[{"not_picked":["SacredBark","Ring of the Serpent"],"picked":"WristBlade"},{"not_picked":["Snecko Eye","Runic Dome"],"picked":"Sozu"}],"items_purged_floors":[28,38],"is_endless":false,"potions_floor_spawned":[7,14,16,33,39,42,48],"killed_by":"Donu and Deca","ascension_level":8}}