{"host":"07tcb8n8jdavk3gs","time":1608481450,"event":{"mods":["BaseMod","Colored Map","Hermit","Marisa????????","Minty Spire (QoL Compilation)","StSLib","The Animator","The Cursed","The Servant 0.9.4"],"gold_per_floor":[282,298,330,356,390,402,447,500,500,500,500,543,581,70,70,179,179,210,260,287,337,370,370,370,370,370,370,423,444,359,386,386,493,493,514,514,535,535],"floor_reached":37,"playtime":1934,"items_purged":["animator:Strike"],"score":730,"play_id":"06aff139-d51c-45c3-b810-49b56dd00f92","local_time":"20201220102410","is_ascension_mode":true,"campfire_choices":[{"floor":15,"key":"REST"},{"data":"1","floor":23,"key":"LIFT"},{"data":"2","floor":27,"key":"LIFT"},{"floor":32,"key":"REST"}],"circlet_count":0,"master_deck":["AscendersBane","animator:Strike_Kancolle","animator:Defend_Kancolle","animator:Strike","animator:Strike","animator:Defend","animator:Defend","animator:Defend","animator:Shimakaze","animator:Mitsurugi","animator:YunYun","animator:Megumin+18","animator:Mitsurugi","animator:TukaLunaMarceau","animator:Chris","animator:Darkness","animator:Chris","animator:Sonic","animator:KotoriKanbe","animator:Mitsurugi","animator:Aqua","animator:YunYun","animator:Wiz","animator:YunYun+1"],"relics":["animator:LivingPicture","animator:TheMissingPiece","NeowsBlessing","Blue Candle","Girya","Pear","Shuriken","animator:HolyGrailRelic","MutagenicStrength","Bag of Preparation","Pantograph","Strawberry","Bronze Scales","Fusion Hammer"],"acts_visited":["Exordium","TheCity","TheBeyond"],"potions_floor_usage":[7,16,33,37,37],"damage_taken":[{"damage":0,"enemies":"Small Slimes","floor":1,"turns":1},{"damage":0,"enemies":"Jaw Worm","floor":2,"turns":1},{"damage":0,"enemies":"Cultist","floor":3,"turns":1},{"damage":0,"enemies":"2 Fungi Beasts","floor":4,"turns":2},{"damage":6,"enemies":"Looter","floor":5,"turns":2},{"damage":0,"enemies":"Gremlin Gang","floor":6,"turns":1},{"damage":14,"enemies":"Lagavulin","floor":7,"turns":7},{"damage":16,"enemies":"Large Slime","floor":8,"turns":4},{"damage":13,"enemies":"Gremlin Nob","floor":12,"turns":4},{"damage":12,"enemies":"Blue Slaver","floor":13,"turns":3},{"damage":6,"enemies":"Slime Boss","floor":16,"turns":7},{"damage":15,"enemies":"2 Thieves","floor":18,"turns":3},{"damage":0,"enemies":"3 Byrds","floor":20,"turns":2},{"damage":27,"enemies":"Snecko","floor":22,"turns":4},{"damage":18,"enemies":"animator:HornedBat","floor":28,"turns":6},{"damage":0,"enemies":"3 Cultists","floor":29,"turns":3},{"damage":0,"enemies":"Shelled Parasite and Fungi","floor":31,"turns":2},{"damage":12,"enemies":"Champ","floor":33,"turns":7},{"damage":6,"enemies":"3 Shapes","floor":35,"turns":3},{"damage":90,"enemies":"Orin","floor":37,"turns":10}],"seed_played":"6837131115754676700","potions_obtained":[{"floor":1,"key":"Weak Potion"},{"floor":4,"key":"Dexterity Potion"},{"floor":6,"key":"ColorlessPotion"},{"floor":13,"key":"AttackPotion"},{"floor":16,"key":"Weak Potion"},{"floor":18,"key":"Energy Potion"},{"floor":28,"key":"LiquidBronze"},{"floor":35,"key":"Explosive Potion"}],"is_trial":false,"path_per_floor":["M","M","M","M","M","M","E","M","T","?","?","E","M","$","R","B",null,"M","?","M","?","M","R","?","?","T","R","E","M","?","M","R","B",null,"M","?","?"],"character_chosen":"THE_ANIMATOR","items_purchased":["Shuriken","animator:KotoriKanbe"],"campfire_rested":2,"item_purchase_floors":[14,14],"current_hp_per_floor":[54,55,55,55,49,49,36,20,20,40,40,37,25,25,46,40,72,57,57,59,59,36,36,36,36,36,36,27,31,31,35,62,77,85,81,81,0,0],"gold":535,"neow_bonus":"THREE_ENEMY_KILL","is_daily":false,"chose_seed":false,"campfire_upgraded":0,"win_rate":0.0,"timestamp":1608481450,"path_taken":["M","M","M","M","M","M","E","M","T","?","?","E","M","$","R","BOSS","M","?","M","?","?","R","?","?","T","R","E","?","?","M","R","BOSS","M","?","?"],"items_purchased_type":["Relic","Card"],"build_version":"2020-12-13","purchased_purges":1,"victory":false,"max_hp_per_floor":[60,61,61,61,61,61,62,62,62,62,62,72,72,72,72,72,80,77,77,79,79,83,83,83,83,83,83,87,89,89,91,91,88,88,90,90,90,90],"card_choices":[{"not_picked":["animator:LeleiLaLalena","animator:Cocytus"],"picked":"animator:Mitsurugi","floor":1},{"not_picked":["animator:Mitsuba","animator:Chung"],"picked":"animator:YunYun","floor":2},{"not_picked":["animator:Lu","animator:Laby"],"picked":"animator:Megumin","floor":3},{"not_picked":["animator:Kazuma","animator:Darkness"],"picked":"animator:Mitsurugi","floor":4},{"not_picked":["animator:SakuraMatou","animator:Tatsumaki"],"picked":"animator:TukaLunaMarceau","floor":5},{"not_picked":["animator:Evileye","animator:Yoichi","animator:PandorasActor"],"picked":"SKIP","floor":6},{"not_picked":["animator:MumenRider","animator:Tatsumaki"],"picked":"animator:Chris","floor":7},{"not_picked":["animator:Vanir","animator:Kazuma"],"picked":"animator:Darkness","floor":8},{"not_picked":["animator:Chung","animator:Assassin"],"picked":"animator:Chris","floor":12},{"not_picked":["animator:Eve","animator:Berserker"],"picked":"animator:Sonic","floor":13},{"not_picked":["animator:Ara","animator:YaoHaDucy+1"],"picked":"animator:Mitsurugi","floor":18},{"not_picked":["animator:Mitsurugi","animator:Chris"],"picked":"animator:Megumin","floor":20},{"not_picked":["animator:Shigure+1","animator:TukaLunaMarceau"],"picked":"animator:Aqua","floor":22},{"not_picked":["animator:Chung","animator:HiiragiShinya","animator:PandorasActor"],"picked":"SKIP","floor":28},{"not_picked":["animator:Rena","animator:Assassin"],"picked":"animator:YunYun","floor":29},{"not_picked":["animator:Vanir","animator:Chomusuke"],"picked":"animator:Megumin","floor":31},{"not_picked":["animator:Albedo","animator:ItamiYouji"],"picked":"animator:Wiz","floor":33},{"not_picked":["animator:Aqua","animator:Shalltear"],"picked":"animator:YunYun+1","floor":35}],"player_experience":893644,"relics_obtained":[{"floor":7,"key":"Blue Candle"},{"floor":9,"key":"Girya"},{"floor":12,"key":"Pear"},{"floor":26,"key":"Pantograph"},{"floor":28,"key":"Strawberry"}],"event_choices":[{"damage_healed":20,"gold_gain":0,"player_choice":"Banana","damage_taken":0,"max_hp_gain":0,"max_hp_loss":0,"event_name":"Big Fish","floor":10,"gold_loss":0},{"damage_healed":0,"gold_gain":0,"player_choice":"Grow","damage_taken":0,"max_hp_gain":0,"max_hp_loss":0,"event_name":"Living Wall","floor":11,"gold_loss":0,"cards_upgraded":["animator:Megumin"]},{"damage_healed":0,"gold_gain":50,"player_choice":"Stole From Cult","damage_taken":0,"max_hp_gain":0,"max_hp_loss":0,"event_name":"Nest","floor":19,"gold_loss":0},{"damage_healed":0,"gold_gain":100,"player_choice":"Bet on Murderer","damage_taken":0,"max_hp_gain":0,"max_hp_loss":0,"event_name":"The Joust","floor":21,"gold_loss":50},{"damage_healed":0,"gold_gain":0,"player_choice":"Inject Mutagens","damage_taken":0,"relics_obtained":["MutagenicStrength"],"max_hp_gain":0,"max_hp_loss":0,"event_name":"Drug Dealer","floor":24,"gold_loss":0},{"damage_healed":0,"gold_gain":0,"player_choice":"Gave Potion","damage_taken":0,"relics_obtained":["Bag of Preparation"],"max_hp_gain":0,"max_hp_loss":0,"event_name":"WeMeetAgain","floor":25,"gold_loss":0},{"damage_healed":0,"gold_gain":0,"player_choice":"Obtained Relic","damage_taken":0,"relics_obtained":["Bronze Scales"],"max_hp_gain":0,"max_hp_loss":0,"event_name":"Addict","floor":30,"gold_loss":85},{"damage_healed":0,"gold_gain":0,"player_choice":"Ignored","damage_taken":0,"max_hp_gain":0,"max_hp_loss":0,"event_name":"Tomb of Lord Red Mask","floor":36,"gold_loss":0},{"damage_healed":0,"gold_gain":0,"player_choice":"Fight","damage_taken":0,"max_hp_gain":0,"max_hp_loss":0,"event_name":"OrinTheCat","floor":37,"gold_loss":0}],"is_beta":false,"boss_relics":[{"not_picked":["SlaversCollar","Runic Dome"],"picked":"animator:HolyGrailRelic"},{"not_picked":["Philosopher\u0027s Stone","Astrolabe"],"picked":"Fusion Hammer"}],"items_purged_floors":[14],"is_endless":false,"potions_floor_spawned":[1,4,6,13,16,18,22,28,35],"killed_by":"Orin","ascension_level":15}}