{"host":"0cm5wy4nhuju7tij","time":1608432537,"event":{"mods":["2.2 Compatiblity","AchievementEnabler","BaseMod","Better Third Choice","BetterRewards","Colored Powertips","Curses Come First","Custom Start","Displayed Cursed Tome","Downfall","Energized Spire","Filter the Spire","Fireblade Mod","Highlight Path","Jess\u0027s Bottle","Minty Spire (QoL Compilation)","Permanent Neow","Railgun Mod","Robot Space Explorer","Shop Mod","Spicy Shops","StSLib","The Marked","The Servant 0.9.4"],"gold_per_floor":[114,133,103,123,53,53,95,26,49,83,83,83,111,130,130,237,237,227,19,43,64,91,91,91,132,155,180,180,202,202,202],"floor_reached":30,"playtime":2049,"items_purged":["RobotSpaceExplorer:Strike"],"score":262,"play_id":"e07db5d5-3b56-43f6-9110-f5e5fda88be4","local_time":"20201219214857","is_ascension_mode":false,"campfire_choices":[{"data":"RobotSpaceExplorer:FreezeRay","floor":6,"key":"SMITH"},{"floor":11,"key":"REST"},{"data":"RobotSpaceExplorer:ToxicBomb","floor":15,"key":"SMITH"},{"data":"RobotSpaceExplorer:Multitool","floor":23,"key":"SMITH"}],"circlet_count":0,"master_deck":["RobotSpaceExplorer:Strike","RobotSpaceExplorer:Strike","RobotSpaceExplorer:Defend","RobotSpaceExplorer:Defend","RobotSpaceExplorer:Defend","RobotSpaceExplorer:Defend","RobotSpaceExplorer:Scan","RobotSpaceExplorer:MiniLasers","RobotSpaceExplorer:DoubleBlock","RobotSpaceExplorer:Jetpack","RobotSpaceExplorer:FreezeRay+1","RobotSpaceExplorer:ShockKick","RobotSpaceExplorer:ToxicBomb+1","RobotSpaceExplorer:Blaster","RobotSpaceExplorer:MetalStrike","RobotSpaceExplorer:LuckyStrike","RobotSpaceExplorer:StunGrenade","RobotSpaceExplorer:Multitool+1","RobotSpaceExplorer:Calculate","RobotSpaceExplorer:MiniBoosters","RobotSpaceExplorer:ScrapToss","RobotSpaceExplorer:SurgingStrike","RobotSpaceExplorer:ImprovisedAttack","RobotSpaceExplorer:ScrapToss","RobotSpaceExplorer:Electropulse+1","RobotSpaceExplorer:TrailblazerForm","RobotSpaceExplorer:SurgingStrike"],"relics":["RobotSpaceExplorer:RoboCore","CeramicFish","RobotSpaceExplorer:ClockworkSextant","Art of War","jessBottle:WaterBottleRelic","Omamori","Smiling Mask"],"acts_visited":["Exordium","TheCity"],"potions_floor_usage":[],"damage_taken":[{"damage":3,"enemies":"Cultist","floor":1,"turns":5},{"damage":1,"enemies":"Small Slimes","floor":2,"turns":5},{"damage":2,"enemies":"Jaw Worm","floor":4,"turns":4},{"damage":32,"enemies":"Lagavulin","floor":7,"turns":8},{"damage":14,"enemies":"3 Sentries","floor":10,"turns":5},{"damage":4,"enemies":"Exordium Thugs","floor":13,"turns":3},{"damage":4,"enemies":"Gremlin Gang","floor":14,"turns":3},{"damage":20,"enemies":"The Guardian","floor":16,"turns":14},{"damage":18,"enemies":"2 Thieves","floor":18,"turns":4},{"damage":0,"enemies":"3 Byrds","floor":20,"turns":2},{"damage":14,"enemies":"Snake Plant","floor":21,"turns":4},{"damage":13,"enemies":"Snecko","floor":22,"turns":4},{"damage":10,"enemies":"Book of Stabbing","floor":25,"turns":5},{"damage":10,"enemies":"Centurion and Healer","floor":27,"turns":6},{"damage":6,"enemies":"Cultist and Chosen","floor":29,"turns":4},{"damage":5,"enemies":"Slavers","floor":30,"turns":1}],"seed_played":"8577315381193707915","potions_obtained":[{"floor":2,"key":"SteroidPotion"},{"floor":3,"key":"RobotSpaceExplorer:RecyclePotion"},{"floor":3,"key":"SpeedPotion"},{"floor":18,"key":"Energy Potion"},{"floor":21,"key":"Block Potion"}],"is_trial":false,"path_per_floor":["M","M","?","M","$","R","E","$","T","E","R","?","M","M","R","B",null,"M","$","M","M","M","R","?","E","T","M","?","M","E"],"character_chosen":"RobotSpaceExplorer","items_purchased":["RobotSpaceExplorer:ToxicBomb","RobotSpaceExplorer:MetalStrike","RobotSpaceExplorer:MiniBoosters","RobotSpaceExplorer:ScrapToss"],"campfire_rested":1,"item_purchase_floors":[5,8,19,19],"current_hp_per_floor":[72,71,71,69,69,69,37,37,37,23,45,75,71,67,67,47,75,57,57,57,43,30,30,30,20,20,10,10,4,0,0],"gold":202,"neow_bonus":"TRANSFORM_CARD","is_daily":false,"chose_seed":false,"campfire_upgraded":3,"win_rate":0.0,"timestamp":1608432537,"path_taken":["M","M","?","M","$","R","E","?","T","E","R","?","M","M","R","BOSS","M","$","M","M","M","R","?","E","T","M","?","?","E"],"items_purchased_type":["Card","Card","Card","Card"],"build_version":"2020-12-13","purchased_purges":1,"victory":false,"max_hp_per_floor":[75,75,75,75,75,75,75,75,75,75,75,75,75,75,75,75,75,75,75,75,75,75,75,75,75,75,75,75,75,75,75],"card_choices":[{"not_picked":["RobotSpaceExplorer:Counterblock","RobotSpaceExplorer:Ammunition"],"picked":"RobotSpaceExplorer:Jetpack","floor":1},{"not_picked":["RobotSpaceExplorer:JunkDive","RobotSpaceExplorer:SurgingShield"],"picked":"RobotSpaceExplorer:FreezeRay","floor":2},{"not_picked":["RobotSpaceExplorer:StarLightning","RobotSpaceExplorer:ScrapShield"],"picked":"RobotSpaceExplorer:ShockKick","floor":4},{"not_picked":["RobotSpaceExplorer:DualCore","RobotSpaceExplorer:Ammunition"],"picked":"RobotSpaceExplorer:Blaster","floor":7},{"not_picked":["RobotSpaceExplorer:ExhaustFan","RobotSpaceExplorer:ShovelStrike"],"picked":"RobotSpaceExplorer:Fix","floor":10},{"not_picked":["RobotSpaceExplorer:ScrapMissile","RobotSpaceExplorer:IronShell"],"picked":"RobotSpaceExplorer:LuckyStrike","floor":13},{"not_picked":["RobotSpaceExplorer:SurgingShield","RobotSpaceExplorer:SwiftStep"],"picked":"RobotSpaceExplorer:StunGrenade","floor":14},{"not_picked":["RobotSpaceExplorer:Comet","RobotSpaceExplorer:Explosion"],"picked":"RobotSpaceExplorer:Multitool","floor":16},{"not_picked":["RobotSpaceExplorer:SurgingShield","RobotSpaceExplorer:ImprovisedAttack"],"picked":"RobotSpaceExplorer:Calculate","floor":18},{"not_picked":["RobotSpaceExplorer:SwiftStep","RobotSpaceExplorer:FranticSearch"],"picked":"RobotSpaceExplorer:SurgingStrike","floor":20},{"not_picked":["RobotSpaceExplorer:SurgingShield+1","RobotSpaceExplorer:StunGrenade"],"picked":"RobotSpaceExplorer:ImprovisedAttack","floor":21},{"not_picked":["RobotSpaceExplorer:FranticSearch+1","RobotSpaceExplorer:SurgingStrike+1"],"picked":"RobotSpaceExplorer:ScrapToss","floor":22},{"not_picked":["RobotSpaceExplorer:Calculate","RobotSpaceExplorer:DoubleFind"],"picked":"RobotSpaceExplorer:Electropulse+1","floor":25},{"not_picked":["RobotSpaceExplorer:FrostMissile+1","RobotSpaceExplorer:SurgingShield+1"],"picked":"RobotSpaceExplorer:TrailblazerForm","floor":27},{"not_picked":["RobotSpaceExplorer:Pulsar","RobotSpaceExplorer:Counterblock"],"picked":"RobotSpaceExplorer:SurgingStrike","floor":29}],"player_experience":242723,"relics_obtained":[{"floor":7,"key":"CeramicFish"},{"floor":9,"key":"RobotSpaceExplorer:ClockworkSextant"},{"floor":10,"key":"Art of War"},{"floor":25,"key":"Omamori"},{"floor":26,"key":"Smiling Mask"}],"event_choices":[{"damage_healed":0,"gold_gain":0,"player_choice":"Bought 2 Potions","damage_taken":0,"max_hp_gain":0,"max_hp_loss":0,"event_name":"The Woman in Blue","floor":3,"gold_loss":0},{"cards_removed":["RobotSpaceExplorer:Fix"],"damage_healed":30,"gold_gain":0,"player_choice":"Offered Uncommon","damage_taken":0,"max_hp_gain":0,"max_hp_loss":0,"event_name":"Bonfire Elementals","floor":12,"gold_loss":0},{"damage_healed":0,"gold_gain":0,"player_choice":"Ignored","damage_taken":0,"max_hp_gain":0,"max_hp_loss":0,"event_name":"Ghosts","floor":24,"gold_loss":0},{"damage_healed":0,"gold_gain":0,"player_choice":"Ignored","damage_taken":0,"max_hp_gain":0,"max_hp_loss":0,"event_name":"NoteForYourself","floor":28,"gold_loss":0}],"is_beta":false,"boss_relics":[{"not_picked":["Busted Crown","energizedSpire:EnergizedDie"],"picked":"jessBottle:WaterBottleRelic"}],"items_purged_floors":[19],"is_endless":false,"potions_floor_spawned":[2,4,7,18,21,27],"killed_by":"Slavers","ascension_level":0}}