{"host":"6ko66ogg91i6g7xq","time":1608466651,"event":{"mods":["AchievementEnabler","Act Like it!","BaseMod","Colored Map","Colored Powertips","Downfall","Hermit","Minty Spire (QoL Compilation)","Quick Restart","Relic Stats","StSLib","The Jungle","everything is the same but u backflip on backflip"],"gold_per_floor":[119,294,308,308,328,328,354,354,354,354,279,310,310,344,344,448,448,466,269,269,288,305,336,336,364,364,364,364,404,319,338,338,451,451,475,534,545,545,573,573,612,624,678,678,678],"floor_reached":44,"playtime":1593,"items_purged":["Doubt"],"score":543,"play_id":"f97264cb-227c-4cea-98c0-f698919d00db","local_time":"20201220071731","is_ascension_mode":true,"campfire_choices":[{"floor":6,"key":"RECALL"},{"data":"Envenom","floor":8,"key":"SMITH"},{"floor":10,"key":"REST"},{"data":"Dash","floor":13,"key":"SMITH"},{"data":"Noxious Fumes","floor":15,"key":"SMITH"},{"floor":24,"key":"REST"},{"data":"Catalyst","floor":27,"key":"SMITH"},{"floor":32,"key":"REST"},{"floor":40,"key":"REST"}],"circlet_count":0,"master_deck":["Strike_G","Strike_G","Strike_G","Strike_G","Defend_G","Defend_G","Defend_G","Defend_G","Survivor","Neutralize","Poisoned Stab","Poisoned Stab","Corpse Explosion","Dash+1","Envenom+1","Noxious Fumes+1","Die Die Die","Deadly Poison","PiercingWail","Poisoned Stab","Catalyst+1","Malaise","Noxious Fumes+1","Caltrops","Venomology","Noxious Fumes","Deadly Poison+1","Parasite","Dodge and Roll+1","sneckomod:Bewildered"],"relics":["Ring of the Snake","NeowsBlessing","Regal Pillow","Matryoshka","Singing Bowl","Orichalcum","HoveringKite","ClockworkSouvenir","Art of War","Red Mask","Mercury Hourglass","CeramicFish","InkBottle","Potion Belt","Blue Candle","Cursed Key","Peace Pipe","StrikeDummy","Nunchaku"],"acts_visited":["Exordium","TheCity","TheBeyond"],"potions_floor_usage":[7,14,21,21,25,25,35,36,37,39,39,41,41,42],"damage_taken":[{"damage":0,"enemies":"Jaw Worm","floor":1,"turns":1},{"damage":0,"enemies":"Small Slimes","floor":3,"turns":1},{"damage":0,"enemies":"Cultist","floor":5,"turns":1},{"damage":30,"enemies":"Lagavulin","floor":7,"turns":7},{"damage":10,"enemies":"3 Sentries","floor":12,"turns":4},{"damage":15,"enemies":"Lagavulin","floor":14,"turns":6},{"damage":22,"enemies":"Hexaghost","floor":16,"turns":7},{"damage":5,"enemies":"Shell Parasite","floor":18,"turns":6},{"damage":0,"enemies":"3 Byrds","floor":21,"turns":2},{"damage":9,"enemies":"Snake Plant","floor":22,"turns":4},{"damage":46,"enemies":"Gremlin Leader","floor":23,"turns":7},{"damage":0,"enemies":"Masked Bandits","floor":25,"turns":2},{"damage":24,"enemies":"Slavers","floor":29,"turns":4},{"damage":6,"enemies":"Chosen and Byrds","floor":31,"turns":5},{"damage":18,"enemies":"Champ","floor":33,"turns":7},{"damage":4,"enemies":"3 Darklings","floor":35,"turns":3},{"damage":31,"enemies":"2 Orb Walkers","floor":36,"turns":3},{"damage":0,"enemies":"3 Shapes","floor":37,"turns":2},{"damage":17,"enemies":"Writhing Mass","floor":39,"turns":4},{"damage":50,"enemies":"Reptomancer","floor":41,"turns":6},{"damage":3,"enemies":"Sphere and 2 Shapes","floor":42,"turns":4},{"damage":28,"enemies":"Nemesis","floor":44,"turns":2}],"seed_played":"-6481414986864123602","potions_obtained":[{"floor":1,"key":"SteroidPotion"},{"floor":3,"key":"Ancient Potion"},{"floor":7,"key":"Guardian:BlockOnCardUsePotion"},{"floor":14,"key":"Energy Potion"},{"floor":18,"key":"GamblersBrew"},{"floor":23,"key":"Poison Potion"},{"floor":31,"key":"Explosive Potion"},{"floor":33,"key":"Ancient Potion"},{"floor":36,"key":"CultistPotion"},{"floor":37,"key":"Weak Potion"},{"floor":41,"key":"Guardian:BlockOnCardUsePotion"}],"is_trial":false,"path_per_floor":["M","?","M","?","M","R","E","R","T","R","$","E","R","E","R","B",null,"M","$","?","M","M","E","R","?","T","R","?","E","?","M","R","B",null,"M","?","M","$","M","R","E","M","T","E"],"character_chosen":"THE_SILENT","items_purchased":["Deadly Poison","ClockworkSouvenir"],"campfire_rested":4,"item_purchase_floors":[19,19],"current_hp_per_floor":[70,70,70,70,70,70,40,40,40,70,70,62,62,47,47,25,72,69,69,69,69,60,14,51,51,51,51,51,27,27,23,60,42,76,72,41,43,43,28,67,17,16,16,0,0],"gold":678,"neow_bonus":"THREE_ENEMY_KILL","is_daily":false,"chose_seed":false,"campfire_upgraded":4,"win_rate":0.0,"timestamp":1608466651,"path_taken":["M","?","M","?","?","R","E","R","T","R","$","E","R","E","R","BOSS","M","$","?","?","M","E","R","?","T","R","?","E","?","M","R","BOSS","M","?","M","$","M","R","E","M","T","E"],"items_purchased_type":["Card","Relic"],"build_version":"2020-12-13","purchased_purges":1,"victory":false,"max_hp_per_floor":[70,70,70,70,70,70,70,70,70,70,70,72,72,72,72,72,72,74,74,74,74,74,74,74,74,74,74,74,74,74,76,76,76,76,76,76,78,78,80,80,80,82,82,82,82],"relic_stats":{"Regal Pillow":54,"Singing Bowl":12,"counters":[22,88],"CeramicFish":63,"Blue Candle":[2],"HoveringKite":[12],"Orichalcum":[246],"Cursed Key":1,"Mercury Hourglass":[200],"Peace Pipe":0,"Nunchaku":[0],"Art of War":[2],"obtain_stats":[{"Potion Belt":29,"Regal Pillow":7,"NeowsBlessing":0,"Singing Bowl":12,"CeramicFish":26,"Blue Candle":30,"HoveringKite":17,"Orichalcum":14,"Cursed Key":34,"ClockworkSouvenir":19,"Mercury Hourglass":26,"Peace Pipe":36,"Nunchaku":43,"Matryoshka":9,"Art of War":23,"Red Mask":25,"StrikeDummy":41,"InkBottle":28,"Ring of the Snake":0},{"Potion Belt":13,"Regal Pillow":4,"NeowsBlessing":0,"Singing Bowl":5,"CeramicFish":12,"Blue Candle":13,"HoveringKite":7,"Orichalcum":6,"Cursed Key":15,"ClockworkSouvenir":8,"Mercury Hourglass":12,"Peace Pipe":17,"Nunchaku":21,"Matryoshka":4,"Art of War":11,"Red Mask":12,"StrikeDummy":20,"InkBottle":12,"Ring of the Snake":0},{"Potion Belt":52,"Regal Pillow":10,"NeowsBlessing":0,"Singing Bowl":14,"CeramicFish":48,"Blue Candle":52,"HoveringKite":27,"Orichalcum":20,"Cursed Key":64,"ClockworkSouvenir":33,"Mercury Hourglass":48,"Peace Pipe":70,"Nunchaku":86,"Matryoshka":10,"Art of War":46,"Red Mask":48,"StrikeDummy":82,"InkBottle":48,"Ring of the Snake":0}],"InkBottle":[13],"Ring of the Snake":[44]},"card_choices":[{"not_picked":["Escape Plan","Dagger Spray"],"picked":"Poisoned Stab","floor":1},{"not_picked":["Infinite Blades","Dagger Throw"],"picked":"Poisoned Stab","floor":3},{"not_picked":["Acrobatics","All Out Attack"],"picked":"Dash","floor":5},{"not_picked":["Prepared","Infinite Blades"],"picked":"Envenom","floor":7},{"not_picked":["Bane","Calculated Gamble","Riddle With Holes"],"picked":"Singing Bowl","floor":12},{"not_picked":["Dodge and Roll","Riddle With Holes"],"picked":"Noxious Fumes","floor":14},{"not_picked":["Night Terror","Burst"],"picked":"Die Die Die","floor":16},{"not_picked":["Calculated Gamble","All Out Attack+1","Underhanded Strike"],"picked":"Singing Bowl","floor":18},{"not_picked":["Reflex","Masterful Stab"],"picked":"Poisoned Stab","floor":21},{"not_picked":["Escape Plan","Backstab"],"picked":"Catalyst","floor":22},{"not_picked":["Setup+1","Bouncing Flask"],"picked":"Malaise","floor":23},{"not_picked":["Acrobatics","Heel Hook"],"picked":"Noxious Fumes+1","floor":25},{"not_picked":["Deflect","Poisoned Stab"],"picked":"Caltrops","floor":29},{"not_picked":["Backflip","Predator+1","Slice"],"picked":"Singing Bowl","floor":31},{"not_picked":["Malaise","Glass Knife"],"picked":"Venomology","floor":33},{"not_picked":["Slice","Outmaneuver"],"picked":"Noxious Fumes","floor":35},{"not_picked":["Flying Knee","Blade Dance"],"picked":"Deadly Poison+1","floor":36},{"not_picked":["Blade Dance+1","Endless Agony","Dodge and Roll"],"picked":"Singing Bowl","floor":37},{"not_picked":["Terror+1","Expertise+1","Poisoned Stab"],"picked":"Singing Bowl","floor":39},{"not_picked":["Caltrops+1","Expertise+1"],"picked":"Dodge and Roll+1","floor":41},{"not_picked":["Dodge and Roll","Well Laid Plans+1","Dagger Spray+1"],"picked":"Singing Bowl","floor":42}],"player_experience":290450,"relics_obtained":[{"floor":7,"key":"Regal Pillow"},{"floor":9,"key":"Matryoshka"},{"floor":12,"key":"Singing Bowl"},{"floor":14,"key":"Orichalcum"},{"floor":23,"key":"Art of War"},{"floor":25,"key":"Red Mask"},{"floor":26,"key":"Mercury Hourglass"},{"floor":26,"key":"CeramicFish"},{"floor":29,"key":"Potion Belt"},{"floor":36,"key":"Peace Pipe"},{"floor":41,"key":"StrikeDummy"},{"floor":43,"key":"Nunchaku"}],"event_choices":[{"damage_healed":0,"gold_gain":175,"player_choice":"AGREE","damage_taken":0,"max_hp_gain":0,"max_hp_loss":0,"event_name":"Liars Game","floor":2,"gold_loss":0,"cards_obtained":["Doubt"]},{"damage_healed":0,"gold_gain":0,"cards_transformed":["Strike_G"],"player_choice":"Transformed","damage_taken":0,"max_hp_gain":0,"max_hp_loss":0,"event_name":"Transmorgrifier","floor":4,"gold_loss":0,"cards_obtained":["Corpse Explosion"]},{"damage_healed":0,"gold_gain":0,"cards_transformed":["Defend_G"],"player_choice":"Transformed","damage_taken":0,"max_hp_gain":0,"max_hp_loss":0,"event_name":"Transmorgrifier","floor":20,"gold_loss":0,"cards_obtained":["PiercingWail"]},{"damage_healed":0,"gold_gain":0,"player_choice":"Fought Bandits","damage_taken":0,"max_hp_gain":0,"max_hp_loss":0,"event_name":"Masked Bandits","floor":25,"gold_loss":0},{"damage_healed":0,"gold_gain":0,"player_choice":"Opened","damage_taken":0,"relics_obtained":["InkBottle"],"max_hp_gain":0,"max_hp_loss":0,"event_name":"The Mausoleum","floor":28,"gold_loss":0},{"damage_healed":0,"gold_gain":0,"player_choice":"Obtained Relic","damage_taken":0,"relics_obtained":["Blue Candle"],"max_hp_gain":0,"max_hp_loss":0,"event_name":"Addict","floor":30,"gold_loss":85},{"damage_healed":0,"gold_gain":0,"player_choice":"Fight","damage_taken":0,"max_hp_gain":0,"max_hp_loss":0,"event_name":"Mysterious Sphere","floor":36,"gold_loss":0}],"is_beta":false,"boss_relics":[{"not_picked":["Tiny House","Runic Pyramid"],"picked":"HoveringKite"},{"not_picked":["Philosopher\u0027s Stone","Busted Crown"],"picked":"Cursed Key"}],"items_purged_floors":[11],"is_endless":false,"potions_floor_spawned":[1,3,7,14,18,23,31,33,36,37,41],"killed_by":"Nemesis","ascension_level":1}}