{"host":"thn8o1tmql8xszd5","time":1608500043,"event":{"mods":["AchievementEnabler","BaseMod","Block Reminder","Colored Map","DeckTracker","Highlight Path","Minty Spire (QoL Compilation)","Permanent Neow","Quick Restart","Relic Stats","Robot Space Explorer","StSLib","The Blue Laboratory"],"gold_per_floor":[110,110,122,139,153,153,183,183,206,234,234,3,21,92,92,92,92],"floor_reached":16,"playtime":1138,"items_purged":["Strike_R"],"score":154,"play_id":"1a09455e-8951-46e7-a597-fee734c22bb1","local_time":"20201220163403","is_ascension_mode":true,"campfire_choices":[{"data":"Havoc","floor":6,"key":"SMITH"},{"data":"Bludgeon","floor":8,"key":"SMITH"},{"data":"Bash","floor":15,"key":"SMITH"}],"circlet_count":0,"master_deck":["Strike_R","Strike_R+1","Strike_R+1","Strike_R","Defend_R","Defend_R","Defend_R","Defend_R","Bash+1","Perfected Strike","True Grit+1","Twin Strike","Bludgeon+1","Havoc+1","Headbutt","Offering","Twin Strike"],"relics":["Burning Blood","Whetstone","Boot","Omamori","Golden Idol","Akabeko"],"acts_visited":["Exordium"],"potions_floor_usage":[10,16],"damage_taken":[{"damage":14,"enemies":"2 Louse","floor":1,"turns":2},{"damage":3,"enemies":"Jaw Worm","floor":3,"turns":5},{"damage":0,"enemies":"Cultist","floor":4,"turns":3},{"damage":20,"enemies":"Large Slime","floor":5,"turns":6},{"damage":16,"enemies":"Gremlin Nob","floor":7,"turns":3},{"damage":15,"enemies":"3 Sentries","floor":10,"turns":5},{"damage":0,"enemies":"Red Slaver","floor":13,"turns":2},{"damage":26,"enemies":"Lagavulin Event","floor":14,"turns":3},{"damage":32,"enemies":"Hexaghost","floor":16,"turns":7}],"seed_played":"7469135351644279364","potions_obtained":[{"floor":7,"key":"blueLaboratory:HorrorPotion"},{"floor":13,"key":"blueLaboratory:RememoryPotion"},{"floor":14,"key":"SpeedPotion"}],"is_trial":false,"path_per_floor":["M","?","M","M","M","R","E","R","T","E","?","$","M","?","R","B"],"character_chosen":"IRONCLAD","items_purchased":["Offering"],"campfire_rested":0,"item_purchase_floors":[12],"current_hp_per_floor":[64,64,67,73,59,59,49,49,49,40,40,40,46,26,26,0,0],"gold":92,"neow_bonus":"THREE_CARDS","is_daily":false,"chose_seed":false,"campfire_upgraded":3,"win_rate":0.0,"timestamp":1608500043,"path_taken":["M","?","M","M","M","R","E","R","T","E","?","$","M","?","R","BOSS"],"items_purchased_type":["Card"],"build_version":"2020-12-13","purchased_purges":1,"victory":false,"max_hp_per_floor":[80,80,80,80,80,80,80,80,80,80,74,74,74,74,74,74,74],"relic_stats":{"counters":[9,36],"Golden Idol":25,"Whetstone":["Strike_R","Strike_R"],"Boot":[4],"obtain_stats":[{"Golden Idol":11,"Omamori":10,"Whetstone":7,"Boot":9,"Burning Blood":0,"Akabeko":14},{"Golden Idol":6,"Omamori":6,"Whetstone":5,"Boot":5,"Burning Blood":0,"Akabeko":7},{"Golden Idol":24,"Omamori":24,"Whetstone":19,"Boot":19,"Burning Blood":0,"Akabeko":26}],"Burning Blood":48},"card_choices":[{"not_picked":["Warcry","Fire Breathing"],"picked":"Perfected Strike","floor":0},{"not_picked":["Shrug It Off","Intimidate"],"picked":"True Grit","floor":1},{"not_picked":["Evolve","Perfected Strike"],"picked":"Twin Strike","floor":3},{"not_picked":["Pommel Strike","Thunderclap"],"picked":"Bludgeon","floor":4},{"not_picked":["Perfected Strike","Iron Wave"],"picked":"Havoc","floor":5},{"not_picked":["Flex","Havoc","Shrug It Off"],"picked":"SKIP","floor":7},{"not_picked":["Clash","Flex"],"picked":"Headbutt","floor":10},{"not_picked":["Sword Boomerang","Sever Soul"],"picked":"Twin Strike","floor":13}],"player_experience":507465,"relics_obtained":[{"floor":7,"key":"Whetstone"},{"floor":9,"key":"Boot"},{"floor":10,"key":"Omamori"}],"event_choices":[{"damage_healed":0,"gold_gain":0,"player_choice":"Grow","damage_taken":0,"max_hp_gain":0,"max_hp_loss":0,"event_name":"Living Wall","floor":2,"gold_loss":0,"cards_upgraded":["True Grit"]},{"damage_healed":0,"gold_gain":0,"player_choice":"Lose Max HP","damage_taken":0,"relics_obtained":["Golden Idol"],"max_hp_gain":0,"max_hp_loss":6,"event_name":"Golden Idol","floor":11,"gold_loss":0},{"damage_healed":0,"gold_gain":0,"player_choice":"Searched \u00273\u0027 times","damage_taken":0,"relics_obtained":["Akabeko"],"max_hp_gain":0,"max_hp_loss":0,"event_name":"Dead Adventurer","floor":14,"gold_loss":0}],"is_beta":false,"boss_relics":[],"items_purged_floors":[12],"is_endless":false,"potions_floor_spawned":[7,13,14],"killed_by":"Hexaghost","ascension_level":8}}