{"host":"eil9x6nly2al6731","time":1608456237,"event":{"mods":["Aspiration","BaseMod","Better Third Choice","Colored Powertips","Conspire","Energized Spire","Friendly Minions","Halation","Hubris","Infinite Spire","Minty Spire (QoL Compilation)","Random Character Button","Replay The Spire","Robot Space Explorer","Shop Mod","StSLib","The Druid","The Factory","The Jungle","The Mystic","The Servant 0.9.4","TheBandit"],"gold_per_floor":[112,125,50,67,67,67,67,67,94,94,109,139,139,155,155,231,231,242,242,95,95,110,110,137,137,164,54,67,81,81,92,92,168,168,186,203,220,220,233,233,245,276,276,311,311,327,347,367,395,401,401],"floor_reached":50,"playtime":2077,"items_purged":["wariomod:Defend"],"score":1237,"play_id":"53dd91df-38fb-4f60-9030-24991000ec10","local_time":"20201220172357","is_ascension_mode":true,"campfire_choices":[{"data":"Go for the Eyes","floor":6.0,"key":"SMITH"},{"data":"BasicCrystalCard","floor":8.0,"key":"SMITH"},{"data":"Zap","floor":10.0,"key":"SMITH"},{"data":"Defragment","floor":15.0,"key":"SMITH"},{"data":"Firewall","floor":23.0,"key":"SMITH"},{"data":"FIFO Queue","floor":25.0,"key":"SMITH"},{"floor":30.0,"key":"RECALL"},{"data":"Rainbow","floor":32.0,"key":"SMITH"},{"floor":40.0,"key":"REST"},{"floor":45,"key":"REST"}],"circlet_count":1,"master_deck":["AscendersBane","Strike_B","Strike_B","Strike_B","Strike_B","Defend_B","Defend_B","Defend_B","Defend_B","Zap+1","Go for the Eyes+1","BasicCrystalCard+1","Conserve Battery","Bash","Flex","Lockon","Defragment+1","Firewall+1","Hologram+1","infinitespire:DeathsTouch+1","Rip and Tear","Flash of Steel+1","hubris:PowerSurge+1","FIFO Queue+1","Rainbow+1","Coolheaded+1","hubris:Ukulele","Core Surge","Writhe","Machine Learning","Finesse","infinitespire:Fortify","Ball Lightning+1","Fusion+1","Reinforced Body","Heavy Blade+1","Warcry+1"],"relics":["Durian","Iron Core","Replay:WaspNest","Circlet","energizedSpire:DeadBattery","Red Mask","hubris:SlimyHat","ReplayTheSpireMod:SealedPack","aspiration:HiddenCompartment","Whetstone","Lizard Tail","Replay:Bandana"],"acts_visited":["Exordium","TheCity","TheBeyond"],"potions_floor_usage":[44,46,47],"damage_taken":[{"damage":2.0,"enemies":"Jaw Worm","floor":1.0,"turns":3.0},{"damage":13.0,"enemies":"Small Slimes","floor":2.0,"turns":3.0},{"damage":1.0,"enemies":"2 Louse","floor":4.0,"turns":3.0},{"damage":5.0,"enemies":"Lots of Slimes","floor":11.0,"turns":4.0},{"damage":26.0,"enemies":"Gremlin Nob","floor":12.0,"turns":4.0},{"damage":0.0,"enemies":"2 Fungi Beasts","floor":14.0,"turns":3.0},{"damage":3.0,"enemies":"Hexaghost","floor":16.0,"turns":7.0},{"damage":3.0,"enemies":"Spheric Guardian","floor":18.0,"turns":5.0},{"damage":0.0,"enemies":"Chosen","floor":22.0,"turns":3.0},{"damage":4.0,"enemies":"Masked Bandits","floor":24.0,"turns":4.0},{"damage":11.0,"enemies":"Snake Plant","floor":28.0,"turns":3.0},{"damage":0.0,"enemies":"Snecko","floor":29.0,"turns":4.0},{"damage":0.0,"enemies":"3 Cultists","floor":31.0,"turns":5.0},{"damage":0.0,"enemies":"conspire:MysteriousRune","floor":33.0,"turns":9.0},{"damage":5.0,"enemies":"Orb Walker","floor":35.0,"turns":4.0},{"damage":37.0,"enemies":"3 Darklings","floor":36.0,"turns":6.0},{"damage":0.0,"enemies":"Maw","floor":37.0,"turns":7.0},{"damage":20.0,"enemies":"Transient","floor":39.0,"turns":6.0},{"damage":23.0,"enemies":"3 Darklings","floor":41.0,"turns":5.0},{"damage":0.0,"enemies":"Giant Head","floor":42.0,"turns":8.0},{"damage":14,"enemies":"Nightmare","floor":44,"turns":8},{"damage":10,"enemies":"Jaw Worm Horde","floor":46,"turns":6},{"damage":9,"enemies":"4 Shapes","floor":47,"turns":4},{"damage":4,"enemies":"Transient","floor":48,"turns":6},{"damage":8,"enemies":"conspire:MimicChest","floor":49,"turns":4},{"damage":122,"enemies":"conspire:OrnateMirror","floor":50,"turns":12}],"seed_played":"-8912900651720849488","potions_obtained":[{"floor":12.0,"key":"Reflective Coating"},{"floor":24.0,"key":"GamblersBrew"},{"floor":33.0,"key":"AttackPotion"},{"floor":39.0,"key":"DuplicationPotion"},{"floor":41.0,"key":"LifebloodPotion"},{"floor":42.0,"key":"Regen Potion"},{"floor":46,"key":"Toxic Potion"}],"is_trial":false,"path_per_floor":["M","M","$","M","?","R","?","R","T","R","M","E","?","M","R","B",null,"M","?","$","?","M","R","?","R","T","?","M","M","R","M","R","B",null,"M","M","M","?","M","R","M","E","T","NM","R","M","M","M","R","B"],"character_chosen":"DEFECT","items_purchased":["Rip and Tear","Flash of Steel"],"campfire_rested":2,"item_purchase_floors":[20,20],"current_hp_per_floor":[67,54,54,53,53,53,58,58,58,58,53,27,27,27,27,39,71,68,48,48,48,48,48,56,56,56,56,57,57,57,71,71,81,81,76,39,39,39,19,43,35,35,35,36,60,50,41,37,29,0,0],"gold":401,"neow_bonus":"ONE_RARE_RELIC","is_daily":false,"chose_seed":false,"campfire_upgraded":7,"win_rate":0.0,"timestamp":1608456237,"path_taken":["M","M","$","M","?","R","?","R","T","R","M","E","?","?","R","BOSS","M","?","$","?","?","R","?","R","T","?","?","M","R","M","R","BOSS","M","M","?","?","M","R","M","E","T","NM","R","M","M","M","R","BOSS"],"items_purchased_type":["Card","Card"],"build_version":"2020-12-13","purchased_purges":1,"victory":false,"max_hp_per_floor":[76,76,76,76,76,76,81,81,81,81,81,81,81,81,81,81,81,81,81,81,81,81,81,81,81,81,81,81,81,81,81,81,81,81,81,81,81,81,81,81,81,81,81,81,81,81,81,81,81,81,81],"card_choices":[{"not_picked":["Barrage","hubris:PowerSurge"],"picked":"Go for the Eyes","floor":1.0},{"not_picked":["Leap","Turbo"],"picked":"BasicCrystalCard","floor":2.0},{"not_picked":["Rebound","Turbo"],"picked":"Conserve Battery","floor":4.0},{"not_picked":["Melter","Turbo"],"picked":"Flex","floor":11.0},{"not_picked":["Sunder","Echo Form"],"picked":"Lockon","floor":12.0},{"not_picked":["Clash","Flex"],"picked":"Defragment","floor":14.0},{"not_picked":["ReplayRNGCard","Barricade"],"picked":"Firewall","floor":16.0},{"not_picked":["Beam Cell","Turbo+1"],"picked":"Hologram+1","floor":18.0},{"not_picked":["ReplayTheSpireMod:Black Plague","infinitespire:SealOfDarkness+"],"picked":"infinitespire:DeathsTouch","floor":19.0},{"not_picked":["conspire:Rain","ReplayTheSpireMod:GoodbyeWorld"],"picked":"hubris:PowerSurge","floor":22.0},{"not_picked":["Compile Driver","Auto Shields"],"picked":"FIFO Queue","floor":24.0},{"not_picked":["Ball Lightning","Stack"],"picked":"Rainbow","floor":28.0},{"not_picked":["conspire:Rain","ReplayTheSpireMod:Reroute Power"],"picked":"Coolheaded+1","floor":29.0},{"not_picked":["Steam","hubris:Ukulele","Heatsinks"],"picked":"SKIP","floor":31.0},{"not_picked":["Steam","Heatsinks"],"picked":"hubris:Ukulele","floor":31.0},{"not_picked":["Biased Cognition","Meteor Strike"],"picked":"Core Surge","floor":33.0},{"not_picked":["Multi-Cast","Buffer"],"picked":"Machine Learning","floor":34.0},{"not_picked":["Dark Shackles","Deep Breath"],"picked":"Finesse","floor":34.0},{"not_picked":["infinitespire:UltimateForm","infinitespire:Starlight"],"picked":"infinitespire:Fortify","floor":34.0},{"not_picked":["Streamline","Rebound"],"picked":"Ball Lightning+1","floor":35.0},{"not_picked":["Beam Cell","Leap"],"picked":"Fusion+1","floor":36.0},{"not_picked":["Thunder Strike","Ball Lightning","BasicCrystalCard"],"picked":"SKIP","floor":37.0},{"not_picked":["Go for the Eyes","Auto Shields","BasicCrystalCard"],"picked":"SKIP","floor":39.0},{"not_picked":["BasicCrystalCard","Fusion","Melter"],"picked":"SKIP","floor":41.0},{"not_picked":["Hologram","ReplayTheSpireMod:Repulse"],"picked":"Reinforced Body","floor":42.0},{"not_picked":["FTL","Anger"],"picked":"Heavy Blade+1","floor":44},{"not_picked":["Anger+1","WeaponsOverheat+1"],"picked":"Warcry+1","floor":46},{"not_picked":["Iron Wave","Turbo+1","Reinforced Body"],"picked":"SKIP","floor":47},{"not_picked":["Clash","Sweeping Beam","WeaponsOverheat"],"picked":"SKIP","floor":48}],"player_experience":1459989,"relics_obtained":[{"floor":12.0,"key":"Dead Branch"},{"floor":24.0,"key":"Red Mask"},{"floor":26.0,"key":"hubris:SlimyHat"},{"floor":42.0,"key":"aspiration:HiddenCompartment"},{"floor":43.0,"key":"Whetstone"},{"floor":44,"key":"Lizard Tail"},{"floor":49,"key":"Replay:Bandana"}],"event_choices":[{"damage_healed":0.0,"max_hp_gain":5.0,"max_hp_loss":0.0,"gold_gain":0.0,"event_name":"Big Fish","player_choice":"Donut","floor":7.0,"gold_loss":0.0,"damage_taken":0.0},{"damage_healed":0.0,"max_hp_gain":0.0,"max_hp_loss":0.0,"gold_gain":0.0,"event_name":"WeMeetAgain","player_choice":"Gave Potion","floor":13.0,"gold_loss":0.0,"damage_taken":0.0,"relics_obtained":["Replay:WaspNest"]},{"damage_healed":0.0,"max_hp_gain":0.0,"max_hp_loss":0.0,"gold_gain":0.0,"event_name":"Match and Keep!","player_choice":"0 cards matched","floor":21.0,"gold_loss":0.0,"damage_taken":0.0,"cards_obtained":[]},{"damage_healed":0.0,"max_hp_gain":0.0,"max_hp_loss":0.0,"gold_gain":0.0,"event_name":"Masked Bandits","player_choice":"Fought Bandits","floor":24.0,"gold_loss":0.0,"damage_taken":0.0},{"cards_removed":["theDruid:Defend_O"],"damage_healed":0.0,"max_hp_gain":0.0,"max_hp_loss":0.0,"gold_gain":0.0,"event_name":"Designer","player_choice":"Upgrade and Remove","floor":27.0,"gold_loss":110.0,"damage_taken":0.0,"cards_upgraded":["hubris:PowerSurge"]}],"is_beta":false,"boss_relics":[{"not_picked":["ChewingGum","halation:Prosthetics"],"picked":"energizedSpire:DeadBattery"},{"not_picked":["hubris:RunicObelisk","hubris:ScarierMask"],"picked":"ReplayTheSpireMod:SealedPack"}],"items_purged_floors":[3],"is_endless":false,"potions_floor_spawned":[2,12,24,28,33,35,39,41,42,46],"killed_by":"conspire:OrnateMirror","ascension_level":20}}