{"host":"an6uhul3yec8m0jh","time":1608466358,"event":{"mods":["ATMod(°¢èªMod)","Act Like it!","BaseMod","Colored Map","Colored Powertips","Gensokyo","Highlight Path","Minty Spire (QoL Compilation)","Quick Restart","StSLib","Waifu the Spire","noobMod"],"gold_per_floor":[114,42,42,142,154,154,154,187,187,15,15,0,30,43,43,139,139],"floor_reached":16,"playtime":1021,"items_purged":[],"score":205,"play_id":"8fef5f9e-c58b-4936-92e0-14ec77aaa815","local_time":"20201220201238","is_ascension_mode":true,"campfire_choices":[{"data":"Coolheaded","floor":6.0,"key":"SMITH"},{"data":"AT_FamilyPortrait","floor":11.0,"key":"SMITH"},{"data":"Zap","floor":15,"key":"SMITH"}],"circlet_count":0,"master_deck":["Strike_B","Defend_B","Defend_B","Defend_B","Defend_B","Zap+1","Dualcast","AT_StudyProgram","Coolheaded+1","All For One","AT_FamilyPortrait+1","Skim","Rip and Tear"],"relics":["Cracked Core","ice","AT_ATBox","NeowsBlessing","Gensokyo:OccultBall","HornCleat","Letter Opener","Pantograph"],"acts_visited":["Gensokyo:Gensokyo"],"potions_floor_usage":[16,16,16,16,16],"damage_taken":[{"damage":0.0,"enemies":"Gensokyo:2_Kodama","floor":1.0,"turns":1.0},{"damage":0.0,"enemies":"Gensokyo:Gryphon","floor":5.0,"turns":1.0},{"damage":0.0,"enemies":"Gensokyo:Mamizou","floor":8.0,"turns":1.0},{"damage":5,"enemies":"Gensokyo:Cirno","floor":13,"turns":6},{"damage":7,"enemies":"Gensokyo:3_Fairies","floor":14,"turns":3},{"damage":53,"enemies":"Gensokyo:Reimu","floor":16,"turns":17}],"seed_played":"-6814594351271126043","potions_obtained":[{"floor":1.0,"key":"Energy Potion"},{"floor":13,"key":"EntropicBrew"},{"floor":14,"key":"SteroidPotion"}],"is_trial":false,"path_per_floor":["M","$","?","?","M","R","?","E","T","$","R","?","E","M","R","B"],"character_chosen":"DEFECT","items_purchased":["AT_StudyProgram","AT_FamilyPortrait"],"campfire_rested":0,"item_purchase_floors":[2,10],"current_hp_per_floor":[75,75,75,75,75,75,45,45,45,45,45,52,47,44,44,16,16],"gold":139,"neow_bonus":"THREE_ENEMY_KILL","is_daily":false,"chose_seed":false,"campfire_upgraded":3,"win_rate":0.0,"timestamp":1608466358,"path_taken":["M","$","?","?","?","R","?","E","T","?","R","?","E","M","R","BOSS"],"items_purchased_type":["Card","Card"],"build_version":"2020-12-13","purchased_purges":0,"victory":false,"max_hp_per_floor":[75,75,75,75,75,75,75,75,75,75,75,75,75,75,75,75,75],"card_choices":[{"not_picked":["Tempest","Rebound"],"picked":"Scrape","floor":1.0},{"not_picked":["Sweeping Beam","Go for the Eyes"],"picked":"Coolheaded","floor":5.0},{"not_picked":["Steam Power","Fusion"],"picked":"All For One","floor":8.0},{"not_picked":["Ball Lightning","Redo"],"picked":"Skim","floor":13},{"not_picked":["AT_HeatAcrobatics","Gash"],"picked":"Rip and Tear","floor":14}],"player_experience":140431,"relics_obtained":[{"floor":8.0,"key":"HornCleat"},{"floor":9.0,"key":"Letter Opener"},{"floor":13,"key":"Pantograph"},{"floor":16,"key":"Gensokyo:OccultBall"}],"event_choices":[],"is_beta":false,"boss_relics":[],"items_purged_floors":[],"is_endless":false,"potions_floor_spawned":[1,13,14],"killed_by":"Gensokyo:Reimu","ascension_level":3}}