{"host":"7eud2qmhc488t7il","time":1608494168,"event":{"mods":["BaseMod","Block Reminder","Colored Map","Colored Powertips","DeckTracker","Highlight Path","Minty Spire (QoL Compilation)","Practice Mode","Quick Restart","Random Character Button","StSLib","SuperFastMode"],"gold_per_floor":[115,127,138,138,151,151,151,191,263,279,256,270,270,303,303,431,431,431,416,416,416,331,331,331,331,331,43,43,43,43,43,43,43,43,43,43,43,43,43,43,43,43,43,43,43,43,43,43,43,43],"floor_reached":51,"playtime":2826,"items_purged":[],"score":739,"play_id":"76966eba-0219-4e81-bf8d-134684fbacf4","local_time":"20201221045608","is_ascension_mode":false,"campfire_choices":[{"data":"Uppercut","floor":6,"key":"SMITH"},{"data":"Searing Blow","floor":13,"key":"SMITH"},{"data":"Searing Blow+1","floor":15,"key":"SMITH"},{"data":"Fiend Fire","floor":23,"key":"SMITH"},{"data":"Armaments","floor":30,"key":"SMITH"},{"data":"Searing Blow+2","floor":32,"key":"SMITH"},{"data":"Searing Blow+3","floor":40,"key":"SMITH"},{"data":"Searing Blow+4","floor":44,"key":"SMITH"},{"data":"Searing Blow+5","floor":47,"key":"SMITH"},{"data":"Searing Blow+6","floor":49,"key":"SMITH"}],"circlet_count":0,"master_deck":["Strike_R+1","Strike_R","Strike_R","Strike_R+1","Strike_R","Defend_R","Defend_R","Defend_R","Defend_R","Bash","Searing Blow+7","Uppercut+1","Shockwave","Headbutt","Intimidate","Shrug It Off","Warcry","Fiend Fire+1","Dropkick","Armaments+1","Reckless Charge","Power Through","Ghostly Armor","Reaper","Warcry+1","Pommel Strike+1"],"relics":["Burning Blood","Golden Idol","Unceasing Top","Kunai","Whetstone","Ectoplasm","Darkstone Periapt","Dream Catcher","InkBottle","Pocketwatch","Busted Crown","Self Forming Clay","Bird Faced Urn","Thread and Needle","StoneCalendar"],"acts_visited":["Exordium","TheCity","TheBeyond"],"potions_floor_usage":[5,16,19,20,24,33,46,50,50],"damage_taken":[{"damage":6,"enemies":"Cultist","floor":1,"turns":3},{"damage":7,"enemies":"2 Louse","floor":2,"turns":3},{"damage":1,"enemies":"Jaw Worm","floor":3,"turns":3},{"damage":0,"enemies":"Lots of Slimes","floor":5,"turns":1},{"damage":24,"enemies":"Gremlin Nob","floor":8,"turns":5},{"damage":6,"enemies":"2 Fungi Beasts","floor":10,"turns":5},{"damage":14,"enemies":"Exordium Wildlife","floor":12,"turns":6},{"damage":16,"enemies":"Lagavulin","floor":14,"turns":7},{"damage":18,"enemies":"The Guardian","floor":16,"turns":14},{"damage":14,"enemies":"Spheric Guardian","floor":18,"turns":4},{"damage":7,"enemies":"2 Thieves","floor":19,"turns":2},{"damage":18,"enemies":"Sentry and Sphere","floor":20,"turns":5},{"damage":18,"enemies":"Book of Stabbing","floor":24,"turns":5},{"damage":6,"enemies":"3 Cultists","floor":25,"turns":5},{"damage":3,"enemies":"Centurion and Healer","floor":28,"turns":5},{"damage":8,"enemies":"Shelled Parasite and Fungi","floor":29,"turns":3},{"damage":0,"enemies":"Snecko","floor":31,"turns":3},{"damage":28,"enemies":"Champ","floor":33,"turns":12},{"damage":25,"enemies":"3 Darklings","floor":35,"turns":9},{"damage":9,"enemies":"3 Shapes","floor":36,"turns":5},{"damage":2,"enemies":"3 Darklings","floor":41,"turns":9},{"damage":42,"enemies":"Nemesis","floor":42,"turns":5},{"damage":0,"enemies":"Spire Growth","floor":45,"turns":2},{"damage":6,"enemies":"Reptomancer","floor":46,"turns":6},{"damage":42,"enemies":"Awakened One","floor":50,"turns":9}],"seed_played":"-4669440617292254109","potions_obtained":[{"floor":3,"key":"Explosive Potion"},{"floor":12,"key":"Fire Potion"},{"floor":14,"key":"Energy Potion"},{"floor":16,"key":"ColorlessPotion"},{"floor":18,"key":"LiquidMemories"},{"floor":19,"key":"ColorlessPotion"},{"floor":20,"key":"Explosive Potion"},{"floor":33,"key":"PowerPotion"},{"floor":36,"key":"PowerPotion"}],"is_trial":false,"path_per_floor":["M","M","M","$","M","R","?","E","T","M","$","M","R","E","R","B",null,"M","M","M","?","?","R","E","M","T","$","M","M","R","M","R","B",null,"M","M","$","?","?","R","M","E","T","R","M","E","R","T","R","B",null],"character_chosen":"IRONCLAD","items_purchased":["Shrug It Off","Pocketwatch"],"campfire_rested":0,"item_purchase_floors":[11,27],"current_hp_per_floor":[80,79,80,80,80,80,60,42,42,42,42,34,34,24,24,12,80,72,71,59,59,59,59,47,47,47,47,50,48,48,54,54,32,80,68,71,71,71,71,71,75,40,40,40,46,76,76,76,76,68],"gold":43,"neow_bonus":"","is_daily":false,"chose_seed":false,"campfire_upgraded":10,"win_rate":0.0,"timestamp":1608494168,"path_taken":["M","?","M","$","M","R","?","E","T","M","?","M","R","E","R","BOSS","M","?","M","?","?","R","E","M","T","?","M","M","R","?","R","BOSS","M","M","?","?","?","R","M","E","T","R","M","E","R","?","R","BOSS"],"items_purchased_type":["Card","Relic"],"build_version":"2020-12-13","purchased_purges":0,"victory":true,"max_hp_per_floor":[80,80,80,80,80,80,80,80,80,80,80,80,80,80,80,80,80,80,80,80,80,80,80,80,80,80,80,80,80,80,80,80,80,80,80,80,80,80,76,76,76,76,76,76,76,76,76,76,76,76],"card_choices":[{"not_picked":["Shrug It Off","Second Wind"],"picked":"Searing Blow","floor":1},{"not_picked":["Sword Boomerang","True Grit"],"picked":"Uppercut","floor":2},{"not_picked":["Metallicize","Headbutt"],"picked":"Shockwave","floor":3},{"not_picked":["Hemokinesis","Searing Blow","Clash"],"picked":"SKIP","floor":5},{"not_picked":["Cleave","Bludgeon"],"picked":"Headbutt","floor":8},{"not_picked":["Warcry","Perfected Strike"],"picked":"Intimidate","floor":10},{"not_picked":["Sword Boomerang","Cleave","Rage"],"picked":"SKIP","floor":12},{"not_picked":["Iron Wave","Barricade"],"picked":"Warcry","floor":14},{"not_picked":["Double Tap","Offering"],"picked":"Fiend Fire","floor":16},{"not_picked":["Headbutt","Body Slam"],"picked":"Dropkick","floor":18},{"not_picked":["Clothesline+1","Carnage+1"],"picked":"Armaments","floor":19},{"not_picked":["Rampage+1","Bloodletting","Armaments"],"picked":"SKIP","floor":20},{"not_picked":["Inflame","Hemokinesis","Dual Wield"],"picked":"SKIP","floor":24},{"not_picked":["Armaments","Entrench","Feel No Pain"],"picked":"SKIP","floor":25},{"not_picked":["Ghostly Armor","Iron Wave+1"],"picked":"Reckless Charge","floor":28},{"not_picked":["Rampage+1","Uppercut"],"picked":"Power Through","floor":29},{"not_picked":["Rage","Flex"],"picked":"Ghostly Armor","floor":31},{"not_picked":["Bludgeon","Berserk"],"picked":"Reaper","floor":33},{"not_picked":["Power Through"],"picked":"SKIP","floor":35},{"not_picked":["Blood for Blood+1"],"picked":"SKIP","floor":36},{"not_picked":["Clash"],"picked":"SKIP","floor":41},{"not_picked":[],"picked":"Warcry+1","floor":42},{"not_picked":[],"picked":"Pommel Strike+1","floor":45},{"not_picked":["Sever Soul"],"picked":"SKIP","floor":46}],"player_experience":0,"relics_obtained":[{"floor":8,"key":"Unceasing Top"},{"floor":9,"key":"Kunai"},{"floor":14,"key":"Whetstone"},{"floor":24,"key":"Dream Catcher"},{"floor":26,"key":"InkBottle"},{"floor":42,"key":"Self Forming Clay"},{"floor":43,"key":"Bird Faced Urn"},{"floor":46,"key":"Thread and Needle"},{"floor":48,"key":"StoneCalendar"}],"event_choices":[{"damage_healed":0,"gold_gain":0,"player_choice":"Take Damage","damage_taken":20,"relics_obtained":["Golden Idol"],"max_hp_gain":0,"max_hp_loss":0,"event_name":"Golden Idol","floor":7,"gold_loss":0},{"damage_healed":0,"gold_gain":0,"player_choice":"Ignored","damage_taken":0,"max_hp_gain":0,"max_hp_loss":0,"event_name":"Ghosts","floor":21,"gold_loss":0},{"damage_healed":0,"gold_gain":0,"player_choice":"Obtained Relic","damage_taken":0,"relics_obtained":["Darkstone Periapt"],"max_hp_gain":0,"max_hp_loss":0,"event_name":"Addict","floor":22,"gold_loss":85},{"damage_healed":0,"gold_gain":0,"player_choice":"Ignored","damage_taken":0,"max_hp_gain":0,"max_hp_loss":0,"event_name":"The Moai Head","floor":38,"gold_loss":0},{"damage_healed":0,"gold_gain":0,"player_choice":"Max HP","damage_taken":0,"max_hp_gain":0,"max_hp_loss":4,"event_name":"Winding Halls","floor":39,"gold_loss":0}],"is_beta":false,"boss_relics":[{"not_picked":["Black Blood","Tiny House"],"picked":"Ectoplasm"},{"not_picked":["Fusion Hammer","Runic Cube"],"picked":"Busted Crown"}],"items_purged_floors":[],"is_endless":false,"potions_floor_spawned":[3,12,14,16,18,19,20,33,36,41,42],"ascension_level":0}}