{"host":"49c2zf0lajbcs427","time":1608443450,"event":{"mods":["AchievementEnabler","BaseMod","Colored Map","Colored Powertips","Highlight Path","Minty Spire (QoL Compilation)","Relic Stats","StSLib"],"gold_per_floor":[118,129,129,147,95,95,121,121,147,175,175,201,221,221,221,295,295,311,322,237,237,237,237,264,264,338,338,350,366,316,332,332,332,332],"floor_reached":33,"playtime":1804,"items_purged":[],"score":505,"play_id":"a12bed92-fb31-4ef3-93f0-781df732e306","local_time":"20201220185050","is_ascension_mode":true,"campfire_choices":[{"data":"Eruption","floor":6,"key":"SMITH"},{"data":"TalkToTheHand","floor":8,"key":"SMITH"},{"floor":11,"key":"REST"},{"data":"Vigilance","floor":15,"key":"SMITH"},{"data":"Ghostly","floor":23,"key":"SMITH"},{"data":"Ghostly","floor":25,"key":"SMITH"},{"data":"Worship","floor":27,"key":"SMITH"},{"floor":32,"key":"REST"}],"circlet_count":0,"master_deck":["AscendersBane","Strike_P+1","Strike_P+1","Defend_P+1","Defend_P","Defend_P+1","Eruption+1","Vigilance+1","Evaluate","Indignation+1","TalkToTheHand+1","CutThroughFate","Evaluate","SashWhip","Worship+1","LessonLearned","Establishment+1","FlurryOfBlows+1","Fasting2+1","Collect","SandsOfTime","Ghostly+1","Ghostly+1","Ghostly+1","CutThroughFate","SandsOfTime","LikeWater"],"relics":["Busted Crown","Nunchaku","Toy Ornithopter","Ornamental Fan","Damaru","Astrolabe","Anchor","Darkstone Periapt","Potion Belt","Mercury Hourglass"],"acts_visited":["Exordium","TheCity"],"potions_floor_usage":[16,16,18,19,28,33],"damage_taken":[{"damage":0,"enemies":"Cultist","floor":1,"turns":3},{"damage":2,"enemies":"Jaw Worm","floor":2,"turns":4},{"damage":0,"enemies":"Small Slimes","floor":4,"turns":2},{"damage":16,"enemies":"Lagavulin","floor":10,"turns":5},{"damage":17,"enemies":"Gremlin Nob","floor":12,"turns":4},{"damage":0,"enemies":"Looter","floor":13,"turns":2},{"damage":13,"enemies":"The Guardian","floor":16,"turns":9},{"damage":3,"enemies":"Chosen","floor":18,"turns":5},{"damage":7,"enemies":"3 Byrds","floor":19,"turns":5},{"damage":6,"enemies":"Book of Stabbing","floor":24,"turns":5},{"damage":0,"enemies":"Snecko","floor":28,"turns":2},{"damage":8,"enemies":"Centurion and Healer","floor":29,"turns":4},{"damage":18,"enemies":"Sentry and Sphere","floor":31,"turns":5},{"damage":27,"enemies":"Automaton","floor":33,"turns":6}],"seed_played":"-8408908224664661256","potions_obtained":[{"floor":4,"key":"BottledMiracle"},{"floor":12,"key":"Fire Potion"},{"floor":13,"key":"EntropicBrew"},{"floor":18,"key":"Energy Potion"},{"floor":24,"key":"ColorlessPotion"}],"is_trial":false,"path_per_floor":["M","M","?","M","$","R","T","R","T","E","R","E","M","?","R","B",null,"M","M","?","T","?","R","E","R","T","R","M","M","?","M","R","B"],"character_chosen":"WATCHER","items_purchased":["CutThroughFate"],"campfire_rested":2,"item_purchase_floors":[5],"current_hp_per_floor":[61,59,39,39,39,39,39,39,39,23,43,26,26,26,26,23,57,59,57,57,57,34,34,28,28,28,28,33,25,25,7,17,0,0],"gold":332,"neow_bonus":"BOSS_RELIC","is_daily":false,"chose_seed":false,"campfire_upgraded":6,"win_rate":0.0,"timestamp":1608443450,"path_taken":["M","M","?","M","$","R","?","R","T","E","R","E","M","?","R","BOSS","M","M","?","?","?","R","E","R","T","R","M","M","?","?","R","BOSS"],"items_purchased_type":["Card"],"build_version":"2020-12-13","purchased_purges":0,"victory":false,"max_hp_per_floor":[68,68,68,68,68,68,68,68,68,68,68,68,68,68,68,68,68,68,68,68,68,34,34,34,34,34,34,34,34,34,34,34,34,34],"relic_stats":{"Darkstone Periapt":0,"Nunchaku":[11],"Busted Crown":26,"counters":[14,61],"Ornamental Fan":[92],"Astrolabe":["Establishment","FlurryOfBlows","Fasting2"],"obtain_stats":[{"Darkstone Periapt":21,"Potion Belt":24,"Nunchaku":7,"Anchor":20,"Busted Crown":0,"Ornamental Fan":10,"Astrolabe":17,"Damaru":12,"PureWater":0,"Toy Ornithopter":9,"Mercury Hourglass":26},{"Darkstone Periapt":9,"Potion Belt":10,"Nunchaku":3,"Anchor":9,"Busted Crown":0,"Ornamental Fan":4,"Astrolabe":7,"Damaru":5,"PureWater":0,"Toy Ornithopter":3,"Mercury Hourglass":10},{"Darkstone Periapt":39,"Potion Belt":44,"Nunchaku":9,"Anchor":39,"Busted Crown":0,"Ornamental Fan":14,"Astrolabe":29,"Damaru":18,"PureWater":0,"Toy Ornithopter":9,"Mercury Hourglass":44}],"Toy Ornithopter":30,"Mercury Hourglass":[60]},"card_choices":[{"not_picked":[],"picked":"Evaluate","floor":1},{"not_picked":[],"picked":"Indignation","floor":2},{"not_picked":[],"picked":"TalkToTheHand","floor":4},{"not_picked":[],"picked":"Evaluate","floor":10},{"not_picked":[],"picked":"SashWhip","floor":12},{"not_picked":[],"picked":"Worship","floor":13},{"not_picked":[],"picked":"LessonLearned","floor":16},{"not_picked":[],"picked":"Collect","floor":18},{"not_picked":[],"picked":"SandsOfTime","floor":19},{"not_picked":["Crescendo"],"picked":"SKIP","floor":24},{"not_picked":[],"picked":"CutThroughFate","floor":28},{"not_picked":[],"picked":"SandsOfTime","floor":29},{"not_picked":[],"picked":"LikeWater","floor":31}],"player_experience":2130802,"relics_obtained":[{"floor":7,"key":"Nunchaku"},{"floor":9,"key":"Toy Ornithopter"},{"floor":10,"key":"Ornamental Fan"},{"floor":12,"key":"Damaru"},{"floor":21,"key":"Darkstone Periapt"},{"floor":24,"key":"Potion Belt"},{"floor":26,"key":"Mercury Hourglass"}],"event_choices":[{"damage_healed":0,"gold_gain":0,"player_choice":"Entered Light","damage_taken":20,"max_hp_gain":0,"max_hp_loss":0,"event_name":"Shining Light","floor":3,"gold_loss":0,"cards_upgraded":["Strike_P","Strike_P"]},{"damage_healed":0,"gold_gain":0,"player_choice":"Ignored","damage_taken":0,"max_hp_gain":0,"max_hp_loss":0,"event_name":"Liars Game","floor":14,"gold_loss":0},{"damage_healed":0,"gold_gain":0,"player_choice":"Obtained Relic","damage_taken":0,"relics_obtained":["Anchor"],"max_hp_gain":0,"max_hp_loss":0,"event_name":"Addict","floor":20,"gold_loss":85},{"damage_healed":0,"gold_gain":0,"player_choice":"Became a Ghost","damage_taken":0,"max_hp_gain":0,"max_hp_loss":34,"event_name":"Ghosts","floor":22,"gold_loss":0,"cards_obtained":["Ghostly","Ghostly","Ghostly"]},{"damage_healed":0,"gold_gain":0,"player_choice":"Bet on Owner","damage_taken":0,"max_hp_gain":0,"max_hp_loss":0,"event_name":"The Joust","floor":30,"gold_loss":50}],"is_beta":false,"boss_relics":[{"not_picked":["Velvet Choker","SacredBark"],"picked":"Astrolabe"}],"items_purged_floors":[],"is_endless":false,"potions_floor_spawned":[4,12,13,18,24],"killed_by":"Automaton","ascension_level":17}}