{"host":"p5nht1vx148lgsp8","time":1608490753,"event":{"mods":["AchievementEnabler","BaseMod","Better Altar","Better Match","Better Note","Better Sensory Stone","Better Skull","Better Third Choice","Colored Map","Colored Powertips","Downfall","Infinite Spire","KinomotoSakuraMod(????)","Marisa????????","Minty Spire (QoL Compilation)","Permanent Neow","Prisma Mod","Replay The Spire","StSLib","The Servant 0.9.4","Waifu the Spire"],"gold_per_floor":[113,126,126,126,126,169,169,169,169,203,218,218,42,75,75,196,196,215,215,130,130,165,200,220,254,254,295,53,53,72,96,96,221,221,242,305,329,72,88,127,157,3,3,3,36,36,36,85,85,85],"floor_reached":51,"playtime":4779,"items_purged":[],"score":995,"play_id":"63d444b5-e983-46af-b440-515127dddddf","local_time":"20201220105913","is_ascension_mode":true,"campfire_choices":[{"data":"Manipulate","floor":12.0,"key":"SMITH"},{"data":"expansioncontent:DashGenerateEvil","floor":15.0,"key":"SMITH"},{"data":"SoulSculpture","floor":29.0,"key":"SMITH"},{"floor":32.0,"key":"REST"},{"floor":44,"key":"REST"},{"data":"Barrier","floor":44,"key":"SMITH"},{"floor":47,"key":"REST"},{"data":"Dilation","floor":47,"key":"SMITH"},{"data":"Dilation","floor":49,"key":"SMITH"}],"circlet_count":0,"master_deck":["Strike_S","Strike_S+1","Strike_S","Defend_S+1","Defend_S","Defend_S+1","KidneyShot","Exchange","Spin+1","RealityMarble","BottledTime","Ricochet+1","Manipulate+1","expansioncontent:DashGenerateEvil+1","Barrier+1","SoulSculpture+1","Misdirection","infinitespire:Gouge+1","InstantArmor","TrueSight","Hightail+1","Sabotage","Initiator","ReplayTheSpireMod:Splinters","Clumsy","Slimebound:Icky","SilverBlades+1","Dilation+1","Dilation+1"],"relics":["Uniform","Golden Idol","Replay:Ringing Soul","Durian","infinitespire:Broken Mirror","Regal Pillow","Empty Cage","ReplayTheSpireMod:Lightbulb","PreservedInsect","Red Mask","Oddly Smooth Stone","Replay:Bottled Steam","ReplayTheSpireMod:Ninjato","Whetstone","Question Card","Replay:Ancient Bell","War Paint","Molten Egg 2","infinitespire:Magic Flask","Pondfish Scales","CeramicFish","Replay:Baseball","Ice Cream","Sling","Pear","Blue Doll"],"acts_visited":["Exordium","TheCity","TheBeyond"],"potions_floor_usage":[41,45,50,50],"damage_taken":[{"damage":0.0,"enemies":"Small Slimes","floor":1.0,"turns":2.0},{"damage":0.0,"enemies":"2 Louse","floor":2.0,"turns":2.0},{"damage":0.0,"enemies":"Lagavulin","floor":6.0,"turns":1.0},{"damage":5.0,"enemies":"3 Sentries","floor":10.0,"turns":2.0},{"damage":0.0,"enemies":"Jaw Worm","floor":11.0,"turns":2.0},{"damage":5.0,"enemies":"Gremlin Nob","floor":14.0,"turns":3.0},{"damage":0.0,"enemies":"The Guardian","floor":16.0,"turns":9.0},{"damage":18.0,"enemies":"2 Thieves","floor":18.0,"turns":3.0},{"damage":10.0,"enemies":"Masked Bandits","floor":22.0,"turns":4.0},{"damage":4.0,"enemies":"Slavers","floor":23.0,"turns":3.0},{"damage":0.0,"enemies":"3 Byrds","floor":24.0,"turns":3.0},{"damage":0.0,"enemies":"Replay:Snechameleon","floor":25.0,"turns":4.0},{"damage":2.0,"enemies":"Gremlin Leader","floor":27.0,"turns":5.0},{"damage":0.0,"enemies":"Snake Plant","floor":30.0,"turns":3.0},{"damage":0.0,"enemies":"Centurion and Healer","floor":31.0,"turns":6.0},{"damage":12.0,"enemies":"Champ","floor":33.0,"turns":18.0},{"damage":7.0,"enemies":"Orb Walker","floor":35.0,"turns":3.0},{"damage":7.0,"enemies":"Mind Bloom Boss Battle","floor":36.0,"turns":6.0},{"damage":0.0,"enemies":"3 Shapes","floor":39.0,"turns":3.0},{"damage":8.0,"enemies":"R_Hoarder","floor":40.0,"turns":7.0},{"damage":7,"enemies":"Sphere and 2 Shapes","floor":41,"turns":5},{"damage":10,"enemies":"Maw","floor":45,"turns":10},{"damage":0,"enemies":"Reptomancer","floor":48,"turns":7},{"damage":126,"enemies":"Donu and Deca","floor":50,"turns":16}],"seed_played":"-6430889481919963587","potions_obtained":[{"floor":2.0,"key":"EssenceOfSteel"},{"floor":6.0,"key":"Fire Potion"},{"floor":10.0,"key":"PowerPotion"},{"floor":16.0,"key":"Flashbang"},{"floor":22.0,"key":"Guardian:BlockOnCardUsePotion"},{"floor":23.0,"key":"BlessingOfTheForge"},{"floor":25.0,"key":"SkillPotion"},{"floor":33.0,"key":"Languid Potion"},{"floor":39.0,"key":"Energy Potion"},{"floor":40.0,"key":"PowerPotion"},{"floor":41,"key":"SkillPotion"},{"floor":48,"key":"Reflective Coating"}],"is_trial":false,"path_per_floor":["M","M","?","?","?","E","?","?","T","E","M","R","$","E","R","B",null,"M","AVR","?","?","?","E","M","E","T","E","$","R","M","M","R","B",null,"M","?","T","$","M","E","M","$","T","R","M","$","R","E","R","B",null],"character_chosen":"THE_SERVANT","items_purchased":["expansioncontent:DashGenerateEvil","Question Card","Replay:Baseball","CultistPotion","Sling"],"campfire_rested":3,"item_purchase_floors":[13,28,38,38,42],"current_hp_per_floor":[65,65,65,49,49,52,52,55,60,58,58,58,61,59,59,62,88,73,76,76,79,69,68,80,80,80,81,81,81,84,84,106,97,112,105,98,98,98,98,90,86,86,96,125,118,118,128,131,131,5],"gold":85,"neow_bonus":"THREE_CARDS","is_daily":false,"chose_seed":false,"campfire_upgraded":6,"win_rate":0.0,"timestamp":1608490753,"path_taken":["M","M","?","?","?","E","?","?","T","E","M","R","$","E","R","BOSS","M","AVR","?","?","?","E","M","E","T","E","?","R","M","?","R","BOSS","M","?","?","?","M","E","?","$","T","R","M","$","R","E","R","BOSS"],"items_purchased_type":["Card","Relic","Relic","Potion","Relic"],"build_version":"2020-12-13","purchased_purges":0,"victory":true,"max_hp_per_floor":[65,65,65,65,65,68,68,71,76,79,79,79,82,85,85,88,88,91,94,94,97,97,100,100,100,100,103,103,103,106,106,106,109,112,112,112,112,112,112,112,115,115,125,125,128,128,128,131,131,131],"card_choices":[{"not_picked":["Unruled","BottledTime"],"picked":"Spin","floor":0.0},{"not_picked":["Defy","Revamp"],"picked":"RealityMarble","floor":1.0},{"not_picked":["Rewind","Potential","SpecialFormula"],"picked":"SKIP","floor":2.0},{"not_picked":["infinitespire:TheBestDefense","ReplayTheSpireMod:Book of Names"],"picked":"infinitespire:SealOfDarkness+","floor":4.0},{"not_picked":["Starlight","FastForward"],"picked":"BottledTime","floor":6.0},{"not_picked":["Revamp","SurpressingFire"],"picked":"Manipulate","floor":10.0},{"not_picked":["Alleviate","Gouge","ReturningBlade"],"picked":"SKIP","floor":11.0},{"not_picked":["DoubleEdge","ShatteredReality"],"picked":"Barrier","floor":14.0},{"not_picked":["Embodiment","FlawlessForm"],"picked":"SoulSculpture","floor":16.0},{"not_picked":["BottledTime","Replace"],"picked":"Misdirection","floor":18.0},{"not_picked":["WasteNot+1","TimeWarp"],"picked":"TrueSight","floor":23.0},{"not_picked":["Replace","WasteNot","BottledTime"],"picked":"SKIP","floor":24.0},{"not_picked":["GearUp+1","ReturningBlade","FastForward+1"],"picked":"SKIP","floor":25.0},{"not_picked":["ForgedInTime","DoubleEdge"],"picked":"Hightail+1","floor":27.0},{"not_picked":["TimeWarp","Rewind","Alleviate"],"picked":"Sabotage","floor":30.0},{"not_picked":["ShatteredReality","Contraction+1","Replace","BestPractice"],"picked":"SKIP","floor":31.0},{"not_picked":["FloweringNight","Duplication","ForgedInTime"],"picked":"Initiator","floor":33.0},{"not_picked":["Amnesia","ReplayTheSpireMod:Faulty Equipment","Delirium"],"picked":"ReplayTheSpireMod:Splinters","floor":34.0},{"not_picked":["Shame","Hallucinations","betterMatch:CurseCard"],"picked":"Clumsy","floor":34.0},{"not_picked":["Parasite","Decay","Delirium"],"picked":"Slimebound:Icky","floor":34.0},{"not_picked":["ShatteredReality+1","BottledTime","Revamp","Unruled+1"],"picked":"SKIP","floor":35.0},{"not_picked":["Ricochet+1","ShatteredReality+1","Revamp+1","Alleviate"],"picked":"SKIP","floor":39.0},{"not_picked":["Ricochet+1","DoubleEdge+1","Alleviate+1","Collapse+1"],"picked":"SKIP","floor":40.0},{"not_picked":["Snipe+1","Defy","Desolation+1"],"picked":"SilverBlades+1","floor":41},{"not_picked":["Unruled+1","Deadline","StarChef+1"],"picked":"Dilation","floor":45},{"not_picked":["Unruled+1","Deadline","Starlight+1"],"picked":"Dilation","floor":48}],"player_experience":173666,"relics_obtained":[{"floor":6.0,"key":"Replay:Ringing Soul"},{"floor":9.0,"key":"Durian"},{"floor":10.0,"key":"infinitespire:Broken Mirror"},{"floor":14.0,"key":"Regal Pillow"},{"floor":22.0,"key":"Red Mask"},{"floor":23.0,"key":"Oddly Smooth Stone"},{"floor":25.0,"key":"Replay:Bottled Steam"},{"floor":26.0,"key":"ReplayTheSpireMod:Ninjato"},{"floor":27.0,"key":"Whetstone"},{"floor":36.0,"key":"Pondfish Scales"},{"floor":37.0,"key":"CeramicFish"},{"floor":40.0,"key":"Ice Cream"},{"floor":43,"key":"Pear"},{"floor":48,"key":"Blue Doll"}],"event_choices":[{"damage_healed":0.0,"max_hp_gain":0.0,"max_hp_loss":0.0,"gold_gain":0.0,"event_name":"Golden Idol","player_choice":"Take Wound","floor":5.0,"gold_loss":0.0,"damage_taken":0.0,"relics_obtained":["Golden Idol"],"cards_obtained":["Injury"]},{"damage_healed":0.0,"max_hp_gain":0.0,"max_hp_loss":0.0,"gold_gain":0.0,"event_name":"Addict","player_choice":"Obtained Relic","floor":20.0,"gold_loss":85.0,"damage_taken":0.0,"relics_obtained":["PreservedInsect"]},{"damage_healed":0.0,"max_hp_gain":0.0,"max_hp_loss":0.0,"gold_gain":0.0,"event_name":"The Library","player_choice":"Read","floor":21.0,"gold_loss":0.0,"damage_taken":0.0,"cards_obtained":["InstantArmor"]},{"damage_healed":0.0,"max_hp_gain":0.0,"max_hp_loss":0.0,"gold_gain":0.0,"event_name":"Masked Bandits","player_choice":"Fought Bandits","floor":22.0,"gold_loss":0.0,"damage_taken":0.0},{"damage_healed":0.0,"max_hp_gain":0.0,"max_hp_loss":0.0,"gold_gain":0.0,"event_name":"MindBloom","player_choice":"Fight","floor":36.0,"gold_loss":0.0,"damage_taken":0.0}],"is_beta":false,"boss_relics":[{"not_picked":["Replay:Grab Bag","Velvet Choker"],"picked":"Empty Cage"},{"not_picked":["Replay:Drink Me","ReplayTheSpireMod:SealedPack"],"picked":"Replay:Ancient Bell"},{"not_picked":["Anchor","Art of War"],"picked":"War Paint"},{"not_picked":["Chameleon Ring","ReplayTheSpireMod:Shallot"],"picked":"Molten Egg 2"},{"not_picked":["infinitespire:Joker Card","Replay:Kaleidoscope"],"picked":"infinitespire:Magic Flask"}],"items_purged_floors":[],"is_endless":false,"potions_floor_spawned":[2,6,10,16,22,23,25,33,39,40,41,48],"ascension_level":1}}