{"host":"hjw1ay65n7jm40lc","time":1608474817,"event":{"mods":["AchievementEnabler","BaseMod","Block Reminder","Colored Map","Colored Powertips","Downfall","Googly Eyes","Highlight Path","Minty Spire (QoL Compilation)","Quick Restart","Relic Stats","StSLib"],"gold_per_floor":[99,109,140,140,153,166,218,218,218,243,257,267,267,149,161,262,262,187,187,205,30,15,35,58,58,73,101,118,135,405,405,424,424,424],"floor_reached":33,"playtime":2427,"items_purged":["sneckomod:Strike"],"score":329,"play_id":"d2ac5a95-bb10-44f3-8638-3b4d7d3cdc04","local_time":"20201220093337","is_ascension_mode":false,"campfire_choices":[{"data":"sneckomod:SnekBite","floor":1,"key":"SMITH"},{"data":"sneckomod:UnknownUncommonAttack","floor":4,"key":"SMITH"},{"floor":9,"key":"RECALL"},{"data":"sneckomod:SoulCleanse","floor":18,"key":"SMITH"},{"data":"sneckomod:UnknownRarePower","floor":25,"key":"SMITH"}],"circlet_count":0,"master_deck":["sneckomod:Defend+1","sneckomod:Defend","sneckomod:Defend","sneckomod:TailWhip","sneckomod:SnekBite+1","sneckomod:Unknown+1","sneckomod:Unknown","sneckomod:UnknownUncommonAttack+1","sneckomod:UnknownClassRED","sneckomod:ImprovisedAttack","sneckomod:QuickMove","sneckomod:UnknownClassTHE_CHAMP_GRAY","sneckomod:SoulCleanse+1","sneckomod:SnakeSap","sneckomod:UnknownClassTHE_CHAMP_GRAY","sneckomod:UnknownRarePower","sneckomod:UnknownRarePower+1","sneckomod:Unknown1Cost+1","sneckomod:MorePower","sneckomod:UnknownRareSkill+1","sneckomod:UnknownEthereal+1","sneckomod:UnknownBlock+1","sneckomod:SoulDraw+1","sneckomod:SnakeSap","sneckomod:UnknownClassGUARDIAN+1","sneckomod:UnknownRareAttack"],"relics":["sneckomod:SneckoSoul","Akabeko","War Paint","TungstenRod","SlaversCollar","downfall:HeartBlessingRed","PreservedInsect","White Beast Statue"],"acts_visited":["Exordium","TheCity"],"potions_floor_usage":[5,16,21,26,29,33,33],"damage_taken":[{"damage":7,"enemies":"Cultist","floor":2,"turns":4},{"damage":29,"enemies":"Gremlin Nob","floor":3,"turns":5},{"damage":0,"enemies":"Small Slimes","floor":5,"turns":2},{"damage":6,"enemies":"Jaw Worm","floor":6,"turns":2},{"damage":5,"enemies":"3 Sentries","floor":10,"turns":4},{"damage":2,"enemies":"Red Slaver","floor":11,"turns":3},{"damage":4,"enemies":"2 Fungi Beasts","floor":12,"turns":3},{"damage":2,"enemies":"downfall:FleeingMerchant","floor":14,"turns":4},{"damage":0,"enemies":"Large Slime","floor":15,"turns":2},{"damage":46,"enemies":"downfall:Defect","floor":16,"turns":8},{"damage":1,"enemies":"Chosen","floor":20,"turns":3},{"damage":1,"enemies":"downfall:FleeingMerchant","floor":21,"turns":4},{"damage":13,"enemies":"downfall:FleeingMerchant","floor":22,"turns":4},{"damage":20,"enemies":"Shell Parasite","floor":23,"turns":5},{"damage":15,"enemies":"Shelled Parasite and Fungi","floor":26,"turns":6},{"damage":36,"enemies":"Gremlin Leader","floor":27,"turns":3},{"damage":16,"enemies":"Centurion and Healer","floor":28,"turns":5},{"damage":17,"enemies":"Snecko","floor":29,"turns":5},{"damage":1,"enemies":"downfall:FleeingMerchant","floor":30,"turns":4},{"damage":6,"enemies":"Shelled Parasite and Fungi","floor":32,"turns":3},{"damage":32,"enemies":"downfall:Ironclad","floor":33,"turns":5}],"seed_played":"1752521975561828929","potions_obtained":[{"floor":3,"key":"SpeedPotion"},{"floor":5,"key":"Fruit Juice"},{"floor":11,"key":"SneckoOil"},{"floor":15,"key":"Block Potion"},{"floor":16,"key":"Block Potion"},{"floor":23,"key":"SteroidPotion"},{"floor":28,"key":"sneckomod:MuddlingPotion"},{"floor":29,"key":"Strength Potion"},{"floor":31,"key":"CultistPotion"}],"is_trial":false,"path_per_floor":["R","M","E","R","M","M","T","?","R","E","M","M","?","$","M","B",null,"R","?","M","$","$","M","T","R","M","E","M","M","$","?","M","B"],"character_chosen":"THE_SNECKO","items_purchased":["sneckomod:SoulCleanse","sneckomod:SnakeSap","sneckomod:MorePower"],"campfire_rested":0,"item_purchase_floors":[14,14,21],"current_hp_per_floor":[99,93,65,65,70,64,64,64,64,60,62,62,62,60,61,30,113,113,114,113,115,103,84,84,84,69,33,20,29,32,32,26,0,0],"gold":424,"neow_bonus":"TEN_PERCENT_HP_BONUS","is_daily":false,"chose_seed":false,"campfire_upgraded":4,"win_rate":0.0,"timestamp":1608474817,"path_taken":["R","M","E","R","M","?","T","?","R","E","M","M","?","$","M","BOSS","R","?","M","$","$","M","T","R","?","E","M","M","$","?","M","BOSS"],"items_purchased_type":["Card","Card","Card"],"build_version":"2020-12-13","purchased_purges":1,"victory":false,"max_hp_per_floor":[99,100,101,101,106,106,106,106,106,107,107,111,111,111,112,113,113,113,114,114,115,116,117,117,117,117,117,118,118,120,120,120,120,120],"relic_stats":{"counters":[21,83],"PreservedInsect":47,"War Paint":["sneckomod:Unknown","sneckomod:Defend"],"obtain_stats":[{"SlaversCollar":17,"downfall:HeartBlessingRed":18,"PreservedInsect":24,"War Paint":7,"sneckomod:SneckoSoul":0,"Akabeko":3,"TungstenRod":10,"White Beast Statue":27},{"SlaversCollar":10,"downfall:HeartBlessingRed":10,"PreservedInsect":14,"War Paint":4,"sneckomod:SneckoSoul":0,"Akabeko":2,"TungstenRod":5,"White Beast Statue":16},{"SlaversCollar":36,"downfall:HeartBlessingRed":36,"PreservedInsect":52,"War Paint":12,"sneckomod:SneckoSoul":0,"Akabeko":8,"TungstenRod":16,"White Beast Statue":61}],"TungstenRod":57},"card_choices":[{"not_picked":["sneckomod:QuickBite","sneckomod:UnknownWeak"],"picked":"sneckomod:UnknownUncommonAttack","floor":2},{"not_picked":["sneckomod:UnknownCommonAttack","sneckomod:SoulDraw"],"picked":"sneckomod:UnknownClassRED","floor":3},{"not_picked":["sneckomod:UnknownClassGREEN","sneckomod:DiceBlock"],"picked":"sneckomod:ImprovisedAttack","floor":5},{"not_picked":["sneckomod:UnknownClassBLUE","sneckomod:QuickBite"],"picked":"sneckomod:QuickMove","floor":6},{"not_picked":["sneckomod:SerpentIdol","sneckomod:MasterEye"],"picked":"sneckomod:UnknownClassTHE_CHAMP_GRAY","floor":10},{"not_picked":["sneckomod:DiceBlock","sneckomod:QuickBite","sneckomod:SoulRoll"],"picked":"SKIP","floor":11},{"not_picked":["sneckomod:UnknownClassRED","sneckomod:UnknownCommonSkill","sneckomod:DiceBlock"],"picked":"SKIP","floor":12},{"not_picked":["sneckomod:DiceBlock","sneckomod:UnknownClassBLUE","sneckomod:SerpentIdol"],"picked":"SKIP","floor":14},{"not_picked":["sneckomod:UnknownClassGREEN","sneckomod:UnknownStrike"],"picked":"sneckomod:UnknownClassTHE_CHAMP_GRAY","floor":15},{"not_picked":["sneckomod:UnknownRareAttack","sneckomod:Mudshield"],"picked":"sneckomod:UnknownRarePower","floor":16},{"not_picked":["sneckomod:IronFang","sneckomod:Nope","sneckomod:DiceBlock+1"],"picked":"SKIP","floor":20},{"not_picked":["sneckomod:QuickBite","sneckomod:UnknownClassBLUE"],"picked":"sneckomod:Unknown1Cost+1","floor":21},{"not_picked":["sneckomod:UnknownVulnerable+1","sneckomod:UnknownClassTHE_CHAMP_GRAY+1"],"picked":"sneckomod:UnknownRareSkill+1","floor":22},{"not_picked":["sneckomod:UnknownClassRED","sneckomod:QuickBite","sneckomod:IronFang"],"picked":"SKIP","floor":22},{"not_picked":["sneckomod:UnknownClassBLUE+1","sneckomod:UnknownUncommonPower+1"],"picked":"sneckomod:UnknownEthereal+1","floor":23},{"not_picked":["sneckomod:UnknownBlock","sneckomod:SoulDraw","sneckomod:DiceCrush"],"picked":"SKIP","floor":23},{"not_picked":["sneckomod:UnknownWeak+1","sneckomod:UnknownX+1","sneckomod:UnknownUncommonSkill+1"],"picked":"SKIP","floor":26},{"not_picked":["sneckomod:WideSting+1","sneckomod:QuickBite","sneckomod:UnknownUncommonSkill"],"picked":"SKIP","floor":26},{"not_picked":["sneckomod:Unknown2Cost+1","sneckomod:UnknownUncommonAttack+1","sneckomod:UnknownClassTHE_CHAMP_GRAY+1"],"picked":"SKIP","floor":27},{"not_picked":["sneckomod:UnknownClassGUARDIAN","sneckomod:DefensiveFlair","sneckomod:Unknown1Cost+1"],"picked":"SKIP","floor":27},{"not_picked":["sneckomod:Unknown+1","sneckomod:UnknownStrike+1"],"picked":"sneckomod:UnknownBlock+1","floor":28},{"not_picked":["sneckomod:DiceBlock","sneckomod:UnknownClassSLIMEBOUND+1"],"picked":"sneckomod:SoulDraw+1","floor":28},{"not_picked":["sneckomod:DiceCrush+1","sneckomod:UnknownExhaust+1"],"picked":"sneckomod:SnakeSap","floor":29},{"not_picked":["sneckomod:Unknown2Cost+1","sneckomod:UnknownClassBLUE+1","sneckomod:Unknown+1"],"picked":"SKIP","floor":29},{"not_picked":["sneckomod:UnknownEthereal+1","sneckomod:UnknownDexterity+1"],"picked":"sneckomod:UnknownClassGUARDIAN+1","floor":30},{"not_picked":["sneckomod:Nope","sneckomod:SoulDraw"],"picked":"sneckomod:UnknownRareAttack","floor":30},{"not_picked":["sneckomod:RainOfDice","sneckomod:UnknownBlock","sneckomod:SoulDraw"],"picked":"SKIP","floor":32}],"player_experience":405061,"relics_obtained":[{"floor":3,"key":"Akabeko"},{"floor":7,"key":"War Paint"},{"floor":10,"key":"TungstenRod"},{"floor":24,"key":"PreservedInsect"},{"floor":27,"key":"White Beast Statue"}],"event_choices":[{"cards_removed":["sneckomod:Strike"],"damage_healed":0,"gold_gain":0,"player_choice":"Forget","damage_taken":0,"max_hp_gain":0,"max_hp_loss":0,"event_name":"Living Wall","floor":13,"gold_loss":0},{"damage_healed":0,"gold_gain":0,"player_choice":"Copied","damage_taken":0,"max_hp_gain":0,"max_hp_loss":0,"event_name":"Duplicator","floor":19,"gold_loss":0,"cards_obtained":["sneckomod:UnknownRarePower"]}],"is_beta":false,"boss_relics":[{"not_picked":["Pandora\u0027s Box","Velvet Choker"],"picked":"SlaversCollar"}],"items_purged_floors":[30],"is_endless":false,"potions_floor_spawned":[3,5,11,15,16,23,28,29,30,32],"killed_by":"downfall:Ironclad","ascension_level":0}}