{"host":"cjmwurvrz00ml9vd","time":1608493797,"event":{"mods":["2.2 Compatiblity","AchievementEnabler","Act Like it!","Aspiration","BaseMod","Beaked The Cultist","Better Third Choice","BetterRewards","Colored Powertips","Conspire","Downfall","Hermit","Hubris","Infinite Spire","Marisa????????","Marked Mod","Minty Spire (QoL Compilation)","Robot Space Explorer","StSLib","The Blackbeard","The Cursed","The Disciple","The Jungle","The Necromancer","The Servant 0.9.4","TheFirefly"],"gold_per_floor":[116,130,24,39,39,53,53,82,108,108,56,56,74,93,93,188,188,206,206,206,222,222,222,222],"floor_reached":23,"playtime":614,"items_purged":[],"score":258,"play_id":"7d16f87e-e2d9-4bef-9db4-051010cd4d37","local_time":"20201220204957","is_ascension_mode":true,"campfire_choices":[{"data":"Zap","floor":7,"key":"SMITH"},{"floor":10,"key":"REST"},{"floor":12,"key":"REST"},{"floor":15,"key":"REST"}],"circlet_count":0,"master_deck":["Strike_B","Strike_B","Strike_B","Strike_B","Defend_B","Defend_B","Defend_B","Zap+1","Dualcast","Gash","Scrape","Finesse","Streamline","Gash","Gash","Leap+1","Chill+1","hubris:Fate"],"relics":["Cracked Core","hubris:SlimyHat","Dream Catcher","Empty Cage","Shuriken","Potion Belt"],"acts_visited":["Exordium","TheCity"],"potions_floor_usage":[8,16,23],"damage_taken":[{"damage":1,"enemies":"Cultist","floor":1,"turns":4},{"damage":3,"enemies":"conspire:RoseBush","floor":2,"turns":3},{"damage":10,"enemies":"Small Slimes","floor":4,"turns":2},{"damage":9,"enemies":"Exordium Wildlife","floor":6,"turns":2},{"damage":38,"enemies":"Gremlin Nob","floor":8,"turns":5},{"damage":16,"enemies":"Lots of Slimes","floor":13,"turns":4},{"damage":6,"enemies":"Looter","floor":14,"turns":2},{"damage":58,"enemies":"The Guardian","floor":16,"turns":9},{"damage":32,"enemies":"2 Thieves","floor":18,"turns":4},{"damage":15,"enemies":"3 Byrds","floor":21,"turns":4},{"damage":27,"enemies":"Nightmare","floor":23,"turns":5}],"seed_played":"7632164304057760237","potions_obtained":[{"floor":2,"key":"Dexterity Potion"},{"floor":4,"key":"Ancient Potion"},{"floor":6,"key":"Guardian:BlockOnCardUsePotion"},{"floor":18,"key":"SpeedPotion"}],"is_trial":false,"path_per_floor":["M","M","$","M","?","M","R","E","T","R","$","R","M","M","R","B",null,"M","?","?","M","AVR","NM"],"character_chosen":"DEFECT","items_purchased":["Finesse","Streamline","Gash"],"campfire_rested":3,"item_purchase_floors":[3,3,11],"current_hp_per_floor":[74,71,71,61,61,52,52,14,14,38,38,62,46,40,64,6,63,31,31,31,16,16,0,0],"gold":222,"neow_bonus":"TEN_PERCENT_HP_BONUS","is_daily":false,"chose_seed":false,"campfire_upgraded":1,"win_rate":0.0,"timestamp":1608493797,"path_taken":["M","M","$","M","?","?","R","E","T","R","$","R","M","M","R","BOSS","M","?","?","?","AVR","NM"],"items_purchased_type":["Card","Card","Card"],"build_version":"2020-12-13","purchased_purges":0,"victory":false,"max_hp_per_floor":[82,82,82,82,82,82,82,82,82,82,82,82,82,82,82,82,82,82,82,82,82,82,82,82],"card_choices":[{"not_picked":["Steam","Sweeping Beam"],"picked":"Gash","floor":1},{"not_picked":["Gash","Cold Snap"],"picked":"Scrape","floor":2},{"not_picked":["Lockon","Coolheaded","Compile Driver"],"picked":"SKIP","floor":4},{"not_picked":["Barrage","Hologram","Blizzard"],"picked":"SKIP","floor":6},{"not_picked":["Barrage","hubris:DoWhile","Sweeping Beam"],"picked":"SKIP","floor":8},{"not_picked":["Ball Lightning","Auto Shields"],"picked":"Gash","floor":12},{"not_picked":["Go for the Eyes","Ball Lightning","Force Field"],"picked":"SKIP","floor":13},{"not_picked":["Coolheaded","Loop","Beam Cell"],"picked":"SKIP","floor":14},{"not_picked":["Turbo","Self Repair"],"picked":"Leap+1","floor":18},{"not_picked":["Compile Driver","Stack"],"picked":"Chill+1","floor":21}],"player_experience":626096,"relics_obtained":[{"floor":8,"key":"hubris:SlimyHat"},{"floor":9,"key":"Dream Catcher"}],"event_choices":[{"damage_healed":0,"gold_gain":0,"player_choice":"Cursed","damage_taken":0,"max_hp_gain":0,"max_hp_loss":0,"event_name":"Wheel of Change","floor":5,"gold_loss":0,"cards_obtained":["Decay"]},{"damage_healed":0,"gold_gain":0,"player_choice":"Gave Potion","damage_taken":0,"relics_obtained":["Shuriken"],"max_hp_gain":0,"max_hp_loss":0,"event_name":"WeMeetAgain","floor":20,"gold_loss":0}],"is_beta":false,"boss_relics":[{"not_picked":["aspiration:RunicSpoon","Busted Crown"],"picked":"Empty Cage"}],"items_purged_floors":[],"is_endless":false,"potions_floor_spawned":[2,4,6,18],"killed_by":"Nightmare","ascension_level":7}}