{"host":"y1gy3vaohdji07z5","time":1608480355,"event":{"mods":["BaseMod","Colored Map","Colored Powertips","Hermit","Minty Spire (QoL Compilation)","Random Character Button","Rare Cards Sparkle","StSLib"],"gold_per_floor":[112,127,127,127,127,168,192,211,211,240,240,252,252,262,262,369,378,397,397,410,429,448,448,465,465,465],"floor_reached":25,"playtime":1077,"items_purged":[],"score":334,"play_id":"7474e8f9-e2b2-49bd-9148-229e87a5d58c","local_time":"20201220170555","is_ascension_mode":true,"campfire_choices":[{"data":"Noxious Fumes","floor":11,"key":"SMITH"},{"data":"Catalyst","floor":13,"key":"SMITH"},{"data":"Deadly Poison","floor":15,"key":"SMITH"},{"floor":23,"key":"REST"}],"circlet_count":0,"master_deck":["Strike_G","Strike_G","Strike_G","Defend_G","Defend_G","Defend_G","Defend_G","Defend_G","Survivor","Neutralize","Noxious Fumes+1","Accuracy","Catalyst+1","Deadly Poison+1","Venomology","CurseOfTheBell","Poisoned Stab"],"relics":["Ring of the Snake","NeowsBlessing","CeramicFish","Dead Branch","Singing Bowl","Lantern","Calling Bell","Centennial Puzzle","Eternal Feather","Shovel"],"acts_visited":["Exordium","TheCity"],"potions_floor_usage":[10,18,18,20,20,22,22,22,22,24,25],"damage_taken":[{"damage":0,"enemies":"Small Slimes","floor":1,"turns":1},{"damage":0,"enemies":"2 Louse","floor":2,"turns":1},{"damage":0,"enemies":"Lagavulin","floor":6,"turns":1},{"damage":3,"enemies":"Jaw Worm","floor":7,"turns":5},{"damage":3,"enemies":"Large Slime","floor":8,"turns":7},{"damage":24,"enemies":"3 Sentries","floor":10,"turns":5},{"damage":0,"enemies":"Red Slaver","floor":12,"turns":4},{"damage":0,"enemies":"Exordium Wildlife","floor":14,"turns":3},{"damage":26,"enemies":"The Guardian","floor":16,"turns":8},{"damage":24,"enemies":"3 Byrds","floor":18,"turns":6},{"damage":15,"enemies":"2 Thieves","floor":20,"turns":5},{"damage":11,"enemies":"Centurion and Healer","floor":21,"turns":8},{"damage":8,"enemies":"3 Cultists","floor":22,"turns":6},{"damage":32,"enemies":"Snake Plant","floor":24,"turns":3},{"damage":15,"enemies":"Slavers","floor":25,"turns":1}],"seed_played":"-7764542382178860435","potions_obtained":[{"floor":6,"key":"LiquidMemories"},{"floor":8,"key":"Ancient Potion"},{"floor":12,"key":"GhostInAJar"},{"floor":16,"key":"ColorlessPotion"},{"floor":21,"key":"SpeedPotion"},{"floor":24,"key":"EssenceOfSteel"}],"is_trial":false,"path_per_floor":["M","M","?","?","?","E","M","M","T","E","R","M","R","M","R","B",null,"M","?","M","M","M","R","M","E"],"character_chosen":"THE_SILENT","items_purchased":[],"campfire_rested":1,"item_purchase_floors":[],"current_hp_per_floor":[70,70,70,63,56,56,53,50,50,28,28,30,30,32,32,6,59,37,37,24,15,7,40,10,0,0],"gold":465,"neow_bonus":"THREE_ENEMY_KILL","is_daily":false,"chose_seed":false,"campfire_upgraded":3,"win_rate":0.0,"timestamp":1608480355,"path_taken":["M","M","?","?","?","E","M","M","T","E","R","M","R","M","R","BOSS","M","?","M","M","M","R","M","E"],"items_purchased_type":[],"build_version":"2020-12-13","purchased_purges":0,"victory":false,"max_hp_per_floor":[70,70,70,70,70,70,70,70,70,72,72,74,74,76,76,76,76,78,78,80,82,82,82,84,84,84],"card_choices":[{"not_picked":["Flying Knee","Poisoned Stab"],"picked":"Noxious Fumes","floor":1},{"not_picked":["Dagger Spray","Setup"],"picked":"Accuracy","floor":2},{"not_picked":["Acrobatics","Crippling Poison"],"picked":"Catalyst","floor":6},{"not_picked":["Prepared","Flying Knee"],"picked":"Deadly Poison","floor":7},{"not_picked":["Quick Slash","Deflect","Cloak And Dagger"],"picked":"SKIP","floor":8},{"not_picked":["Prepared","Eviscerate","Deflect"],"picked":"Singing Bowl","floor":10},{"not_picked":["Dodge and Roll","Distraction","Deflect"],"picked":"Singing Bowl","floor":12},{"not_picked":["Masterful Stab","Accuracy","Slice"],"picked":"Singing Bowl","floor":14},{"not_picked":["Unload","Storm of Steel"],"picked":"Venomology","floor":16},{"not_picked":["Endless Agony","Concentrate","Flying Knee"],"picked":"Singing Bowl","floor":18},{"not_picked":["Sucker Punch","Finisher","Backstab"],"picked":"Singing Bowl","floor":20},{"not_picked":["Reflex","Riddle With Holes","Flechettes"],"picked":"Singing Bowl","floor":21},{"not_picked":["Slice+1","PiercingWail"],"picked":"Poisoned Stab","floor":22},{"not_picked":["Dodge and Roll","Deflect","Reflex"],"picked":"Singing Bowl","floor":24}],"player_experience":342077,"relics_obtained":[{"floor":6,"key":"Dead Branch"},{"floor":9,"key":"Singing Bowl"},{"floor":10,"key":"Lantern"},{"floor":17,"key":"Centennial Puzzle"},{"floor":17,"key":"Eternal Feather"},{"floor":17,"key":"Shovel"}],"event_choices":[{"cards_removed":["Strike_G"],"damage_healed":0,"gold_gain":0,"player_choice":"Forget","damage_taken":0,"max_hp_gain":0,"max_hp_loss":0,"event_name":"Living Wall","floor":3,"gold_loss":0},{"cards_removed":["Strike_G"],"damage_healed":0,"gold_gain":0,"player_choice":"Card Removal","damage_taken":7,"max_hp_gain":0,"max_hp_loss":0,"event_name":"Golden Wing","floor":4,"gold_loss":0},{"damage_healed":0,"gold_gain":0,"player_choice":"Success","damage_taken":7,"relics_obtained":["CeramicFish"],"max_hp_gain":0,"max_hp_loss":0,"event_name":"Scrap Ooze","floor":5,"gold_loss":0},{"damage_healed":0,"gold_gain":0,"player_choice":"Ignored","damage_taken":0,"max_hp_gain":0,"max_hp_loss":0,"event_name":"Vampires","floor":19,"gold_loss":0}],"is_beta":false,"boss_relics":[{"not_picked":["Snecko Eye","HoveringKite"],"picked":"Calling Bell"}],"items_purged_floors":[],"is_endless":false,"potions_floor_spawned":[6,8,12,16,21,24],"killed_by":"Slavers","ascension_level":5}}