{"host":"thn8o1tmql8xszd5","time":1608508230,"event":{"mods":["AchievementEnabler","BaseMod","Block Reminder","Colored Map","DeckTracker","Highlight Path","Minty Spire (QoL Compilation)","Permanent Neow","Quick Restart","Relic Stats","Robot Space Explorer","StSLib","The Blue Laboratory"],"gold_per_floor":[117,132,145,320,339,372,372,372,399,424,28,47,47,66,66,170,170,187,33,63,63,63,63,63,63],"floor_reached":24,"playtime":908,"items_purged":["Strike_R","Strike_R"],"score":286,"play_id":"833784c5-c069-4cd3-b006-6dc744fff33c","local_time":"20201220185030","is_ascension_mode":true,"campfire_choices":[{"data":"Armaments","floor":7,"key":"SMITH"},{"floor":13,"key":"REST"},{"data":"Offering","floor":15,"key":"SMITH"},{"floor":23,"key":"REST"}],"circlet_count":0,"master_deck":["Strike_R","Strike_R","Strike_R","Defend_R","Defend_R+1","Defend_R","Defend_R+1","Bash","Carnage","Armaments+1","Iron Wave","Wild Strike","Seeing Red","Offering+1","Intimidate+1","Second Wind+1","Juggernaut","Iron Wave+1","True Grit+1","Shrug It Off+1"],"relics":["Burning Blood","Calipers","Juzu Bracelet","Bag of Preparation","Orichalcum","Toxic Egg 2","Black Star","Red Mask","War Paint"],"acts_visited":["Exordium","TheCity"],"potions_floor_usage":[5,18,18,20],"damage_taken":[{"damage":1,"enemies":"Cultist","floor":1,"turns":4},{"damage":4,"enemies":"Small Slimes","floor":2,"turns":4},{"damage":7,"enemies":"Jaw Worm","floor":3,"turns":3},{"damage":5,"enemies":"Lots of Slimes","floor":5,"turns":2},{"damage":30,"enemies":"Gremlin Nob","floor":6,"turns":5},{"damage":21,"enemies":"3 Sentries","floor":10,"turns":9},{"damage":9,"enemies":"Red Slaver","floor":12,"turns":3},{"damage":3,"enemies":"Looter","floor":14,"turns":3},{"damage":30,"enemies":"The Guardian","floor":16,"turns":7},{"damage":22,"enemies":"2 Thieves","floor":18,"turns":3},{"damage":34,"enemies":"Masked Bandits","floor":20,"turns":5},{"damage":40,"enemies":"Gremlin Leader","floor":24,"turns":8}],"seed_played":"-8970359409260808703","potions_obtained":[{"floor":1,"key":"blueLaboratory:EnragingPotion"},{"floor":3,"key":"Explosive Potion"},{"floor":14,"key":"Weak Potion"},{"floor":16,"key":"Energy Potion"}],"is_trial":false,"path_per_floor":["M","M","M","?","M","E","R","?","T","E","$","M","R","M","R","B",null,"M","$","?","?","$","R","E"],"character_chosen":"IRONCLAD","items_purchased":["Offering","Toxic Egg 2","True Grit+1"],"campfire_rested":2,"item_purchase_floors":[11,11,19],"current_hp_per_floor":[72,72,71,71,72,48,48,48,48,33,33,30,51,54,54,30,62,46,46,18,18,18,39,0,0],"gold":63,"neow_bonus":"ONE_RARE_RELIC","is_daily":false,"chose_seed":false,"campfire_upgraded":2,"win_rate":0.0,"timestamp":1608508230,"path_taken":["M","M","?","?","M","E","R","?","T","E","$","M","R","M","R","BOSS","M","?","?","?","$","R","E"],"items_purchased_type":["Card","Relic","Card"],"build_version":"2020-12-13","purchased_purges":2,"victory":false,"max_hp_per_floor":[72,72,72,72,72,72,72,72,72,72,72,72,72,72,72,72,72,72,72,72,72,72,72,72,72],"relic_stats":{"counters":[12,56],"Juzu Bracelet":1,"Bag of Preparation":[14],"Black Star":0,"Orichalcum":[18],"War Paint":["Defend_R","Defend_R"],"obtain_stats":[{"Calipers":0,"Juzu Bracelet":6,"Bag of Preparation":9,"Black Star":17,"Red Mask":20,"Orichalcum":10,"Toxic Egg 2":11,"War Paint":21,"Burning Blood":0},{"Calipers":0,"Juzu Bracelet":5,"Bag of Preparation":5,"Black Star":9,"Red Mask":11,"Orichalcum":6,"Toxic Egg 2":6,"War Paint":11,"Burning Blood":0},{"Calipers":0,"Juzu Bracelet":18,"Bag of Preparation":18,"Black Star":40,"Red Mask":48,"Orichalcum":27,"Toxic Egg 2":27,"War Paint":48,"Burning Blood":0}],"Burning Blood":59},"card_choices":[{"not_picked":["Armaments","Perfected Strike"],"picked":"Carnage","floor":1},{"not_picked":["Flame Barrier","Perfected Strike"],"picked":"Armaments","floor":2},{"not_picked":["Armaments","Power Through"],"picked":"Iron Wave","floor":3},{"not_picked":["Armaments","Whirlwind"],"picked":"Wild Strike","floor":5},{"not_picked":["Bludgeon","Sword Boomerang","Blood for Blood"],"picked":"SKIP","floor":6},{"not_picked":["Thunderclap","Perfected Strike"],"picked":"Seeing Red","floor":10},{"not_picked":["Perfected Strike","Feel No Pain"],"picked":"Intimidate+1","floor":12},{"not_picked":["Body Slam","Headbutt"],"picked":"Second Wind+1","floor":14},{"not_picked":["Feed","Reaper"],"picked":"Juggernaut","floor":16},{"not_picked":["Metallicize","Evolve"],"picked":"Iron Wave+1","floor":18},{"not_picked":["Sword Boomerang","Perfected Strike"],"picked":"Shrug It Off+1","floor":20}],"player_experience":508603,"relics_obtained":[{"floor":6,"key":"Juzu Bracelet"},{"floor":9,"key":"Bag of Preparation"},{"floor":10,"key":"Orichalcum"},{"floor":20,"key":"Red Mask"}],"event_choices":[{"damage_healed":0,"gold_gain":175,"player_choice":"AGREE","damage_taken":0,"max_hp_gain":0,"max_hp_loss":0,"event_name":"Liars Game","floor":4,"gold_loss":0,"cards_obtained":["Doubt"]},{"cards_removed":["Doubt"],"damage_healed":0,"gold_gain":0,"player_choice":"Purged","damage_taken":0,"max_hp_gain":0,"max_hp_loss":0,"event_name":"Purifier","floor":8,"gold_loss":0},{"damage_healed":0,"gold_gain":0,"player_choice":"Fought Bandits","damage_taken":0,"max_hp_gain":0,"max_hp_loss":0,"event_name":"Masked Bandits","floor":20,"gold_loss":0},{"damage_healed":0,"gold_gain":0,"player_choice":"Opened","damage_taken":0,"relics_obtained":["War Paint"],"max_hp_gain":0,"max_hp_loss":0,"event_name":"The Mausoleum","floor":21,"gold_loss":0}],"is_beta":false,"boss_relics":[{"not_picked":["Coffee Dripper","SacredBark"],"picked":"Black Star"}],"items_purged_floors":[11,19],"is_endless":false,"potions_floor_spawned":[1,3,14,16],"killed_by":"Gremlin Leader","ascension_level":8}}