{"host":"xb2tau8pgi8aflss","time":1608470472,"event":{"mods":["AchievementEnabler","BaseMod","Minty Spire (QoL Compilation)","StSLib","SuperFastMode"],"gold_per_floor":[111,121,121,140,154,154,183,183,210,238,95,72,107,120,120,120,120],"floor_reached":16,"playtime":392,"items_purged":["Strike_B"],"score":181,"play_id":"653e06cf-4e8f-4de0-bf9b-c94f90cfdc96","local_time":"20201220222112","is_ascension_mode":true,"campfire_choices":[{"data":"Biased Cognition","floor":6,"key":"SMITH"},{"data":"Conserve Battery","floor":8,"key":"SMITH"},{"data":"Conserve Battery","floor":15,"key":"SMITH"}],"circlet_count":0,"master_deck":["Strike_B+1","Strike_B+1","Defend_B","Defend_B","Defend_B","Zap","Dualcast","Biased Cognition+1","Electrodynamics+1","Cold Snap","Defragment","BootSequence","Conserve Battery+1","Machine Learning","Static Discharge","Conserve Battery+1","Cold Snap","Heatsinks"],"relics":["Cracked Core","Whetstone","Oddly Smooth Stone","Boot","Lantern"],"acts_visited":["Exordium"],"potions_floor_usage":[16,16],"damage_taken":[{"damage":2,"enemies":"2 Louse","floor":1,"turns":2},{"damage":0,"enemies":"Cultist","floor":2,"turns":2},{"damage":0,"enemies":"Small Slimes","floor":4,"turns":1},{"damage":4,"enemies":"Exordium Thugs","floor":5,"turns":4},{"damage":20,"enemies":"Lagavulin","floor":7,"turns":3},{"damage":0,"enemies":"3 Sentries","floor":10,"turns":2},{"damage":20,"enemies":"Lagavulin","floor":13,"turns":4},{"damage":0,"enemies":"3 Louse","floor":14,"turns":1},{"damage":28,"enemies":"Hexaghost","floor":16,"turns":14}],"seed_played":"-1662031796069016015","potions_obtained":[{"floor":2,"key":"SkillPotion"},{"floor":5,"key":"Strength Potion"},{"floor":10,"key":"SpeedPotion"}],"is_trial":false,"path_per_floor":["M","M","?","M","M","R","E","R","T","E","$","$","E","M","R","B"],"character_chosen":"DEFECT","items_purchased":["Static Discharge","Conserve Battery"],"campfire_rested":0,"item_purchase_floors":[11,12],"current_hp_per_floor":[66,66,66,66,62,62,42,42,42,42,42,42,22,22,22,0,0],"gold":120,"neow_bonus":"TRANSFORM_TWO_CARDS","is_daily":false,"chose_seed":false,"campfire_upgraded":3,"win_rate":0.0,"timestamp":1608470472,"path_taken":["M","M","?","M","?","R","E","R","T","E","?","$","E","M","R","BOSS"],"items_purchased_type":["Card","Card"],"build_version":"2020-12-13","purchased_purges":1,"victory":false,"max_hp_per_floor":[68,68,68,68,68,68,68,68,68,68,68,68,68,68,68,68,68],"card_choices":[{"not_picked":["Scrape","Reinforced Body"],"picked":"Cold Snap","floor":1},{"not_picked":["Turbo","Go for the Eyes"],"picked":"Defragment","floor":2},{"not_picked":["Leap","Gash"],"picked":"BootSequence","floor":4},{"not_picked":["Hello World","Redo","Leap"],"picked":"SKIP","floor":5},{"not_picked":["Steam","Double Energy"],"picked":"Conserve Battery","floor":7},{"not_picked":["Stack","Heatsinks"],"picked":"Machine Learning","floor":10},{"not_picked":["Reinforced Body","Rebound"],"picked":"Cold Snap","floor":13},{"not_picked":["Gash","Cold Snap"],"picked":"Heatsinks","floor":14}],"player_experience":720137,"relics_obtained":[{"floor":7,"key":"Whetstone"},{"floor":9,"key":"Oddly Smooth Stone"},{"floor":10,"key":"Boot"},{"floor":13,"key":"Lantern"}],"event_choices":[{"damage_healed":0,"gold_gain":0,"player_choice":"Upgraded","damage_taken":0,"max_hp_gain":0,"max_hp_loss":0,"event_name":"Upgrade Shrine","floor":3,"gold_loss":0,"cards_upgraded":["Electrodynamics"]}],"is_beta":false,"boss_relics":[],"items_purged_floors":[11],"is_endless":false,"potions_floor_spawned":[2,5,10],"killed_by":"Hexaghost","ascension_level":5}}