{"host":"Kdaddybrian","time":1608434625,"event":{"mods":["AchievementEnabler","BaseMod","Bestiary","Colored Powertips","Minty Spire (QoL Compilation)","Potion Indicator Mod","Quick Restart","Rare Cards Sparkle","Relic Stats","StSLib","Uncapped"],"gold_per_floor":[16,28,28,38,53,82,82,82,82],"floor_reached":8,"playtime":487,"items_purged":[],"score":87,"play_id":"f59a43e9-0adb-4e73-8028-622894c599f0","local_time":"20201219222345","is_ascension_mode":true,"campfire_choices":[{"floor":7,"key":"REST"}],"circlet_count":0,"master_deck":["AscendersBane","Strike_G","Strike_G","Strike_G","Strike_G","Strike_G","Defend_G","Defend_G","Defend_G","Defend_G","Defend_G","Survivor","Neutralize","Bullet Time","Masterful Stab","Deadly Poison","Skewer","Dagger Spray","Poisoned Stab"],"relics":["Ring of the Snake","Gremlin Horn","Ancient Tea Set"],"acts_visited":["Exordium"],"potions_floor_usage":[6],"damage_taken":[{"damage":6,"enemies":"Jaw Worm","floor":1,"turns":5},{"damage":0,"enemies":"Cultist","floor":2,"turns":3},{"damage":2,"enemies":"Small Slimes","floor":4,"turns":4},{"damage":13,"enemies":"2 Fungi Beasts","floor":5,"turns":4},{"damage":36,"enemies":"Gremlin Nob","floor":6,"turns":5},{"damage":32,"enemies":"3 Sentries","floor":8,"turns":7}],"seed_played":"-1436853424532059528","potions_obtained":[{"floor":4,"key":"LiquidMemories"}],"is_trial":false,"path_per_floor":["M","M","?","M","M","E","R","E"],"character_chosen":"THE_SILENT","items_purchased":[],"campfire_rested":1,"item_purchase_floors":[],"current_hp_per_floor":[57,57,57,55,42,6,27,0,0],"gold":82,"neow_bonus":"THREE_RARE_CARDS","is_daily":false,"chose_seed":false,"campfire_upgraded":0,"win_rate":0.0,"timestamp":1608434625,"path_taken":["M","M","?","M","M","E","R","E"],"items_purchased_type":[],"build_version":"2020-12-18","purchased_purges":0,"victory":false,"max_hp_per_floor":[70,70,70,70,70,70,70,70,70],"relic_stats":{"Gremlin Horn":[3,4],"counters":[6,28],"obtain_stats":[{"Gremlin Horn":3,"Ancient Tea Set":6,"Ring of the Snake":0},{"Gremlin Horn":2,"Ancient Tea Set":5,"Ring of the Snake":0},{"Gremlin Horn":8,"Ancient Tea Set":21,"Ring of the Snake":0}],"Ring of the Snake":[12]},"card_choices":[{"not_picked":["Unload","Doppelganger"],"picked":"Bullet Time","floor":0},{"not_picked":["Slice","Dodge and Roll"],"picked":"Masterful Stab","floor":1},{"not_picked":["Slice","Escape Plan"],"picked":"Deadly Poison","floor":2},{"not_picked":["Dagger Throw","Deflect"],"picked":"Skewer","floor":4},{"not_picked":["Footwork","Prepared"],"picked":"Dagger Spray","floor":5},{"not_picked":["Flying Knee","Slice"],"picked":"Poisoned Stab","floor":6}],"player_experience":2879378,"relics_obtained":[{"floor":3,"key":"Gremlin Horn"},{"floor":6,"key":"Ancient Tea Set"}],"event_choices":[{"damage_healed":0,"gold_gain":0,"player_choice":"Relic","damage_taken":0,"max_hp_gain":0,"max_hp_loss":0,"event_name":"Wheel of Change","floor":3,"gold_loss":0}],"is_beta":true,"boss_relics":[],"items_purged_floors":[],"is_endless":false,"potions_floor_spawned":[4],"killed_by":"3 Sentries","ascension_level":10}}