{"host":"ic2t2jxz7s3jvs1m","time":1608477909,"event":{"mods":["AchievementEnabler","Aspiration","BaseMod","Better Third Choice","Block Reminder","Colored Map","Conspire","Curses Come First","Downfall","Energized Spire","Halation","Hubris","Jess\u0027s Bottle","Minty Spire (QoL Compilation)","Relic Stats","Replay The Spire","SacredBarkPlus","Small Relic Pack","StSLib","The Blue Laboratory","Trackpad","Transform Curses","Uncapped","vexMod"],"gold_per_floor":[112,131,143,154,154,39,57,77,104,104,104,104,120,130,160,170,170,270,270,283,283,302,302,302,302,330,330,330,343,343,343,343,343],"floor_reached":32,"playtime":3232,"items_purged":[],"score":289,"play_id":"e9ae0828-cc7e-4197-9c0b-89bf55b9ffb1","local_time":"20201220092509","is_ascension_mode":false,"campfire_choices":[{"floor":17,"key":"REST"},{"floor":25,"key":"REST"},{"floor":30,"key":"REST"}],"circlet_count":0,"master_deck":["Strike_R","Strike_R","Strike_R","Strike_R","Defend_R","Defend_R","Defend_R","Defend_R","Bash","Rage","Twin Strike","hubris:ReadiedAction","Run Through","Warcry","expansioncontent:Flail","True Grit","Flex","hexamod:Strike","Clothesline","hubris:ReadiedAction","Demon Form","Body Slam","ReplayReversal","Power Through","Juggernaut","Ghostly Armor","Evolve"],"relics":["Burning Blood","relicPack:OneForAll","Replay:Rubber Ducky","Juzu Bracelet","hubris:Backtick","Ice Cream","vexMod:BarristanHead","Pocketwatch","betterThird:NestCultRelic","hubris:Reverence","hubris:BottledHeart"],"acts_visited":["Exordium","TheCity"],"potions_floor_usage":[15,26,32,32],"damage_taken":[{"damage":5,"enemies":"Cultist","floor":1,"turns":4},{"damage":0,"enemies":"2 Louse","floor":2,"turns":3},{"damage":0,"enemies":"Jaw Worm","floor":3,"turns":3},{"damage":9,"enemies":"Blue Slaver","floor":4,"turns":5},{"damage":13,"enemies":"Red Slaver","floor":7,"turns":3},{"damage":10,"enemies":"Looter","floor":8,"turns":4},{"damage":11,"enemies":"Gremlin Gang","floor":13,"turns":5},{"damage":15,"enemies":"Exordium Thugs","floor":14,"turns":3},{"damage":0,"enemies":"Gremlin Nob","floor":15,"turns":6},{"damage":9,"enemies":"2 Fungi Beasts","floor":16,"turns":3},{"damage":50,"enemies":"The Guardian","floor":18,"turns":11},{"damage":33,"enemies":"3 Byrds","floor":20,"turns":5},{"damage":11,"enemies":"Spheric Guardian","floor":22,"turns":4},{"damage":74,"enemies":"Slavers","floor":26,"turns":7},{"damage":1,"enemies":"Snake Plant","floor":29,"turns":5},{"damage":8,"enemies":"Book of Stabbing","floor":32,"turns":7}],"seed_played":"597304711826594812","potions_obtained":[{"floor":3,"key":"blueLaboratory:FrostheartPotion"},{"floor":7,"key":"blueLaboratory:NullPotion"},{"floor":8,"key":"FairyPotion"},{"floor":18,"key":"Regen Potion"},{"floor":22,"key":"Weak Potion"},{"floor":26,"key":"blueLaboratory:StoneskinPotion"},{"floor":29,"key":"Explosive Potion"}],"is_trial":false,"path_per_floor":["M","M","M","M","?","$","M","M","T","?","PTL","PTL","M","M","E","M","R_BF","B",null,"M","?","M","T","?","R","E","?","T","M","R","?","E"],"character_chosen":"IRONCLAD","items_purchased":["Warcry","expansioncontent:Flail"],"campfire_rested":3,"item_purchase_floors":[6,6],"current_hp_per_floor":[88,88,88,85,85,85,78,74,74,74,74,74,69,60,66,63,88,44,88,61,61,56,56,56,82,26,26,26,31,57,1,0,0],"gold":343,"neow_bonus":"TEN_PERCENT_HP_BONUS","is_daily":false,"chose_seed":false,"campfire_upgraded":0,"win_rate":0.0,"timestamp":1608477909,"path_taken":["M","?","M","M","?","?","M","?","T","?","PTL","PTL","M","M","E","M","R_BF","BOSS","M","?","M","?","?","R","E","?","T","M","R","?","E"],"items_purchased_type":["Card","Card"],"build_version":"2020-12-13","purchased_purges":0,"victory":false,"max_hp_per_floor":[88,88,88,88,88,88,88,88,88,88,88,88,88,88,88,88,88,88,88,88,88,88,88,88,88,88,88,88,88,88,1,1,1],"relic_stats":{"counters":[16,78],"Juzu Bracelet":2,"obtain_stats":[{"relicPack:OneForAll":5,"Ice Cream":19,"hubris:Backtick":19,"vexMod:BarristanHead":23,"hubris:BottledHeart":31,"betterThird:NestCultRelic":27,"Juzu Bracelet":15,"halation:StarCompass":24,"Burning Blood":0,"Replay:Rubber Ducky":9,"Pocketwatch":26,"hubris:Reverence":28},{"relicPack:OneForAll":4,"Ice Cream":11,"hubris:Backtick":11,"vexMod:BarristanHead":13,"hubris:BottledHeart":15,"betterThird:NestCultRelic":14,"Juzu Bracelet":9,"halation:StarCompass":13,"Burning Blood":0,"Replay:Rubber Ducky":6,"Pocketwatch":14,"hubris:Reverence":14},{"relicPack:OneForAll":15,"Ice Cream":50,"hubris:Backtick":50,"vexMod:BarristanHead":59,"hubris:BottledHeart":71,"betterThird:NestCultRelic":66,"Juzu Bracelet":36,"halation:StarCompass":59,"Burning Blood":0,"Replay:Rubber Ducky":22,"Pocketwatch":66,"hubris:Reverence":66}],"Burning Blood":77,"Pocketwatch":[12]},"card_choices":[{"not_picked":["Body Slam","Twin Strike"],"picked":"Rage","floor":1},{"not_picked":["Headbutt","Burning Pact"],"picked":"Twin Strike","floor":2},{"not_picked":["Iron Wave","Pommel Strike"],"picked":"hubris:ReadiedAction","floor":3},{"not_picked":["Clash","Bloodletting"],"picked":"Run Through","floor":4},{"not_picked":["conspire:Purge","Thunderclap"],"picked":"True Grit","floor":7},{"not_picked":["Cleave","Havoc"],"picked":"Flex","floor":8},{"not_picked":["Blood for Blood","Twin Strike"],"picked":"Clothesline","floor":13},{"not_picked":["Clash","True Grit"],"picked":"hubris:ReadiedAction","floor":14},{"not_picked":["ReplayTheSpireMod:Strike From Hell","Anger"],"picked":"Demon Form","floor":15},{"not_picked":["Wild Strike","Feel No Pain"],"picked":"Body Slam","floor":16},{"not_picked":["hubris:StunningStrike","Hemogenesis"],"picked":"Berserk","floor":18},{"not_picked":["Flex","Sword Boomerang"],"picked":"ReplayReversal","floor":20},{"not_picked":["Headbutt","Clash"],"picked":"Juggernaut","floor":22},{"not_picked":["Headbutt","Warcry+1"],"picked":"Ghostly Armor","floor":26},{"not_picked":["Ghostly Armor+1","Rage"],"picked":"Evolve","floor":29}],"player_experience":222531,"relics_obtained":[{"floor":9,"key":"Replay:Rubber Ducky"},{"floor":15,"key":"Juzu Bracelet"},{"floor":23,"key":"vexMod:BarristanHead"},{"floor":26,"key":"Pocketwatch"},{"floor":28,"key":"hubris:Reverence"}],"event_choices":[{"cards_removed":["Strike_R"],"damage_healed":0,"gold_gain":0,"player_choice":"Took Card","damage_taken":0,"max_hp_gain":0,"max_hp_loss":0,"event_name":"NoteForYourself","floor":10,"gold_loss":0,"cards_obtained":["hexamod:Strike"]},{"damage_healed":0,"gold_gain":0,"cards_transformed":["Berserk"],"player_choice":"Transformed","damage_taken":0,"max_hp_gain":0,"max_hp_loss":0,"event_name":"Transmorgrifier","floor":21,"gold_loss":0,"cards_obtained":["Power Through"]},{"damage_healed":0,"gold_gain":0,"player_choice":"Madness","damage_taken":0,"relics_obtained":["betterThird:NestCultRelic"],"max_hp_gain":0,"max_hp_loss":0,"event_name":"betterThird:BetterNest","floor":27,"gold_loss":0}],"is_beta":false,"boss_relics":[{"not_picked":["energizedSpire:EnergizedDie","hubris:BlackHole"],"picked":"hubris:Backtick"}],"items_purged_floors":[],"is_endless":false,"potions_floor_spawned":[3,7,8,18,22,26,29],"killed_by":"Book of Stabbing","ascension_level":0}}