{"host":"rcanb95qz4o6v6pp","time":1608437287,"event":{"mods":["AchievementEnabler","BaseMod","Better Third Choice","BetterRewards","Colored Map","Downfall","Googly Eyes","Hermit","Infinite Spire","Minty Spire (QoL Compilation)","Replay The Spire","Spicy Shops","StSLib","The Blue Laboratory"],"gold_per_floor":[114,114,133,133,152,152,190,190,215,253,272,310,310,310,310,435,435,454,3,3,3,22,60,60,79,79,29,29,29,67,67,67,192,192,211,236,299,299,16,54,54,92,92,17,17,17,36,55,55,55],"floor_reached":51,"playtime":6591,"items_purged":["Normality"],"score":855,"play_id":"c1fa26b5-68f4-49c0-9046-c9031adce0d5","local_time":"20201219230807","daily_mods":["Draft","Purple Cards","downfall:Hexed"],"is_ascension_mode":false,"campfire_choices":[{"data":"Guardian:WalkerClaw","floor":6,"key":"SMITH"},{"floor":13,"key":"REST"},{"floor":15,"key":"REST"},{"floor":24,"key":"REST"},{"floor":49,"key":"REST"}],"circlet_count":0,"master_deck":["Guardian:WalkerClaw+1","Guardian:DonusPower","Guardian:FuturePlans","ThirdEye","Guardian:Orbwalk","Guardian:RollAttack","JustLucky","Guardian:RollAttack","Guardian:CrystalBeam+1","Guardian:TemporalShield","Guardian:GuardianWhirl","Guardian:WalkerClaw","FlyingSleeves+1","CutThroughFate","Pray","Guardian:RefractedBeam","Guardian:WalkerClaw","Guardian:PrismaticBarrier","DevaForm+1","Guardian:TemporalShield+1","Alpha+1","BattleHymn","Guardian:ChargeCore","Insight","Guardian:PrismaticBarrier","Guardian:VentSteam","FollowUp+1","CrushJoints","Omniscience+1","Guardian:Clone","BattleHymn","Guardian:Gem_Lightblue","infinitespire:Starlight","Guardian:ArmoredProtocol+1","Swivel+1","Guardian:TemporalShield+1"],"relics":["Guardian:ModeShifter","Velvet Choker","Golden Idol","Ring of Misfortune","Ring of Hypnosis","Guardian:PickAxe","hexamod:BolsterEngine","Gremlin Food","infinitespire:FocusingShard","Honey Jar","Guide Book","Lantern","StrikeDummy","Chameleon Ring","ReplayFunnel","Snack Pack","Snecko Heart","Juzu Bracelet","Dead Branch","Blood Vial","Guardian:StasisUpgradeRelic","Ancient Tea Set","Replay:Bottled Flurry","Pet Ghost","Dream Catcher"],"acts_visited":["Exordium","TheCity","TheBeyond"],"potions_floor_usage":[25,25,30,30,33,33,33,47,50],"damage_taken":[{"damage":7,"enemies":"Small Slimes","floor":1,"turns":2},{"damage":6,"enemies":"2 Louse","floor":3,"turns":3},{"damage":9,"enemies":"Jaw Worm","floor":5,"turns":2},{"damage":5,"enemies":"Replay:BlueRogue","floor":7,"turns":4},{"damage":16,"enemies":"Lagavulin","floor":10,"turns":4},{"damage":11,"enemies":"Gremlin Gang","floor":11,"turns":3},{"damage":5,"enemies":"Gremlin Nob","floor":12,"turns":3},{"damage":16,"enemies":"Hexaghost","floor":16,"turns":7},{"damage":3,"enemies":"Shell Parasite","floor":18,"turns":5},{"damage":16,"enemies":"3 Byrds","floor":22,"turns":4},{"damage":18,"enemies":"Book of Stabbing","floor":23,"turns":5},{"damage":0,"enemies":"Centurion and Healer","floor":25,"turns":5},{"damage":16,"enemies":"Slavers","floor":30,"turns":4},{"damage":26,"enemies":"Automaton","floor":33,"turns":6},{"damage":26,"enemies":"3 Shapes","floor":35,"turns":3},{"damage":0,"enemies":"Mind Bloom Boss Battle","floor":37,"turns":4},{"damage":0,"enemies":"R_Hoarder","floor":40,"turns":7},{"damage":18,"enemies":"Giant Head","floor":42,"turns":7},{"damage":15,"enemies":"3 Darklings","floor":47,"turns":5},{"damage":30,"enemies":"4 Shapes","floor":48,"turns":3},{"damage":26,"enemies":"Awakened One","floor":50,"turns":8}],"seed_played":"4005297234989847306","potions_obtained":[{"floor":1,"key":"SpeedPotion"},{"floor":5,"key":"Guardian:DefensiveModePotion"},{"floor":10,"key":"Weak Potion"},{"floor":23,"key":"LifebloodPotion"},{"floor":25,"key":"Energy Potion"},{"floor":32,"key":"blueLaboratory:HeartbeatPotion"},{"floor":32,"key":"blueLaboratory:ForbiddenFruitJuice"},{"floor":40,"key":"Energy Potion"},{"floor":47,"key":"blueLaboratory:NullPotion"},{"floor":48,"key":"Adrenaline Potion"}],"is_trial":false,"path_per_floor":["M","?","M","?","M","R","E","R","T","E","M","E","R","?","R","B",null,"M","$","?","?","M","E","R","M","T","$","R","$","E","?","R_BF","B",null,"M","T","?","?","$","E","?","E","T","$","?","?","M","M","R","B",null],"character_chosen":"GUARDIAN","items_purchased":["Alpha","BattleHymn","Guide Book","Lantern","Guardian:ChargeCore","Strength Potion","Blood Vial","Guardian:StasisUpgradeRelic","BattleHymn","Dream Catcher"],"campfire_rested":4,"item_purchase_floors":[19,19,19,19,19,27,39,39,39,44],"current_hp_per_floor":[73,53,47,47,38,38,33,33,33,17,6,1,25,25,49,33,80,77,77,77,77,61,43,67,67,67,67,67,67,51,51,51,59,75,51,51,55,55,55,65,47,53,53,53,85,85,72,46,71,67],"gold":55,"neow_bonus":"","is_daily":true,"chose_seed":false,"campfire_upgraded":1,"win_rate":0.0,"timestamp":1608437287,"path_taken":["M","?","M","?","?","R","E","R","T","E","?","E","R","?","R","BOSS","M","?","?","?","?","E","R","M","T","$","R","?","E","?","R_BF","BOSS","M","?","?","?","$","E","?","E","T","?","?","?","M","M","R","BOSS"],"items_purchased_type":["Card","Card","Relic","Relic","Card","Potion","Relic","Relic","Card","Relic"],"build_version":"2020-12-13","purchased_purges":1,"victory":true,"max_hp_per_floor":[80,80,80,80,80,80,80,80,80,80,80,80,80,80,80,80,80,80,80,80,80,80,80,80,80,80,80,80,80,80,80,80,75,75,75,75,75,75,75,75,75,75,75,75,85,85,85,85,85,85],"card_choices":[{"not_picked":["Guardian:Gem_Cyan","CutThroughFate"],"picked":"Guardian:WalkerClaw","floor":0},{"not_picked":["Halt","Guardian:PrimingBeam"],"picked":"Guardian:Gem_White","floor":0},{"not_picked":["JustLucky","Crescendo"],"picked":"Guardian:DonusPower","floor":0},{"not_picked":["Weave","CrushJoints"],"picked":"Guardian:FuturePlans","floor":0},{"not_picked":["Crescendo","Guardian:RollAttack"],"picked":"ThirdEye","floor":0},{"not_picked":["Meditate","Guardian:Recover"],"picked":"Guardian:Orbwalk","floor":0},{"not_picked":["FlurryOfBlows","Replay:Cycle"],"picked":"Guardian:RollAttack","floor":0},{"not_picked":["FollowUp","Replay:AtTheReady"],"picked":"JustLucky","floor":0},{"not_picked":["SashWhip","WaveOfTheHand"],"picked":"Guardian:RollAttack","floor":0},{"not_picked":["CrushJoints","EmptyBody"],"picked":"Guardian:CrystalBeam","floor":0},{"not_picked":["Replay:Vibes","CrushJoints"],"picked":"Guardian:TemporalShield","floor":0},{"not_picked":["Guardian:ShieldCharger","Prostrate"],"picked":"Guardian:GuardianWhirl","floor":0},{"not_picked":["EmptyFist","Replay:AtTheReady"],"picked":"Guardian:WalkerClaw","floor":0},{"not_picked":["JustLucky","FollowUp"],"picked":"FlyingSleeves","floor":0},{"not_picked":["Halt","BowlingBash"],"picked":"CutThroughFate","floor":0},{"not_picked":["Guardian:DonusPower","Guardian:WalkerClaw"],"picked":"Pray","floor":1},{"not_picked":["Wireheading","Pray"],"picked":"Guardian:Gem_Red","floor":3},{"not_picked":["Vengeance","CrushJoints"],"picked":"Guardian:RefractedBeam","floor":5},{"not_picked":["Guardian:PrimingBeam","Guardian:FloatingOrbs"],"picked":"Guardian:WalkerClaw","floor":7},{"not_picked":["Evaluate","Guardian:Clone"],"picked":"Guardian:RevengeProtocol","floor":10},{"not_picked":["Wallop","Evaluate"],"picked":"Guardian:Gem_Green","floor":11},{"not_picked":["Guardian:Gem_Lightblue","Halt"],"picked":"Guardian:PrismaticBarrier","floor":12},{"not_picked":["Guardian:TimeSifter","Replay:AllIn"],"picked":"DevaForm","floor":16},{"not_picked":["Replay:Cycle","Pray","EmptyFist"],"picked":"Guardian:TemporalShield+1","floor":18},{"not_picked":["EmptyFist","Perseverance+1","CutThroughFate"],"picked":"Guardian:PrismaticBarrier","floor":22},{"not_picked":["BattleHymn","Perseverance","FearNoEvil"],"picked":"Guardian:VentSteam","floor":23},{"not_picked":["Guardian:PolyBeam","ForeignInfluence","Study"],"picked":"FollowUp+1","floor":25},{"not_picked":["Replay:Hum+1","Guardian:Planning+1","Guardian:ChargeCore"],"picked":"CrushJoints","floor":30},{"not_picked":["Guardian:GemFire","Guardian:RevengeProtocol","Guardian:CompilePackage"],"picked":"Omniscience","floor":33},{"not_picked":["Guardian:Gem_Green","Consecrate","EmptyBody"],"picked":"Guardian:Clone","floor":35},{"not_picked":["Guardian:Harden","InnerPeace","Weave+1"],"picked":"Guardian:Gem_Lightblue","floor":40},{"not_picked":["infinitespire:Menacing","infinitespire:Execution"],"picked":"infinitespire:Starlight","floor":41},{"not_picked":["Judgement","FlurryOfBlows","ForeignInfluence"],"picked":"Guardian:ArmoredProtocol+1","floor":42},{"not_picked":["ClearTheMind+1","FlurryOfBlows+1","Guardian:Suspension+1","Guardian:Planning+1"],"picked":"SKIP","floor":47},{"not_picked":["Blasphemy","Guardian:TemporalStrike","FollowUp"],"picked":"Swivel+1","floor":48},{"not_picked":["Guardian:Incinerate+1","Swivel+1","Guardian:Gem_Lightblue"],"picked":"Guardian:TemporalShield+1","floor":49}],"player_experience":1830334,"relics_obtained":[{"floor":4,"key":"Ring of Misfortune"},{"floor":4,"key":"Ring of Hypnosis"},{"floor":7,"key":"Guardian:PickAxe"},{"floor":9,"key":"hexamod:BolsterEngine"},{"floor":10,"key":"Gremlin Food"},{"floor":12,"key":"infinitespire:FocusingShard"},{"floor":23,"key":"StrikeDummy"},{"floor":26,"key":"Chameleon Ring"},{"floor":30,"key":"ReplayFunnel"},{"floor":36,"key":"Juzu Bracelet"},{"floor":37,"key":"Dead Branch"},{"floor":40,"key":"Ancient Tea Set"},{"floor":42,"key":"Replay:Bottled Flurry"},{"floor":43,"key":"Pet Ghost"}],"event_choices":[{"damage_healed":0,"gold_gain":0,"player_choice":"Take Damage","damage_taken":20,"relics_obtained":["Golden Idol"],"max_hp_gain":0,"max_hp_loss":0,"event_name":"Golden Idol","floor":2,"gold_loss":0},{"damage_healed":0,"gold_gain":0,"player_choice":"Got Potions","damage_taken":0,"max_hp_gain":0,"max_hp_loss":0,"event_name":"Lab","floor":14,"gold_loss":0},{"damage_healed":0,"gold_gain":0,"player_choice":"Insight","damage_taken":0,"max_hp_gain":0,"max_hp_loss":0,"event_name":"betterThird:BetterWriting","floor":20,"gold_loss":0,"cards_obtained":["Insight"]},{"cards_removed":["Guardian:Gem_Synthetic"],"damage_healed":0,"gold_gain":0,"player_choice":"Gave Card","damage_taken":0,"relics_obtained":["Snack Pack"],"max_hp_gain":0,"max_hp_loss":0,"event_name":"WeMeetAgain","floor":31,"gold_loss":0},{"damage_healed":0,"gold_gain":0,"player_choice":"Fight","damage_taken":0,"max_hp_gain":0,"max_hp_loss":0,"event_name":"MindBloom","floor":37,"gold_loss":0},{"cards_removed":["Guardian:RevengeProtocol"],"damage_healed":22,"gold_gain":0,"player_choice":"Offered Rare","damage_taken":0,"max_hp_gain":10,"max_hp_loss":0,"event_name":"Bonfire Elementals","floor":45,"gold_loss":0},{"cards_removed":["Clumsy","Hallucinations"],"damage_healed":0,"gold_gain":0,"player_choice":"Removed Curses","damage_taken":0,"max_hp_gain":0,"max_hp_loss":0,"event_name":"Fountain of Cleansing","floor":46,"gold_loss":0}],"is_beta":false,"boss_relics":[{"not_picked":["infinitespire:Cupcake","Coffee Dripper"],"picked":"Honey Jar"},{"not_picked":["expansioncontent:StudyCardRelic","Philosopher\u0027s Stone"],"picked":"Snecko Heart"}],"items_purged_floors":[19],"is_endless":false,"potions_floor_spawned":[1,5,10,23,25,40,47,48],"ascension_level":0}}