{"host":"rolltorest","time":1608444876,"event":{"mods":["BaseMod","Minty Spire (QoL Compilation)","StSLib"],"gold_per_floor":[118,135,60,210,229,229,263,338,420,420,420],"floor_reached":10,"playtime":337,"items_purged":[],"score":132,"play_id":"c6735974-7972-4683-bdfa-385cfb38ebc1","local_time":"20201219221436","is_ascension_mode":true,"campfire_choices":[{"data":"Predator","floor":6,"key":"SMITH"}],"circlet_count":0,"master_deck":["AscendersBane","Strike_G","Strike_G","Strike_G","Strike_G","Defend_G","Defend_G","Defend_G","Defend_G","Defend_G","Survivor","Neutralize","PiercingWail","Poisoned Stab","Doubt","Predator+1"],"relics":["Ring of the Snake","Vajra","Bronze Scales","InkBottle"],"acts_visited":["Exordium"],"potions_floor_usage":[10,10],"damage_taken":[{"damage":1,"enemies":"Cultist","floor":1,"turns":3},{"damage":0,"enemies":"2 Louse","floor":2,"turns":5},{"damage":6,"enemies":"Jaw Worm","floor":5,"turns":6},{"damage":21,"enemies":"Lagavulin","floor":7,"turns":9},{"damage":10,"enemies":"3 Sentries","floor":10,"turns":4}],"seed_played":"-2003911650508709046","potions_obtained":[{"floor":2,"key":"Ancient Potion"},{"floor":7,"key":"GamblersBrew"}],"is_trial":false,"path_per_floor":["M","M","?","?","M","R","E","?","T","E"],"character_chosen":"THE_SILENT","items_purchased":[],"campfire_rested":0,"item_purchase_floors":[],"current_hp_per_floor":[58,58,58,58,52,52,31,20,20,10,10],"gold":420,"neow_bonus":"RANDOM_COMMON_RELIC","is_daily":false,"chose_seed":false,"campfire_upgraded":1,"win_rate":0.0,"timestamp":1608444876,"path_taken":["M","M","?","?","?","R","E","?","T","E"],"items_purchased_type":[],"build_version":"2020-12-18","purchased_purges":0,"victory":false,"max_hp_per_floor":[66,66,66,66,66,66,66,66,66,66,66],"card_choices":[{"not_picked":["Slice","Deflect"],"picked":"PiercingWail","floor":1},{"not_picked":["Choke","Accuracy"],"picked":"Poisoned Stab","floor":2},{"not_picked":["Quick Slash","Prepared"],"picked":"Predator","floor":5},{"not_picked":["Escape Plan","Setup","Finisher"],"picked":"SKIP","floor":7}],"player_experience":1689202,"relics_obtained":[{"floor":7,"key":"Bronze Scales"},{"floor":9,"key":"InkBottle"}],"event_choices":[{"cards_removed":["Strike_G"],"damage_healed":0,"gold_gain":0,"player_choice":"Card Removal","damage_taken":0,"max_hp_gain":0,"max_hp_loss":0,"event_name":"The Cleric","floor":3,"gold_loss":75},{"damage_healed":0,"gold_gain":150,"player_choice":"AGREE","damage_taken":0,"max_hp_gain":0,"max_hp_loss":0,"event_name":"Liars Game","floor":4,"gold_loss":0,"cards_obtained":["Doubt"]},{"damage_healed":0,"gold_gain":75,"player_choice":"Gather Gold","damage_taken":11,"max_hp_gain":0,"max_hp_loss":0,"event_name":"World of Goop","floor":8,"gold_loss":0}],"is_beta":true,"boss_relics":[],"items_purged_floors":[],"is_endless":false,"potions_floor_spawned":[2,7],"killed_by":"3 Sentries","ascension_level":20}}