{"host":"27cnk69rbdk9vsnt","time":1608493009,"event":{"mods":["BaseMod","CatGirl Mod","Ekko","Energized Spire","JesterMod","Mimic Mod","Minty Spire (QoL Compilation)","Shade Mod","Shop Mod","StSLib","The Spell Scribe","Thieving Mod"],"gold_per_floor":[117,134,134,147,147,147,190,190,190,228,228,242,262,262,262],"floor_reached":14,"playtime":479,"items_purged":[],"score":100,"play_id":"f2fc9c1b-268b-4b35-b277-2735a64adf79","local_time":"20201220203649","is_ascension_mode":false,"campfire_choices":[{"data":"jesterMod:Precipitation","floor":6,"key":"SMITH"},{"floor":11,"key":"REST"}],"circlet_count":0,"master_deck":["jesterMod:Strike","jesterMod:Strike","jesterMod:Strike","jesterMod:Sickle","jesterMod:Defend","jesterMod:Defend","jesterMod:Defend","jesterMod:Dodge","jesterMod:Precipitation+1","jesterMod:Procrastination","jesterMod:ButterKnife","jesterMod:Precipitation","jesterMod:Disposophobia","jesterMod:DancingMad","jesterMod:Prankster"],"relics":["jesterMod:JesterCap","Golden Idol","Peace Pipe","Sundial","Oddly Smooth Stone"],"acts_visited":["Exordium"],"potions_floor_usage":[14,14],"damage_taken":[{"damage":0,"enemies":"Jaw Worm","floor":1,"turns":5},{"damage":2,"enemies":"2 Louse","floor":2,"turns":3},{"damage":0,"enemies":"Small Slimes","floor":4,"turns":3},{"damage":36,"enemies":"Gremlin Nob","floor":7,"turns":5},{"damage":13,"enemies":"Lagavulin","floor":10,"turns":4},{"damage":6,"enemies":"Exordium Wildlife","floor":12,"turns":3},{"damage":22,"enemies":"Exordium Thugs","floor":13,"turns":3},{"damage":12,"enemies":"3 Sentries","floor":14,"turns":2}],"seed_played":"273163920043543234","potions_obtained":[{"floor":10,"key":"CultistPotion"},{"floor":12,"key":"Swift Potion"},{"floor":13,"key":"LiquidBronze"}],"is_trial":false,"path_per_floor":["M","M","?","M","?","R","E","?","T","E","R","M","M","E"],"character_chosen":"THE_JESTER","items_purchased":[],"campfire_rested":1,"item_purchase_floors":[],"current_hp_per_floor":[77,75,71,71,71,71,35,28,28,15,36,30,8,0,0],"gold":262,"neow_bonus":"TEN_PERCENT_HP_BONUS","is_daily":false,"chose_seed":false,"campfire_upgraded":1,"win_rate":0.0,"timestamp":1608493009,"path_taken":["M","M","?","M","?","R","E","?","T","E","R","M","?","E"],"items_purchased_type":[],"build_version":"2020-12-13","purchased_purges":0,"victory":false,"max_hp_per_floor":[77,77,71,71,71,71,71,71,71,71,71,71,71,71,71],"card_choices":[{"not_picked":["jesterMod:Patience","jesterMod:Swiftness"],"picked":"jesterMod:Precipitation","floor":1},{"not_picked":["jesterMod:Inspiration","jesterMod:Dilapidation"],"picked":"jesterMod:Procrastination","floor":2},{"not_picked":["jesterMod:SelfMockery","jesterMod:Anticipation"],"picked":"jesterMod:ButterKnife","floor":4},{"not_picked":["jesterMod:Leeches","jesterMod:JackInTheBox"],"picked":"jesterMod:Precipitation","floor":7},{"not_picked":["jesterMod:LightTheWick","jesterMod:Pause"],"picked":"jesterMod:Disposophobia","floor":10},{"not_picked":["jesterMod:ButterKnife","jesterMod:DaggerRain"],"picked":"jesterMod:DancingMad","floor":12},{"not_picked":["jesterMod:OblivionStrike","jesterMod:BouncingKnife"],"picked":"jesterMod:Prankster","floor":13}],"player_experience":471324,"relics_obtained":[{"floor":7,"key":"Peace Pipe"},{"floor":9,"key":"Sundial"},{"floor":10,"key":"Oddly Smooth Stone"}],"event_choices":[{"damage_healed":0,"gold_gain":0,"player_choice":"Lose Max HP","damage_taken":0,"relics_obtained":["Golden Idol"],"max_hp_gain":0,"max_hp_loss":6,"event_name":"Golden Idol","floor":3,"gold_loss":0},{"cards_removed":["jesterMod:Defend"],"damage_healed":0,"gold_gain":0,"player_choice":"Forget","damage_taken":0,"max_hp_gain":0,"max_hp_loss":0,"event_name":"Living Wall","floor":5,"gold_loss":0},{"cards_removed":["jesterMod:Strike"],"damage_healed":0,"gold_gain":0,"player_choice":"Card Removal","damage_taken":7,"max_hp_gain":0,"max_hp_loss":0,"event_name":"Golden Wing","floor":8,"gold_loss":0}],"is_beta":false,"boss_relics":[],"items_purged_floors":[],"is_endless":false,"potions_floor_spawned":[10,12,13],"killed_by":"3 Sentries","ascension_level":0}}