{"host":"BK","time":1608433170,"event":{"mods":["BaseMod","Highlight Path","Minty Spire (QoL Compilation)","StSLib"],"gold_per_floor":[99,99,11,11,11,11,11,11,11,11,11,11,11,11,11,11,11,0,0,0,0,0,0,0,0,0,0,0,0,0,0,0,0,0,0,0,0,0,0,0,0,0,0,0,0,0,0,0,0,0,0,0,0,0,0,0,0],"floor_reached":56,"playtime":4583,"items_purged":[],"score":1990,"play_id":"0c2fb87b-53a2-4a09-a555-17ae754a63c8","local_time":"20201219195930","is_ascension_mode":true,"campfire_choices":[{"data":"EmptyFist","floor":6.0,"key":"SMITH"},{"data":"WaveOfTheHand","floor":8.0,"key":"SMITH"},{"data":"Tantrum","floor":10.0,"key":"SMITH"},{"floor":15.0,"key":"REST"},{"data":"Vault","floor":23.0,"key":"SMITH"},{"data":"Perseverance","floor":25.0,"key":"SMITH"},{"floor":29.0,"key":"REST"},{"floor":32.0,"key":"REST"},{"floor":40.0,"key":"REST"},{"data":"Wallop","floor":42.0,"key":"SMITH"},{"floor":45.0,"key":"REST"},{"floor":49.0,"key":"RECALL"},{"data":"MentalFortress","floor":53,"key":"SMITH"}],"circlet_count":0,"master_deck":["AscendersBane","Strike_P+1","Strike_P+1","Strike_P+1","Defend_P+1","Defend_P+1","Defend_P+1","Defend_P+1","Eruption+1","Vigilance","FlurryOfBlows","Tantrum+1","EmptyFist+1","WaveOfTheHand+1","Perseverance+1","Vault+1","CurseOfTheBell","FearNoEvil","Sanctity","Wallop+1","Consecrate","Master of Strategy","Flash of Steel","Panacea","MentalFortress+1","Meditate"],"relics":["Ectoplasm","Golden Idol","Toy Ornithopter","Whetstone","Unceasing Top","Lantern","Calling Bell","Tiny Chest","Blue Candle","CloakClasp","PreservedInsect","Boot","Art of War","Shuriken","Runic Pyramid","Bottled Flame","Bag of Marbles","Dream Catcher","Pen Nib"],"acts_visited":["Exordium","TheCity","TheBeyond","TheEnding"],"potions_floor_usage":[51,51,51,51,51,55,56],"damage_taken":[{"damage":2.0,"enemies":"Jaw Worm","floor":1.0,"turns":3.0},{"damage":6.0,"enemies":"Small Slimes","floor":4.0,"turns":3.0},{"damage":7.0,"enemies":"Lagavulin","floor":7.0,"turns":5.0},{"damage":0.0,"enemies":"2 Louse","floor":11.0,"turns":1.0},{"damage":20.0,"enemies":"3 Sentries","floor":12.0,"turns":4.0},{"damage":0.0,"enemies":"Slime Boss","floor":16.0,"turns":4.0},{"damage":7.0,"enemies":"2 Thieves","floor":18.0,"turns":5.0},{"damage":0.0,"enemies":"3 Byrds","floor":19.0,"turns":5.0},{"damage":15.0,"enemies":"Snake Plant","floor":20.0,"turns":6.0},{"damage":0.0,"enemies":"Centurion and Healer","floor":21.0,"turns":4.0},{"damage":17.0,"enemies":"Book of Stabbing","floor":24.0,"turns":5.0},{"damage":12.0,"enemies":"Gremlin Leader","floor":30.0,"turns":5.0},{"damage":47.0,"enemies":"Automaton","floor":33.0,"turns":10.0},{"damage":18.0,"enemies":"3 Darklings","floor":35.0,"turns":3.0},{"damage":4.0,"enemies":"3 Shapes","floor":36.0,"turns":4.0},{"damage":1.0,"enemies":"Sphere and 2 Shapes","floor":38.0,"turns":5.0},{"damage":15.0,"enemies":"Reptomancer","floor":41.0,"turns":5.0},{"damage":1.0,"enemies":"Giant Head","floor":46.0,"turns":4.0},{"damage":48.0,"enemies":"Time Eater","floor":50.0,"turns":11.0},{"damage":15,"enemies":"Awakened One","floor":51,"turns":8},{"damage":20,"enemies":"Shield and Spear","floor":55,"turns":5},{"damage":43,"enemies":"The Heart","floor":56,"turns":5}],"seed_played":"-1818066522195172993","potions_obtained":[{"floor":4.0,"key":"Ambrosia"},{"floor":11.0,"key":"Strength Potion"},{"floor":18.0,"key":"Weak Potion"},{"floor":21.0,"key":"AttackPotion"},{"floor":33.0,"key":"Regen Potion"},{"floor":35.0,"key":"EntropicBrew"},{"floor":55,"key":"Block Potion"}],"is_trial":false,"path_per_floor":["M","?","$","M","?","R","E","R","T","R","M","E","T","?","R","B",null,"M","M","M","M","?","R","E","R","T","?","?","R","E","T","R","B",null,"M","M","?","M","?","R","E","R","T","$","R","E","?","T","R","B","B",null,"R","$","E","B"],"character_chosen":"WATCHER","items_purchased":["Tantrum"],"campfire_rested":5,"item_purchase_floors":[3],"current_hp_per_floor":[59,59,59,53,58,58,51,51,51,51,51,31,31,11,31,36,59,52,52,42,42,42,42,25,25,25,25,25,45,38,38,58,11,53,49,45,45,44,34,54,39,39,39,39,59,58,58,58,58,10,20,53,53,53,38,0,0],"gold":0,"neow_bonus":"BOSS_RELIC","is_daily":false,"chose_seed":false,"campfire_upgraded":7,"win_rate":0.0,"timestamp":1608433170,"path_taken":["M","?","$","M","?","R","E","R","T","R","M","E","?","?","R","BOSS","M","M","M","M","?","R","E","R","T","?","?","R","E","?","R","BOSS","M","M","?","M","?","R","E","R","T","$","R","E","?","?","R","BOSS","BOSS","R","$","E","BOSS"],"items_purchased_type":["Card"],"build_version":"2020-12-18","purchased_purges":0,"victory":false,"max_hp_per_floor":[68,62,62,62,67,67,67,67,67,67,67,67,67,67,67,67,67,67,67,67,67,67,67,67,67,67,67,67,67,67,67,67,67,67,67,67,67,67,67,67,67,67,67,67,67,67,64,64,64,64,64,64,64,64,64,64,64],"card_choices":[{"not_picked":["Prostrate","JustLucky"],"picked":"FlurryOfBlows","floor":1.0},{"not_picked":["CutThroughFate","DeceiveReality"],"picked":"EmptyFist","floor":4.0},{"not_picked":["WreathOfFlame","SandsOfTime"],"picked":"WaveOfTheHand","floor":7.0},{"not_picked":["Weave","EmptyBody","WreathOfFlame"],"picked":"SKIP","floor":11.0},{"not_picked":["Consecrate","FlyingSleeves"],"picked":"Perseverance","floor":12.0},{"not_picked":["DeusExMachina","Brilliance"],"picked":"Vault","floor":16.0},{"not_picked":["Crescendo","FlyingSleeves","Prostrate+1"],"picked":"SKIP","floor":18.0},{"not_picked":["ReachHeaven","Consecrate","Pray"],"picked":"SKIP","floor":19.0},{"not_picked":["Prostrate","EmptyBody"],"picked":"FearNoEvil","floor":20.0},{"not_picked":["Indignation","FearNoEvil","EmptyFist"],"picked":"SKIP","floor":21.0},{"not_picked":["Study","Blasphemy"],"picked":"Sanctity","floor":24.0},{"not_picked":["FearNoEvil","ThirdEye","Crescendo"],"picked":"SKIP","floor":30.0},{"not_picked":["CrushJoints","Swivel+1","FlyingSleeves"],"picked":"SKIP","floor":35.0},{"not_picked":["FollowUp+1","LikeWater+1"],"picked":"Wallop","floor":36.0},{"not_picked":["Halt","EmptyBody"],"picked":"Consecrate","floor":38.0},{"not_picked":["Madness","Enlightenment"],"picked":"Master of Strategy","floor":39.0},{"not_picked":["Dark Shackles","Deep Breath"],"picked":"Flash of Steel","floor":39.0},{"not_picked":["Forethought","Mayhem"],"picked":"Panacea","floor":39.0},{"not_picked":["Evaluate+1","Omniscience"],"picked":"MentalFortress","floor":41.0},{"not_picked":["Swivel","Prostrate","ForeignInfluence"],"picked":"SKIP","floor":46.0},{"not_picked":["CutThroughFate","FlyingSleeves"],"picked":"Meditate","floor":55}],"player_experience":2385434,"relics_obtained":[{"floor":7.0,"key":"Toy Ornithopter"},{"floor":9.0,"key":"Whetstone"},{"floor":12.0,"key":"Unceasing Top"},{"floor":13.0,"key":"Lantern"},{"floor":17.0,"key":"Tiny Chest"},{"floor":17.0,"key":"Blue Candle"},{"floor":17.0,"key":"CloakClasp"},{"floor":24.0,"key":"PreservedInsect"},{"floor":26.0,"key":"Boot"},{"floor":30.0,"key":"Art of War"},{"floor":31.0,"key":"Shuriken"},{"floor":41.0,"key":"Bottled Flame"},{"floor":46.0,"key":"Bag of Marbles"},{"floor":48.0,"key":"Dream Catcher"},{"floor":55,"key":"Pen Nib"}],"event_choices":[{"damage_healed":0.0,"max_hp_gain":0.0,"max_hp_loss":6.0,"gold_gain":0.0,"event_name":"Golden Idol","player_choice":"Lose Max HP","floor":2.0,"gold_loss":0.0,"damage_taken":0.0,"relics_obtained":["Golden Idol"]},{"damage_healed":0.0,"max_hp_gain":5.0,"max_hp_loss":0.0,"gold_gain":0.0,"event_name":"Big Fish","player_choice":"Donut","floor":5.0,"gold_loss":0.0,"damage_taken":0.0},{"damage_healed":0.0,"max_hp_gain":0.0,"max_hp_loss":0.0,"gold_gain":0.0,"event_name":"Shining Light","player_choice":"Entered Light","floor":14.0,"gold_loss":0.0,"damage_taken":20.0,"cards_upgraded":["Defend_P","Defend_P"]},{"damage_healed":0.0,"max_hp_gain":0.0,"max_hp_loss":0.0,"gold_gain":0.0,"event_name":"Ghosts","player_choice":"Ignored","floor":22.0,"gold_loss":0.0,"damage_taken":0.0},{"damage_healed":0.0,"max_hp_gain":0.0,"max_hp_loss":0.0,"gold_gain":0.0,"event_name":"Back to Basics","player_choice":"Simplicity","floor":27.0,"gold_loss":0.0,"damage_taken":0.0,"cards_upgraded":["Strike_P","Strike_P","Strike_P","Defend_P","Defend_P"]},{"damage_healed":0.0,"max_hp_gain":0.0,"max_hp_loss":0.0,"gold_gain":0.0,"event_name":"Cursed Tome","player_choice":"Ignored","floor":28.0,"gold_loss":0.0,"damage_taken":0.0},{"cards_removed":["Strike_P"],"damage_healed":0.0,"max_hp_gain":0.0,"max_hp_loss":0.0,"gold_gain":0.0,"event_name":"Falling","player_choice":"Removed Attack","floor":37.0,"gold_loss":0.0,"damage_taken":0.0},{"damage_healed":0.0,"max_hp_gain":0.0,"max_hp_loss":0.0,"gold_gain":0.0,"event_name":"SensoryStone","player_choice":"Memory 3","floor":39.0,"gold_loss":0.0,"damage_taken":10.0},{"damage_healed":0.0,"max_hp_gain":0.0,"max_hp_loss":3.0,"gold_gain":0.0,"event_name":"Winding Halls","player_choice":"Max HP","floor":47.0,"gold_loss":0.0,"damage_taken":0.0}],"is_beta":true,"boss_relics":[{"not_picked":["Snecko Eye","Runic Dome"],"picked":"Calling Bell"},{"not_picked":["Cursed Key","Philosopher\u0027s Stone"],"picked":"Runic Pyramid"}],"items_purged_floors":[],"is_endless":false,"potions_floor_spawned":[4,11,18,19,21,33,35,36,38,55],"killed_by":"The Heart","ascension_level":20}}