{"host":"a5lz0e76zb3fcwkm","time":1608466478,"event":{"mods":["AchievementEnabler","BaseMod","Colored Map","Colored Powertips","Minty Spire (QoL Compilation)","StSLib","SuperFastMode"],"gold_per_floor":[13,31,43,43,53,53,53,53,53,66,83,83,102,120,120,120,120],"floor_reached":16,"playtime":315,"items_purged":[],"score":192,"play_id":"14f33cb7-d219-49cc-9552-7c94ec90469f","local_time":"20201220211438","is_ascension_mode":true,"campfire_choices":[{"data":"Reflex","floor":6,"key":"SMITH"},{"floor":12,"key":"REST"},{"floor":15,"key":"REST"}],"circlet_count":0,"master_deck":["AscendersBane","Strike_G","Strike_G","Strike_G","Strike_G","Strike_G","Defend_G","Defend_G","Defend_G","Defend_G","Defend_G","Survivor","Neutralize","Grand Finale","Reflex+1","Acrobatics"],"relics":["Ring of the Snake","Calipers","Mercury Hourglass"],"acts_visited":["Exordium"],"potions_floor_usage":[14],"damage_taken":[{"damage":6.0,"enemies":"Cultist","floor":1.0,"turns":5.0},{"damage":3.0,"enemies":"2 Louse","floor":2.0,"turns":3.0},{"damage":1.0,"enemies":"Small Slimes","floor":3.0,"turns":5.0},{"damage":6,"enemies":"2 Fungi Beasts","floor":5,"turns":5},{"damage":7,"enemies":"Blue Slaver","floor":10,"turns":6},{"damage":11,"enemies":"Large Slime","floor":11,"turns":8},{"damage":17,"enemies":"Gremlin Gang","floor":13,"turns":5},{"damage":20,"enemies":"Exordium Wildlife","floor":14,"turns":9},{"damage":28,"enemies":"Slime Boss","floor":16,"turns":3}],"seed_played":"8080781073579738645","potions_obtained":[{"floor":3.0,"key":"LiquidMemories"},{"floor":13,"key":"CunningPotion"},{"floor":14,"key":"EssenceOfSteel"}],"is_trial":false,"path_per_floor":["M","M","M","?","M","R","$","T","T","M","M","R","M","M","R","B"],"character_chosen":"THE_SILENT","items_purchased":[],"campfire_rested":2,"item_purchase_floors":[],"current_hp_per_floor":[53,50,49,49,43,43,43,43,43,36,25,44,27,7,26,0,0],"gold":120,"neow_bonus":"THREE_RARE_CARDS","is_daily":false,"chose_seed":false,"campfire_upgraded":1,"win_rate":0.0,"timestamp":1608466478,"path_taken":["M","M","?","?","M","R","$","?","T","M","M","R","M","M","R","BOSS"],"items_purchased_type":[],"build_version":"2020-12-13","purchased_purges":0,"victory":false,"max_hp_per_floor":[66,66,66,66,66,66,66,66,66,66,66,66,66,66,66,66,66],"card_choices":[{"not_picked":["Glass Knife","Malaise"],"picked":"Grand Finale","floor":0.0},{"not_picked":["Quick Slash","Blade Dance","Deadly Poison"],"picked":"SKIP","floor":1.0},{"not_picked":["All Out Attack","Cloak And Dagger","Blur"],"picked":"SKIP","floor":2.0},{"not_picked":["Masterful Stab","Poisoned Stab","Flying Knee"],"picked":"SKIP","floor":3.0},{"not_picked":["Dagger Spray","Dodge and Roll"],"picked":"Reflex","floor":5},{"not_picked":["Dagger Spray","Deflect","Slice"],"picked":"SKIP","floor":10},{"not_picked":["Accuracy","Endless Agony","Corpse Explosion"],"picked":"SKIP","floor":11},{"not_picked":["Poisoned Stab","Slice","Cloak And Dagger"],"picked":"SKIP","floor":13},{"not_picked":["Poisoned Stab","Envenom"],"picked":"Acrobatics","floor":14}],"player_experience":1626241,"relics_obtained":[{"floor":8,"key":"Calipers"},{"floor":9,"key":"Mercury Hourglass"}],"event_choices":[{"damage_healed":0,"gold_gain":0,"player_choice":"0 cards matched","damage_taken":0,"max_hp_gain":0,"max_hp_loss":0,"event_name":"Match and Keep!","floor":4,"gold_loss":0,"cards_obtained":[]}],"is_beta":false,"boss_relics":[],"items_purged_floors":[],"is_endless":false,"potions_floor_spawned":[3,13,14],"killed_by":"Slime Boss","ascension_level":20}}