{"host":"Justin","time":1608476908,"event":{"mods":["BaseMod","BetterRewards","Colored Map","Colored Powertips","DeckTracker","Highlight Path","Hubris","Infinite Spire","Minty Spire (QoL Compilation)","Replay The Spire","Shop Mod","StSLib","The Jungle"],"gold_per_floor":[117,130,218,218,234,234,265,296,296,296,340,361,361,395,395,523,523,539,539,558,558,32,32,32,32],"floor_reached":24,"playtime":1886,"items_purged":["Forethought","Chrysalis"],"score":379,"play_id":"de373d66-9b24-4bba-b32f-93953261d879","local_time":"20201220160828","is_ascension_mode":true,"campfire_choices":[{"floor":6,"key":"REST"},{"floor":13,"key":"REST"},{"floor":15,"key":"REST"},{"floor":23,"key":"DIG"}],"circlet_count":0,"master_deck":["Defend_R","Defend_R","Defend_R","Defend_R","Bash","Shrug It Off","Cleave","Clothesline","Thunderclap","Iron Wave","infinitespire:OneForAll","Seeing Red","Armaments","Pummel","Impervious","Iron Wave","Bite","Bite","Bite","Bite","Bite"],"relics":["Burning Blood","Lizard Tail","MerchantsRug","WingedGreaves","Golden Idol","infinitespire:PuzzleCube","infinitespire:CheckeredPen","infinitespire:WardingShard","hubris:Potato","hubris:RunicObelisk","Replay:Towering Pillar of Hats","Replay:Multitool","infinitespire:Lychee Nut"],"acts_visited":["Exordium","TheCity"],"potions_floor_usage":[7,7,8,8,11,16,16,20],"damage_taken":[{"damage":10,"enemies":"Small Slimes","floor":1,"turns":6},{"damage":1,"enemies":"Cultist","floor":2,"turns":4},{"damage":0,"enemies":"2 Louse","floor":5,"turns":3},{"damage":5,"enemies":"Gremlin Nob","floor":7,"turns":5},{"damage":16,"enemies":"Lagavulin","floor":8,"turns":10},{"damage":22,"enemies":"Replay:BlueRogue","floor":11,"turns":4},{"damage":1,"enemies":"Exordium Wildlife","floor":12,"turns":3},{"damage":6,"enemies":"3 Sentries","floor":14,"turns":6},{"damage":26,"enemies":"The Guardian","floor":16,"turns":10},{"damage":5,"enemies":"2 Thieves","floor":18,"turns":4},{"damage":1,"enemies":"Chosen","floor":20,"turns":4},{"damage":83,"enemies":"Gremlin Leader","floor":24,"turns":9}],"seed_played":"-8912223486690129794","potions_obtained":[{"floor":1,"key":"FearPotion"},{"floor":2,"key":"Weak Potion"},{"floor":5,"key":"Block Potion"},{"floor":7,"key":"SteroidPotion"},{"floor":8,"key":"Energy Potion"},{"floor":11,"key":"Swift Potion"},{"floor":12,"key":"Swift Potion"},{"floor":14,"key":"BlessingOfTheForge"},{"floor":16,"key":"LifebloodPotion"},{"floor":18,"key":"ElixirPotion"},{"floor":20,"key":"FearPotion"}],"is_trial":false,"path_per_floor":["M","M","?","?","M","R","E","E","T","?","E","M","R","E","R","B",null,"M","?","M","?","$","R","E"],"character_chosen":"IRONCLAD","items_purchased":["MerchantsRug","WingedGreaves","Shrug It Off","White Beast Statue","Replay:Towering Pillar of Hats","Replay:Multitool"],"campfire_rested":3,"item_purchase_floors":[0,0,0,0,22,22],"current_hp_per_floor":[41,46,10,10,16,40,41,31,31,31,15,20,44,44,68,48,83,83,83,83,58,58,43,0,0],"gold":32,"neow_bonus":"","is_daily":false,"chose_seed":false,"campfire_upgraded":0,"win_rate":0.0,"timestamp":1608476908,"path_taken":["M","M","?","?","M","R","E","E","T","?","E","?","R","E","R","BOSS","M","?","M","?","?","R","E"],"items_purchased_type":["Relic","Relic","Card","Relic","Relic","Relic"],"build_version":"2020-11-17","purchased_purges":2,"victory":false,"max_hp_per_floor":[90,90,90,83,83,83,83,83,83,83,83,83,83,83,83,83,83,83,83,83,58,58,43,43,43],"card_choices":[{"not_picked":["Armaments","ReplayTheSpireMod:Muscle Training"],"picked":"Cleave","floor":1},{"not_picked":["True Grit","ReplayTheSpireMod:LeadingStrike","Headbutt"],"picked":"SKIP","floor":2},{"not_picked":["Body Slam","Wild Strike"],"picked":"Clothesline","floor":3},{"not_picked":["Run Through","Clash"],"picked":"Thunderclap","floor":3},{"not_picked":["Defy Death","Heavy Blade"],"picked":"Iron Wave","floor":3},{"not_picked":["Rupture","Anger","Infernal Blade"],"picked":"SKIP","floor":5},{"not_picked":["True Grit","Wild Strike","Burning Pact"],"picked":"SKIP","floor":7},{"not_picked":["Thunderclap","Hemogenesis"],"picked":"infinitespire:OneForAll","floor":8},{"not_picked":["Clash","Body Slam"],"picked":"Seeing Red","floor":11},{"not_picked":["Sever Soul","hubris:ReadiedAction"],"picked":"Armaments","floor":12},{"not_picked":["Armaments","Feel No Pain"],"picked":"Pummel","floor":14},{"not_picked":["Exhume","Replay:Many Hands"],"picked":"Impervious","floor":16},{"not_picked":["Anger+1","Life Link"],"picked":"Iron Wave","floor":18},{"not_picked":["Twin Strike","Reckless Charge","Anger"],"picked":"SKIP","floor":20}],"player_experience":130316,"relics_obtained":[{"floor":7,"key":"Replay:Baseball"},{"floor":8,"key":"infinitespire:PuzzleCube"},{"floor":9,"key":"infinitespire:CheckeredPen"},{"floor":11,"key":"infinitespire:WardingShard"},{"floor":14,"key":"hubris:Potato"},{"floor":23,"key":"infinitespire:Lychee Nut"}],"event_choices":[{"damage_healed":0,"gold_gain":0,"player_choice":"Lose Max HP","damage_taken":0,"relics_obtained":["Golden Idol"],"max_hp_gain":0,"max_hp_loss":7,"event_name":"Golden Idol","floor":4,"gold_loss":0},{"damage_healed":0,"gold_gain":0,"player_choice":"Became a vampire","damage_taken":0,"max_hp_gain":0,"max_hp_loss":25,"event_name":"Vampires","floor":21,"gold_loss":0,"cards_obtained":["Bite","Bite","Bite","Bite","Bite"]}],"is_beta":true,"boss_relics":[{"not_picked":["Ooze Armor","Replay:Fungal Core"],"picked":"hubris:RunicObelisk"}],"items_purged_floors":[0,22],"is_endless":false,"potions_floor_spawned":[1,2,5,7,8,11,12,14,16,18,20],"killed_by":"Gremlin Leader","ascension_level":2}}