{"host":"wonp23fsqqcu31ie","time":1608427282,"event":{"mods":["2.2 Compatiblity","AchievementEnabler","Aspiration","BaseMod","Bestiary","Better Altar","Better Match","Better Sensory Stone","Better Skull","Better Third Choice","BetterRewards","Block Reminder","Colored Map","Colored Powertips","Conspire","DeckTracker","Displayed Cursed Tome","Downfall","Hermit","Highlight Path","Hubris","Minty Spire (QoL Compilation)","Permanent Neow","Quick Restart","Rare Cards Sparkle","Relic Stats","Replay The Spire","Shade Mod","Shop Mod","StSLib","SuperFastMode","The Animator","The Cursed","The Dragon Tamer","The Gatherer","The Necromancer","The Runesmith","The Servant 0.9.4"],"gold_per_floor":[113,39,56,72,72,72,138,171,171,206,206,217,217,182,132,155,155,278,278,314,342,342,267,120,161,161,193,218,252,279,309,309,331,331,445,445,467,689,381,399,419,419,458,478,501,197,230,230,230,288,288,307],"floor_reached":53,"playtime":2331,"items_purged":["Defend_S","Strike_S"],"score":1509,"play_id":"3c3edc60-ef42-4d97-9fe7-9d1ad04f8483","local_time":"20201220122122","is_ascension_mode":true,"campfire_choices":[{"floor":9,"key":"DIG"},{"floor":17,"key":"REST"},{"floor":26,"key":"DIG"},{"floor":34,"key":"REST"},{"floor":42,"key":"REST"},{"floor":49,"key":"REST"},{"floor":51,"key":"DIG"}],"circlet_count":0,"master_deck":["Strike_S","Strike_S","Defend_S","KidneyShot","Exchange","Starlight+1","Moondial+1","InstantArmor","Unruled","hubris:DuctTapeCard","BottledTime","KillingDoll","SurpressingFire","conspire:SpireCoStock","Moonlight","MurderousAura","Ricochet","Swift Strike","Dramatic Entrance","Advance","DoubleEdge+1","ForgedInTime+1","Ricochet+1","Potential+1","Luminosity","DoubleEdge+1","ReturningBlade+1","Ricochet+1","Solidify","Potential+1","Rearm","FanOfKnives+1","DancingSilver","Hightail"],"relics":["Uniform","aspiration:HatOfInfinitePower","Shovel","MerchantsRug","hubris:DuctTape","Simple Rune","Replay:Ringing Soul","conspire:BottledYoYo","hubris:Towel","Busted Crown","Red Mask","Sling","hubris:GlazedTorus","Pondfish Scales","Oddly Smooth Stone","Molten Egg 2","hubris:Icosahedron","Membership Card","Replay:PocketPolymizer","ReplayTheSpireMod:Lightbulb","hubris:PeanutButter","FossilizedHelix","Orrery","PreservedInsect","BranchBurnRelic","aspiration:AnachronicSnailShell","Lizard Tail"],"acts_visited":["Exordium","TheCity","TheBeyond"],"potions_floor_usage":[7,18,18,20,21,31,35,35,50,50,52],"damage_taken":[{"damage":6,"enemies":"conspire:RoseBush","floor":1,"turns":3},{"damage":0,"enemies":"Jaw Worm","floor":3,"turns":2},{"damage":0,"enemies":"Small Slimes","floor":4,"turns":3},{"damage":16,"enemies":"3 Sentries","floor":8,"turns":8},{"damage":15,"enemies":"Replay:BlueRogue","floor":10,"turns":3},{"damage":0,"enemies":"Blue Slaver","floor":12,"turns":3},{"damage":8,"enemies":"3 Louse","floor":16,"turns":3},{"damage":2,"enemies":"The Guardian","floor":18,"turns":9},{"damage":5,"enemies":"conspire:FuzzyDice","floor":20,"turns":7},{"damage":6,"enemies":"Masked Bandits","floor":21,"turns":4},{"damage":33,"enemies":"Gremlin Leader","floor":25,"turns":8},{"damage":0,"enemies":"3 Byrds","floor":27,"turns":3},{"damage":8,"enemies":"Snake Plant","floor":29,"turns":5},{"damage":20,"enemies":"Shelled Parasite and Fungi","floor":30,"turns":6},{"damage":0,"enemies":"Slavers","floor":31,"turns":3},{"damage":0,"enemies":"conspire:HollyBat","floor":33,"turns":7},{"damage":21,"enemies":"Pondfish","floor":35,"turns":10},{"damage":13,"enemies":"3 Shapes","floor":37,"turns":5},{"damage":37,"enemies":"3 Darklings","floor":40,"turns":5},{"damage":10,"enemies":"4 Shapes","floor":41,"turns":2},{"damage":42,"enemies":"R_Hoarder","floor":43,"turns":6},{"damage":11,"enemies":"Spire Growth","floor":44,"turns":5},{"damage":0,"enemies":"Reptomancer","floor":47,"turns":4},{"damage":4,"enemies":"Mind Bloom Boss Battle","floor":50,"turns":6},{"damage":60,"enemies":"Awakened One","floor":52,"turns":10}],"seed_played":"8819154734074679292","potions_obtained":[{"floor":3,"key":"PowerPotion"},{"floor":7,"key":"Fruit Juice"},{"floor":7,"key":"PowerPotion"},{"floor":7,"key":"sneckomod:MuddlingPotion"},{"floor":10,"key":"DuplicationPotion"},{"floor":18,"key":"Explosive Potion"},{"floor":20,"key":"Adrenaline Potion"},{"floor":29,"key":"Death Potion"},{"floor":30,"key":"EssenceOfSteel"},{"floor":33,"key":"BlessingOfTheForge"},{"floor":35,"key":"BlessingOfTheForge"},{"floor":40,"key":"Venom Potion"},{"floor":50,"key":"SpeedPotion"}],"is_trial":false,"path_per_floor":["M","$","M","M","PTL","PTL","?","E","R","E","T","M","?","?","?","M","R","B",null,"M","?","?","?","$","E","R","M","T","M","M","E","?","M","R","B",null,"M","?","$","M","M","R","E","M","T","$","E","?","R","?","R","B",null],"character_chosen":"THE_SERVANT","items_purchased":["aspiration:HatOfInfinitePower","MerchantsRug","Starlight+1","InstantArmor","Sling","Replay:PocketPolymizer","ReplayTheSpireMod:Lightbulb","Potential+1","Dead Branch","FossilizedHelix","Orrery","FanOfKnives+1"],"campfire_rested":4,"item_purchase_floors":[0,0,0,2,24,39,39,39,46,46,46,46],"current_hp_per_floor":[31,31,31,31,31,31,36,20,20,8,8,11,11,28,31,26,49,50,80,78,75,78,78,78,45,45,45,45,37,20,20,20,23,51,33,98,88,88,91,57,47,83,44,33,33,36,36,36,74,85,88,43],"gold":307,"neow_bonus":"","is_daily":false,"chose_seed":false,"campfire_upgraded":0,"win_rate":0.0,"timestamp":1608427282,"path_taken":["M","$","M","?","PTL","PTL","?","E","R","E","T","M","?","?","?","M","R","BOSS","M","?","?","?","$","E","R","M","T","?","M","E","?","M","R","BOSS","M","?","$","M","M","R","E","M","T","$","E","?","R","?","R","BOSS"],"items_purchased_type":["Relic","Relic","Card","Card","Relic","Relic","Relic","Card","Relic","Relic","Relic","Card"],"build_version":"2020-12-13","purchased_purges":2,"victory":true,"max_hp_per_floor":[60,60,60,60,60,60,65,65,65,68,68,71,71,71,74,77,77,80,80,83,86,89,89,89,89,89,89,89,89,92,92,92,95,95,98,98,101,101,104,107,107,110,113,113,113,116,116,116,119,119,122,122],"relic_stats":{"Lizard Tail":0,"Shovel":3,"Busted Crown":96,"counters":[76,411],"PreservedInsect":100,"obtain_stats":[{"Vajra":26,"Uniform":0,"Bottled Tornado":48,"Sling":24,"Replay:Ringing Soul":10,"Lizard Tail":51,"conspire:DecoderRing":29,"MealTicket":42,"Replay:Wax Seal":31,"MerchantsRug":31,"Pear":34,"Happy Flower":34,"hubris:DuctTape":43,"aspiration:Nostalgia":0,"Dead Branch":46,"hubris:SphereOfDissonance":12,"Oddly Smooth Stone":28,"Eternal Feather":0,"aspiration:TrustyKnives":31,"Replay:Ancient Bell":17,"War Paint":12,"Akabeko":9,"Bird Faced Urn":19,"Bronze Scales":0,"Simple Rune":9,"Molten Egg 2":31,"hubris:PeanutButter":43,"hubris:TenFootPole":2,"conspire:BottledYoYo":11,"aspiration:HatOfInfinitePower":0,"conspire:Flyswatter":6,"hubris:Reverence":11,"Regal Pillow":17,"Replay:PocketPolymizer":39,"Torii":41,"Mango":34,"Smiling Mask":25,"BranchBurnRelic":49,"m_SlimeRing":0,"Shovel":0,"hubris:Icosahedron":32,"hubris:Backtick":36,"Mummified Hand":54,"aspiration:AnachronicSnailShell":6,"Tiny Chest":24,"Red Mask":28,"Chemical X":53,"Replay:Bottled Eggs":36,"hubris:GlazedTorus":25,"Gremlin Food":47,"BargainBundle":36,"aspiration:FetidBarrel":9,"Guide Book":31,"hubris:MedicalManual":0,"PreservedInsect":23,"aspiration:HummingbirdHeart":8,"Ring of Greed":24,"hubris:Towel":22,"MawBank":24,"Medical Kit":0,"Calling Bell":34,"Pondfish Scales":26,"Busted Crown":19,"Ornamental Fan":11,"Runesmith:UraniumAnvil":34,"Orrery":46,"Ring of Fury":24,"hubris:BundleOfHerbs":17,"Bottled Lightning":30,"Membership Card":36,"hubris:CrackedHourglass":17,"ReplayTheSpireMod:Lightbulb":23,"FossilizedHelix":20,"TungstenRod":0},{"Vajra":39,"Uniform":0,"Bottled Tornado":25,"Sling":61,"Replay:Ringing Soul":56,"Lizard Tail":75,"conspire:DecoderRing":16,"MealTicket":23,"Replay:Wax Seal":17,"MerchantsRug":17,"Pear":18,"Happy Flower":18,"hubris:DuctTape":23,"aspiration:Nostalgia":0,"Dead Branch":73,"hubris:SphereOfDissonance":34,"Oddly Smooth Stone":63,"Eternal Feather":28,"aspiration:TrustyKnives":17,"Replay:Ancient Bell":36,"War Paint":7,"Akabeko":5,"Bird Faced Urn":11,"Bronze Scales":28,"Simple Rune":55,"Molten Egg 2":66,"hubris:PeanutButter":72,"hubris:TenFootPole":29,"conspire:BottledYoYo":56,"aspiration:HatOfInfinitePower":51,"conspire:Flyswatter":4,"hubris:Reverence":7,"Regal Pillow":36,"Replay:PocketPolymizer":69,"Torii":23,"Mango":18,"Smiling Mask":14,"BranchBurnRelic":74,"m_SlimeRing":0,"Shovel":51,"hubris:Icosahedron":66,"hubris:Backtick":68,"Mummified Hand":27,"aspiration:AnachronicSnailShell":33,"Tiny Chest":14,"Red Mask":40,"Chemical X":26,"Replay:Bottled Eggs":45,"hubris:GlazedTorus":62,"Gremlin Food":24,"BargainBundle":45,"aspiration:FetidBarrel":33,"Guide Book":17,"hubris:MedicalManual":28,"PreservedInsect":39,"aspiration:HummingbirdHeart":5,"Ring of Greed":14,"hubris:Towel":38,"MawBank":14,"Medical Kit":28,"Calling Bell":18,"Pondfish Scales":62,"Busted Crown":59,"Ornamental Fan":34,"Runesmith:UraniumAnvil":44,"Orrery":73,"Ring of Fury":14,"hubris:BundleOfHerbs":36,"Bottled Lightning":42,"Membership Card":68,"hubris:CrackedHourglass":10,"ReplayTheSpireMod:Lightbulb":14,"FossilizedHelix":11,"TungstenRod":28},{"Vajra":222,"Uniform":0,"Bottled Tornado":120,"Sling":326,"Replay:Ringing Soul":300,"Lizard Tail":401,"conspire:DecoderRing":68,"MealTicket":107,"Replay:Wax Seal":72,"MerchantsRug":72,"Pear":79,"Happy Flower":79,"hubris:DuctTape":107,"aspiration:Nostalgia":0,"Dead Branch":391,"hubris:SphereOfDissonance":185,"Oddly Smooth Stone":337,"Eternal Feather":154,"aspiration:TrustyKnives":72,"Replay:Ancient Bell":203,"War Paint":26,"Akabeko":20,"Bird Faced Urn":44,"Bronze Scales":154,"Simple Rune":297,"Molten Egg 2":351,"hubris:PeanutButter":386,"hubris:TenFootPole":158,"conspire:BottledYoYo":300,"aspiration:HatOfInfinitePower":281,"conspire:Flyswatter":14,"hubris:Reverence":26,"Regal Pillow":203,"Replay:PocketPolymizer":373,"Torii":107,"Mango":79,"Smiling Mask":59,"BranchBurnRelic":395,"m_SlimeRing":0,"Shovel":281,"hubris:Icosahedron":351,"hubris:Backtick":368,"Mummified Hand":142,"aspiration:AnachronicSnailShell":182,"Tiny Chest":59,"Red Mask":227,"Chemical X":131,"Replay:Bottled Eggs":251,"hubris:GlazedTorus":334,"Gremlin Food":110,"BargainBundle":251,"aspiration:FetidBarrel":182,"Guide Book":72,"hubris:MedicalManual":154,"PreservedInsect":222,"aspiration:HummingbirdHeart":20,"Ring of Greed":59,"hubris:Towel":215,"MawBank":59,"Medical Kit":154,"Calling Bell":79,"Pondfish Scales":334,"Busted Crown":315,"Ornamental Fan":185,"Runesmith:UraniumAnvil":249,"Orrery":391,"Ring of Fury":59,"hubris:BundleOfHerbs":203,"Bottled Lightning":237,"Membership Card":368,"hubris:CrackedHourglass":41,"ReplayTheSpireMod:Lightbulb":59,"FossilizedHelix":44,"TungstenRod":154}]},"card_choices":[{"not_picked":["DoubleEdge","Ricochet"],"picked":"Moondial","floor":1},{"not_picked":["Manipulate","FastForward"],"picked":"Unruled","floor":3},{"not_picked":["Snipe","Read"],"picked":"BestPractice","floor":4},{"not_picked":["Potential","Read"],"picked":"Misdirection","floor":7},{"not_picked":["Replace","InstantArmor"],"picked":"BottledTime","floor":8},{"not_picked":["Rearm","Hightail"],"picked":"KillingDoll","floor":10},{"not_picked":["Rewind","Luminosity"],"picked":"SurpressingFire","floor":12},{"not_picked":["StarChef","ReturningBlade"],"picked":"Moonlight","floor":16},{"not_picked":["Duplication","SoulSculpture"],"picked":"MurderousAura","floor":18},{"not_picked":[],"picked":"Ricochet","floor":20},{"not_picked":[],"picked":"Orbit","floor":21},{"not_picked":[],"picked":"Swift Strike","floor":22},{"not_picked":[],"picked":"Dramatic Entrance","floor":22},{"not_picked":["Reset"],"picked":"SKIP","floor":25},{"not_picked":["Revamp"],"picked":"SKIP","floor":27},{"not_picked":["FastForward"],"picked":"SKIP","floor":29},{"not_picked":[],"picked":"Advance","floor":30},{"not_picked":["TimeWarp+1"],"picked":"SKIP","floor":31},{"not_picked":[],"picked":"DoubleEdge+1","floor":33},{"not_picked":[],"picked":"ForgedInTime","floor":35},{"not_picked":[],"picked":"Ricochet+1","floor":37},{"not_picked":[],"picked":"Luminosity","floor":40},{"not_picked":["BestPractice+1"],"picked":"SKIP","floor":41},{"not_picked":[],"picked":"ReturningBlade+1","floor":43},{"not_picked":["Revamp+1"],"picked":"SKIP","floor":44},{"not_picked":[],"picked":"Ricochet+1","floor":46},{"not_picked":[],"picked":"Solidify","floor":46},{"not_picked":[],"picked":"Potential+1","floor":46},{"not_picked":[],"picked":"Rearm","floor":46},{"not_picked":[],"picked":"Replace+1","floor":46},{"not_picked":["ReturningBlade+1"],"picked":"SKIP","floor":47}],"player_experience":653596,"relics_obtained":[{"floor":8,"key":"hubris:DuctTape"},{"floor":9,"key":"Simple Rune"},{"floor":10,"key":"Replay:Ringing Soul"},{"floor":11,"key":"conspire:BottledYoYo"},{"floor":21,"key":"Red Mask"},{"floor":25,"key":"hubris:GlazedTorus"},{"floor":26,"key":"Pondfish Scales"},{"floor":28,"key":"Oddly Smooth Stone"},{"floor":31,"key":"Molten Egg 2"},{"floor":43,"key":"hubris:PeanutButter"},{"floor":45,"key":"War Paint"},{"floor":47,"key":"PreservedInsect"},{"floor":50,"key":"aspiration:AnachronicSnailShell"},{"floor":51,"key":"Lizard Tail"}],"event_choices":[{"damage_healed":17,"gold_gain":0,"player_choice":"Healed","damage_taken":0,"max_hp_gain":0,"max_hp_loss":0,"event_name":"The Cleric","floor":14,"gold_loss":35},{"damage_healed":0,"gold_gain":0,"player_choice":"Invest 1","damage_taken":0,"max_hp_gain":0,"max_hp_loss":0,"event_name":"conspire:Investor","floor":15,"gold_loss":0},{"damage_healed":0,"gold_gain":0,"player_choice":"Fought Bandits","damage_taken":0,"max_hp_gain":0,"max_hp_loss":0,"event_name":"Masked Bandits","floor":21,"gold_loss":0},{"damage_healed":0,"gold_gain":2,"player_choice":"1","damage_taken":0,"max_hp_gain":0,"max_hp_loss":0,"event_name":"betterStone:BetterStone","floor":22,"gold_loss":0},{"cards_removed":["Strike_S"],"damage_healed":0,"gold_gain":0,"player_choice":"Gave Gold","damage_taken":0,"max_hp_gain":0,"max_hp_loss":0,"event_name":"Beggar","floor":23,"gold_loss":75},{"damage_healed":0,"gold_gain":222,"player_choice":"Wore Mask","damage_taken":0,"max_hp_gain":0,"max_hp_loss":0,"event_name":"Tomb of Lord Red Mask","floor":38,"gold_loss":0},{"cards_removed":["Replace"],"damage_healed":0,"gold_gain":0,"player_choice":"Removed Skill","damage_taken":0,"max_hp_gain":0,"max_hp_loss":0,"event_name":"Falling","floor":48,"gold_loss":0},{"damage_healed":0,"gold_gain":0,"player_choice":"Fight","damage_taken":0,"max_hp_gain":0,"max_hp_loss":0,"event_name":"MindBloom","floor":50,"gold_loss":0}],"is_beta":false,"boss_relics":[{"not_picked":["Coffee Dripper","conspire:SpecialSausage"],"picked":"Busted Crown"},{"not_picked":["aspiration:SecretTechniqueScroll","Kintsugi"],"picked":"hubris:Backtick"}],"items_purged_floors":[39,46],"is_endless":false,"potions_floor_spawned":[3,10,18,20,29,30,33,35,40,47,50],"ascension_level":2}}