{"host":"9ndbo4kgsfoemf7y","time":1608429915,"event":{"mods":["AchievementEnabler","BaseMod","Colored Map","DeckTracker","Keyboard Shortcuts","Minty Spire (QoL Compilation)","Permanent Neow","Quick Restart","Relic Stats","StSLib","SuperFastMode"],"gold_per_floor":[119,269,281,165,181,181,213,213,213,245,256,271,283,308,308,382,382,399,411,411,411,411,446,446,460,486,486,223,240,270,112,112,189,189,205,0,50,50,67,98,98,98,152,196,219,231,277,305,317,329],"floor_reached":51,"playtime":3606,"items_purged":["Doubt","Cleave"],"score":1523,"play_id":"c4022ea6-02a8-4895-b1f2-c5d67ab241d5","local_time":"20201220110515","is_ascension_mode":true,"campfire_choices":[{"data":"Pommel Strike","floor":6.0,"key":"SMITH"},{"floor":8.0,"key":"REST"},{"data":"Blood for Blood","floor":15.0,"key":"SMITH"},{"data":"Reaper","floor":24.0,"key":"SMITH"},{"data":"Shockwave","floor":27.0,"key":"SMITH"},{"data":"Barricade","floor":32.0,"key":"SMITH"},{"data":"Impervious","floor":41.0,"key":"SMITH"},{"floor":46,"key":"REST"},{"data":"Berserk","floor":49,"key":"SMITH"}],"circlet_count":0,"master_deck":["AscendersBane","Bash","Pommel Strike+1","Shockwave+1","Blood for Blood+1","Feel No Pain","Disarm","Flame Barrier","Reaper+1","Carnage","Barricade+1","Warcry","Pommel Strike","Berserk+1","Bludgeon","Feel No Pain","Evolve","Havoc","Sever Soul","Dark Embrace+1","Impervious+1","Second Wind+1","Fire Breathing+1","Second Wind"],"relics":["Burning Blood","Dead Branch","Gremlin Horn","Meat on the Bone","Bronze Scales","Red Skull","Pandora\u0027s Box","Darkstone Periapt","Blood Vial","Omamori","Frozen Egg 2","Vajra","Philosopher\u0027s Stone","Red Mask","Champion Belt","InkBottle","MawBank","Pantograph","StrikeDummy"],"acts_visited":["Exordium","TheCity","TheBeyond"],"potions_floor_usage":[45,45],"damage_taken":[{"damage":8.0,"enemies":"2 Louse","floor":1.0,"turns":3.0},{"damage":14.0,"enemies":"Jaw Worm","floor":3.0,"turns":5.0},{"damage":0.0,"enemies":"Cultist","floor":5.0,"turns":3.0},{"damage":35.0,"enemies":"Lagavulin","floor":7.0,"turns":7.0},{"damage":32.0,"enemies":"Gremlin Nob","floor":10.0,"turns":4.0},{"damage":6.0,"enemies":"Blue Slaver","floor":11.0,"turns":4.0},{"damage":5.0,"enemies":"3 Louse","floor":12.0,"turns":3.0},{"damage":12.0,"enemies":"Looter","floor":13.0,"turns":3.0},{"damage":26.0,"enemies":"3 Sentries","floor":14.0,"turns":5.0},{"damage":8.0,"enemies":"Hexaghost","floor":16.0,"turns":8.0},{"damage":0.0,"enemies":"3 Byrds","floor":18.0,"turns":3.0},{"damage":24.0,"enemies":"2 Thieves","floor":19.0,"turns":2.0},{"damage":56.0,"enemies":"Slavers","floor":23.0,"turns":3.0},{"damage":9.0,"enemies":"Snecko","floor":25.0,"turns":5.0},{"damage":33.0,"enemies":"Centurion and Healer","floor":29.0,"turns":5.0},{"damage":21.0,"enemies":"Gremlin Leader","floor":30.0,"turns":6.0},{"damage":40.0,"enemies":"Collector","floor":33.0,"turns":7.0},{"damage":35.0,"enemies":"3 Shapes","floor":35.0,"turns":4.0},{"damage":37.0,"enemies":"2 Orb Walkers","floor":37.0,"turns":5.0},{"damage":20.0,"enemies":"Orb Walker","floor":39.0,"turns":4.0},{"damage":34.0,"enemies":"Reptomancer","floor":40.0,"turns":5.0},{"damage":49.0,"enemies":"Nemesis","floor":44.0,"turns":7.0},{"damage":39,"enemies":"Transient","floor":45,"turns":6},{"damage":24,"enemies":"Giant Head","floor":47,"turns":5},{"damage":9,"enemies":"3 Darklings","floor":48,"turns":6},{"damage":38,"enemies":"Awakened One","floor":50,"turns":7}],"seed_played":"-5904753914218036656","potions_obtained":[{"floor":7.0,"key":"DuplicationPotion"},{"floor":10.0,"key":"BlessingOfTheForge"},{"floor":14.0,"key":"HeartOfIron"},{"floor":25.0,"key":"SpeedPotion"},{"floor":40.0,"key":"Swift Potion"},{"floor":47,"key":"DuplicationPotion"}],"is_trial":false,"path_per_floor":["M","?","M","$","M","R","E","R","T","E","M","M","M","E","R","B",null,"M","M","?","?","?","E","R","M","T","R","$","M","E","$","R","B",null,"M","?","?","?","M","E","R","$","T","E","M","R","E","M","R","B",null],"character_chosen":"IRONCLAD","items_purchased":["Shockwave","Omamori","Vajra"],"campfire_rested":2,"item_purchase_floors":[4,28,31],"current_hp_per_floor":[48,48,40,40,46,46,17,39,39,25,37,50,44,36,36,46,68,75,57,57,57,57,39,39,49,49,49,49,48,47,47,47,53,70,55,55,52,52,49,53,53,53,53,37,27,49,48,65,65,55],"gold":341,"neow_bonus":"ONE_RARE_RELIC","is_daily":false,"chose_seed":false,"campfire_upgraded":7,"win_rate":0.0,"timestamp":1608429915,"path_taken":["M","?","M","$","M","R","E","R","T","E","M","M","M","E","R","BOSS","M","M","?","?","?","E","R","?","T","R","$","M","E","$","R","BOSS","M","?","?","?","M","E","R","?","T","E","M","R","E","M","R","BOSS"],"items_purchased_type":["Card","Relic","Relic"],"build_version":"2020-12-13","purchased_purges":2,"victory":true,"max_hp_per_floor":[75,75,75,75,75,75,75,75,75,75,75,75,75,75,75,75,75,75,75,75,75,75,75,75,75,75,75,75,75,75,75,75,75,75,75,75,75,75,75,75,75,75,75,75,75,75,75,75,75,75],"relic_stats":{"Darkstone Periapt":0,"Gremlin Horn":[28,30],"counters":[26,125],"Dead Branch":[326],"MawBank":96,"Burning Blood":150,"Blood Vial":22,"Bronze Scales":[367],"Pantograph":10,"Pandora\u0027s Box":["Carnage","Barricade","Sentinel","True Grit","Warcry","Pommel Strike","Berserk","Bludgeon","Clothesline"],"Champion Belt":[11],"obtain_stats":[{"Darkstone Periapt":23,"Gremlin Horn":7,"Dead Branch":0,"Vajra":31,"Omamori":28,"Frozen Egg 2":30,"MawBank":43,"Burning Blood":0,"Blood Vial":26,"Bronze Scales":10,"Pantograph":44,"Pandora\u0027s Box":17,"Philosopher\u0027s Stone":34,"Red Mask":36,"Champion Belt":37,"StrikeDummy":47,"Red Skull":14,"InkBottle":40,"Meat on the Bone":9},{"Darkstone Periapt":13,"Gremlin Horn":4,"Dead Branch":0,"Vajra":16,"Omamori":14,"Frozen Egg 2":16,"MawBank":21,"Burning Blood":0,"Blood Vial":14,"Bronze Scales":5,"Pantograph":22,"Pandora\u0027s Box":10,"Philosopher\u0027s Stone":17,"Red Mask":18,"Champion Belt":19,"StrikeDummy":24,"Red Skull":9,"InkBottle":21,"Meat on the Bone":4},{"Darkstone Periapt":53,"Gremlin Horn":18,"Dead Branch":0,"Vajra":69,"Omamori":58,"Frozen Egg 2":69,"MawBank":94,"Burning Blood":0,"Blood Vial":58,"Bronze Scales":22,"Pantograph":101,"Pandora\u0027s Box":45,"Philosopher\u0027s Stone":76,"Red Mask":80,"Champion Belt":85,"StrikeDummy":112,"Red Skull":37,"InkBottle":94,"Meat on the Bone":18}],"InkBottle":[15],"Meat on the Bone":156},"card_choices":[{"not_picked":["Clash","Whirlwind"],"picked":"Cleave","floor":1.0},{"not_picked":["Iron Wave","Dual Wield"],"picked":"Pommel Strike","floor":3.0},{"not_picked":["Iron Wave","Sword Boomerang","Perfected Strike"],"picked":"SKIP","floor":5.0},{"not_picked":["Body Slam","Whirlwind"],"picked":"Blood for Blood","floor":7.0},{"not_picked":["Intimidate","Headbutt"],"picked":"Feel No Pain","floor":10.0},{"not_picked":["Headbutt","Hemokinesis","True Grit"],"picked":"SKIP","floor":11.0},{"not_picked":["Headbutt","Hemokinesis","True Grit"],"picked":"SKIP","floor":11.0},{"not_picked":["True Grit","Havoc"],"picked":"Disarm","floor":12.0},{"not_picked":["Searing Blow","Perfected Strike","Reckless Charge"],"picked":"SKIP","floor":13.0},{"not_picked":["Iron Wave","Clothesline"],"picked":"Flame Barrier","floor":14.0},{"not_picked":["Barricade","Immolate"],"picked":"Reaper","floor":16.0},{"not_picked":["Heavy Blade","Armaments"],"picked":"Feel No Pain","floor":18.0},{"not_picked":["Ghostly Armor","Metallicize"],"picked":"Evolve","floor":19.0},{"not_picked":["Feel No Pain+1","Anger","Perfected Strike"],"picked":"SKIP","floor":23.0},{"not_picked":["Rupture","Clothesline","Iron Wave"],"picked":"SKIP","floor":25.0},{"not_picked":["Whirlwind","Headbutt","Thunderclap"],"picked":"SKIP","floor":29.0},{"not_picked":["Warcry","Perfected Strike"],"picked":"Dark Embrace+1","floor":30.0},{"not_picked":["Juggernaut+1","Bludgeon"],"picked":"Impervious","floor":33.0},{"not_picked":["Rupture+1","Burning Pact"],"picked":"Second Wind+1","floor":35.0},{"not_picked":["Rage","Cleave","Thunderclap"],"picked":"SKIP","floor":39.0},{"not_picked":["Immolate","Power Through"],"picked":"Fire Breathing+1","floor":40.0},{"not_picked":["Shrug It Off","Clothesline+1","Thunderclap"],"picked":"SKIP","floor":44.0},{"not_picked":["Blood for Blood","Armaments","Inflame+1"],"picked":"SKIP","floor":45},{"not_picked":["Rampage","Sword Boomerang+1"],"picked":"Second Wind","floor":47},{"not_picked":["Clash","Blood for Blood+1","Sever Soul+1"],"picked":"SKIP","floor":48}],"player_experience":711730,"relics_obtained":[{"floor":7.0,"key":"Gremlin Horn"},{"floor":9.0,"key":"Meat on the Bone"},{"floor":10.0,"key":"Bronze Scales"},{"floor":14.0,"key":"Red Skull"},{"floor":23.0,"key":"Darkstone Periapt"},{"floor":26.0,"key":"Blood Vial"},{"floor":30.0,"key":"Frozen Egg 2"},{"floor":37.0,"key":"Champion Belt"},{"floor":40.0,"key":"InkBottle"},{"floor":43.0,"key":"MawBank"},{"floor":44.0,"key":"Pantograph"},{"floor":47,"key":"StrikeDummy"}],"event_choices":[{"damage_healed":0.0,"max_hp_gain":0.0,"max_hp_loss":0.0,"gold_gain":150.0,"event_name":"Liars Game","player_choice":"AGREE","floor":2.0,"gold_loss":0.0,"damage_taken":0.0,"cards_obtained":["Doubt"]},{"damage_healed":0.0,"max_hp_gain":0.0,"max_hp_loss":0.0,"gold_gain":0.0,"cards_transformed":["Clothesline","Sentinel"],"event_name":"Drug Dealer","player_choice":"Became Test Subject","floor":20.0,"gold_loss":0.0,"damage_taken":0.0,"cards_obtained":["Havoc","Sever Soul"]},{"damage_healed":0.0,"max_hp_gain":0.0,"max_hp_loss":0.0,"gold_gain":0.0,"event_name":"Vampires","player_choice":"Ignored","floor":21.0,"gold_loss":0.0,"damage_taken":0.0},{"cards_removed":["True Grit"],"damage_healed":0.0,"max_hp_gain":0.0,"max_hp_loss":0.0,"gold_gain":0.0,"event_name":"Back to Basics","player_choice":"Elegance","floor":22.0,"gold_loss":0.0,"damage_taken":0.0},{"damage_healed":0.0,"max_hp_gain":0.0,"max_hp_loss":0.0,"gold_gain":0.0,"event_name":"Tomb of Lord Red Mask","player_choice":"Paid","floor":36.0,"gold_loss":205.0,"damage_taken":0.0,"relics_obtained":["Red Mask"]},{"damage_healed":0.0,"max_hp_gain":0.0,"max_hp_loss":0.0,"gold_gain":0.0,"event_name":"Mysterious Sphere","player_choice":"Fight","floor":37.0,"gold_loss":0.0,"damage_taken":0.0},{"damage_healed":0.0,"max_hp_gain":0.0,"max_hp_loss":0.0,"gold_gain":0.0,"event_name":"SensoryStone","player_choice":"Memory 1","floor":38.0,"gold_loss":0.0,"damage_taken":0.0}],"is_beta":false,"boss_relics":[{"not_picked":["Astrolabe","Coffee Dripper"],"picked":"Pandora\u0027s Box"},{"not_picked":["SacredBark","Runic Pyramid"],"picked":"Philosopher\u0027s Stone"}],"items_purged_floors":[4,28],"is_endless":false,"potions_floor_spawned":[7,10,12,14,25,30,35,39,40,47],"ascension_level":19}}