{"host":"63yhhrjweyj22b0v","time":1608448603,"event":{"mods":["BaseMod","Minty Spire (QoL Compilation)","Quick Restart"],"gold_per_floor":[110,60,60,76,24,24,99,113,113,128,142,142,142,153,153,256,256,271,271,291,216,216,216,248,262,262,262,262,262],"floor_reached":28,"playtime":1215,"items_purged":[],"score":228,"play_id":"27e041ca-27db-475e-a37e-c2acb9c6cbdb","local_time":"20201220011643","is_ascension_mode":false,"campfire_choices":[{"data":"Redo","floor":6,"key":"SMITH"},{"data":"Defragment","floor":12,"key":"SMITH"},{"floor":15,"key":"REST"},{"floor":23,"key":"REST"}],"circlet_count":0,"master_deck":["Strike_B+1","Strike_B+1","Defend_B+1","Defend_B+1","Defend_B+1","Zap","Dualcast","Redo+1","Capacitor","Gash","Defragment+1","Ball Lightning","Buffer+1","Defragment+1","Storm"],"relics":["Cracked Core","NeowsBlessing","Question Card","Strawberry","Empty Cage","Bag of Marbles","Matryoshka"],"acts_visited":["Exordium","TheCity"],"potions_floor_usage":[11,24],"damage_taken":[{"damage":0,"enemies":"2 Louse","floor":1,"turns":1},{"damage":0,"enemies":"Small Slimes","floor":4,"turns":1},{"damage":0,"enemies":"Jaw Worm","floor":8,"turns":1},{"damage":0,"enemies":"3 Louse","floor":10,"turns":3},{"damage":16,"enemies":"Gremlin Gang","floor":11,"turns":4},{"damage":16,"enemies":"2 Fungi Beasts","floor":14,"turns":3},{"damage":21,"enemies":"Slime Boss","floor":16,"turns":7},{"damage":30,"enemies":"2 Thieves","floor":18,"turns":3},{"damage":10,"enemies":"Chosen","floor":20,"turns":5},{"damage":45,"enemies":"Book of Stabbing","floor":24,"turns":5},{"damage":13,"enemies":"Snake Plant","floor":25,"turns":3},{"damage":16,"enemies":"3 Cultists","floor":28,"turns":3}],"seed_played":"8379808036651482282","potions_obtained":[{"floor":10,"key":"FearPotion"},{"floor":11,"key":"LiquidBronze"},{"floor":14,"key":"DuplicationPotion"},{"floor":16,"key":"Strength Potion"},{"floor":25,"key":"Dexterity Potion"}],"is_trial":false,"path_per_floor":["M","?","?","M","$","R","?","M","T","M","M","R","?","M","R","B",null,"M","?","M","?","?","R","E","M","T","?","M"],"character_chosen":"DEFECT","items_purchased":["Redo"],"campfire_rested":2,"item_purchase_floors":[5],"current_hp_per_floor":[75,75,80,80,80,80,69,69,69,69,53,53,53,37,63,42,87,57,57,47,47,47,73,28,15,15,15,0,0],"gold":262,"neow_bonus":"THREE_ENEMY_KILL","is_daily":false,"chose_seed":false,"campfire_upgraded":2,"win_rate":0.0,"timestamp":1608448603,"path_taken":["M","?","?","M","$","R","?","M","T","M","M","R","?","M","R","BOSS","M","?","M","?","?","R","E","M","T","?","M"],"items_purchased_type":["Card"],"build_version":"2020-12-13","purchased_purges":0,"victory":false,"max_hp_per_floor":[75,75,80,80,80,80,80,80,80,80,80,80,87,87,87,87,87,87,87,87,87,87,87,87,87,87,87,87,87],"card_choices":[{"not_picked":["Streamline","Turbo","Stack"],"picked":"SKIP","floor":1},{"not_picked":["Streamline","Gash"],"picked":"Redo","floor":4},{"not_picked":["Scrape","Sunder"],"picked":"Capacitor","floor":8},{"not_picked":["Steam","Go for the Eyes","Coolheaded"],"picked":"Gash","floor":10},{"not_picked":["Barrage","Go for the Eyes","Turbo"],"picked":"Defragment","floor":11},{"not_picked":["Fusion","Turbo","Capacitor"],"picked":"Ball Lightning","floor":14},{"not_picked":["Reboot","Core Surge","Fission"],"picked":"Buffer","floor":16},{"not_picked":["Scrape","Glacier","Barrage","Hologram"],"picked":"SKIP","floor":18},{"not_picked":["Sweeping Beam","Ball Lightning","Redo"],"picked":"Defragment+1","floor":20},{"not_picked":["BootSequence","Reinforced Body","Redo","Coolheaded"],"picked":"SKIP","floor":24},{"not_picked":["Barrage","Melter+1","Streamline+1"],"picked":"Storm","floor":25}],"player_experience":624006,"relics_obtained":[{"floor":9,"key":"Question Card"},{"floor":24,"key":"Bag of Marbles"},{"floor":26,"key":"Matryoshka"}],"event_choices":[{"cards_removed":["Strike_B"],"damage_healed":0,"gold_gain":0,"player_choice":"Card Removal","damage_taken":0,"max_hp_gain":0,"max_hp_loss":0,"event_name":"The Cleric","floor":2,"gold_loss":50},{"damage_healed":0,"gold_gain":0,"player_choice":"Donut","damage_taken":0,"max_hp_gain":5,"max_hp_loss":0,"event_name":"Big Fish","floor":3,"gold_loss":0},{"damage_healed":0,"gold_gain":75,"player_choice":"Gather Gold","damage_taken":11,"max_hp_gain":0,"max_hp_loss":0,"event_name":"World of Goop","floor":7,"gold_loss":0},{"damage_healed":0,"gold_gain":0,"player_choice":"Success","damage_taken":7,"relics_obtained":["Strawberry"],"max_hp_gain":0,"max_hp_loss":0,"event_name":"Scrap Ooze","floor":13,"gold_loss":0},{"damage_healed":0,"gold_gain":0,"player_choice":"Simplicity","damage_taken":0,"max_hp_gain":0,"max_hp_loss":0,"event_name":"Back to Basics","floor":19,"gold_loss":0,"cards_upgraded":["Strike_B","Strike_B","Defend_B","Defend_B","Defend_B"]},{"cards_removed":["Redo"],"damage_healed":0,"gold_gain":0,"player_choice":"Gave Gold","damage_taken":0,"max_hp_gain":0,"max_hp_loss":0,"event_name":"Beggar","floor":21,"gold_loss":75},{"damage_healed":0,"gold_gain":0,"player_choice":"Ignored","damage_taken":0,"max_hp_gain":0,"max_hp_loss":0,"event_name":"Ghosts","floor":22,"gold_loss":0},{"damage_healed":0,"gold_gain":0,"player_choice":"Upgraded","damage_taken":0,"max_hp_gain":0,"max_hp_loss":0,"event_name":"Upgrade Shrine","floor":27,"gold_loss":0,"cards_upgraded":["Buffer"]}],"is_beta":false,"boss_relics":[{"not_picked":["Fusion Hammer","Calling Bell"],"picked":"Empty Cage"}],"items_purged_floors":[],"is_endless":false,"potions_floor_spawned":[10,11,14,16,18,20,25],"killed_by":"3 Cultists","ascension_level":0}}