{"host":"3h5qf14xt40jhha0","time":1608450909,"event":{"mods":["AlwaysNeverKeys","BaseMod","Colored Powertips","Minty Spire (QoL Compilation)","Permanent Neow","Relic Stats","StSLib"],"gold_per_floor":[117,132,146,13,33,62,62,91,137,157,157,157],"floor_reached":11,"playtime":428,"items_purged":["Strike_B"],"score":170,"play_id":"05683a68-db8d-4d43-b7e4-5c3d04d47597","local_time":"20201220025509","is_ascension_mode":true,"campfire_choices":[{"data":"Sweeping Beam","floor":7,"key":"SMITH"}],"circlet_count":0,"master_deck":["AscendersBane","Strike_B","Strike_B","Strike_B","Defend_B","Defend_B","Defend_B","Defend_B","Zap+1","Dualcast","Sweeping Beam+1","Gash","Static Discharge","Ball Lightning","Conserve Battery","Biased Cognition","Double Energy"],"relics":["Cracked Core","Potion Belt","The Courier","Art of War"],"acts_visited":["Exordium"],"potions_floor_usage":[8,10,11,11],"damage_taken":[{"damage":0,"enemies":"Cultist","floor":1,"turns":3},{"damage":0,"enemies":"Small Slimes","floor":2,"turns":2},{"damage":7,"enemies":"Jaw Worm","floor":3,"turns":3},{"damage":19,"enemies":"Lots of Slimes","floor":5,"turns":3},{"damage":15,"enemies":"Lagavulin","floor":6,"turns":7},{"damage":6,"enemies":"Gremlin Nob","floor":8,"turns":3},{"damage":4,"enemies":"Exordium Thugs","floor":10,"turns":4},{"damage":15,"enemies":"3 Sentries","floor":11,"turns":2}],"seed_played":"-6033229463845479940","potions_obtained":[{"floor":2,"key":"ColorlessPotion"},{"floor":6,"key":"FearPotion"},{"floor":8,"key":"Block Potion"},{"floor":10,"key":"Strength Potion"}],"is_trial":false,"path_per_floor":["M","M","M","$","M","E","R","E","T","M","E"],"character_chosen":"DEFECT","items_purchased":["Ball Lightning"],"campfire_rested":0,"item_purchase_floors":[4],"current_hp_per_floor":[64,64,57,57,38,23,23,17,17,13,0,0],"gold":157,"neow_bonus":"UPGRADE_CARD","is_daily":false,"chose_seed":false,"campfire_upgraded":1,"win_rate":0.0,"timestamp":1608450909,"path_taken":["M","M","?","$","M","E","R","E","T","M","E"],"items_purchased_type":["Card"],"build_version":"2020-12-13","purchased_purges":1,"victory":false,"max_hp_per_floor":[71,71,71,71,71,71,71,71,71,71,71,71],"relic_stats":{"counters":[8,27],"Art of War":[1],"obtain_stats":[{"Potion Belt":6,"The Courier":8,"Art of War":9,"Cracked Core":0},{"Potion Belt":5,"The Courier":6,"Art of War":6,"Cracked Core":0},{"Potion Belt":18,"The Courier":21,"Art of War":21,"Cracked Core":0}]},"card_choices":[{"not_picked":["Go for the Eyes","Leap"],"picked":"Sweeping Beam","floor":1},{"not_picked":["Reprogram","Redo"],"picked":"Gash","floor":2},{"not_picked":["Turbo","Steam"],"picked":"Static Discharge","floor":3},{"not_picked":["Compile Driver","Coolheaded","Melter"],"picked":"SKIP","floor":5},{"not_picked":["Blizzard","Self Repair"],"picked":"Conserve Battery","floor":6},{"not_picked":["Barrage","Stack"],"picked":"Biased Cognition","floor":8},{"not_picked":["Steam Power","Beam Cell"],"picked":"Double Energy","floor":10}],"player_experience":1260249,"relics_obtained":[{"floor":6,"key":"Potion Belt"},{"floor":8,"key":"The Courier"},{"floor":9,"key":"Art of War"}],"event_choices":[],"is_beta":false,"boss_relics":[],"items_purged_floors":[4],"is_endless":false,"potions_floor_spawned":[2,6,8,10],"killed_by":"3 Sentries","ascension_level":20}}