{"host":"o3b7ow6d1xe49css","time":1608508769,"event":{"mods":["Act Like it!","Aspiration","BaseMod","Bestiary","Better Altar","Better Match","Better Note","Better Sensory Stone","Better Skull","Better Third Choice","Colored Powertips","Conspire","Energized Spire","Force Act Four","GifTheSpireLib","Halation","Hermit","Hubris","Infinite Spire","Lobotomy","Minty Spire (QoL Compilation)","Quick Restart","Replay The Spire","Spicy Shops","Spikes Relics","StSLib","Stuff the Spire","The Blue Laboratory","Wandering Minibosses","vexMod"],"gold_per_floor":[109,109,119,117,117,117,148,177,177,211,239,87,87,111,111,213,213,233,168,168],"floor_reached":19,"playtime":791,"items_purged":["Freischutz"],"score":348,"play_id":"689958f1-94bd-4cb9-8d43-37478e1ca252","local_time":"20201220145929","daily_mods":["Heirloom","Flight","Elite Swarm"],"is_ascension_mode":true,"campfire_choices":[{"floor":6,"key":"DIG"},{"floor":13,"key":"DIG"},{"data":"Limit Break","floor":15,"key":"SMITH"}],"circlet_count":0,"master_deck":["Strike_R","Strike_R","Strike_R","Strike_R","Defend_R+1","Defend_R+1","Defend_R+1","Defend_R+1","Bash","MeatLantern","Heavy Blade","BodiesMountain","DespairKnight","HappyTeddy","Demon Form","Juggernaut","Barricade","Woodsman","Immolate","BarbarianYell","Limit Break+1","NakedNest","Brutality","Alriune"],"relics":["Burning Blood","Ring of Chaos","Shovel","CogitoBucket","halation:PinkSoulGem","halation:WeightlessCrab","ReplayFunnel","Replay:Bottled Eggs","Gremlin Horn","StuffTheSpire:ForceGauntlet","King of Hearts","hubris:DeckOfHolding","SlaversCollar","HellTrain"],"acts_visited":["Exordium","TheCity"],"potions_floor_usage":[7,10,16],"damage_taken":[{"damage":13,"enemies":"Jaw Worm","floor":1,"turns":4},{"damage":3,"enemies":"Small Slimes","floor":3,"turns":4},{"damage":49,"enemies":"infinitespire:Voidling","floor":4,"turns":7},{"damage":0,"enemies":"3 Sentries","floor":7,"turns":1},{"damage":139,"enemies":"Replay:BlueRogue","floor":8,"turns":6},{"damage":32,"enemies":"Lagavulin","floor":10,"turns":6},{"damage":0,"enemies":"Gremlin Nob","floor":11,"turns":1},{"damage":8,"enemies":"3 Sentries","floor":14,"turns":3},{"damage":18,"enemies":"The Guardian","floor":16,"turns":7},{"damage":0,"enemies":"conspire:FuzzyDice","floor":18,"turns":1},{"damage":113,"enemies":"Shell Parasite","floor":19,"turns":5}],"seed_played":"-2061293647173695377","potions_obtained":[{"floor":4,"key":"Explosive Potion"},{"floor":8,"key":"Languid Potion"},{"floor":10,"key":"blueLaboratory:SavagePotion"},{"floor":14,"key":"Weak Potion"},{"floor":18,"key":"Regen Potion"}],"is_trial":true,"path_per_floor":["M","?","M","M","?","R","E","E","T","E","E","$","R","E","R","B",null,"M","M"],"character_chosen":"IRONCLAD","items_purchased":["BarbarianYell"],"campfire_rested":0,"item_purchase_floors":[12],"current_hp_per_floor":[73,73,76,78,78,78,80,58,58,37,43,43,43,63,63,63,76,80,0,0],"gold":168,"neow_bonus":"","is_daily":false,"chose_seed":false,"campfire_upgraded":1,"win_rate":0.0,"timestamp":1608508769,"path_taken":["M","?","M","M","?","R","E","E","T","E","E","$","R","E","R","BOSS","M","M"],"items_purchased_type":["Card"],"build_version":"2020-12-13","purchased_purges":1,"victory":false,"max_hp_per_floor":[80,80,80,80,80,80,80,80,80,80,80,80,80,80,80,80,80,80,80,80],"card_choices":[{"not_picked":["VoidDream","PunishingBird"],"picked":"MeatLantern","floor":1},{"not_picked":["Anger","Clash"],"picked":"Heavy Blade","floor":1},{"not_picked":["Bloodbath","UniverseFragment"],"picked":"BodiesMountain","floor":3},{"not_picked":["Wild Strike","Bludgeon","Warcry"],"picked":"SKIP","floor":3},{"not_picked":["Wild Strike","Bludgeon","Warcry"],"picked":"SKIP","floor":3},{"not_picked":["FieryBird","SingingMachine"],"picked":"DespairKnight","floor":4},{"not_picked":["infinitespire:OneForAll","Clash","Carnage"],"picked":"SKIP","floor":4},{"not_picked":["infinitespire:OneForAll","Clash","Carnage"],"picked":"SKIP","floor":4},{"not_picked":["OSAHOGD","Wellcheers","LittleHelper"],"picked":"Singing Bowl","floor":7},{"not_picked":["OldLady","PunishingBird"],"picked":"HappyTeddy","floor":7},{"not_picked":["Double Tap","hubris:StunningStrike"],"picked":"Demon Form","floor":7},{"not_picked":["Variant","SnowQueen","WallGazer"],"picked":"Singing Bowl","floor":8},{"not_picked":["Exhume","StuffTheSpire:TitanForm"],"picked":"Juggernaut","floor":8},{"not_picked":["WhitesApple","LittlePrince"],"picked":"Freischutz","floor":10},{"not_picked":["Fiend Fire","Brutality"],"picked":"Barricade","floor":10},{"not_picked":["BigBadWolf","QueenOfHatred"],"picked":"Woodsman","floor":11},{"not_picked":["Brutality","conspire:Purge"],"picked":"Immolate","floor":11},{"not_picked":["ShyLook","SpiderBud","CrumblingArmor"],"picked":"Singing Bowl","floor":14},{"not_picked":["Hemogenesis","conspire:Purge"],"picked":"Limit Break","floor":14},{"not_picked":["Laetitia","Freischutz"],"picked":"NakedNest","floor":16},{"not_picked":["Eclipse","Replay:Many Hands"],"picked":"Brutality","floor":16},{"not_picked":["Rudolta","BeautyBeast"],"picked":"Alriune","floor":18},{"not_picked":["Sentinel","Cleave+1","Perfected Strike"],"picked":"SKIP","floor":18},{"not_picked":["Sentinel","Cleave+1","Perfected Strike"],"picked":"SKIP","floor":18}],"player_experience":1772449,"relics_obtained":[{"floor":6,"key":"halation:WeightlessCrab"},{"floor":7,"key":"ReplayFunnel"},{"floor":9,"key":"Replay:Bottled Eggs"},{"floor":10,"key":"Gremlin Horn"},{"floor":11,"key":"StuffTheSpire:ForceGauntlet"},{"floor":13,"key":"King of Hearts"},{"floor":14,"key":"hubris:DeckOfHolding"}],"event_choices":[{"cards_removed":["Strike_R"],"damage_healed":0,"gold_gain":0,"player_choice":"Give","damage_taken":0,"max_hp_gain":0,"max_hp_loss":0,"event_name":"betterNote:BetterNote","floor":5,"gold_loss":0,"cards_obtained":["Strike_R"]}],"is_beta":false,"boss_relics":[{"not_picked":["Replay:Drink Me","Mark of Pain"],"picked":"SlaversCollar"}],"items_purged_floors":[12],"is_endless":false,"potions_floor_spawned":[4,8,10,14,18],"killed_by":"Shell Parasite","ascension_level":5}}