{"host":"brnfk772nsb90w3t","time":1608464388,"event":{"mods":["AchievementEnabler","BaseMod","Colored Powertips","Downfall","Highlight Path","Minty Spire (QoL Compilation)","Quick Restart","Shop Mod","StSLib","SuperFastMode"],"gold_per_floor":[99,128,128,146,161,194,194,119,219,219,219,255,67,95,109,209,209,134,159,176,211,211,225,251,176,194,194,194,194,23,39,56,161,161,161,176,6,6,6,18,42,42,42],"floor_reached":42,"playtime":3480,"items_purged":[],"score":592,"play_id":"849ad2cc-9be5-477e-b3de-9928b6bce231","local_time":"20201220193948","is_ascension_mode":false,"campfire_choices":[{"data":"sneckomod:SnekBite","floor":1.0,"key":"SMITH"},{"data":"sneckomod:UnknownBlock","floor":3.0,"key":"SMITH"},{"data":"sneckomod:Unknown0Cost","floor":8.0,"key":"SMITH"},{"data":"sneckomod:UnknownWeak","floor":10.0,"key":"SMITH"},{"data":"Apotheosis","floor":18.0,"key":"SMITH"},{"floor":22.0,"key":"RECALL"},{"data":"sneckomod:DiceBoulder","floor":25.0,"key":"SMITH"},{"data":"sneckomod:DiceBoulder+1","floor":27.0,"key":"SMITH"},{"data":"sneckomod:DiceBoulder+2","floor":35.0,"key":"SMITH"},{"data":"sneckomod:DiceBoulder+3","floor":39,"key":"SMITH"}],"circlet_count":0,"master_deck":["sneckomod:TailWhip","sneckomod:SnekBite+1","sneckomod:Unknown","sneckomod:Unknown","sneckomod:UnknownBlock+1","sneckomod:UnknownWeak+1","sneckomod:Unknown0Cost+1","sneckomod:Unknown1Cost","sneckomod:UnknownClassGREEN","sneckomod:UnknownClassGUARDIAN","sneckomod:SoulDraw","Apotheosis+1","sneckomod:UnknownBlock","sneckomod:UnknownClassGUARDIAN","sneckomod:UnknownRareAttack","sneckomod:UnknownClassPURPLE+1","sneckomod:UnknownClassGREEN+1","sneckomod:UnknownClassBLUE+1","sneckomod:UnknownWeak","sneckomod:UnknownWeak","sneckomod:RainOfDice","sneckomod:DiceBoulder+4","sneckomod:UnknownBlock","sneckomod:UnknownRarePower","Ghostly","Ghostly","Ghostly","Ghostly","sneckomod:UnknownRareAttack","sneckomod:Unknown1Cost","sneckomod:Restock","sneckomod:Unknown0Cost","sneckomod:DiceBlock","sneckomod:Unknown1Cost+1","sneckomod:UnknownBlock+1"],"relics":["sneckomod:SneckoSoul","Ornamental Fan","Juzu Bracelet","downfall:HeartBlessingGreen","downfall:GremlinWheel","Odd Mushroom","Astrolabe","downfall:HeartBlessingBlue","HornCleat","sneckomod:LoadedDie","Akabeko","downfall:HeartBlessingRed","Ginger","Vajra","Pandora\u0027s Box","Sling","Ancient Tea Set"],"acts_visited":["Exordium","TheCity","TheBeyond"],"potions_floor_usage":[42],"damage_taken":[{"damage":35.0,"enemies":"3 Sentries","floor":2.0,"turns":6.0},{"damage":0.0,"enemies":"2 Louse","floor":4.0,"turns":1.0},{"damage":2.0,"enemies":"Cultist","floor":5.0,"turns":3.0},{"damage":14.0,"enemies":"Gremlin Nob","floor":6.0,"turns":4.0},{"damage":26.0,"enemies":"Gremlin Nob","floor":9.0,"turns":5.0},{"damage":1.0,"enemies":"Small Slimes","floor":12.0,"turns":5.0},{"damage":6.0,"enemies":"downfall:FleeingMerchant","floor":13.0,"turns":4.0},{"damage":22.0,"enemies":"The Mushroom Lair","floor":14.0,"turns":4.0},{"damage":0.0,"enemies":"3 Louse","floor":15.0,"turns":5.0},{"damage":6.0,"enemies":"downfall:Watcher","floor":16.0,"turns":12.0},{"damage":11.0,"enemies":"Book of Stabbing","floor":19.0,"turns":4.0},{"damage":10.0,"enemies":"Shell Parasite","floor":20.0,"turns":8.0},{"damage":0.0,"enemies":"Gremlin Leader","floor":21.0,"turns":8.0},{"damage":18.0,"enemies":"3 Byrds","floor":23.0,"turns":5.0},{"damage":13.0,"enemies":"Sentry and Sphere","floor":26.0,"turns":5.0},{"damage":0.0,"enemies":"downfall:FleeingMerchant","floor":30.0,"turns":4.0},{"damage":3.0,"enemies":"Snake Plant","floor":31.0,"turns":6.0},{"damage":15.0,"enemies":"Centurion and Healer","floor":32.0,"turns":2.0},{"damage":38.0,"enemies":"downfall:Ironclad","floor":33.0,"turns":9.0},{"damage":2,"enemies":"3 Darklings","floor":36,"turns":3},{"damage":0,"enemies":"downfall:FleeingMerchant","floor":37,"turns":4},{"damage":0,"enemies":"3 Shapes","floor":40,"turns":4},{"damage":88,"enemies":"Nemesis","floor":42,"turns":7}],"seed_played":"6044038334323602462","potions_obtained":[{"floor":5.0,"key":"Swift Potion"},{"floor":6.0,"key":"sneckomod:OffclassReductionPotion"},{"floor":9.0,"key":"PowerPotion"},{"floor":16.0,"key":"SteroidPotion"},{"floor":21.0,"key":"FearPotion"},{"floor":32.0,"key":"Guardian:BlockOnCardUsePotion"},{"floor":33.0,"key":"champ:CounterPotion"}],"is_trial":false,"path_per_floor":["R","E","R","M","M","E","T","R","?","R","?","M","$","?","M","B",null,"R","E","M","E","R","M","T","R","M","R","?","?","$","M","M","B",null,"R","M","$","?","R","M","T","E"],"character_chosen":"THE_SNECKO","items_purchased":["Apotheosis","Vajra","Sling"],"campfire_rested":0,"item_purchase_floors":[13,30,37],"current_hp_per_floor":[99,65,65,66,65,68,68,68,42,42,43,43,37,20,21,16,111,121,111,102,102,102,84,84,84,72,72,73,62,63,61,46,10,65,65,63,64,64,64,65,65,0,0],"gold":42,"neow_bonus":"TEN_PERCENT_HP_BONUS","is_daily":false,"chose_seed":false,"campfire_upgraded":9,"win_rate":0.0,"timestamp":1608464388,"path_taken":["R","E","R","M","M","E","T","R","?","R","?","M","$","?","M","BOSS","R","E","M","E","R","M","T","R","M","R","?","?","$","M","M","BOSS","R","M","$","?","R","M","T","E"],"items_purchased_type":["Card","Relic","Relic"],"build_version":"2020-12-13","purchased_purges":0,"victory":false,"max_hp_per_floor":[99,100,100,101,102,103,103,103,103,103,104,105,105,106,107,108,111,121,122,123,123,123,123,123,123,124,124,125,62,63,64,64,64,65,65,65,66,66,66,67,67,67,67],"card_choices":[{"not_picked":["sneckomod:WideSting","sneckomod:SnekBeam"],"picked":"sneckomod:UnknownBlock","floor":2.0},{"not_picked":["sneckomod:TrashToTreasure","sneckomod:SnekBeam"],"picked":"sneckomod:UnknownWeak","floor":4.0},{"not_picked":["sneckomod:Unknown2Cost","sneckomod:Unknown1Cost"],"picked":"sneckomod:Unknown0Cost","floor":5.0},{"not_picked":["sneckomod:IronFang","sneckomod:SoulDraw"],"picked":"sneckomod:Unknown1Cost","floor":6.0},{"not_picked":["sneckomod:UnknownCommonSkill","sneckomod:Nope"],"picked":"sneckomod:UnknownClassGUARDIAN","floor":12.0},{"not_picked":["sneckomod:UnknownExhaust","sneckomod:SlitherStrike"],"picked":"sneckomod:SoulDraw","floor":13.0},{"not_picked":["sneckomod:UnknownX","sneckomod:ImprovisedGuard"],"picked":"sneckomod:UnknownBlock","floor":14.0},{"not_picked":["sneckomod:UnknownClassTHE_CHAMP_GRAY","sneckomod:MasterEye"],"picked":"sneckomod:UnknownClassGUARDIAN","floor":15.0},{"not_picked":["sneckomod:UnlimitedRolls","sneckomod:Restock"],"picked":"sneckomod:UnknownRareAttack","floor":16.0},{"not_picked":["sneckomod:SoulExchange","sneckomod:Nope+1"],"picked":"sneckomod:UnknownWeak","floor":19.0},{"not_picked":["sneckomod:RainOfDice","sneckomod:DiceCrush"],"picked":"sneckomod:UnknownWeak","floor":20.0},{"not_picked":["sneckomod:SoulRoll","sneckomod:DiceBlock"],"picked":"sneckomod:RainOfDice","floor":21.0},{"not_picked":["sneckomod:Nope+1","sneckomod:RainOfDice"],"picked":"sneckomod:DiceBoulder","floor":23.0},{"not_picked":["sneckomod:SoulRoll","sneckomod:UnknownWeak"],"picked":"sneckomod:UnknownBlock","floor":26.0},{"not_picked":["sneckomod:UnknownUncommonAttack","sneckomod:UnknownX"],"picked":"sneckomod:UnknownRareAttack","floor":30.0},{"not_picked":["sneckomod:SnekBeam","sneckomod:IronFang"],"picked":"sneckomod:Unknown1Cost","floor":31.0},{"not_picked":["sneckomod:QuickBite","sneckomod:IronFang","sneckomod:DiceCrush"],"picked":"SKIP","floor":32.0},{"not_picked":["sneckomod:Mudshield","sneckomod:DangerNoodle"],"picked":"sneckomod:Restock","floor":33.0},{"not_picked":["sneckomod:QuickBite","sneckomod:WideSting","sneckomod:UnknownCommonAttack"],"picked":"SKIP","floor":36},{"not_picked":["sneckomod:UnknownVulnerable","sneckomod:Nope"],"picked":"sneckomod:Unknown1Cost+1","floor":37},{"not_picked":["sneckomod:ImprovisedAttack+1","sneckomod:DiceBlock+1"],"picked":"sneckomod:UnknownBlock+1","floor":40}],"player_experience":618593,"relics_obtained":[{"floor":2.0,"key":"Ornamental Fan"},{"floor":6.0,"key":"Juzu Bracelet"},{"floor":9.0,"key":"downfall:GremlinWheel"},{"floor":14.0,"key":"Odd Mushroom"},{"floor":19.0,"key":"HornCleat"},{"floor":21.0,"key":"sneckomod:LoadedDie"},{"floor":24.0,"key":"Akabeko"},{"floor":25.0,"key":"Ginger"},{"floor":41,"key":"Ancient Tea Set"}],"event_choices":[{"damage_healed":0.0,"max_hp_gain":0.0,"max_hp_loss":0.0,"gold_gain":0.0,"cards_transformed":["sneckomod:Strike"],"event_name":"Transmorgrifier","player_choice":"Transformed","floor":11.0,"gold_loss":0.0,"damage_taken":0.0,"cards_obtained":["sneckomod:UnknownClassGREEN"]},{"damage_healed":0.0,"max_hp_gain":0.0,"max_hp_loss":0.0,"gold_gain":0.0,"event_name":"Mushrooms","player_choice":"Fought Mushrooms","floor":14.0,"gold_loss":0.0,"damage_taken":0.0},{"damage_healed":0.0,"max_hp_gain":0.0,"max_hp_loss":0.0,"gold_gain":0.0,"event_name":"Wheel of Change","player_choice":"Relic","floor":25.0,"gold_loss":0.0,"damage_taken":0.0},{"damage_healed":0.0,"max_hp_gain":0.0,"max_hp_loss":0.0,"gold_gain":0.0,"event_name":"The Library","player_choice":"Read","floor":28.0,"gold_loss":0.0,"damage_taken":0.0,"cards_obtained":["sneckomod:UnknownRarePower"]},{"damage_healed":0.0,"max_hp_gain":0.0,"max_hp_loss":63.0,"gold_gain":0.0,"event_name":"Ghosts","player_choice":"Became a Ghost","floor":29.0,"gold_loss":0.0,"damage_taken":0.0,"cards_obtained":["Ghostly","Ghostly","Ghostly","Ghostly","Ghostly"]},{"cards_removed":["Ghostly"],"damage_healed":0,"gold_gain":0,"player_choice":"Removed Skill","damage_taken":0,"max_hp_gain":0,"max_hp_loss":0,"event_name":"Falling","floor":38,"gold_loss":0}],"is_beta":false,"boss_relics":[{"not_picked":["Runic Pyramid","Ectoplasm"],"picked":"Astrolabe"},{"not_picked":["Busted Crown","Velvet Choker"],"picked":"Pandora\u0027s Box"}],"items_purged_floors":[],"is_endless":false,"potions_floor_spawned":[5,6,9,15,16,21,31,32,33,40],"killed_by":"Nemesis","ascension_level":0}}