{"host":"ipcfr4ajj2jkxvg7","time":1608446684,"event":{"mods":["BaseMod","Colored Powertips","GifTheSpireLib","Marisa（F雨　魔理沙）","Minty Spire (QoL Compilation)","Quick Restart","Remilia（蕾米莉亚）","Replay The Spire","RumiaBox-露米娅的神秘盒子","StSLib"],"gold_per_floor":[117,117,127,127,153,183,183,199,252,286,286,315,315,327,327,429,429,446,446,446,430,430,462,482,407,476,488,488,488],"floor_reached":28,"playtime":719,"items_purged":["Defend_MRS"],"score":450,"play_id":"37c3c48e-332b-48c3-9c05-1ea046ccf74b","local_time":"20201220144444","is_ascension_mode":true,"campfire_choices":[{"data":"MilkyWay","floor":7,"key":"SMITH"},{"data":"EnergyFlow","floor":11,"key":"SMITH"},{"floor":13,"key":"REST"},{"floor":15,"key":"REST"}],"circlet_count":0,"master_deck":["AscendersBane","Strike_MRS","Strike_MRS","Strike_MRS","Defend_MRS","Defend_MRS","MasterSpark","UpSweep","MilkyWay+1","EnergyFlow+1","TreasureHunter+1","EarthLightRay","OrrerysSun","SuperNova","PowerUp","WitchOfGreed","Acceleration+1"],"relics":["MiniHakkero","NeowsBlessing","AddBug","SecretRecord","SecretRecord","SecretRecord","SecretRecord","SecretRecord"],"acts_visited":["Exordium","TheCity"],"potions_floor_usage":[10,14,23,24],"damage_taken":[{"damage":0,"enemies":"Jaw Worm","floor":1,"turns":1},{"damage":0,"enemies":"Small Slimes","floor":3,"turns":1},{"damage":0,"enemies":"Gremlin Nob","floor":6,"turns":2},{"damage":0,"enemies":"2 Louse","floor":8,"turns":2},{"damage":19,"enemies":"Lagavulin","floor":10,"turns":5},{"damage":24,"enemies":"Gremlin Nob","floor":12,"turns":4},{"damage":8,"enemies":"Gremlin Gang","floor":14,"turns":3},{"damage":53,"enemies":"Slime Boss","floor":16,"turns":8},{"damage":17,"enemies":"Chosen","floor":18,"turns":5},{"damage":23,"enemies":"2 Thieves","floor":21,"turns":4},{"damage":19,"enemies":"Replay:Snechameleon","floor":23,"turns":5},{"damage":10,"enemies":"Snecko","floor":24,"turns":3},{"damage":14,"enemies":"Cultist and Chosen","floor":27,"turns":4},{"damage":0,"enemies":"Slavers","floor":28,"turns":1}],"seed_played":"-1122834552700091675","potions_obtained":[{"floor":6,"key":"PowerPotion"},{"floor":10,"key":"DistilledChaos"},{"floor":18,"key":"ColorlessPotion"},{"floor":23,"key":"AttackPotion"},{"floor":27,"key":"Adrenaline Potion"}],"is_trial":false,"path_per_floor":["M","?","M","?","T","E","R","M","T","E","R","E","R","M","R","B",null,"M","?","?","M","?","E","M","$","T","M","E"],"character_chosen":"MARISA","items_purchased":[],"campfire_rested":2,"item_purchase_floors":[],"current_hp_per_floor":[68,56,56,56,56,56,56,56,56,37,37,13,35,34,56,10,59,49,49,49,33,33,22,20,20,20,14,14,14],"gold":488,"neow_bonus":"THREE_ENEMY_KILL","is_daily":false,"chose_seed":false,"campfire_upgraded":2,"win_rate":0.0,"timestamp":1608446684,"path_taken":["M","?","M","?","?","E","R","M","T","E","R","E","R","M","R","BOSS","M","?","?","?","?","E","?","?","T","M","E"],"items_purchased_type":[],"build_version":"2020-12-13","purchased_purges":1,"victory":false,"max_hp_per_floor":[75,75,75,75,75,75,75,75,75,75,75,75,75,75,75,75,75,75,75,75,75,75,75,75,75,75,75,75,75],"card_choices":[{"not_picked":["DC","LuminesStrike"],"picked":"MilkyWay","floor":1},{"not_picked":["DoubleSpark","WitchLeyline"],"picked":"EnergyFlow","floor":3},{"not_picked":["BigCrunch","WitchOfGreed"],"picked":"EarthLightRay","floor":6},{"not_picked":["LuminesStrike","GalacticHalo","GrandCross"],"picked":"SKIP","floor":8},{"not_picked":["GalacticHalo","DoubleSpark","DC"],"picked":"SKIP","floor":10},{"not_picked":["SporeBomb","WitchLeyline","SatelliteIllusion"],"picked":"SKIP","floor":12},{"not_picked":["NonDirectionalLaser","UnstableBomb"],"picked":"OrrerysSun","floor":14},{"not_picked":["StarDustReverie","AbsoluteMagnitude"],"picked":"SuperNova","floor":16},{"not_picked":["GravityBeat","MysteriousBeam+1","SporeBomb+1"],"picked":"SKIP","floor":18},{"not_picked":["GasGiant","6A","DoubleSpark"],"picked":"SKIP","floor":21},{"not_picked":["MillisecondPulsars","DC","WitchOfGreed"],"picked":"SKIP","floor":23},{"not_picked":["WitchOfGreed","EnergyRecoil"],"picked":"Acceleration+1","floor":24},{"not_picked":["GravityBeat","Acceleration","Occultation"],"picked":"SKIP","floor":27}],"player_experience":405531,"relics_obtained":[{"floor":1,"key":"AddBug"},{"floor":3,"key":"SecretRecord"},{"floor":5,"key":"Toy Ornithopter"},{"floor":6,"key":"Ancient Tea Set"},{"floor":6,"key":"Shuriken"},{"floor":9,"key":"Replay:Bandana"},{"floor":10,"key":"SecretRecord"},{"floor":10,"key":"Replay:Mystery Machine"},{"floor":12,"key":"Pen Nib"},{"floor":12,"key":"CaptainsWheel"},{"floor":21,"key":"SecretRecord"},{"floor":23,"key":"ShroomBag"},{"floor":26,"key":"Kunai"},{"floor":27,"key":"SecretRecord"}],"event_choices":[{"damage_healed":0,"gold_gain":0,"player_choice":"Success","damage_taken":12,"relics_obtained":["WingedGreaves"],"max_hp_gain":0,"max_hp_loss":0,"event_name":"Scrap Ooze","floor":2,"gold_loss":0},{"damage_healed":0,"gold_gain":0,"player_choice":"Read","damage_taken":0,"max_hp_gain":0,"max_hp_loss":0,"event_name":"The Library","floor":19,"gold_loss":0,"cards_obtained":["PowerUp"]},{"damage_healed":0,"gold_gain":0,"cards_transformed":["Defend_MRS"],"player_choice":"Transformed","damage_taken":0,"max_hp_gain":0,"max_hp_loss":0,"event_name":"Transmorgrifier","floor":20,"gold_loss":0,"cards_obtained":["WitchOfGreed"]},{"damage_healed":0,"gold_gain":0,"player_choice":"Trade","damage_taken":0,"relics_obtained":["NlothsMask"],"max_hp_gain":0,"max_hp_loss":0,"event_name":"FaceTrader","floor":22,"gold_loss":0}],"is_beta":false,"boss_relics":[{"not_picked":["ReplayTheSpireMod:DimensionalGlitch","Kintsugi"],"picked":"Empty Cage"}],"items_purged_floors":[25],"is_endless":false,"potions_floor_spawned":[6,10,18,23,27],"killed_by":"Slavers","ascension_level":12}}