{"host":"sh8ot41fo7a0kahq","time":1608441805,"event":{"mods":["ATMod(°¢èªMod)","BaseMod","Better Third Choice","Colored Powertips","Minty Spire (QoL Compilation)","Quick Restart","Spicy Shops","StSLib","UnlockEverythingMod","¡¾ÒÅÎï¿¨ÅÆ¡¿REMEMod"],"gold_per_floor":[110,128,145,158,171,205,205,305,375,221,221,221,261,36,36,36,36],"floor_reached":16,"playtime":560,"items_purged":["Strike_B"],"score":146,"play_id":"816cebeb-4f1b-455b-8324-e4ee30c6fc2a","local_time":"20201220132325","is_ascension_mode":true,"campfire_choices":[{"floor":7.0,"key":"REST"},{"data":"White Noise","floor":12,"key":"SMITH"},{"data":"Recycle","floor":15,"key":"SMITH"}],"circlet_count":0,"master_deck":["Strike_B","Strike_B","Strike_B","Defend_B","Defend_B","Defend_B","Defend_B","Zap","Dualcast","Leg Sweep","Writhe","REME_Whirling","Cold Snap","White Noise+1","Streamline","Recycle+1","Fission+1","Cold Snap"],"relics":["Cracked Core","AT_ATBox","REME_ComplimentaryCards","CaptainsWheel","AT_MibuBalloonWealth","Happy Flower","Pear","DataDisk","OrangePellets"],"acts_visited":["Exordium"],"potions_floor_usage":[],"damage_taken":[{"damage":0.0,"enemies":"Jaw Worm","floor":1.0,"turns":5.0},{"damage":1.0,"enemies":"2 Louse","floor":2.0,"turns":2.0},{"damage":0.0,"enemies":"Small Slimes","floor":3.0,"turns":2.0},{"damage":9.0,"enemies":"Red Slaver","floor":4.0,"turns":4.0},{"damage":12.0,"enemies":"Exordium Wildlife","floor":5.0,"turns":6.0},{"damage":40.0,"enemies":"Gremlin Nob","floor":6.0,"turns":5.0},{"damage":24.0,"enemies":"3 Sentries","floor":8.0,"turns":5.0},{"damage":6,"enemies":"Looter","floor":13,"turns":3},{"damage":8,"enemies":"Slime Boss","floor":16,"turns":3}],"seed_played":"8714923391392648743","potions_obtained":[{"floor":3.0,"key":"FocusPotion"},{"floor":5.0,"key":"FearPotion"},{"floor":8.0,"key":"SkillPotion"},{"floor":13,"key":"Explosive Potion"}],"is_trial":false,"path_per_floor":["M","M","M","M","M","E","R","E","T","$","?","R","M","$","R","B"],"character_chosen":"DEFECT","items_purchased":["DataDisk","OrangePellets"],"campfire_rested":1,"item_purchase_floors":[10,14],"current_hp_per_floor":[68,67,67,58,46,6,28,4,14,14,14,14,8,8,8,0,0],"gold":36,"neow_bonus":"ONE_RARE_RELIC","is_daily":false,"chose_seed":false,"campfire_upgraded":2,"win_rate":0.0,"timestamp":1608441805,"path_taken":["M","M","M","M","M","E","R","E","T","$","?","R","M","$","R","BOSS"],"items_purchased_type":["Relic","Relic"],"build_version":"2020-12-13","purchased_purges":1,"victory":false,"max_hp_per_floor":[75,75,75,75,75,75,75,75,85,85,85,85,85,85,85,85,85],"card_choices":[{"not_picked":["Doom and Gloom","Darkness"],"picked":"REME_Whirling","floor":1.0},{"not_picked":["AT_StudyProgram","Chill"],"picked":"Cold Snap","floor":2.0},{"not_picked":["Leap","Rebound"],"picked":"White Noise","floor":3.0},{"not_picked":["Steam","FTL"],"picked":"Streamline","floor":4.0},{"not_picked":["Turbo","Gash"],"picked":"Recycle","floor":5.0},{"not_picked":["Force Field","Turbo"],"picked":"Fission","floor":6.0},{"not_picked":["AT_RobotInSpace","Barrage"],"picked":"Cold Snap","floor":8.0},{"not_picked":["Stack","Static Discharge","Cold Snap"],"picked":"SKIP","floor":13}],"player_experience":280668,"relics_obtained":[{"floor":6.0,"key":"AT_MibuBalloonWealth"},{"floor":8.0,"key":"Happy Flower"},{"floor":9.0,"key":"Pear"}],"event_choices":[{"damage_healed":0,"gold_gain":0,"player_choice":"Grow","damage_taken":0,"max_hp_gain":0,"max_hp_loss":0,"event_name":"Living Wall","floor":11,"gold_loss":0,"cards_upgraded":["Fission"]}],"is_beta":false,"boss_relics":[],"items_purged_floors":[14],"is_endless":false,"potions_floor_spawned":[3,5,8,13],"killed_by":"Slime Boss","ascension_level":6}}