{"host":"0fmi5fguj5lvt8pf","time":1608429927,"event":{"mods":["BaseMod","Colored Map","Curses Come First","Downfall","Minty Spire (QoL Compilation)","Permanent Neow","StSLib","Waifu the Spire"],"gold_per_floor":[99,110,110,122,222,222,222,242,242,242,242,318,334,244,261,360,360,310,310,335,352,352,352,352],"floor_reached":23,"playtime":1360,"items_purged":["Slimebound:Defend_Slimebound"],"score":247,"play_id":"424d22b4-14ff-4bd3-ae7c-dd26f15472ac","local_time":"20201219180527","is_ascension_mode":false,"campfire_choices":[{"floor":1.0,"key":"RECALL"},{"data":"Slimebound:LeadByExample","floor":6.0,"key":"SMITH"},{"data":"Slimebound:SplitAcid","floor":10.0,"key":"SMITH"},{"data":"Slimebound:SelfFormingGoo","floor":18.0,"key":"SMITH"}],"circlet_count":0,"master_deck":["Slimebound:Strike_Slimebound","Slimebound:Strike_Slimebound","Slimebound:Strike_Slimebound","Slimebound:Defend_Slimebound","Slimebound:Defend_Slimebound","Slimebound:Split","Slimebound:CorrosiveSpit","Slimebound:MassFeed+1","Slimebound:Replication","Slimebound:GrowthPunch","Slimebound:LeadByExample+1","Slimebound:SplitAcid+1","Slimebound:GrowthPunch","Slimebound:SlimeBarrage","Slimebound:Dissolve","Slimebound:SelfFormingGoo+1","CurseOfTheBell","Slimebound:SplitAcid","Slimebound:LivingWall"],"relics":["Slimebound:AbsorbEndCombat","downfall:BrokenWingStatue","Turnip","Slimebound:GreedOozeRelic","Shuriken","Calling Bell","Pen Nib","Mummified Hand","Incense Burner","Juzu Bracelet"],"acts_visited":["Exordium","TheCity"],"potions_floor_usage":[21],"damage_taken":[{"damage":5.0,"enemies":"Small Slimes","floor":2.0,"turns":4.0},{"damage":4.0,"enemies":"2 Louse","floor":4.0,"turns":2.0},{"damage":24.0,"enemies":"downfall:Heads","floor":5.0,"turns":4.0},{"damage":16.0,"enemies":"Jaw Worm","floor":8.0,"turns":3.0},{"damage":14.0,"enemies":"Exordium Thugs","floor":13.0,"turns":3.0},{"damage":18.0,"enemies":"downfall:FleeingMerchant","floor":14.0,"turns":4.0},{"damage":23.0,"enemies":"Blue Slaver","floor":15.0,"turns":4.0},{"damage":47.0,"enemies":"downfall:Silent","floor":16.0,"turns":9.0},{"damage":62.0,"enemies":"Gremlin Leader","floor":20.0,"turns":7.0},{"damage":25,"enemies":"Shell Parasite","floor":21,"turns":4},{"damage":10,"enemies":"downfall:FleeingMerchant","floor":23,"turns":2}],"seed_played":"5137325113184258192","potions_obtained":[{"floor":2.0,"key":"DuplicationPotion"},{"floor":8.0,"key":"DistilledChaos"},{"floor":20,"key":"AttackPotion"}],"is_trial":false,"path_per_floor":["R","M","?","M","?","R","T","M","?","R","?","T","M","$","M","B",null,"R","?","E","M","?","$"],"character_chosen":"SLIMEBOUND","items_purchased":[],"campfire_rested":0,"item_purchase_floors":[],"current_hp_per_floor":[54,60,60,66,59,59,59,53,50,50,50,50,50,48,37,22,81,81,66,24,7,7,0,0],"gold":352,"neow_bonus":"THREE_RARE_CARDS","is_daily":false,"chose_seed":false,"campfire_upgraded":3,"win_rate":0.0,"timestamp":1608429927,"path_taken":["R","M","?","M","?","R","T","M","?","R","?","?","M","?","M","BOSS","R","?","E","M","?","$"],"items_purchased_type":[],"build_version":"2020-12-13","purchased_purges":1,"victory":false,"max_hp_per_floor":[54,60,60,66,69,69,69,69,69,69,69,69,73,73,77,81,81,81,86,90,90,90,90,90],"card_choices":[{"not_picked":["Slimebound:RallyTheTroops","Slimebound:CheckThePlaybook"],"picked":"Slimebound:MassFeed","floor":0.0},{"not_picked":["Slimebound:ComboTackle","Slimebound:ItLooksTasty"],"picked":"Slimebound:Replication","floor":2.0},{"not_picked":["Slimebound:Chomp","Slimebound:ProtectTheBoss"],"picked":"Slimebound:GrowthPunch","floor":4.0},{"not_picked":["Slimebound:DouseInSlime","Slimebound:ComboTackle"],"picked":"Slimebound:SplitAcid","floor":5.0},{"not_picked":["Slimebound:SplitAcid","Slimebound:ProtectTheBoss","Slimebound:RollThrough"],"picked":"SKIP","floor":8.0},{"not_picked":["Slimebound:LeechEnergy","Slimebound:SplitAcid"],"picked":"Slimebound:GrowthPunch","floor":13.0},{"not_picked":["Slimebound:LeechEnergy","Slimebound:GoopSpray"],"picked":"Slimebound:SlimeBarrage","floor":14.0},{"not_picked":["Slimebound:ViciousTackle","Slimebound:FlameTackle"],"picked":"Slimebound:Dissolve","floor":15.0},{"not_picked":["Slimebound:SlimeSlap","Slimebound:CheckThePlaybook"],"picked":"Slimebound:SelfFormingGoo","floor":16.0},{"not_picked":["Slimebound:Overexert","Slimebound:SlimeSpikes+1"],"picked":"Slimebound:SplitAcid","floor":20},{"not_picked":["Slimebound:Replication+1","Slimebound:LeechEnergy"],"picked":"Slimebound:LivingWall","floor":21}],"player_experience":1203149,"relics_obtained":[{"floor":12.0,"key":"Shuriken"},{"floor":17.0,"key":"Pen Nib"},{"floor":17.0,"key":"Mummified Hand"},{"floor":17.0,"key":"Incense Burner"},{"floor":20,"key":"Juzu Bracelet"}],"event_choices":[{"damage_healed":0.0,"max_hp_gain":0.0,"max_hp_loss":0.0,"gold_gain":0.0,"event_name":"Scrap Ooze","player_choice":"Success","floor":9.0,"gold_loss":0.0,"damage_taken":3.0,"relics_obtained":["Turnip"]}],"is_beta":false,"boss_relics":[{"not_picked":["Ectoplasm","Runic Pyramid"],"picked":"Calling Bell"}],"items_purged_floors":[14],"is_endless":false,"potions_floor_spawned":[2,8,20],"killed_by":"downfall:FleeingMerchant","ascension_level":0}}