{"host":"61r95uy0hn86b9iu","time":1608498633,"event":{"mods":["AchievementEnabler","BaseMod","Better Vampires","BetterRewards","Colored Powertips","Hubris","Minty Spire (QoL Compilation)","Shop Mod","StSLib"],"gold_per_floor":[112,112,112,83,100,100,112,137,163,182,182,152,152,163,163,163,163],"floor_reached":16,"playtime":391,"items_purged":[],"score":300,"play_id":"3b4cdfa5-0145-4df7-b50a-832904b9fabd","local_time":"20201220151033","is_ascension_mode":true,"campfire_choices":[{"floor":6.0,"key":"REST"},{"floor":11.0,"key":"REST"},{"floor":15.0,"key":"REST"}],"circlet_count":0,"master_deck":["AscendersBane","Strike_G","Strike_G","Strike_G","Strike_G","Strike_G","Defend_G","Defend_G","Defend_G","Defend_G","Survivor","Neutralize","Footwork","Envenom","Caltrops","Backflip","Poisoned Stab","Footwork","Deadly Poison","Flechettes"],"relics":["Ring of the Snake","Tiny Chest","Akabeko","Happy Flower","Dream Catcher","Bronze Scales","Mummified Hand"],"acts_visited":["Exordium"],"potions_floor_usage":[16],"damage_taken":[{"damage":0.0,"enemies":"2 Louse","floor":1.0,"turns":2.0},{"damage":1.0,"enemies":"Cultist","floor":5.0,"turns":4.0},{"damage":11.0,"enemies":"Small Slimes","floor":7.0,"turns":3.0},{"damage":29.0,"enemies":"Gremlin Nob","floor":8.0,"turns":4.0},{"damage":11.0,"enemies":"Looter","floor":10.0,"turns":3.0},{"damage":5.0,"enemies":"3 Louse","floor":14.0,"turns":3.0},{"damage":79,"enemies":"Slime Boss","floor":16,"turns":8}],"seed_played":"8626668347664533304","potions_obtained":[{"floor":7.0,"key":"Strength Potion"},{"floor":8.0,"key":"SpeedPotion"},{"floor":10.0,"key":"SpeedPotion"},{"floor":12.0,"key":"FairyPotion"},{"floor":12.0,"key":"AttackPotion"}],"is_trial":false,"path_per_floor":["M","?","?","$","M","R","M","E","T","M","R","?","T","M","R","B"],"character_chosen":"THE_SILENT","items_purchased":["Tiny Chest","Footwork","Backflip"],"campfire_rested":3,"item_purchase_floors":[0,0,4],"current_hp_per_floor":[41,36,41,41,40,61,50,21,21,10,31,31,31,26,47,0,0],"gold":163,"neow_bonus":"","is_daily":false,"chose_seed":false,"campfire_upgraded":0,"win_rate":0.0,"timestamp":1608498633,"path_taken":["M","?","?","$","M","R","M","E","T","M","R","?","?","M","R","BOSS"],"items_purchased_type":["Relic","Card","Card"],"build_version":"2020-12-13","purchased_purges":0,"victory":false,"max_hp_per_floor":[66,66,71,71,71,71,71,71,71,71,71,71,71,71,71,71,71],"card_choices":[{"not_picked":["Footwork","PiercingWail"],"picked":"Caltrops","floor":1.0},{"not_picked":["Deflect","Prepared","Footwork"],"picked":"SKIP","floor":5.0},{"not_picked":["Flechettes","hubris:TrickCloak"],"picked":"Poisoned Stab","floor":7.0},{"not_picked":["Dodge and Roll","Well Laid Plans","Footwork"],"picked":"SKIP","floor":8.0},{"not_picked":["Dodge and Roll","Well Laid Plans"],"picked":"Footwork","floor":8.0},{"not_picked":["Flying Knee","hubris:SlightOfHand","Dodge and Roll"],"picked":"SKIP","floor":10.0},{"not_picked":["Bane","Slice"],"picked":"Deadly Poison","floor":11.0},{"not_picked":["PiercingWail","Unload"],"picked":"Flechettes","floor":14.0}],"player_experience":3198489,"relics_obtained":[{"floor":8.0,"key":"Dream Catcher"},{"floor":9.0,"key":"Bronze Scales"},{"floor":13.0,"key":"Mummified Hand"}],"event_choices":[{"damage_healed":0.0,"max_hp_gain":0.0,"max_hp_loss":0.0,"gold_gain":0.0,"event_name":"Scrap Ooze","player_choice":"Success","floor":2.0,"gold_loss":0.0,"damage_taken":5.0,"relics_obtained":["Happy Flower"]},{"damage_healed":0.0,"max_hp_gain":5.0,"max_hp_loss":0.0,"gold_gain":0.0,"event_name":"Big Fish","player_choice":"Donut","floor":3.0,"gold_loss":0.0,"damage_taken":0.0},{"damage_healed":0.0,"max_hp_gain":0.0,"max_hp_loss":0.0,"gold_gain":0.0,"event_name":"The Woman in Blue","player_choice":"Bought 2 Potions","floor":12.0,"gold_loss":0.0,"damage_taken":0.0}],"is_beta":false,"boss_relics":[],"items_purged_floors":[],"is_endless":false,"potions_floor_spawned":[7,8,10,14],"killed_by":"Slime Boss","ascension_level":20}}