{"host":"xcuflocadasoaqda","time":1608487297,"event":{"mods":["BaseMod","Bestiary","Filter the Spire","Minty Spire (QoL Compilation)","Relic Stats"],"gold_per_floor":[116,116,116,127,144,144,176,176,229,263,281,281,291,321,321,321,321],"floor_reached":16,"playtime":609,"items_purged":[],"score":240,"play_id":"ea90c394-e522-4c21-ab90-ad55a77cb5bc","local_time":"20201220120137","is_ascension_mode":true,"campfire_choices":[{"data":"Noxious Fumes","floor":6,"key":"SMITH"},{"data":"Sucker Punch","floor":8,"key":"SMITH"},{"data":"Dagger Throw","floor":12,"key":"SMITH"},{"data":"Masterful Stab","floor":15,"key":"SMITH"}],"circlet_count":0,"master_deck":["AscendersBane","Strike_G","Strike_G","Strike_G","Strike_G","Defend_G","Defend_G","Defend_G","Defend_G","Survivor","Neutralize","Noxious Fumes+1","Dagger Throw+1","Sucker Punch+1","Backflip","Acrobatics","Escape Plan","Masterful Stab+1"],"relics":["Coffee Dripper","Blood Vial","Bag of Preparation","Dead Branch","Eternal Feather"],"acts_visited":["Exordium"],"potions_floor_usage":[7,10,13],"damage_taken":[{"damage":7,"enemies":"2 Louse","floor":1,"turns":3},{"damage":2,"enemies":"Jaw Worm","floor":4,"turns":5},{"damage":1,"enemies":"Cultist","floor":5,"turns":4},{"damage":4,"enemies":"Lagavulin","floor":7,"turns":7},{"damage":22,"enemies":"Gremlin Nob","floor":10,"turns":4},{"damage":0,"enemies":"Looter","floor":11,"turns":3},{"damage":4,"enemies":"Exordium Thugs","floor":13,"turns":4},{"damage":16,"enemies":"Lagavulin","floor":14,"turns":8},{"damage":23,"enemies":"Slime Boss","floor":16,"turns":5}],"seed_played":"-5663830519959389587","potions_obtained":[{"floor":4,"key":"BlessingOfTheForge"},{"floor":7,"key":"CultistPotion"},{"floor":11,"key":"DuplicationPotion"},{"floor":14,"key":"Poison Potion"}],"is_trial":false,"path_per_floor":["M","?","?","M","M","R","E","R","T","E","M","R","M","E","R","B"],"character_chosen":"THE_SILENT","items_purchased":[],"campfire_rested":0,"item_purchase_floors":[],"current_hp_per_floor":[52,45,45,43,42,42,38,38,38,18,20,20,18,4,13,0,0],"gold":321,"neow_bonus":"BOSS_RELIC","is_daily":false,"chose_seed":false,"campfire_upgraded":4,"win_rate":0.0,"timestamp":1608487297,"path_taken":["M","?","?","M","M","R","E","R","T","E","M","R","?","E","R","BOSS"],"items_purchased_type":[],"build_version":"2020-12-13","purchased_purges":0,"victory":false,"max_hp_per_floor":[66,66,66,66,66,66,66,66,66,66,66,66,66,66,66,66,66],"relic_stats":{"Blood Vial":10,"counters":[9,43],"Dead Branch":[5],"Eternal Feather":9,"Bag of Preparation":[10],"obtain_stats":[{"Blood Vial":7,"Dead Branch":10,"Eternal Feather":14,"Coffee Dripper":0,"Bag of Preparation":9,"Ring of the Snake":0},{"Blood Vial":4,"Dead Branch":5,"Eternal Feather":8,"Coffee Dripper":0,"Bag of Preparation":4,"Ring of the Snake":0},{"Blood Vial":19,"Dead Branch":23,"Eternal Feather":38,"Coffee Dripper":0,"Bag of Preparation":19,"Ring of the Snake":0}]},"card_choices":[{"not_picked":["Dodge and Roll","Outmaneuver"],"picked":"Noxious Fumes","floor":1},{"not_picked":["Outmaneuver","Backflip"],"picked":"Dagger Throw","floor":4},{"not_picked":["Dagger Throw","Eviscerate"],"picked":"Sucker Punch","floor":5},{"not_picked":["Night Terror","Flechettes"],"picked":"Backflip","floor":7},{"not_picked":["Prepared","Sucker Punch","Underhanded Strike"],"picked":"SKIP","floor":10},{"not_picked":["Deflect","Sucker Punch"],"picked":"Acrobatics","floor":11},{"not_picked":["Caltrops","Poisoned Stab"],"picked":"Escape Plan","floor":13},{"not_picked":["Accuracy","Slice"],"picked":"Masterful Stab","floor":14}],"player_experience":1775798,"relics_obtained":[{"floor":7,"key":"Blood Vial"},{"floor":9,"key":"Bag of Preparation"},{"floor":10,"key":"Dead Branch"},{"floor":14,"key":"Eternal Feather"}],"event_choices":[{"cards_removed":["Strike_G"],"damage_healed":0,"gold_gain":0,"player_choice":"Card Removal","damage_taken":7,"max_hp_gain":0,"max_hp_loss":0,"event_name":"Golden Wing","floor":2,"gold_loss":0},{"cards_removed":["Defend_G"],"damage_healed":0,"gold_gain":0,"player_choice":"Purged","damage_taken":0,"max_hp_gain":0,"max_hp_loss":0,"event_name":"Purifier","floor":3,"gold_loss":0}],"is_beta":false,"boss_relics":[],"items_purged_floors":[],"is_endless":false,"potions_floor_spawned":[4,7,11,14],"killed_by":"Slime Boss","ascension_level":20}}