{"host":"mqhvlr3kpxebko0t","time":1608442022,"event":{"mods":["AchievementEnabler","BaseMod","Colored Map","Colored Powertips","Keyboard Shortcuts","Minty Spire (QoL Compilation)","StSLib","SuperFastMode"],"gold_per_floor":[112,127,144,144,94,94,94,106,106,120,132,57,57,22,22,101,101,118,18,32,44,62,62,161,193,220,220,145,145,161,180,180,259,259,274,274,284,284,159,159,189,200,254,267,267,277,277,293,293,293,293],"floor_reached":50,"playtime":936,"items_purged":["Strike_G","Strike_G","Dagger Spray"],"score":1033,"play_id":"9504a21f-fd1e-4714-a1d2-70199046d109","local_time":"20201220142702","is_ascension_mode":true,"campfire_choices":[{"data":"Blade Dance","floor":6.0,"key":"SMITH"},{"data":"Noxious Fumes","floor":13.0,"key":"SMITH"},{"data":"Accuracy","floor":15.0,"key":"SMITH"},{"floor":23.0,"key":"REST"},{"data":"Blade Dance","floor":29.0,"key":"SMITH"},{"data":"Neutralize","floor":32.0,"key":"SMITH"},{"data":"A Thousand Cuts","floor":40.0,"key":"SMITH"},{"data":"Accuracy","floor":47,"key":"SMITH"},{"data":"Choke","floor":49,"key":"SMITH"}],"circlet_count":0,"master_deck":["AscendersBane","Defend_G","Defend_G","Defend_G","Defend_G+1","Defend_G","Survivor","Neutralize+1","Masterful Stab","Noxious Fumes+1","Blade Dance+1","Terror","Prepared","Accuracy+1","A Thousand Cuts+1","Accuracy+1","Backflip","Cloak And Dagger+1","Cloak And Dagger","Blade Dance+1","Choke+1","Adrenaline","Terror+1","Calculated Gamble","Dodge and Roll"],"relics":["Ring of the Snake","Thread and Needle","Question Card","Blood Vial","WristBlade","CaptainsWheel","Lantern","Busted Crown","Orichalcum","Akabeko"],"acts_visited":["Exordium","TheCity","TheBeyond"],"potions_floor_usage":[50],"damage_taken":[{"damage":0.0,"enemies":"Jaw Worm","floor":1.0,"turns":6.0},{"damage":0.0,"enemies":"2 Louse","floor":2.0,"turns":2.0},{"damage":0.0,"enemies":"Cultist","floor":3.0,"turns":3.0},{"damage":3.0,"enemies":"Gremlin Gang","floor":8.0,"turns":3.0},{"damage":0.0,"enemies":"Large Slime","floor":10.0,"turns":5.0},{"damage":0.0,"enemies":"Looter","floor":11.0,"turns":2.0},{"damage":0.0,"enemies":"Slime Boss","floor":16.0,"turns":6.0},{"damage":26.0,"enemies":"Shell Parasite","floor":18.0,"turns":5.0},{"damage":0.0,"enemies":"Chosen","floor":20.0,"turns":3.0},{"damage":18.0,"enemies":"Centurion and Healer","floor":21.0,"turns":4.0},{"damage":1.0,"enemies":"Snecko","floor":22.0,"turns":5.0},{"damage":23.0,"enemies":"Book of Stabbing","floor":25.0,"turns":5.0},{"damage":0.0,"enemies":"Colosseum Slavers","floor":27.0,"turns":2.0},{"damage":0.0,"enemies":"Chosen and Byrds","floor":30.0,"turns":3.0},{"damage":13.0,"enemies":"Snake Plant","floor":31.0,"turns":3.0},{"damage":0.0,"enemies":"Champ","floor":33.0,"turns":6.0},{"damage":7.0,"enemies":"3 Darklings","floor":35.0,"turns":4.0},{"damage":0.0,"enemies":"Orb Walker","floor":37.0,"turns":3.0},{"damage":0.0,"enemies":"Giant Head","floor":41.0,"turns":4.0},{"damage":6.0,"enemies":"Jaw Worm Horde","floor":42.0,"turns":3.0},{"damage":4.0,"enemies":"Writhing Mass","floor":44.0,"turns":4.0},{"damage":9,"enemies":"4 Shapes","floor":46,"turns":7},{"damage":0,"enemies":"Jaw Worm Horde","floor":48,"turns":2},{"damage":70,"enemies":"Time Eater","floor":50,"turns":6}],"seed_played":"8814877695373839384","potions_obtained":[{"floor":1.0,"key":"SneckoOil"},{"floor":8.0,"key":"Swift Potion"},{"floor":10.0,"key":"DistilledChaos"},{"floor":11.0,"key":"Explosive Potion"},{"floor":18.0,"key":"Weak Potion"},{"floor":22.0,"key":"SkillPotion"},{"floor":25.0,"key":"DistilledChaos"},{"floor":31.0,"key":"PowerPotion"},{"floor":36.0,"key":"Explosive Potion"},{"floor":36.0,"key":"FairyPotion"}],"is_trial":false,"path_per_floor":["M","M","M","?","?","R","?","M","T","M","M","$","R","$","R","B",null,"M","$","M","M","M","R","?","E","T","?","?","R","M","M","R","B",null,"M","?","M","?","$","R","E","M","T","M","?","M","R","M","R","B"],"character_chosen":"THE_SILENT","items_purchased":["Accuracy"],"campfire_rested":1,"item_purchase_floors":[14],"current_hp_per_floor":[45,45,45,42,42,42,28,25,25,27,29,29,29,29,29,31,60,36,36,38,22,23,44,44,23,23,25,25,25,27,16,16,18,57,52,52,54,54,54,54,56,52,52,50,50,43,43,45,45,0,0],"gold":293,"neow_bonus":"ONE_RARE_RELIC","is_daily":false,"chose_seed":false,"campfire_upgraded":8,"win_rate":0.0,"timestamp":1608442022,"path_taken":["M","M","M","?","?","R","?","M","T","M","?","$","R","$","R","BOSS","M","$","?","?","M","R","?","E","T","?","?","R","?","M","R","BOSS","M","?","?","?","$","R","E","M","T","M","?","?","R","M","R","BOSS"],"items_purchased_type":["Card"],"build_version":"2020-12-13","purchased_purges":3,"victory":false,"max_hp_per_floor":[70,70,70,70,70,70,70,70,70,70,70,70,70,70,70,70,70,70,70,70,70,70,70,70,70,70,70,70,70,70,70,70,70,70,70,70,70,66,66,66,66,66,66,66,66,66,66,66,66,66,66],"card_choices":[{"not_picked":["Sucker Punch","Heel Hook"],"picked":"Masterful Stab","floor":1.0},{"not_picked":["Catalyst","Quick Slash"],"picked":"Noxious Fumes","floor":2.0},{"not_picked":["Calculated Gamble","Dodge and Roll"],"picked":"Blade Dance","floor":3.0},{"not_picked":["Caltrops","Sucker Punch","Dagger Throw"],"picked":"Terror","floor":8.0},{"not_picked":["Flying Knee","Dodge and Roll","Grand Finale"],"picked":"Prepared","floor":10.0},{"not_picked":["Dodge and Roll","Riddle With Holes","Slice"],"picked":"Dagger Spray","floor":11.0},{"not_picked":["Corpse Explosion","Tools of the Trade","Malaise"],"picked":"A Thousand Cuts","floor":16.0},{"not_picked":["Backflip+1","Underhanded Strike","Slice"],"picked":"Accuracy","floor":18.0},{"not_picked":["Deflect","Underhanded Strike","Bane"],"picked":"Backflip","floor":20.0},{"not_picked":["Doppelganger","Reflex+1","Dagger Spray"],"picked":"Cloak And Dagger+1","floor":21.0},{"not_picked":["PiercingWail","Dagger Throw","Poisoned Stab"],"picked":"Cloak And Dagger","floor":22.0},{"not_picked":["Die Die Die","Dagger Spray","Cloak And Dagger"],"picked":"Blade Dance","floor":25.0},{"not_picked":["Bane","Flechettes","Bouncing Flask"],"picked":"Choke","floor":30.0},{"not_picked":["Heel Hook+1","Masterful Stab","Terror","Tactician"],"picked":"SKIP","floor":31.0},{"not_picked":["Burst","Unload","Bullet Time"],"picked":"Adrenaline","floor":33.0},{"not_picked":["Quick Slash+1","Deadly Poison"],"picked":"SKIP","floor":35.0},{"not_picked":["Poisoned Stab","Tactician"],"picked":"SKIP","floor":37.0},{"not_picked":["Night Terror"],"picked":"Terror+1","floor":41.0},{"not_picked":["Poisoned Stab+1"],"picked":"Calculated Gamble","floor":42.0},{"not_picked":["Outmaneuver+1","Bouncing Flask"],"picked":"SKIP","floor":44.0},{"not_picked":["Underhanded Strike","Dodge and Roll"],"picked":"SKIP","floor":46},{"not_picked":["Underhanded Strike+1","Glass Knife"],"picked":"SKIP","floor":48}],"player_experience":654466,"relics_obtained":[{"floor":9.0,"key":"Blood Vial"},{"floor":25.0,"key":"CaptainsWheel"},{"floor":26.0,"key":"Lantern"},{"floor":41.0,"key":"Orichalcum"},{"floor":43.0,"key":"Akabeko"}],"event_choices":[{"damage_healed":0.0,"max_hp_gain":0.0,"max_hp_loss":0.0,"gold_gain":0.0,"event_name":"Scrap Ooze","player_choice":"Success","floor":4.0,"gold_loss":0.0,"damage_taken":3.0,"relics_obtained":["Question Card"]},{"cards_removed":["Strike_G"],"damage_healed":0.0,"max_hp_gain":0.0,"max_hp_loss":0.0,"gold_gain":0.0,"event_name":"The Cleric","player_choice":"Card Removal","floor":5.0,"gold_loss":50.0,"damage_taken":0.0},{"damage_healed":0.0,"max_hp_gain":0.0,"max_hp_loss":0.0,"gold_gain":0.0,"event_name":"Shining Light","player_choice":"Entered Light","floor":7.0,"gold_loss":0.0,"damage_taken":14.0,"cards_upgraded":["Defend_G","Strike_G"]},{"damage_healed":0.0,"max_hp_gain":0.0,"max_hp_loss":0.0,"gold_gain":99.0,"event_name":"Nest","player_choice":"Stole From Cult","floor":24.0,"gold_loss":0.0,"damage_taken":0.0},{"damage_healed":0.0,"max_hp_gain":0.0,"max_hp_loss":0.0,"gold_gain":0.0,"event_name":"Colosseum","player_choice":"Fight","floor":27.0,"gold_loss":0.0,"damage_taken":0.0},{"damage_healed":0.0,"max_hp_gain":0.0,"max_hp_loss":0.0,"gold_gain":0.0,"event_name":"Colosseum","player_choice":"Fled From Nobs","floor":27.0,"gold_loss":0.0,"damage_taken":0.0},{"cards_removed":["Strike_G"],"damage_healed":0.0,"max_hp_gain":0.0,"max_hp_loss":0.0,"gold_gain":0.0,"event_name":"Beggar","player_choice":"Gave Gold","floor":28.0,"gold_loss":75.0,"damage_taken":0.0},{"damage_healed":0.0,"max_hp_gain":0.0,"max_hp_loss":0.0,"gold_gain":0.0,"event_name":"Lab","player_choice":"Got Potions","floor":36.0,"gold_loss":0.0,"damage_taken":0.0},{"damage_healed":0.0,"max_hp_gain":0.0,"max_hp_loss":4.0,"gold_gain":0.0,"event_name":"Winding Halls","player_choice":"Max HP","floor":38.0,"gold_loss":0.0,"damage_taken":0.0},{"damage_healed":0.0,"max_hp_gain":0.0,"max_hp_loss":0.0,"gold_gain":0.0,"cards_transformed":["Strike_G"],"event_name":"Transmorgrifier","player_choice":"Transformed","floor":45.0,"gold_loss":0.0,"damage_taken":0.0,"cards_obtained":["Dodge and Roll"]}],"is_beta":false,"boss_relics":[{"not_picked":["Runic Pyramid","SlaversCollar"],"picked":"WristBlade"},{"not_picked":["Philosopher\u0027s Stone","Velvet Choker"],"picked":"Busted Crown"}],"items_purged_floors":[12,19,39],"is_endless":false,"potions_floor_spawned":[1,8,10,11,18,22,25,31,41,42,46],"killed_by":"Time Eater","ascension_level":13}}