{"host":"fhq3k2nq5elnbks3","time":1608484608,"event":{"mods":["2.2 Compatiblity","AchievementEnabler","Act Like it!","AlwaysNeverKeys","BaseMod","Better Altar","Better Vampires","Better-Laid Plans","Block Reminder","CapriCore","Card Filter","CatGirl Mod","Chen","Colored Powertips","Displayed Cursed Tome","Eldritch Tears","Elementarium","Fiend Mod","Fireblade Mod","Friendly Minions","FutureSeer","GifTheSpireLib","Gremlin Skip","Hermit","JesterMod","Koishi","Marisa????????","Menagerie","Minty Spire (QoL Compilation)","Onozuka Komachi Mod","Permanent Neow","QueenMod","Quick Restart","Reimu??????","Relic Filter","Remilia??????","Ruin Mod","Shop Mod","StSLib","SuperFastMode","The Cursed","The Fake Hero","The Necromancer","The Servant 0.9.4","The Trickster","The Valiant","The Wild Card","TheBandit","Trackpad","Transform Curses","Uncapped","Unknown Chances","Wandering Minibosses","Yuri Mod","thorton","vexMod"],"gold_per_floor":[109,109,109,109,129,129,154,154,177,177,177,177,189,200,200,296,296,342,352,352,32,105,105,105,135,180,180,27,27,27,47,47,151,151,164,176,195,9,29,62,109,135,135,162,181,197,365,365],"floor_reached":47,"playtime":2514,"items_purged":["Injury","Parasite"],"score":658,"play_id":"fc571cd1-cb8c-4861-a4e8-7c8a2cefd3c3","local_time":"20201220111648","daily_mods":["Vintage","Heirloom","Time Dilation","Flight"],"is_ascension_mode":false,"campfire_choices":[{"data":"Chen:GlitterPoke","floor":6,"key":"SMITH"},{"data":"Chen:PounceTurnTail","floor":10,"key":"SMITH"},{"data":"Menagerie:DarkRitual","floor":11,"key":"SMITH"},{"data":"Chen:Strike","floor":12,"key":"SMITH"},{"data":"Chen:Strike","floor":15,"key":"SMITH"},{"data":"Chen:Strike","floor":23,"key":"SMITH"},{"data":"Chen:Strike","floor":24,"key":"SMITH"},{"data":"Chen:Defend","floor":27,"key":"SMITH"},{"data":"Chen:Defend","floor":30,"key":"SMITH"},{"floor":32,"key":"REST"}],"circlet_count":0,"master_deck":["Chen:Strike+1","Chen:Strike+1","Chen:Strike+1","Chen:Strike+1","Chen:Strike+1","Chen:Defend+1","Chen:Defend+1","Chen:Defend+1","Chen:PounceTurnTail+1","Chen:GlitterPoke+1","Menagerie:DarkRitual+1"],"relics":["Chen:Catnip","vexMod:RetaliationKit","Lantern","Menagerie:ShiftingBlessing","Frozen Egg 2","Winged Necklace","trackpad:WritersBlock","trackpad:DisasterInABottle","thethorton:BottledFunds","StoneCalendar","CaptainsWheel","MerchantsRug","Mastiff:ReiMu","trackpad:Mousetrap","Kunai","vexMod:FocusSash","trackpad:CultistFigurine","Letter Opener","Juzu Bracelet","Elementarium:ElementariumTrophy","Gremlin Horn","InkBottle","Thread and Needle","trackpad:ByrdCharm","Meat on the Bone","Happy Flower","trackpad:GuardianSpirit","Potion Belt","Art of War","Vajra","trackpad:RapidFire"],"acts_visited":["Menagerie:Menagerie","Elementarium:Elementarium","TheBeyond"],"potions_floor_usage":[47],"damage_taken":[{"damage":0,"enemies":"Menagerie:MonstrousExperiment","floor":1,"turns":4},{"damage":4,"enemies":"Menagerie:Hydra","floor":7,"turns":3},{"damage":0,"enemies":"Menagerie:2_RABBITS","floor":13,"turns":1},{"damage":0,"enemies":"Menagerie:WhisperingWraith","floor":14,"turns":3},{"damage":8,"enemies":"Menagerie:AVATARS","floor":16,"turns":5},{"damage":6,"enemies":"Elementarium:Cyclone","floor":18,"turns":6},{"damage":0,"enemies":"Elementarium:VoidCorruption","floor":19,"turns":4},{"damage":18,"enemies":"Elementarium:CYCLONE_AND_LIVING_STORMCLOUD","floor":22,"turns":7},{"damage":9,"enemies":"Elementarium:WarGolem","floor":25,"turns":2},{"damage":0,"enemies":"Elementarium:VOID_CORRUPTION_AND_ORB_OF_FIRE","floor":31,"turns":4},{"damage":23,"enemies":"Elementarium:GoldenDragon","floor":33,"turns":9},{"damage":0,"enemies":"Orb Walker","floor":35,"turns":2},{"damage":0,"enemies":"3 Darklings","floor":36,"turns":2},{"damage":0,"enemies":"Spire Growth","floor":37,"turns":4},{"damage":0,"enemies":"Writhing Mass","floor":39,"turns":5},{"damage":0,"enemies":"Reptomancer","floor":40,"turns":5},{"damage":66,"enemies":"Giant Head","floor":42,"turns":11},{"damage":0,"enemies":"Nemesis","floor":44,"turns":4},{"damage":0,"enemies":"Sphere and 2 Shapes","floor":45,"turns":5},{"damage":0,"enemies":"4 Shapes","floor":46,"turns":7},{"damage":0,"enemies":"Spire Growth","floor":47,"turns":6}],"seed_played":"5407226362723039276","potions_obtained":[{"floor":16,"key":"Swift Potion"},{"floor":22,"key":"SneckoOil"},{"floor":31,"key":"Explosive Potion"},{"floor":40,"key":"LiquidMemories"},{"floor":45,"key":"Ancient Potion"},{"floor":46,"key":"Explosive Potion"},{"floor":47,"key":"Fire Potion"}],"is_trial":true,"path_per_floor":["M","?","?","$","?","R","E","?","T","R","R","R","M","M","R","B",null,"M","M","?","$","M","R","R","E","T","R","$","?","R","M","R","B",null,"M","M","M","$","M","E","$","E","T","E","M","M","M"],"character_chosen":"CHEN","items_purchased":["MerchantsRug","Mastiff:ReiMu","trackpad:CultistFigurine","Thread and Needle"],"campfire_rested":1,"item_purchase_floors":[21,21,28,38],"current_hp_per_floor":[70,61,61,61,61,61,57,57,57,57,57,57,57,57,57,49,70,64,64,64,64,46,46,46,37,37,37,37,23,23,23,44,21,70,70,70,70,70,70,70,67,13,13,25,37,37,37,37],"gold":365,"neow_bonus":"","is_daily":false,"chose_seed":false,"campfire_upgraded":9,"win_rate":0.0,"timestamp":1608484608,"path_taken":["M","?","?","?","?","R","E","?","T","R","R","R","?","M","R","BOSS","M","?","?","$","M","R","R","E","T","R","$","?","R","?","R","BOSS","M","M","M","$","M","E","$","E","T","E","M","M","M"],"items_purchased_type":["Relic","Relic","Relic","Relic"],"build_version":"2020-12-13","purchased_purges":2,"victory":false,"max_hp_per_floor":[70,70,70,70,70,70,70,70,70,70,70,70,70,70,70,70,70,70,70,70,70,70,70,70,70,70,70,70,70,70,70,70,70,70,70,70,70,70,70,70,67,67,67,67,67,67,67,67],"card_choices":[{"not_picked":["Chen:Panic","Chen:Assault","Chen:Scratch"],"picked":"SKIP","floor":7},{"not_picked":["Chen:Rush","Chen:SelfConfidence+1","Chen:Sneak"],"picked":"SKIP","floor":25},{"not_picked":["Chen:CatPunch","Chen:Flicker","Chen:Sneak"],"picked":"SKIP","floor":40},{"not_picked":["Chen:Panic","Chen:Mixup","Chen:MisdirectSwipe+1"],"picked":"SKIP","floor":42},{"not_picked":["Chen:CatPunch","Chen:PentagramFlight+1","Chen:SelfConfidence+1"],"picked":"SKIP","floor":44}],"player_experience":290864,"relics_obtained":[{"floor":1,"key":"Lantern"},{"floor":7,"key":"Frozen Egg 2"},{"floor":9,"key":"Dream Catcher"},{"floor":13,"key":"trackpad:WritersBlock"},{"floor":14,"key":"trackpad:DisasterInABottle"},{"floor":18,"key":"StoneCalendar"},{"floor":19,"key":"CaptainsWheel"},{"floor":22,"key":"trackpad:Mousetrap"},{"floor":25,"key":"Kunai"},{"floor":26,"key":"vexMod:FocusSash"},{"floor":31,"key":"Juzu Bracelet"},{"floor":35,"key":"Gremlin Horn"},{"floor":36,"key":"InkBottle"},{"floor":37,"key":"vexMod:ConsolationPrize"},{"floor":39,"key":"trackpad:ByrdCharm"},{"floor":40,"key":"Meat on the Bone"},{"floor":42,"key":"Happy Flower"},{"floor":43,"key":"trackpad:GuardianSpirit"},{"floor":44,"key":"Potion Belt"},{"floor":45,"key":"Art of War"},{"floor":46,"key":"Vajra"},{"floor":47,"key":"trackpad:RapidFire"}],"event_choices":[{"damage_healed":0,"gold_gain":0,"player_choice":"Touch","damage_taken":9,"relics_obtained":["Menagerie:ShiftingBlessing"],"max_hp_gain":0,"max_hp_loss":0,"event_name":"Menagerie:LunarGift","floor":2,"gold_loss":0},{"damage_healed":0,"gold_gain":0,"cards_transformed":["Chen:Defend"],"player_choice":"Grasp","damage_taken":0,"max_hp_gain":0,"max_hp_loss":0,"event_name":"Menagerie:MagesHand","floor":3,"gold_loss":0,"cards_obtained":["Menagerie:DarkRitual"]},{"damage_healed":0,"gold_gain":20,"player_choice":"Cunning","damage_taken":0,"max_hp_gain":0,"max_hp_loss":0,"event_name":"Menagerie:CloudVision","floor":5,"gold_loss":0,"cards_upgraded":["Chen:Defend"]},{"damage_healed":0,"gold_gain":0,"player_choice":"Lion","damage_taken":0,"relics_obtained":["Winged Necklace"],"max_hp_gain":0,"max_hp_loss":0,"event_name":"Menagerie:ThreeAnimals","floor":8,"gold_loss":0,"cards_obtained":["Injury"]},{"damage_healed":0,"gold_gain":0,"player_choice":"Pray","damage_taken":0,"max_hp_gain":0,"max_hp_loss":0,"event_name":"Elementarium:VoidShrine","floor":20,"gold_loss":0,"cards_upgraded":["Chen:Strike"]},{"damage_healed":0,"gold_gain":0,"player_choice":"Blood","damage_taken":14,"relics_obtained":["Letter Opener"],"max_hp_gain":0,"max_hp_loss":0,"event_name":"Elementarium:ShatteredPortal","floor":29,"gold_loss":0}],"is_beta":false,"boss_relics":[{"not_picked":["vexMod:MegatonBomb","Snecko Eye"],"picked":"thethorton:BottledFunds"},{"not_picked":["Runic Dome","Calling Bell"],"picked":"SacredBark"}],"items_purged_floors":[21,41],"is_endless":false,"potions_floor_spawned":[16,22,31,40,45,46,47],"killed_by":"Spire Growth","ascension_level":0}}