{"host":"4qkvkh7pd9qr2mca","time":1608479686,"event":{"mods":["AchievementEnabler","BaseMod","Colored Map","Colored Powertips","Highlight Path","Minty Spire (QoL Compilation)","Permanent Neow","Quick Restart","StSLib","SuperFastMode"],"gold_per_floor":[113,113,213,230,247,247,265,294,321,348,3,21,21,41,41,118,118,118,118,118,118,118,118,118,118,118,118,118,118,118,118,118,118,118,118,118,118,118,118,118,118,0,0,0,0,0,0,0,0,0,0,0],"floor_reached":51,"playtime":2809,"items_purged":[],"score":1454,"play_id":"70b4122b-8fb5-4cb4-8078-2b3c8b21e154","local_time":"20201220165446","is_ascension_mode":true,"campfire_choices":[{"floor":6.0,"key":"REST"},{"floor":15.0,"key":"REST"},{"floor":24.0,"key":"REST"},{"floor":27.0,"key":"DIG"},{"floor":30.0,"key":"DIG"},{"floor":32.0,"key":"REST"},{"floor":40.0,"key":"DIG"},{"floor":44.0,"key":"REST"},{"floor":49.0,"key":"REST"}],"circlet_count":0,"master_deck":["AscendersBane","Survivor","Neutralize","Deflect","Venomology+1","Infinite Blades","Masterful Stab","Glass Knife","Malaise+1","Catalyst+1","Die Die Die","Tactician","Envenom+1","Dash","PiercingWail","PiercingWail+1","Escape Plan","Wraith Form v2","Cloak And Dagger","After Image","Backflip","Writhe","Bane","Acrobatics","Crippling Poison","Acrobatics","Envenom","Tactician","A Thousand Cuts","Calculated Gamble","Noxious Fumes","Venomology","Prepared+1"],"relics":["Pandora\u0027s Box","War Paint","MealTicket","Juzu Bracelet","TungstenRod","Ectoplasm","Matryoshka","Shovel","Unceasing Top","Potion Belt","Smiling Mask","Oddly Smooth Stone","Mummified Hand","Meat on the Bone","Philosopher\u0027s Stone","Blood Vial","Pen Nib","Red Mask","Omamori","Lantern","Molten Egg 2"],"acts_visited":["Exordium","TheCity","TheBeyond"],"potions_floor_usage":[50,50,50,50,50,51,51,51],"damage_taken":[{"damage":0.0,"enemies":"Cultist","floor":1.0,"turns":4.0},{"damage":4.0,"enemies":"Jaw Worm","floor":4.0,"turns":2.0},{"damage":0.0,"enemies":"2 Louse","floor":5.0,"turns":2.0},{"damage":8.0,"enemies":"Blue Slaver","floor":7.0,"turns":4.0},{"damage":7.0,"enemies":"Lagavulin","floor":8.0,"turns":5.0},{"damage":36.0,"enemies":"Gremlin Nob","floor":10.0,"turns":5.0},{"damage":2.0,"enemies":"Looter","floor":12.0,"turns":3.0},{"damage":0.0,"enemies":"3 Louse","floor":14.0,"turns":5.0},{"damage":22.0,"enemies":"Hexaghost","floor":16.0,"turns":15.0},{"damage":0.0,"enemies":"Chosen","floor":18.0,"turns":8.0},{"damage":1.0,"enemies":"3 Byrds","floor":19.0,"turns":6.0},{"damage":3.0,"enemies":"Snake Plant","floor":22.0,"turns":6.0},{"damage":47.0,"enemies":"Gremlin Leader","floor":23.0,"turns":10.0},{"damage":3.0,"enemies":"Book of Stabbing","floor":25.0,"turns":7.0},{"damage":3.0,"enemies":"Centurion and Healer","floor":28.0,"turns":7.0},{"damage":0.0,"enemies":"Snecko","floor":29.0,"turns":4.0},{"damage":9.0,"enemies":"Gremlin Leader","floor":31.0,"turns":6.0},{"damage":22.0,"enemies":"Collector","floor":33.0,"turns":10.0},{"damage":13.0,"enemies":"3 Darklings","floor":35.0,"turns":5.0},{"damage":0.0,"enemies":"3 Shapes","floor":38.0,"turns":8.0},{"damage":12.0,"enemies":"Transient","floor":39.0,"turns":6.0},{"damage":28.0,"enemies":"Giant Head","floor":41.0,"turns":8.0},{"damage":26.0,"enemies":"Spire Growth","floor":45.0,"turns":5.0},{"damage":99.0,"enemies":"Reptomancer","floor":46.0,"turns":8.0},{"damage":8.0,"enemies":"3 Darklings","floor":48.0,"turns":5.0},{"damage":32,"enemies":"Donu and Deca","floor":50,"turns":9},{"damage":49,"enemies":"Awakened One","floor":51,"turns":5}],"seed_played":"-6238098423695271385","potions_obtained":[{"floor":4.0,"key":"AttackPotion"},{"floor":14.0,"key":"Dexterity Potion"},{"floor":16.0,"key":"SteroidPotion"},{"floor":18.0,"key":"Regen Potion"},{"floor":23.0,"key":"Fire Potion"},{"floor":28.0,"key":"Explosive Potion"},{"floor":29.0,"key":"FairyPotion"},{"floor":33.0,"key":"AttackPotion"},{"floor":35.0,"key":"Fire Potion"},{"floor":48.0,"key":"Strength Potion"}],"is_trial":false,"path_per_floor":["M","?","?","M","M","R","M","E","T","E","$","M","?","M","R","B",null,"M","M","$","?","M","E","R","E","T","R","M","M","R","E","R","B",null,"M","$","?","M","M","R","E","?","T","R","M","E","$","M","R","B","B"],"character_chosen":"THE_SILENT","items_purchased":["TungstenRod"],"campfire_rested":6,"item_purchase_floors":[11],"current_hp_per_floor":[59,39,39,35,35,54,46,39,39,3,18,16,16,16,35,13,53,66,65,66,66,63,22,41,38,38,38,35,35,35,26,45,35,58,45,60,60,60,48,48,34,34,34,53,41,22,37,43,62,47,0,0],"gold":0,"neow_bonus":"BOSS_RELIC","is_daily":false,"chose_seed":false,"campfire_upgraded":0,"win_rate":0.0,"timestamp":1608479686,"path_taken":["M","?","?","M","M","R","M","E","T","E","$","M","?","M","R","BOSS","M","M","$","?","M","E","R","E","T","R","M","M","R","E","R","BOSS","M","$","?","M","M","R","E","?","T","R","M","E","$","M","R","BOSS","BOSS"],"items_purchased_type":["Relic"],"build_version":"2020-12-13","purchased_purges":0,"victory":false,"max_hp_per_floor":[66,66,66,66,66,66,66,66,66,66,66,66,66,66,66,66,66,66,66,66,66,66,66,66,66,66,66,66,66,66,66,66,66,66,66,66,66,66,66,66,66,66,66,66,66,66,66,66,66,66,66,66],"card_choices":[{"not_picked":["Poisoned Stab","Flying Knee","Outmaneuver"],"picked":"SKIP","floor":1.0},{"not_picked":["Acrobatics","Sucker Punch"],"picked":"Dash","floor":4.0},{"not_picked":["Skewer","Underhanded Strike"],"picked":"PiercingWail","floor":5.0},{"not_picked":["Poisoned Stab","Outmaneuver"],"picked":"PiercingWail","floor":7.0},{"not_picked":["Deflect","Deadly Poison"],"picked":"Escape Plan","floor":8.0},{"not_picked":["Dodge and Roll","Skewer"],"picked":"Wraith Form v2","floor":10.0},{"not_picked":["Deflect","Slice","Backstab"],"picked":"SKIP","floor":12.0},{"not_picked":["Underhanded Strike","Dodge and Roll"],"picked":"Cloak And Dagger","floor":14.0},{"not_picked":["Venomology","Tools of the Trade"],"picked":"After Image","floor":16.0},{"not_picked":["Prepared+1","Sucker Punch"],"picked":"Backflip","floor":18.0},{"not_picked":["Dodge and Roll","Deadly Poison"],"picked":"Backflip","floor":19.0},{"not_picked":["Deflect","Eviscerate"],"picked":"Bane","floor":22.0},{"not_picked":["Flying Knee","Dodge and Roll"],"picked":"Acrobatics","floor":23.0},{"not_picked":["Skewer","Prepared+1"],"picked":"Crippling Poison","floor":25.0},{"not_picked":["Choke","Dash"],"picked":"Acrobatics","floor":28.0},{"not_picked":["Poisoned Stab","Outmaneuver"],"picked":"Envenom","floor":29.0},{"not_picked":["Endless Agony","Masterful Stab"],"picked":"Tactician","floor":31.0},{"not_picked":["Adrenaline","Corpse Explosion"],"picked":"A Thousand Cuts","floor":33.0},{"not_picked":["PiercingWail","Poisoned Stab"],"picked":"Calculated Gamble","floor":35.0},{"not_picked":["Dagger Throw","Backflip","Quick Slash"],"picked":"SKIP","floor":38.0},{"not_picked":["Prepared","Dagger Spray","Distraction"],"picked":"SKIP","floor":39.0},{"not_picked":["Outmaneuver","Prepared+1"],"picked":"Noxious Fumes","floor":41.0},{"not_picked":["Backstab","Eviscerate"],"picked":"Venomology","floor":45.0},{"not_picked":["Backflip","Storm of Steel"],"picked":"Prepared+1","floor":46.0},{"not_picked":["Underhanded Strike+1","Poisoned Stab+1","Eviscerate+1"],"picked":"SKIP","floor":48.0}],"player_experience":468379,"relics_obtained":[{"floor":8.0,"key":"War Paint"},{"floor":9.0,"key":"MealTicket"},{"floor":10.0,"key":"Juzu Bracelet"},{"floor":23.0,"key":"Shovel"},{"floor":25.0,"key":"Unceasing Top"},{"floor":26.0,"key":"Potion Belt"},{"floor":26.0,"key":"Smiling Mask"},{"floor":27.0,"key":"Oddly Smooth Stone"},{"floor":30.0,"key":"Mummified Hand"},{"floor":31.0,"key":"Meat on the Bone"},{"floor":40.0,"key":"Blood Vial"},{"floor":41.0,"key":"Pen Nib"},{"floor":43.0,"key":"Omamori"},{"floor":43.0,"key":"Lantern"},{"floor":46.0,"key":"Molten Egg 2"}],"event_choices":[{"damage_healed":0.0,"max_hp_gain":0.0,"max_hp_loss":0.0,"gold_gain":0.0,"event_name":"Shining Light","player_choice":"Entered Light","floor":2.0,"gold_loss":0.0,"damage_taken":20.0,"cards_upgraded":["Catalyst","Malaise"]},{"damage_healed":0.0,"max_hp_gain":0.0,"max_hp_loss":0.0,"gold_gain":100.0,"event_name":"Wheel of Change","player_choice":"Gold","floor":3.0,"gold_loss":0.0,"damage_taken":0.0},{"damage_healed":0.0,"max_hp_gain":0.0,"max_hp_loss":0.0,"gold_gain":0.0,"event_name":"Living Wall","player_choice":"Grow","floor":13.0,"gold_loss":0.0,"damage_taken":0.0,"cards_upgraded":["Envenom"]},{"damage_healed":0.0,"max_hp_gain":0.0,"max_hp_loss":0.0,"gold_gain":0.0,"event_name":"The Mausoleum","player_choice":"Opened","floor":21.0,"gold_loss":0.0,"damage_taken":0.0,"relics_obtained":["Matryoshka"],"cards_obtained":["Writhe"]},{"cards_removed":["Backflip"],"damage_healed":0.0,"max_hp_gain":0.0,"max_hp_loss":0.0,"gold_gain":0.0,"event_name":"Falling","player_choice":"Removed Skill","floor":37.0,"gold_loss":0.0,"damage_taken":0.0},{"damage_healed":0.0,"max_hp_gain":0.0,"max_hp_loss":0.0,"gold_gain":0.0,"event_name":"Tomb of Lord Red Mask","player_choice":"Paid","floor":42.0,"gold_loss":118.0,"damage_taken":0.0,"relics_obtained":["Red Mask"]}],"is_beta":false,"boss_relics":[{"not_picked":["Empty Cage","WristBlade"],"picked":"Ectoplasm"},{"not_picked":["Velvet Choker","Snecko Eye"],"picked":"Philosopher\u0027s Stone"}],"items_purged_floors":[],"is_endless":false,"potions_floor_spawned":[4,7,14,16,18,23,28,29,33,35,48],"killed_by":"Awakened One","ascension_level":20}}