{"host":"Krakhan","time":1608445923,"event":{"mods":["AchievementEnabler","BaseMod","Colored Map","Colored Powertips","Downfall","Faster Ascension Climbing","Highlight Path","Minty Spire (QoL Compilation)","Rare Cards Sparkle","Relic Stats","StSLib"],"gold_per_floor":[99,99,99,99,99,128,128,128,163,163,178,191,211,32,49,145,145,70,81,81,99,99,99],"floor_reached":22,"playtime":2373,"items_purged":[],"score":217,"play_id":"b173ac21-f5c4-4bd9-b17b-8fb8dd81883d","local_time":"20201220013203","is_ascension_mode":false,"campfire_choices":[{"data":"Slimebound:Split","floor":1,"key":"SMITH"},{"data":"Slimebound:RollThrough","floor":5,"key":"SMITH"},{"data":"Slimebound:FinishingTackle","floor":8,"key":"SMITH"},{"data":"Slimebound:LeechEnergy","floor":10,"key":"SMITH"},{"floor":18,"key":"RECALL"}],"circlet_count":0,"master_deck":["Slimebound:Strike_Slimebound","Slimebound:Strike_Slimebound","Slimebound:Tackle","Slimebound:Defend_Slimebound","Slimebound:Defend_Slimebound","Slimebound:Defend_Slimebound","Slimebound:Defend_Slimebound","Slimebound:Split+1","Slimebound:CorrosiveSpit","Slimebound:RollThrough+1","Slimebound:BestDefense","Slimebound:LeechingTouch","Slimebound:FinishingTackle+1","Slimebound:LeechEnergy+1","Slimebound:SplitBruiser","Slimebound:HauntingLick","Slimebound:Chomp","Slimebound:ComboTackle","Slimebound:LeechLife","Slimebound:SlimeBarrage","Slimebound:MassFeed","Slimebound:Schlurp+1","Pain","Slimebound:Replication+1"],"relics":["Slimebound:AbsorbEndCombat","downfall:HeartsMalice","Calipers","Bronze Scales","InkBottle","Fusion Hammer","downfall:HeartBlessingGreen","Orichalcum"],"acts_visited":["Exordium","TheCity"],"potions_floor_usage":[13,16,16,21],"damage_taken":[{"damage":0,"enemies":"Cultist","floor":2,"turns":1},{"damage":0,"enemies":"Jaw Worm","floor":4,"turns":1},{"damage":0,"enemies":"3 Sentries","floor":6,"turns":1},{"damage":25,"enemies":"Lagavulin","floor":9,"turns":6},{"damage":1,"enemies":"2 Louse","floor":11,"turns":2},{"damage":17,"enemies":"Exordium Thugs","floor":12,"turns":4},{"damage":27,"enemies":"Lots of Slimes","floor":13,"turns":3},{"damage":8,"enemies":"downfall:FleeingMerchant","floor":14,"turns":4},{"damage":26,"enemies":"Exordium Wildlife","floor":15,"turns":2},{"damage":32,"enemies":"downfall:Watcher","floor":16,"turns":8},{"damage":31,"enemies":"3 Byrds","floor":19,"turns":3},{"damage":32,"enemies":"Snecko","floor":21,"turns":4},{"damage":28,"enemies":"Centurion and Healer","floor":22,"turns":3}],"seed_played":"-8849146217426890359","potions_obtained":[{"floor":9,"key":"Block Potion"},{"floor":12,"key":"Dexterity Potion"},{"floor":13,"key":"GamblersBrew"},{"floor":16,"key":"PowerPotion"}],"is_trial":false,"path_per_floor":["R","M","?","M","R","E","T","R","E","R","M","M","M","$","M","B",null,"R","M","?","M","M"],"character_chosen":"SLIMEBOUND","items_purchased":["Slimebound:LeechLife"],"campfire_rested":0,"item_purchase_floors":[14],"current_hp_per_floor":[60,60,60,60,60,60,60,60,49,49,48,45,34,40,24,20,60,60,42,42,18,0,0],"gold":99,"neow_bonus":"THREE_ENEMY_KILL","is_daily":false,"chose_seed":false,"campfire_upgraded":4,"win_rate":0.0,"timestamp":1608445923,"path_taken":["R","?","?","?","R","E","T","R","E","R","M","?","M","$","M","BOSS","R","?","?","M","M"],"items_purchased_type":["Card"],"build_version":"2020-12-18","purchased_purges":0,"victory":false,"max_hp_per_floor":[60,60,60,60,60,60,60,60,60,60,60,60,60,60,60,60,60,60,63,63,63,63,63],"relic_stats":{"counters":[13,38],"Bronze Scales":[106],"Orichalcum":[18],"obtain_stats":[{"Calipers":6,"Bronze Scales":7,"downfall:HeartsMalice":0,"downfall:HeartBlessingGreen":18,"Fusion Hammer":17,"Slimebound:AbsorbEndCombat":0,"Orichalcum":20,"InkBottle":9},{"Calipers":3,"Bronze Scales":3,"downfall:HeartsMalice":0,"downfall:HeartBlessingGreen":10,"Fusion Hammer":10,"Slimebound:AbsorbEndCombat":0,"Orichalcum":11,"InkBottle":4},{"Calipers":0,"Bronze Scales":0,"downfall:HeartsMalice":0,"downfall:HeartBlessingGreen":28,"Fusion Hammer":28,"Slimebound:AbsorbEndCombat":0,"Orichalcum":31,"InkBottle":6}],"InkBottle":[10]},"card_choices":[{"not_picked":["Slimebound:ItLooksTasty","Slimebound:GoopSpray"],"picked":"Slimebound:RollThrough","floor":2},{"not_picked":["Slimebound:FirmFortitude","Slimebound:Prepare"],"picked":"Slimebound:LeechingTouch","floor":4},{"not_picked":["Slimebound:ViciousTackle","Slimebound:FirmFortitude"],"picked":"Slimebound:FinishingTackle","floor":6},{"not_picked":["Slimebound:AcidTongue","Slimebound:SlimeSpikes"],"picked":"Slimebound:LeechEnergy","floor":9},{"not_picked":["Slimebound:SpikyOuterGoop","Slimebound:FinishingTackle"],"picked":"Slimebound:SplitBruiser","floor":11},{"not_picked":["Slimebound:ViciousTackle","Slimebound:Schlurp"],"picked":"Slimebound:HauntingLick","floor":12},{"not_picked":["Slimebound:LeechEnergy","Slimebound:LevelUp"],"picked":"Slimebound:Chomp","floor":13},{"not_picked":["Slimebound:Replication","Slimebound:FormOfPuddle"],"picked":"Slimebound:ComboTackle","floor":14},{"not_picked":["Slimebound:Schlurp","Slimebound:ComboTackle"],"picked":"Slimebound:SlimeBarrage","floor":15},{"not_picked":["Slimebound:RallyTheTroops","Slimebound:LeechLife"],"picked":"Slimebound:MassFeed","floor":16},{"not_picked":["Slimebound:ViciousTackle","Slimebound:SamplingLick"],"picked":"Slimebound:Schlurp+1","floor":19},{"not_picked":["Slimebound:LeechingTouch","Slimebound:SplitBruiser"],"picked":"Slimebound:Replication+1","floor":21}],"player_experience":1212241,"relics_obtained":[{"floor":6,"key":"Calipers"},{"floor":7,"key":"Bronze Scales"},{"floor":9,"key":"InkBottle"}],"event_choices":[{"damage_healed":0,"gold_gain":0,"cards_transformed":["Slimebound:Strike_Slimebound"],"player_choice":"Transformed","damage_taken":0,"max_hp_gain":0,"max_hp_loss":0,"event_name":"Transmorgrifier","floor":3,"gold_loss":0,"cards_obtained":["Slimebound:BestDefense"]}],"is_beta":true,"boss_relics":[{"not_picked":["Tiny House","Ectoplasm"],"picked":"Fusion Hammer"}],"items_purged_floors":[],"is_endless":false,"potions_floor_spawned":[9,12,13,16],"killed_by":"Centurion and Healer","ascension_level":0}}