{"host":"ya062ahhhuj9au1o","time":1608438474,"event":{"mods":["BaseMod","Better Third Choice","Filter the Spire","Hermit","Minty Spire (QoL Compilation)","Random Character Button","Robot Space Explorer","Somnambulant","StSLib","The Bug Knight","The Cursed","The Servant 0.9.4"],"gold_per_floor":[363,377,396,23,38,38,57,57,111,122,122,142,142,100,100,197,197,210,229,144,155,0,0,19,36,36,36,36,55,6,36,36,36,36],"floor_reached":33,"playtime":1915,"items_purged":["RobotSpaceExplorer:Defend"],"score":352,"play_id":"ae941b62-4843-4dd1-ba76-f0037892eadd","local_time":"20201219232754","is_ascension_mode":true,"campfire_choices":[{"data":"RobotSpaceExplorer:MiniBoosters","floor":6,"key":"SMITH"},{"floor":8,"key":"REST"},{"data":"RobotSpaceExplorer:ExhaustFan","floor":11,"key":"SMITH"},{"data":"RobotSpaceExplorer:MiniLasers","floor":13,"key":"SMITH"},{"data":"RobotSpaceExplorer:MiniDrones","floor":15,"key":"SMITH"},{"data":"RobotSpaceExplorer:Scan","floor":23,"key":"SMITH"},{"data":"RobotSpaceExplorer:Strike","floor":27,"key":"SMITH"},{"data":"RobotSpaceExplorer:GlueShot","floor":32,"key":"SMITH"}],"circlet_count":0,"master_deck":["RobotSpaceExplorer:Strike+1","RobotSpaceExplorer:Strike+1","RobotSpaceExplorer:Strike+1","RobotSpaceExplorer:Strike","RobotSpaceExplorer:Defend","RobotSpaceExplorer:Defend","RobotSpaceExplorer:Defend","RobotSpaceExplorer:Scan+1","RobotSpaceExplorer:MiniLasers+1","RobotSpaceExplorer:MiniBoosters+1","RobotSpaceExplorer:ScrapMissile","RobotSpaceExplorer:ExhaustFan+1","Bandage Up","RobotSpaceExplorer:MiniDrones+1","RobotSpaceExplorer:GlueShot+1","RobotSpaceExplorer:StarLightning+1","RobotSpaceExplorer:StarLightning+1","RobotSpaceExplorer:ScrapMissile+1"],"relics":["RobotSpaceExplorer:TurboCore","Strange Spoon","Whetstone","Molten Egg 2","RobotSpaceExplorer:FoglandsKnife","Boot","Toy Ornithopter"],"acts_visited":["Exordium","TheCity"],"potions_floor_usage":[7,16,25,29,31,33],"damage_taken":[{"damage":0,"enemies":"Cultist","floor":1,"turns":5},{"damage":2,"enemies":"Small Slimes","floor":2,"turns":4},{"damage":7,"enemies":"2 Louse","floor":3,"turns":3},{"damage":6,"enemies":"Large Slime","floor":5,"turns":5},{"damage":34,"enemies":"Exordium Thugs","floor":7,"turns":5},{"damage":7,"enemies":"Lots of Slimes","floor":10,"turns":3},{"damage":3,"enemies":"Looter","floor":12,"turns":2},{"damage":19,"enemies":"Hexaghost","floor":16,"turns":11},{"damage":5,"enemies":"Spheric Guardian","floor":18,"turns":3},{"damage":8,"enemies":"2 Thieves","floor":19,"turns":4},{"damage":0,"enemies":"Sentry and Sphere","floor":21,"turns":4},{"damage":0,"enemies":"Snecko","floor":24,"turns":4},{"damage":2,"enemies":"Shelled Parasite and Fungi","floor":25,"turns":3},{"damage":0,"enemies":"Sentry and Sphere","floor":29,"turns":3},{"damage":10,"enemies":"HollowMod:Nosk","floor":31,"turns":4},{"damage":71,"enemies":"Automaton","floor":33,"turns":6}],"seed_played":"-7105213439517066459","potions_obtained":[{"floor":3,"key":"AttackPotion"},{"floor":5,"key":"RobotSpaceExplorer:PlasmaFlask"},{"floor":7,"key":"Dexterity Potion"},{"floor":12,"key":"FearPotion"},{"floor":16,"key":"BlessingOfTheForge"},{"floor":19,"key":"FearPotion"},{"floor":21,"key":"FearPotion"},{"floor":25,"key":"Explosive Potion"},{"floor":29,"key":"RobotSpaceExplorer:PlasmaFlask"}],"is_trial":false,"path_per_floor":["M","M","M","$","M","R","M","R","T","M","R","M","R","?","R","B",null,"M","M","?","M","$","R","M","M","T","R","?","M","$","E","R","B"],"character_chosen":"RobotSpaceExplorer","items_purchased":["RobotSpaceExplorer:ExhaustFan","Strange Spoon","Bandage Up","RobotSpaceExplorer:FoglandsKnife","RobotSpaceExplorer:ScrapMissile+1"],"campfire_rested":1,"item_purchase_floors":[4,4,4,22,30],"current_hp_per_floor":[68,66,59,59,57,57,27,47,47,44,44,45,45,45,45,30,59,58,58,58,62,62,62,66,66,66,66,66,68,68,66,66,0,0],"gold":36,"neow_bonus":"TWO_FIFTY_GOLD","is_daily":false,"chose_seed":false,"campfire_upgraded":7,"win_rate":0.0,"timestamp":1608438474,"path_taken":["M","M","M","$","M","R","?","R","T","M","R","M","R","?","R","BOSS","M","M","?","M","$","R","M","M","T","R","?","?","?","E","R","BOSS"],"items_purchased_type":["Card","Relic","Card","Relic","Card"],"build_version":"2020-12-13","purchased_purges":1,"victory":false,"max_hp_per_floor":[68,68,68,68,68,68,68,68,68,68,68,68,68,68,68,68,68,68,68,68,68,68,68,68,68,68,68,68,68,68,68,68,68,68],"card_choices":[{"not_picked":["RobotSpaceExplorer:Ammunition","RobotSpaceExplorer:SurgingShield","RobotSpaceExplorer:TurboDodge"],"picked":"SKIP","floor":1},{"not_picked":["RobotSpaceExplorer:MakeshiftVolley","RobotSpaceExplorer:BigMissile"],"picked":"RobotSpaceExplorer:MiniBoosters","floor":2},{"not_picked":["RobotSpaceExplorer:GearShield","RobotSpaceExplorer:Electroshield"],"picked":"RobotSpaceExplorer:ScrapMissile","floor":3},{"not_picked":["RobotSpaceExplorer:ShockKick","RobotSpaceExplorer:ToxicBomb","RobotSpaceExplorer:StarLightning"],"picked":"SKIP","floor":5},{"not_picked":["RobotSpaceExplorer:ShovelStrike","RobotSpaceExplorer:GearShield"],"picked":"RobotSpaceExplorer:MiniDrones","floor":7},{"not_picked":["RobotSpaceExplorer:StunGrenade","RobotSpaceExplorer:SwiftStep","RobotSpaceExplorer:Electroshield"],"picked":"SKIP","floor":10},{"not_picked":["RobotSpaceExplorer:Electroshield","RobotSpaceExplorer:IronShell"],"picked":"RobotSpaceExplorer:GlueShot","floor":12},{"not_picked":["RobotSpaceExplorer:ShockKick","RobotSpaceExplorer:FranticSearch"],"picked":"RobotSpaceExplorer:StarLightning+1","floor":18},{"not_picked":["RobotSpaceExplorer:Ammunition","RobotSpaceExplorer:BigMissile","RobotSpaceExplorer:Discharger"],"picked":"SKIP","floor":19},{"not_picked":["RobotSpaceExplorer:Counterblock","RobotSpaceExplorer:Ammunition","RobotSpaceExplorer:TrailblazerForm"],"picked":"SKIP","floor":21},{"not_picked":["RobotSpaceExplorer:ScrapShield","RobotSpaceExplorer:PlasmaMissile+1"],"picked":"RobotSpaceExplorer:StarLightning+1","floor":24},{"not_picked":["RobotSpaceExplorer:ImprovisedAttack+1","RobotSpaceExplorer:Calculate","RobotSpaceExplorer:SurgingShield"],"picked":"SKIP","floor":25},{"not_picked":["RobotSpaceExplorer:IronShell","RobotSpaceExplorer:LaserBurst+1","RobotSpaceExplorer:Counterblock"],"picked":"SKIP","floor":29},{"not_picked":["RobotSpaceExplorer:ScrapShield","RobotSpaceExplorer:Discharger+1","RobotSpaceExplorer:StunGrenade+1"],"picked":"SKIP","floor":31}],"player_experience":1657892,"relics_obtained":[{"floor":9,"key":"Whetstone"},{"floor":26,"key":"Boot"},{"floor":31,"key":"Toy Ornithopter"}],"event_choices":[{"damage_healed":0,"gold_gain":0,"player_choice":"Left","damage_taken":0,"max_hp_gain":0,"max_hp_loss":0,"event_name":"betterThird:BetterGoop","floor":14,"gold_loss":42},{"damage_healed":0,"gold_gain":0,"player_choice":"Obtained Relic","damage_taken":0,"relics_obtained":["Molten Egg 2"],"max_hp_gain":0,"max_hp_loss":0,"event_name":"Addict","floor":20,"gold_loss":85},{"damage_healed":0,"gold_gain":0,"player_choice":"Ignored","damage_taken":0,"max_hp_gain":0,"max_hp_loss":0,"event_name":"Ghosts","floor":28,"gold_loss":0}],"is_beta":false,"boss_relics":[{"not_picked":["Calling Bell","RobotSpaceExplorer:SearchSpecs"],"picked":"RobotSpaceExplorer:TurboCore"}],"items_purged_floors":[4],"is_endless":false,"potions_floor_spawned":[3,5,7,12,16,19,21,25,29],"killed_by":"Automaton","ascension_level":7}}