{"host":"udzsrhbqdxqtlypj","time":1608466468,"event":{"mods":["BaseMod","Minty Spire (QoL Compilation)","Relic Stats"],"gold_per_floor":[112,129,304,304,320,351,23,48,48,48,48],"floor_reached":10,"playtime":643,"items_purged":["Strike_R"],"score":114,"play_id":"ea413ae5-650c-4865-9863-9824fea1a257","local_time":"20201220061428","is_ascension_mode":true,"campfire_choices":[],"circlet_count":0,"master_deck":["AscendersBane","Strike_R","Strike_R","Strike_R","Strike_R","Defend_R","Defend_R","Defend_R","Defend_R","Bash","Whirlwind","Iron Wave","Sword Boomerang","Limit Break","Flash of Steel","Shrug It Off"],"relics":["Burning Blood","Omamori","Art of War","Pantograph","TheAbacus","Blood Vial","Bottled Flame"],"acts_visited":["Exordium"],"potions_floor_usage":[],"damage_taken":[{"damage":4.0,"enemies":"Small Slimes","floor":1.0,"turns":4.0},{"damage":3.0,"enemies":"2 Louse","floor":2.0,"turns":3.0},{"damage":1.0,"enemies":"Cultist","floor":5.0,"turns":3.0},{"damage":35.0,"enemies":"Lagavulin","floor":6.0,"turns":6.0},{"damage":24.0,"enemies":"Gremlin Nob","floor":8.0,"turns":5.0},{"damage":54,"enemies":"Lagavulin","floor":10,"turns":11}],"seed_played":"7126835238302204493","potions_obtained":[{"floor":2.0,"key":"FearPotion"}],"is_trial":false,"path_per_floor":["M","M","?","?","M","E","$","E","T","E"],"character_chosen":"IRONCLAD","items_purchased":["TheAbacus","Flash of Steel"],"campfire_rested":0,"item_purchase_floors":[7,7],"current_hp_per_floor":[74,77,77,77,80,51,51,33,33,0,0],"gold":48,"neow_bonus":"RANDOM_COMMON_RELIC","is_daily":false,"chose_seed":false,"campfire_upgraded":0,"win_rate":0.0,"timestamp":1608466468,"path_taken":["M","M","?","?","M","E","$","E","T","E"],"items_purchased_type":["Relic","Card"],"build_version":"2020-12-13","purchased_purges":1,"victory":false,"max_hp_per_floor":[80,80,80,80,80,80,80,80,80,80,80],"relic_stats":{"Blood Vial":2,"TheAbacus":[36],"counters":[6,32],"Pantograph":0,"Art of War":[4],"obtain_stats":[{"Blood Vial":8,"Bottled Flame":9,"TheAbacus":7,"Pantograph":6,"Omamori":0,"Art of War":4,"Burning Blood":0},{"Blood Vial":5,"Bottled Flame":5,"TheAbacus":4,"Pantograph":4,"Omamori":0,"Art of War":2,"Burning Blood":0},{"Blood Vial":21,"Bottled Flame":21,"TheAbacus":16,"Pantograph":16,"Omamori":0,"Art of War":7,"Burning Blood":0}],"Burning Blood":28},"card_choices":[{"not_picked":["Twin Strike","Warcry"],"picked":"Whirlwind","floor":1.0},{"not_picked":["Bloodletting","Thunderclap"],"picked":"Iron Wave","floor":2.0},{"not_picked":["Entrench","Pummel"],"picked":"Sword Boomerang","floor":5.0},{"not_picked":["Shockwave","Clash"],"picked":"Limit Break","floor":6.0},{"not_picked":["Seeing Red","Bloodletting"],"picked":"Shrug It Off","floor":8.0}],"player_experience":2687206,"relics_obtained":[{"floor":6.0,"key":"Pantograph"},{"floor":8.0,"key":"Blood Vial"},{"floor":9.0,"key":"Bottled Flame"}],"event_choices":[{"damage_healed":0.0,"max_hp_gain":0.0,"max_hp_loss":0.0,"gold_gain":175.0,"event_name":"Liars Game","player_choice":"AGREE","floor":3.0,"gold_loss":0.0,"damage_taken":0.0,"cards_obtained":["Doubt"]},{"damage_healed":0.0,"max_hp_gain":0.0,"max_hp_loss":0.0,"gold_gain":0.0,"event_name":"Big Fish","player_choice":"Box","floor":4.0,"gold_loss":0.0,"damage_taken":0.0,"relics_obtained":["Art of War"],"cards_obtained":["Regret"]}],"is_beta":false,"boss_relics":[],"items_purged_floors":[7],"is_endless":false,"potions_floor_spawned":[2],"killed_by":"Lagavulin","ascension_level":10}}