{"host":"rolltorest","time":1608508280,"event":{"mods":["BaseMod","Minty Spire (QoL Compilation)","StSLib"],"gold_per_floor":[111,126,126,276,38,73,73,117,117,161,218,241,241,257,257,355,355,370,370,16,36,36,36,36],"floor_reached":23,"playtime":566,"items_purged":["Doubt"],"score":414,"play_id":"1fad77b3-dab7-4e2e-aced-05c268fa4195","local_time":"20201220155120","is_ascension_mode":true,"campfire_choices":[{"data":"Immolate","floor":7,"key":"SMITH"},{"data":"Evolve","floor":15,"key":"SMITH"}],"circlet_count":0,"master_deck":["AscendersBane","Bash","Metallicize","Clothesline","Immolate+1","Evolve+1","Burning Pact","Battle Trance","Reckless Charge","Demon Form","Thunderclap","Fire Breathing","Wild Strike","Havoc","Sever Soul","Body Slam","Dropkick","Entrench","Barricade","Shockwave","Ghostly","Ghostly","Ghostly","Limit Break","Feel No Pain","Double Tap"],"relics":["Mark of Pain","Golden Idol","InkBottle","Centennial Puzzle","Juzu Bracelet","Lantern","Pandora\u0027s Box","Eternal Feather"],"acts_visited":["Exordium","TheCity"],"potions_floor_usage":[6,16,18,18],"damage_taken":[{"damage":2,"enemies":"Jaw Worm","floor":1,"turns":3},{"damage":4,"enemies":"2 Louse","floor":2,"turns":4},{"damage":11,"enemies":"3 Sentries","floor":6,"turns":6},{"damage":8,"enemies":"Gremlin Nob","floor":8,"turns":3},{"damage":9,"enemies":"3 Sentries","floor":10,"turns":4},{"damage":0,"enemies":"Small Slimes","floor":12,"turns":3},{"damage":0,"enemies":"3 Louse","floor":14,"turns":1},{"damage":26,"enemies":"Hexaghost","floor":16,"turns":9},{"damage":15,"enemies":"Shell Parasite","floor":18,"turns":2},{"damage":4,"enemies":"2 Thieves","floor":21,"turns":4},{"damage":9,"enemies":"Gremlin Leader","floor":23,"turns":4}],"seed_played":"-1583743099430855013","potions_obtained":[{"floor":2,"key":"DistilledChaos"},{"floor":8,"key":"Explosive Potion"},{"floor":12,"key":"EssenceOfSteel"},{"floor":16,"key":"DistilledChaos"},{"floor":18,"key":"SteroidPotion"},{"floor":21,"key":"EssenceOfSteel"}],"is_trial":false,"path_per_floor":["M","M","?","?","$","E","R","E","T","E","?","M","?","M","R","B",null,"M","?","$","M","?","E"],"character_chosen":"IRONCLAD","items_purchased":["Immolate","Limit Break","Eternal Feather"],"campfire_rested":0,"item_purchase_floors":[5,20,20],"current_hp_per_floor":[66,62,62,62,62,51,51,43,43,34,34,34,39,39,39,13,58,43,36,36,32,32,23,23],"gold":36,"neow_bonus":"BOSS_RELIC","is_daily":false,"chose_seed":false,"campfire_upgraded":2,"win_rate":0.0,"timestamp":1608508280,"path_taken":["M","M","?","?","?","E","R","E","T","E","?","M","?","M","R","BOSS","M","?","$","M","?","E"],"items_purchased_type":["Card","Card","Relic"],"build_version":"2020-12-18","purchased_purges":1,"victory":false,"max_hp_per_floor":[75,75,68,68,68,68,68,68,68,68,68,68,73,73,73,73,73,73,36,36,36,36,36,36],"card_choices":[{"not_picked":["Heavy Blade","Clash"],"picked":"Metallicize","floor":1},{"not_picked":["Warcry","Iron Wave"],"picked":"Clothesline","floor":2},{"not_picked":["Sever Soul","Infernal Blade"],"picked":"Evolve","floor":6},{"not_picked":["Reckless Charge","Thunderclap"],"picked":"Burning Pact","floor":8},{"not_picked":["Armaments","Iron Wave"],"picked":"Battle Trance","floor":10},{"not_picked":["Pummel","Cleave","True Grit"],"picked":"SKIP","floor":12},{"not_picked":["Thunderclap","True Grit"],"picked":"Reckless Charge","floor":14},{"not_picked":["Limit Break","Exhume"],"picked":"Demon Form","floor":16},{"not_picked":["Combust","Intimidate"],"picked":"Shockwave","floor":18},{"not_picked":["Twin Strike","True Grit"],"picked":"Feel No Pain","floor":21}],"player_experience":1692629,"relics_obtained":[{"floor":6,"key":"InkBottle"},{"floor":8,"key":"Centennial Puzzle"},{"floor":9,"key":"Juzu Bracelet"},{"floor":10,"key":"Lantern"}],"event_choices":[{"damage_healed":0,"gold_gain":0,"player_choice":"Lose Max HP","damage_taken":0,"relics_obtained":["Golden Idol"],"max_hp_gain":0,"max_hp_loss":7,"event_name":"Golden Idol","floor":3,"gold_loss":0},{"damage_healed":0,"gold_gain":150,"player_choice":"AGREE","damage_taken":0,"max_hp_gain":0,"max_hp_loss":0,"event_name":"Liars Game","floor":4,"gold_loss":0,"cards_obtained":["Doubt"]},{"damage_healed":0,"gold_gain":57,"player_choice":"Gained Gold","damage_taken":0,"max_hp_gain":0,"max_hp_loss":0,"event_name":"Golden Wing","floor":11,"gold_loss":0},{"damage_healed":0,"gold_gain":0,"player_choice":"Donut","damage_taken":0,"max_hp_gain":5,"max_hp_loss":0,"event_name":"Big Fish","floor":13,"gold_loss":0},{"damage_healed":0,"gold_gain":0,"player_choice":"Became a Ghost","damage_taken":0,"max_hp_gain":0,"max_hp_loss":37,"event_name":"Ghosts","floor":19,"gold_loss":0,"cards_obtained":["Ghostly","Ghostly","Ghostly"]},{"damage_healed":0,"gold_gain":0,"player_choice":"1 cards matched","damage_taken":0,"max_hp_gain":0,"max_hp_loss":0,"event_name":"Match and Keep!","floor":22,"gold_loss":0,"cards_obtained":["Double Tap"]}],"is_beta":true,"boss_relics":[{"not_picked":["Sozu","Empty Cage"],"picked":"Pandora\u0027s Box"}],"items_purged_floors":[5],"is_endless":false,"potions_floor_spawned":[2,8,12,14,16,18,21],"killed_by":"Gremlin Leader","ascension_level":20}}