{"host":"07tcb8n8jdavk3gs","time":1608432886,"event":{"mods":["BaseMod","Colored Map","Hermit","Marisa????????","Minty Spire (QoL Compilation)","StSLib","The Cursed","The Servant 0.9.4"],"gold_per_floor":[117,192,367,367,379,410,410,422,449,449,463,463,226,241,241,336,336,355,326,29,43,53,53,53,53],"floor_reached":24,"playtime":2800,"items_purged":["TheCursedMod:Strike_TheCursed","TheCursedMod:Strike_TheCursed"],"score":198,"play_id":"f63cf3ec-7a8c-4d76-8225-a21bb1af626d","local_time":"20201219205446","is_ascension_mode":false,"campfire_choices":[{"floor":7.0,"key":"REST"},{"floor":10,"key":"REST"},{"data":"TheCursedMod:SpitefulPlan","floor":12,"key":"SMITH"},{"floor":15,"key":"REST"},{"data":"TheCursedMod:Hemoplague","floor":23,"key":"SMITH"}],"circlet_count":0,"master_deck":["TheCursedMod:Strike_TheCursed","TheCursedMod:Strike_TheCursed","TheCursedMod:Defend_TheCursed","TheCursedMod:Defend_TheCursed","TheCursedMod:Defend_TheCursed","TheCursedMod:Defend_TheCursed","TheCursedMod:CursedWand","TheCursedMod:CleanUpWorkshop","TheCursedMod:OutForBlood","TheCursedMod:BlessingInDisguise","TheCursedMod:LuckyCharm","TheCursedMod:FleshFromBone","TheCursedMod:CursedBlade","TheCursedMod:SpitefulPlan+1","TheCursedMod:CursedArmor","TheCursedMod:SpitefulStrike","TheCursedMod:SpitefulPlan","TheCursedMod:AntiAging","TheCursedMod:ManaCirculation","TheCursedMod:Hemoplague","TheCursedMod:RapidMovement","TheCursedMod:CursedBlade","TheCursedMod:Hemoplague+1","TheCursedMod:DemonSword"],"relics":["TheCursedMod:BlackMagic101","Potion Belt","Bag of Preparation","Coffee Dripper","MealTicket"],"acts_visited":["Exordium","TheCity"],"potions_floor_usage":[8,8,11,11,11,14,19,21],"damage_taken":[{"damage":0.0,"enemies":"Small Slimes","floor":1.0,"turns":4.0},{"damage":22.0,"enemies":"Jaw Worm","floor":5.0,"turns":4.0},{"damage":19.0,"enemies":"Lagavulin","floor":6.0,"turns":12.0},{"damage":1,"enemies":"2 Louse","floor":8,"turns":3},{"damage":22,"enemies":"Exordium Thugs","floor":11,"turns":7},{"damage":20,"enemies":"Gremlin Gang","floor":14,"turns":6},{"damage":33,"enemies":"The Guardian","floor":16,"turns":17},{"damage":22,"enemies":"3 Byrds","floor":18,"turns":8},{"damage":27,"enemies":"2 Thieves","floor":19,"turns":5},{"damage":0,"enemies":"Centurion and Healer","floor":21,"turns":10},{"damage":27,"enemies":"Snecko","floor":22,"turns":8},{"damage":0,"enemies":"3 Cultists","floor":24,"turns":3}],"seed_played":"5406177337839843774","potions_obtained":[{"floor":1.0,"key":"Fire Potion"},{"floor":6.0,"key":"EntropicBrew"},{"floor":8,"key":"BlessingOfTheForge"},{"floor":16,"key":"Swift Potion"},{"floor":19,"key":"DistilledChaos"}],"is_trial":false,"path_per_floor":["M","?","?","?","M","E","R","M","T","R","M","R","$","M","R","B",null,"M","M","$","M","M","R","M"],"character_chosen":"THE_CURSED","items_purchased":["TheCursedMod:CursedArmor","TheCursedMod:SpitefulStrike","TheCursedMod:SpitefulPlan","MealTicket","TheCursedMod:CursedBlade"],"campfire_rested":3,"item_purchase_floors":[13,13,13,20,20],"current_hp_per_floor":[54,43,43,43,21,2,24,23,23,45,38,38,38,18,40,9,77,55,30,30,32,7,7,7,7],"gold":53,"neow_bonus":"THREE_RARE_CARDS","is_daily":false,"chose_seed":false,"campfire_upgraded":2,"win_rate":0.0,"timestamp":1608432886,"path_taken":["M","?","?","?","?","E","R","M","T","R","M","R","$","M","R","BOSS","M","M","$","?","M","R","M"],"items_purchased_type":["Card","Card","Card","Relic","Card"],"build_version":"2020-12-13","purchased_purges":2,"victory":false,"max_hp_per_floor":[75,75,75,75,75,75,75,75,75,75,75,75,75,75,75,77,77,77,79,79,81,83,83,83,83],"card_choices":[{"not_picked":["TheCursedMod:NeowsMight","TheCursedMod:ManaCirculation"],"picked":"TheCursedMod:OutForBlood","floor":0.0},{"not_picked":["TheCursedMod:CursedMace","TheCursedMod:CursedSpellbook"],"picked":"TheCursedMod:BlessingInDisguise","floor":1.0},{"not_picked":["TheCursedMod:Stigma","TheCursedMod:WearCloak"],"picked":"TheCursedMod:LuckyCharm","floor":5.0},{"not_picked":["TheCursedMod:SurpriseAttack","TheCursedMod:WearCloak"],"picked":"TheCursedMod:FleshFromBone","floor":6.0},{"not_picked":["TheCursedMod:CursedMace","TheCursedMod:SpitefulStrike"],"picked":"TheCursedMod:CursedBlade","floor":8},{"not_picked":["TheCursedMod:StingEye","TheCursedMod:CircleOfFlame"],"picked":"TheCursedMod:SpitefulPlan","floor":11},{"not_picked":["TheCursedMod:CircleOfFlame","TheCursedMod:Wield"],"picked":"TheCursedMod:AntiAging","floor":14},{"not_picked":["TheCursedMod:DemonSword","TheCursedMod:CursedRelics"],"picked":"TheCursedMod:ManaCirculation","floor":16},{"not_picked":["TheCursedMod:CircleOfFocus+1","TheCursedMod:CircleOfFlame"],"picked":"TheCursedMod:Hemoplague","floor":18},{"not_picked":["TheCursedMod:Stretching","TheCursedMod:CursedAmulet"],"picked":"TheCursedMod:RapidMovement","floor":19},{"not_picked":["TheCursedMod:Evocation","TheCursedMod:Stigma"],"picked":"TheCursedMod:Hemoplague","floor":21},{"not_picked":["TheCursedMod:SaltUponWound+1","TheCursedMod:CircleOfAmplification+1"],"picked":"TheCursedMod:DemonSword","floor":22}],"player_experience":799412,"relics_obtained":[{"floor":6.0,"key":"Potion Belt"},{"floor":9,"key":"Bag of Preparation"}],"event_choices":[{"damage_healed":0.0,"max_hp_gain":0.0,"max_hp_loss":0.0,"gold_gain":75.0,"event_name":"World of Goop","player_choice":"Gather Gold","floor":2.0,"gold_loss":0.0,"damage_taken":11.0},{"damage_healed":0.0,"max_hp_gain":0.0,"max_hp_loss":0.0,"gold_gain":175.0,"event_name":"Liars Game","player_choice":"AGREE","floor":3.0,"gold_loss":0.0,"damage_taken":0.0,"cards_obtained":["Doubt"]},{"cards_removed":["Doubt","TheCursedMod:Dregs"],"damage_healed":0.0,"max_hp_gain":0.0,"max_hp_loss":0.0,"gold_gain":0.0,"event_name":"Fountain of Cleansing","player_choice":"Removed Curses","floor":4.0,"gold_loss":0.0,"damage_taken":0.0}],"is_beta":false,"boss_relics":[{"not_picked":["SacredBark","TheCursedMod:BlackMagicAdvanced"],"picked":"Coffee Dripper"}],"items_purged_floors":[13,20],"is_endless":false,"potions_floor_spawned":[1,6,8,16,19],"killed_by":"3 Cultists","ascension_level":0}}