{"host":"sav7uxregyirlf69","time":1608432542,"event":{"mods":["AchievementEnabler","BaseMod","Colored Map","DeckTracker","Keyboard Shortcuts","Minty Spire (QoL Compilation)","READ ME - Guardian Mod","StSLib","SuperFastMode"],"gold_per_floor":[114,129,144,144,144,144,182,182,207,226,245,283,283,283,283,408,408,427,446,255,255,255,293,312,312,312,41,41,41,79,129,129,254,254,273,298,298,331,106,144,0,38,38,38,57,76,95,114,114,114],"floor_reached":51,"playtime":1223,"items_purged":["Strike_G","Strike_G"],"score":826,"play_id":"f362fecb-4825-4bdd-9725-7ea1d4c859b1","local_time":"20201220114902","daily_mods":["Specialized","Flight","Terminal"],"is_ascension_mode":false,"campfire_choices":[{"data":"Choke","floor":6,"key":"SMITH"},{"data":"Setup","floor":8,"key":"SMITH"},{"data":"After Image","floor":13,"key":"SMITH"},{"data":"Neutralize","floor":15,"key":"SMITH"},{"data":"Prepared","floor":25,"key":"SMITH"},{"data":"Choke","floor":28,"key":"SMITH"},{"data":"Choke","floor":32,"key":"SMITH"},{"data":"Choke","floor":49,"key":"SMITH"}],"circlet_count":0,"master_deck":["Strike_G","Strike_G","Strike_G","Defend_G","Defend_G","Defend_G","Defend_G","Defend_G","Survivor","Neutralize+1","Choke+1","Choke+1","Choke+1","Choke+1","Setup+1","After Image+1","Prepared+1","Deflect+1","Reflex+1","Outmaneuver+1","Blade Dance+1","After Image+1","After Image","Apotheosis+1","Cloak And Dagger+1","Footwork+1","Terror+1"],"relics":["Ring of the Snake","Golden Idol","Ancient Tea Set","Potion Belt","Bronze Scales","Singing Bowl","Toxic Egg 2","Coffee Dripper","Blood Vial","Matryoshka","Frozen Egg 2","Busted Crown","Happy Flower","PreservedInsect","FossilizedHelix","ClockworkSouvenir","Ornamental Fan","Red Mask","Ginger","Oddly Smooth Stone","Dream Catcher"],"acts_visited":["Exordium","TheCity","TheBeyond"],"potions_floor_usage":[16,30,30,50,50,50,50,50],"damage_taken":[{"damage":0,"enemies":"Small Slimes","floor":1,"turns":3},{"damage":0,"enemies":"2 Louse","floor":2,"turns":2},{"damage":0,"enemies":"Jaw Worm","floor":3,"turns":3},{"damage":11,"enemies":"Gremlin Nob","floor":7,"turns":3},{"damage":0,"enemies":"Gremlin Gang","floor":10,"turns":4},{"damage":0,"enemies":"Large Slime","floor":11,"turns":4},{"damage":5,"enemies":"3 Sentries","floor":12,"turns":8},{"damage":19,"enemies":"The Guardian","floor":16,"turns":12},{"damage":8,"enemies":"Spheric Guardian","floor":18,"turns":4},{"damage":0,"enemies":"Shell Parasite","floor":19,"turns":4},{"damage":9,"enemies":"Book of Stabbing","floor":23,"turns":6},{"damage":5,"enemies":"Snake Plant","floor":24,"turns":4},{"damage":7,"enemies":"Gremlin Leader","floor":30,"turns":7},{"damage":8,"enemies":"Automaton","floor":33,"turns":13},{"damage":0,"enemies":"3 Darklings","floor":35,"turns":7},{"damage":4,"enemies":"2 Orb Walkers","floor":38,"turns":4},{"damage":17,"enemies":"Nemesis","floor":40,"turns":7},{"damage":0,"enemies":"Giant Head","floor":42,"turns":10},{"damage":0,"enemies":"Orb Walker","floor":45,"turns":4},{"damage":0,"enemies":"Sphere and 2 Shapes","floor":46,"turns":6},{"damage":0,"enemies":"Transient","floor":47,"turns":5},{"damage":9,"enemies":"4 Shapes","floor":48,"turns":7},{"damage":2,"enemies":"Time Eater","floor":50,"turns":10}],"seed_played":"4005297234989847306","potions_obtained":[{"floor":1,"key":"Energy Potion"},{"floor":3,"key":"BlessingOfTheForge"},{"floor":7,"key":"Poison Potion"},{"floor":11,"key":"EssenceOfSteel"},{"floor":19,"key":"DistilledChaos"},{"floor":24,"key":"PowerPotion"},{"floor":33,"key":"LiquidMemories"},{"floor":38,"key":"CultistPotion"},{"floor":40,"key":"Swift Potion"},{"floor":48,"key":"FearPotion"}],"is_trial":false,"path_per_floor":["M","M","M","?","?","R","E","R","T","M","M","E","R","?","R","B",null,"M","M","$","?","?","E","M","R","T","$","R","$","E","?","R","B",null,"M","T","?","?","$","E","?","E","T","$","M","M","M","M","R","B",null],"character_chosen":"THE_SILENT","items_purchased":["Reflex+1","Outmaneuver+1","Apotheosis+1","ClockworkSouvenir","Footwork+1"],"campfire_rested":0,"item_purchase_floors":[20,20,27,39,39],"current_hp_per_floor":[68,67,66,50,47,47,36,36,36,36,36,33,33,33,33,16,56,50,50,50,50,50,41,40,40,40,40,40,40,35,35,35,31,45,46,45,42,40,40,27,27,31,31,31,35,37,41,35,35,35],"gold":114,"neow_bonus":"","is_daily":true,"chose_seed":false,"campfire_upgraded":8,"win_rate":0.0,"timestamp":1608432542,"path_taken":["M","M","M","?","?","R","E","R","T","?","?","E","R","?","R","BOSS","M","M","?","?","?","E","?","R","T","$","R","?","E","?","R","BOSS","M","?","?","?","$","E","?","E","T","?","?","?","M","M","R","BOSS"],"items_purchased_type":["Card","Card","Card","Relic","Card"],"build_version":"2020-12-13","purchased_purges":2,"victory":true,"max_hp_per_floor":[68,67,66,65,64,63,62,61,60,59,58,59,58,57,56,57,56,57,56,55,54,53,52,53,52,51,50,49,48,47,46,45,46,45,46,45,42,43,42,43,42,43,42,41,42,41,42,43,42,41],"card_choices":[{"not_picked":["Finisher","Dodge and Roll"],"picked":"Setup","floor":1},{"not_picked":["Expertise","Concentrate","Dodge and Roll"],"picked":"SKIP","floor":2},{"not_picked":["Outmaneuver","Bane","Sucker Punch"],"picked":"SKIP","floor":3},{"not_picked":["Predator","Backflip"],"picked":"After Image","floor":7},{"not_picked":["Dagger Spray","Acrobatics","Riddle With Holes"],"picked":"SKIP","floor":10},{"not_picked":["Calculated Gamble","Dagger Throw"],"picked":"Prepared","floor":11},{"not_picked":["Quick Slash","Heel Hook","Bouncing Flask"],"picked":"Singing Bowl","floor":12},{"not_picked":["Doppelganger+1","Storm of Steel+1","After Image"],"picked":"Singing Bowl","floor":16},{"not_picked":["Bane+1","Prepared+1","Poisoned Stab+1"],"picked":"Singing Bowl","floor":18},{"not_picked":["Finisher","Backflip+1"],"picked":"Deflect+1","floor":19},{"not_picked":["Dodge and Roll+1","Accuracy+1"],"picked":"After Image","floor":23},{"not_picked":["Bane","Underhanded Strike+1","All Out Attack"],"picked":"Singing Bowl","floor":24},{"not_picked":["Blade Dance+1","Flying Knee+1"],"picked":"Cloak And Dagger+1","floor":30},{"not_picked":["Corpse Explosion+1","Venomology+1","Glass Knife"],"picked":"Singing Bowl","floor":33},{"not_picked":["Dodge and Roll+1"],"picked":"Singing Bowl","floor":35},{"not_picked":["Dagger Throw+1"],"picked":"Singing Bowl","floor":38},{"not_picked":["Masterful Stab"],"picked":"Singing Bowl","floor":40},{"not_picked":["Dash+1"],"picked":"Singing Bowl","floor":42},{"not_picked":["Dodge and Roll+1"],"picked":"Singing Bowl","floor":45},{"not_picked":[],"picked":"Terror+1","floor":46},{"not_picked":["Dodge and Roll+1"],"picked":"Singing Bowl","floor":47},{"not_picked":["Dodge and Roll+1"],"picked":"Singing Bowl","floor":48}],"player_experience":962085,"relics_obtained":[{"floor":7,"key":"Potion Belt"},{"floor":9,"key":"Bronze Scales"},{"floor":12,"key":"Singing Bowl"},{"floor":23,"key":"Blood Vial"},{"floor":26,"key":"Matryoshka"},{"floor":30,"key":"Frozen Egg 2"},{"floor":36,"key":"Happy Flower"},{"floor":36,"key":"PreservedInsect"},{"floor":38,"key":"FossilizedHelix"},{"floor":40,"key":"Ornamental Fan"},{"floor":42,"key":"Ginger"},{"floor":43,"key":"Oddly Smooth Stone"},{"floor":43,"key":"Dream Catcher"}],"event_choices":[{"damage_healed":0,"gold_gain":0,"player_choice":"Take Damage","damage_taken":16,"relics_obtained":["Golden Idol"],"max_hp_gain":0,"max_hp_loss":0,"event_name":"Golden Idol","floor":4,"gold_loss":0},{"damage_healed":0,"gold_gain":0,"player_choice":"Success","damage_taken":3,"relics_obtained":["Ancient Tea Set"],"max_hp_gain":0,"max_hp_loss":0,"event_name":"Scrap Ooze","floor":5,"gold_loss":0},{"cards_removed":["Choke"],"damage_healed":0,"gold_gain":0,"player_choice":"Gave Card","damage_taken":0,"relics_obtained":["Toxic Egg 2"],"max_hp_gain":0,"max_hp_loss":0,"event_name":"WeMeetAgain","floor":14,"gold_loss":0},{"damage_healed":0,"gold_gain":0,"player_choice":"Read","damage_taken":0,"max_hp_gain":0,"max_hp_loss":0,"event_name":"The Library","floor":21,"gold_loss":0,"cards_obtained":["Blade Dance"]},{"damage_healed":0,"gold_gain":0,"player_choice":"Copied","damage_taken":0,"max_hp_gain":0,"max_hp_loss":0,"event_name":"Duplicator","floor":22,"gold_loss":0,"cards_obtained":["After Image"]},{"damage_healed":0,"gold_gain":100,"player_choice":"Bet on Murderer","damage_taken":0,"max_hp_gain":0,"max_hp_loss":0,"event_name":"The Joust","floor":31,"gold_loss":50},{"damage_healed":0,"gold_gain":0,"player_choice":"Max HP","damage_taken":0,"max_hp_gain":0,"max_hp_loss":2,"event_name":"Winding Halls","floor":37,"gold_loss":0},{"damage_healed":0,"gold_gain":0,"player_choice":"Fight","damage_taken":0,"max_hp_gain":0,"max_hp_loss":0,"event_name":"Mysterious Sphere","floor":38,"gold_loss":0},{"damage_healed":0,"gold_gain":0,"player_choice":"Paid","damage_taken":0,"relics_obtained":["Red Mask"],"max_hp_gain":0,"max_hp_loss":0,"event_name":"Tomb of Lord Red Mask","floor":41,"gold_loss":144}],"is_beta":false,"boss_relics":[{"not_picked":["Velvet Choker","Calling Bell"],"picked":"Coffee Dripper"},{"not_picked":["Sozu","SlaversCollar"],"picked":"Busted Crown"}],"items_purged_floors":[20,27],"is_endless":false,"potions_floor_spawned":[1,3,7,11,19,24,33,38,40,48],"ascension_level":0}}