{"host":"oy4pyvr762z5n0bb","time":1608452597,"event":{"mods":["AchievementEnabler","BaseMod","Colored Map","Colored Powertips","Googly Eyes","Key Reminder","Minty Spire (QoL Compilation)","Quick Restart","Relic Sorter","StSLib","SuperFastMode","Unceasing Turn Reminder","slay the spire mod where everything is the same but ironclad has a cowboy hat"],"gold_per_floor":[112,112,126,56,56,56,84,84,132,23,54,73,107,134,146,259,271,295,317,348,12,12,12,12,12,37,37,70,70,83,110,110,213,213,232,282,282,282,282,282,282],"floor_reached":40,"playtime":1096,"items_purged":["Strike_P","Strike_P"],"score":621,"play_id":"3a226676-c939-45ab-b169-4632c3e31ac0","local_time":"20201220002317","is_ascension_mode":true,"campfire_choices":[{"data":"Eruption","floor":6,"key":"SMITH"},{"data":"Blasphemy","floor":8,"key":"SMITH"},{"data":"BattleHymn","floor":15,"key":"SMITH"},{"data":"Establishment","floor":23,"key":"SMITH"},{"data":"Apotheosis","floor":25,"key":"SMITH"},{"floor":29,"key":"REST"},{"floor":32,"key":"REST"}],"circlet_count":0,"master_deck":["Strike_P","Defend_P+1","Defend_P","Defend_P","Defend_P+1","Eruption+1","Vigilance","FlurryOfBlows","SashWhip","CarveReality","Blasphemy+1","BattleHymn+1","Tantrum","Evaluate","WaveOfTheHand+1","CutThroughFate","Establishment+1","WheelKick","Wireheading","Meditate","Apotheosis+1","SpiritShield+1","Writhe","Writhe","Swivel","Sanctity+1","Protect","MasterReality"],"relics":["PureWater","NeowsBlessing","StrikeDummy","keyreminder:keyreminder","Pen Nib","Blood Vial","MawBank","Cursed Key","Ornamental Fan","Ancient Tea Set","Smiling Mask","War Paint","Busted Crown","Peace Pipe"],"acts_visited":["Exordium","TheCity","TheBeyond"],"potions_floor_usage":[20,20,31,38],"damage_taken":[{"damage":0,"enemies":"Cultist","floor":1,"turns":1},{"damage":0,"enemies":"2 Louse","floor":3,"turns":1},{"damage":0,"enemies":"Gremlin Nob","floor":7,"turns":2},{"damage":7,"enemies":"3 Sentries","floor":11,"turns":4},{"damage":0,"enemies":"Jaw Worm","floor":12,"turns":3},{"damage":0,"enemies":"Lagavulin","floor":13,"turns":4},{"damage":0,"enemies":"Looter","floor":14,"turns":2},{"damage":46,"enemies":"The Guardian","floor":16,"turns":5},{"damage":7,"enemies":"Chosen","floor":18,"turns":3},{"damage":10,"enemies":"Spheric Guardian","floor":19,"turns":4},{"damage":22,"enemies":"Centurion and Healer","floor":20,"turns":4},{"damage":21,"enemies":"Book of Stabbing","floor":28,"turns":4},{"damage":12,"enemies":"Shelled Parasite and Fungi","floor":30,"turns":3},{"damage":0,"enemies":"Gremlin Leader","floor":31,"turns":5},{"damage":60,"enemies":"Collector","floor":33,"turns":11},{"damage":44,"enemies":"3 Darklings","floor":35,"turns":4},{"damage":2,"enemies":"Mind Bloom Boss Battle","floor":36,"turns":6},{"damage":22,"enemies":"3 Shapes","floor":38,"turns":3},{"damage":100021,"enemies":"Giant Head","floor":40,"turns":6}],"seed_played":"2445699607133788971","potions_obtained":[{"floor":7,"key":"Regen Potion"},{"floor":12,"key":"Regen Potion"},{"floor":13,"key":"SpeedPotion"},{"floor":30,"key":"SneckoOil"},{"floor":33,"key":"SmokeBomb"}],"is_trial":false,"path_per_floor":["M","?","M","$","?","R","E","R","T","$","E","M","E","M","R","B",null,"M","M","M","$","?","R","?","R","T","$","E","R","M","E","R","B",null,"M","?","?","M","?","E"],"character_chosen":"WATCHER","items_purchased":["CarveReality","BattleHymn","Apotheosis","SpiritShield"],"campfire_rested":2,"item_purchase_floors":[4,10,21,21],"current_hp_per_floor":[72,58,58,58,58,58,58,58,58,58,51,53,55,57,57,13,72,65,57,56,56,56,56,56,56,56,56,37,58,48,50,71,12,72,28,28,46,26,26,0,0],"gold":282,"neow_bonus":"THREE_ENEMY_KILL","is_daily":false,"chose_seed":false,"campfire_upgraded":5,"win_rate":0.0,"timestamp":1608452597,"path_taken":["M","?","M","$","?","R","E","R","T","$","E","M","E","M","R","BOSS","M","?","M","$","?","R","?","R","T","$","E","R","M","E","R","BOSS","M","?","?","M","?","E"],"items_purchased_type":["Card","Card","Card","Card"],"build_version":"2020-12-13","purchased_purges":2,"victory":false,"max_hp_per_floor":[72,72,72,72,72,72,72,72,72,72,72,72,72,72,72,72,72,72,72,72,72,72,72,72,72,72,72,72,72,72,72,72,72,72,72,72,72,72,72,72,72],"card_choices":[{"not_picked":["FlyingSleeves","Nirvana"],"picked":"FlurryOfBlows","floor":1},{"not_picked":["TalkToTheHand","SandsOfTime"],"picked":"SashWhip","floor":3},{"not_picked":["Crescendo","LikeWater"],"picked":"Blasphemy","floor":7},{"not_picked":["Pray","JustLucky"],"picked":"Tantrum","floor":11},{"not_picked":["EmptyBody","Halt"],"picked":"Evaluate","floor":12},{"not_picked":["Consecrate","Scrawl"],"picked":"WaveOfTheHand","floor":13},{"not_picked":["Consecrate","Worship"],"picked":"CutThroughFate","floor":14},{"not_picked":["Brilliance","Blasphemy"],"picked":"Establishment","floor":16},{"not_picked":["FollowUp+1","FearNoEvil+1"],"picked":"WheelKick","floor":18},{"not_picked":["SashWhip","EmptyFist+1"],"picked":"Wireheading","floor":19},{"not_picked":["JustLucky+1","FlyingSleeves"],"picked":"Meditate","floor":20},{"not_picked":["ForeignInfluence","Vengeance"],"picked":"Swivel","floor":28},{"not_picked":["Vengeance","Collect"],"picked":"Sanctity+1","floor":30},{"not_picked":["ClearTheMind","Adaptation+1"],"picked":"Protect","floor":31},{"not_picked":["Blasphemy","ConjureBlade"],"picked":"MasterReality","floor":33},{"not_picked":["FollowUp"],"picked":"SKIP","floor":35}],"player_experience":549710,"relics_obtained":[{"floor":7,"key":"StrikeDummy"},{"floor":9,"key":"Pen Nib"},{"floor":11,"key":"Blood Vial"},{"floor":13,"key":"MawBank"},{"floor":26,"key":"Ancient Tea Set"},{"floor":28,"key":"Smiling Mask"},{"floor":31,"key":"War Paint"},{"floor":36,"key":"Peace Pipe"}],"event_choices":[{"damage_healed":0,"gold_gain":0,"player_choice":"Entered Light","damage_taken":14,"max_hp_gain":0,"max_hp_loss":0,"event_name":"Shining Light","floor":2,"gold_loss":0,"cards_upgraded":["Defend_P","Defend_P"]},{"cards_removed":["Strike_P"],"damage_healed":0,"gold_gain":0,"player_choice":"Purged","damage_taken":0,"max_hp_gain":0,"max_hp_loss":0,"event_name":"Purifier","floor":5,"gold_loss":0},{"damage_healed":0,"gold_gain":0,"player_choice":"Ignored","damage_taken":0,"max_hp_gain":0,"max_hp_loss":0,"event_name":"Vampires","floor":22,"gold_loss":0},{"damage_healed":0,"gold_gain":0,"player_choice":"Opened","damage_taken":0,"relics_obtained":["Ornamental Fan"],"max_hp_gain":0,"max_hp_loss":0,"event_name":"The Mausoleum","floor":24,"gold_loss":0,"cards_obtained":["Writhe"]},{"damage_healed":0,"gold_gain":0,"player_choice":"Fight","damage_taken":0,"max_hp_gain":0,"max_hp_loss":0,"event_name":"MindBloom","floor":36,"gold_loss":0},{"damage_healed":18,"gold_gain":0,"player_choice":"Writhe","damage_taken":0,"max_hp_gain":0,"max_hp_loss":0,"event_name":"Winding Halls","floor":37,"gold_loss":0,"cards_obtained":["Writhe"]},{"cards_removed":["Writhe"],"damage_healed":0,"gold_gain":0,"player_choice":"Purged","damage_taken":0,"max_hp_gain":0,"max_hp_loss":0,"event_name":"Purifier","floor":39,"gold_loss":0}],"is_beta":false,"boss_relics":[{"not_picked":["Tiny House","Coffee Dripper"],"picked":"Cursed Key"},{"not_picked":["Sozu","Runic Dome"],"picked":"Busted Crown"}],"items_purged_floors":[10,21],"is_endless":false,"potions_floor_spawned":[7,12,13,16,18,19,30,33,38],"killed_by":"Giant Head","ascension_level":3}}