{"host":"fne7yx97fnz7kq05","time":1608470636,"event":{"mods":["BaseMod","Colored Map","Colored Powertips","Highlight Path","Minty Spire (QoL Compilation)","Relic Stats"],"gold_per_floor":[110,110,6,6,20,20,63,63,63,63,107,132,165,181,181,181,181],"floor_reached":16,"playtime":537,"items_purged":[],"score":229,"play_id":"61be6c6b-13cc-4d3c-b564-212c3524ca51","local_time":"20201220072356","is_ascension_mode":true,"campfire_choices":[{"data":"Cleave","floor":6,"key":"SMITH"},{"data":"True Grit","floor":8,"key":"SMITH"},{"data":"True Grit","floor":10,"key":"SMITH"},{"data":"1","floor":15,"key":"LIFT"}],"circlet_count":0,"master_deck":["AscendersBane","Strike_R","Strike_R","Strike_R","Strike_R","Strike_R","Defend_R","Defend_R","Defend_R","Defend_R","Bash","Cleave+1","True Grit+1","True Grit+1","Heavy Blade","Twin Strike"],"relics":["Burning Blood","NeowsBlessing","Golden Idol","Happy Flower","Nunchaku","Mercury Hourglass","Girya"],"acts_visited":["Exordium"],"potions_floor_usage":[13,14,16],"damage_taken":[{"damage":0,"enemies":"2 Louse","floor":1,"turns":1},{"damage":0,"enemies":"Jaw Worm","floor":5,"turns":1},{"damage":0,"enemies":"Gremlin Nob","floor":7,"turns":1},{"damage":56,"enemies":"Lagavulin","floor":11,"turns":9},{"damage":6,"enemies":"Cultist","floor":12,"turns":4},{"damage":11,"enemies":"3 Sentries","floor":13,"turns":4},{"damage":0,"enemies":"Large Slime","floor":14,"turns":4},{"damage":23,"enemies":"The Guardian","floor":16,"turns":9}],"seed_played":"-6403500601852065510","potions_obtained":[{"floor":5,"key":"LiquidMemories"},{"floor":7,"key":"PowerPotion"},{"floor":13,"key":"LiquidMemories"}],"is_trial":false,"path_per_floor":["M","?","$","?","M","R","E","R","T","R","E","M","E","M","R","B"],"character_chosen":"IRONCLAD","items_purchased":["True Grit","Fire Potion"],"campfire_rested":0,"item_purchase_floors":[3,3],"current_hp_per_floor":[78,58,58,58,64,64,70,70,70,70,20,20,15,21,21,0,0],"gold":181,"neow_bonus":"THREE_ENEMY_KILL","is_daily":false,"chose_seed":false,"campfire_upgraded":3,"win_rate":0.0,"timestamp":1608470636,"path_taken":["M","?","$","?","M","R","E","R","T","R","E","M","E","M","R","BOSS"],"items_purchased_type":["Card","Potion"],"build_version":"2020-12-13","purchased_purges":0,"victory":false,"max_hp_per_floor":[80,80,80,80,80,80,80,80,80,80,80,80,80,80,80,80,80],"relic_stats":{"Nunchaku":[5],"Happy Flower":[10],"counters":[8,33],"Golden Idol":36,"obtain_stats":[{"Girya":13,"Nunchaku":9,"NeowsBlessing":0,"Happy Flower":7,"Golden Idol":2,"Burning Blood":0,"Mercury Hourglass":11},{"Girya":6,"Nunchaku":3,"NeowsBlessing":0,"Happy Flower":3,"Golden Idol":1,"Burning Blood":0,"Mercury Hourglass":4},{"Girya":20,"Nunchaku":3,"NeowsBlessing":0,"Happy Flower":3,"Golden Idol":1,"Burning Blood":0,"Mercury Hourglass":12}],"Burning Blood":42,"Mercury Hourglass":[75]},"card_choices":[{"not_picked":["Iron Wave","True Grit"],"picked":"Cleave","floor":1},{"not_picked":["Intimidate","Metallicize","Flex"],"picked":"SKIP","floor":5},{"not_picked":["Sentinel","Wild Strike"],"picked":"True Grit","floor":7},{"not_picked":["Sword Boomerang","Headbutt"],"picked":"Heavy Blade","floor":11},{"not_picked":["Sword Boomerang","Fire Breathing"],"picked":"Twin Strike","floor":12},{"not_picked":["Anger","Armaments","Perfected Strike"],"picked":"SKIP","floor":13},{"not_picked":["Rage","Corruption","Headbutt"],"picked":"SKIP","floor":14}],"player_experience":72319,"relics_obtained":[{"floor":7,"key":"Happy Flower"},{"floor":9,"key":"Nunchaku"},{"floor":11,"key":"Mercury Hourglass"},{"floor":13,"key":"Girya"}],"event_choices":[{"damage_healed":0,"gold_gain":0,"player_choice":"Take Damage","damage_taken":20,"relics_obtained":["Golden Idol"],"max_hp_gain":0,"max_hp_loss":0,"event_name":"Golden Idol","floor":2,"gold_loss":0},{"damage_healed":0,"gold_gain":0,"player_choice":"Ignored","damage_taken":0,"max_hp_gain":0,"max_hp_loss":0,"event_name":"Liars Game","floor":4,"gold_loss":0}],"is_beta":false,"boss_relics":[],"items_purged_floors":[],"is_endless":false,"potions_floor_spawned":[5,7,13],"killed_by":"The Guardian","ascension_level":12}}