{"host":"qg7fj05lalo09o61","time":1608484547,"event":{"mods":["Act Like it!","Always Whale","BaseMod","CapriCore","Gensokyo","Minty Spire (QoL Compilation)","StSLib","The Servant 0.9.4"],"gold_per_floor":[110,122,122,3,3,3,21,21,21,33,73,85,97,123,135,248,260,292,304,326,348,62,62,74,74,74,324,324,359,309,326,326,422,422,436,91,141,158,158,191,191,209,209,219,238,238,249,0,0,0],"floor_reached":51,"playtime":4141,"items_purged":["Strike_S"],"score":770,"play_id":"e34d1690-f9b4-41e0-ad0b-f8afd2ee9490","local_time":"20201220201547","is_ascension_mode":false,"campfire_choices":[{"data":"Starlight","floor":6,"key":"SMITH"},{"data":"SurpressingFire","floor":8,"key":"SMITH"},{"data":"Comet","floor":10,"key":"SMITH"},{"data":"Comet","floor":12,"key":"SMITH"},{"data":"KidneyShot","floor":15,"key":"SMITH"},{"data":"Alleviate","floor":23,"key":"SMITH"},{"data":"SilverBlades","floor":25,"key":"SMITH"},{"floor":32,"key":"DIG"},{"floor":41,"key":"DIG"},{"floor":46,"key":"DIG"},{"floor":49,"key":"REST"}],"circlet_count":0,"master_deck":["Strike_S","Strike_S+1","Strike_S+1","Defend_S","Defend_S","Defend_S","Defend_S","KidneyShot+1","Starlight+1","SurpressingFire+1","Comet+1","Ricochet","Rearm","Comet+1","ShatteredReality","FlawlessForm","CurseOfTheBell","Alleviate+1","RealityMarble+1","InstantArmor","SilverBlades+1","SoulSculpture","Misdirection","TheWorld","Potential+1","GearUp","SilverBlades+1","GearUp+1","Madness","Madness","Misdirection+1","DualDimension+1","Parasite","Rewind+1","SurpressingFire"],"relics":["Uniform","Whetstone","Gensokyo:Justice","MawBank","Art of War","MealTicket","Calling Bell","Pear","Ice Cream","Vajra","Lantern","Nunchaku","Gensokyo:MosesMiracle","Shovel","Centennial Puzzle","Black Star","Happy Flower","DollysMirror","Dead Branch","Letter Opener","Boot","Juzu Bracelet","InkBottle","Molten Egg 2","Red Mask"],"acts_visited":["Exordium","Gensokyo:Gensokyo","TheBeyond"],"potions_floor_usage":[29,50],"damage_taken":[{"damage":0,"enemies":"Gensokyo:2_Kodama","floor":1,"turns":5},{"damage":4,"enemies":"Gensokyo:3_Fairies","floor":2,"turns":4},{"damage":2,"enemies":"Gensokyo:Gryphon","floor":7,"turns":3},{"damage":5,"enemies":"Gensokyo:Aya","floor":11,"turns":5},{"damage":0,"enemies":"Gensokyo:Python_and_Kodama","floor":14,"turns":2},{"damage":27,"enemies":"Gensokyo:Kokoro","floor":16,"turns":13},{"damage":13,"enemies":"Gensokyo:3_Dogs","floor":18,"turns":4},{"damage":2,"enemies":"Gensokyo:2_Gloops","floor":20,"turns":3},{"damage":15,"enemies":"Gensokyo:Wraith","floor":21,"turns":4},{"damage":0,"enemies":"Gensokyo:3_Gloops","floor":24,"turns":3},{"damage":10,"enemies":"Gensokyo:Tenshi","floor":29,"turns":4},{"damage":12,"enemies":"Gensokyo:Slime_Group","floor":31,"turns":2},{"damage":33,"enemies":"Gensokyo:Kaguya","floor":33,"turns":7},{"damage":9,"enemies":"3 Shapes","floor":35,"turns":3},{"damage":0,"enemies":"Mind Bloom Boss Battle","floor":37,"turns":7},{"damage":0,"enemies":"3 Darklings","floor":38,"turns":5},{"damage":23,"enemies":"Nemesis","floor":40,"turns":5},{"damage":8,"enemies":"Spire Growth","floor":42,"turns":5},{"damage":0,"enemies":"Writhing Mass","floor":44,"turns":4},{"damage":7,"enemies":"3 Darklings","floor":45,"turns":6},{"damage":0,"enemies":"Transient","floor":47,"turns":5},{"damage":0,"enemies":"Awakened One","floor":50,"turns":15}],"seed_played":"2329776669816863762","potions_obtained":[{"floor":7,"key":"Weak Potion"},{"floor":16,"key":"PowerPotion"},{"floor":20,"key":"Fire Potion"},{"floor":21,"key":"Explosive Potion"},{"floor":38,"key":"Fire Potion"}],"is_trial":false,"path_per_floor":["M","M","?","$","?","R","M","R","T","R","E","R","?","M","R","B",null,"M","?","M","M","$","R","M","R","T","?","?","E","?","M","R","B",null,"M","$","?","M","?","E","R","M","T","M","M","R","M","?","R","B",null],"character_chosen":"THE_SERVANT","items_purchased":["Comet","Ricochet","InstantArmor","Lantern","GearUp","Happy Flower","DollysMirror"],"campfire_rested":1,"item_purchase_floors":[4,4,22,22,36,36,36],"current_hp_per_floor":[65,61,61,61,61,61,59,59,59,59,54,54,41,41,41,14,75,62,62,60,45,60,60,60,60,60,60,60,50,57,45,45,12,78,69,78,78,78,68,45,45,37,37,37,30,30,30,30,53,53],"gold":0,"neow_bonus":"RANDOM_COMMON_RELIC","is_daily":false,"chose_seed":false,"campfire_upgraded":7,"win_rate":0.0,"timestamp":1608484547,"path_taken":["M","?","?","$","?","R","?","R","T","R","E","R","?","M","R","BOSS","M","?","M","M","$","R","M","R","T","?","?","E","?","M","R","BOSS","M","$","?","M","?","E","R","M","T","M","M","R","M","?","R","BOSS"],"items_purchased_type":["Card","Card","Card","Relic","Card","Relic","Relic"],"build_version":"2020-12-13","purchased_purges":1,"victory":true,"max_hp_per_floor":[65,65,65,65,65,65,65,65,65,65,65,65,65,65,65,65,75,75,75,75,75,75,75,75,75,75,71,71,71,78,78,78,78,78,78,78,78,78,78,78,78,78,78,78,78,78,78,78,78,78],"card_choices":[{"not_picked":["Ricochet","Barrier"],"picked":"Starlight","floor":1},{"not_picked":["Unruled","TimeWarp"],"picked":"SurpressingFire","floor":2},{"not_picked":["BottledTime","Reset"],"picked":"Rearm","floor":7},{"not_picked":["Unruled","Read"],"picked":"Comet","floor":11},{"not_picked":["ReturningBlade","Unruled"],"picked":"ShatteredReality","floor":14},{"not_picked":["Solidify","Sunlight"],"picked":"FlawlessForm","floor":16},{"not_picked":["ShatteredReality","Starlight"],"picked":"Alleviate","floor":18},{"not_picked":["ShatteredReality","Ricochet"],"picked":"RealityMarble+1","floor":20},{"not_picked":["Replace","Revamp+1","Spin"],"picked":"SKIP","floor":21},{"not_picked":["Foresight","Rewind"],"picked":"SilverBlades","floor":24},{"not_picked":["Advance","Collapse"],"picked":"SoulSculpture","floor":29},{"not_picked":["Revamp+1","DoubleEdge"],"picked":"Misdirection","floor":31},{"not_picked":["Dilation","FloweringNight"],"picked":"TheWorld","floor":33},{"not_picked":["Defy+1","SpecialFormula+1"],"picked":"Potential+1","floor":35},{"not_picked":["WasteNot+1","DualDimension+1"],"picked":"GearUp+1","floor":38},{"not_picked":["Revamp","Duplication"],"picked":"Misdirection+1","floor":40},{"not_picked":["Ricochet","Defy+1"],"picked":"DualDimension+1","floor":42},{"not_picked":["Alleviate","Potential+1"],"picked":"Rewind+1","floor":44},{"not_picked":["Potential","Snipe+1"],"picked":"SurpressingFire","floor":45},{"not_picked":["Foresight","FloweringNight","DoubleEdge+1"],"picked":"SKIP","floor":47}],"player_experience":192612,"relics_obtained":[{"floor":9,"key":"MawBank"},{"floor":11,"key":"Art of War"},{"floor":17,"key":"Pear"},{"floor":17,"key":"Ice Cream"},{"floor":17,"key":"Vajra"},{"floor":26,"key":"Nunchaku"},{"floor":29,"key":"Shovel"},{"floor":32,"key":"Centennial Puzzle"},{"floor":33,"key":"Gensokyo:MosesMiracle"},{"floor":37,"key":"Dead Branch"},{"floor":40,"key":"Letter Opener"},{"floor":40,"key":"Boot"},{"floor":41,"key":"Juzu Bracelet"},{"floor":43,"key":"InkBottle"},{"floor":46,"key":"Molten Egg 2"}],"event_choices":[{"damage_healed":0,"gold_gain":0,"player_choice":"Fight","damage_taken":0,"max_hp_gain":0,"max_hp_loss":0,"event_name":"MindBloom","floor":37,"gold_loss":0},{"damage_healed":0,"gold_gain":0,"player_choice":"Embrace Madness","damage_taken":10,"max_hp_gain":0,"max_hp_loss":0,"event_name":"Winding Halls","floor":39,"gold_loss":0,"cards_obtained":["Madness","Madness"]},{"damage_healed":0,"gold_gain":0,"player_choice":"Paid","damage_taken":0,"relics_obtained":["Red Mask"],"max_hp_gain":0,"max_hp_loss":0,"event_name":"Tomb of Lord Red Mask","floor":48,"gold_loss":249}],"is_beta":false,"boss_relics":[{"not_picked":["Philosopher\u0027s Stone","Pandora\u0027s Box"],"picked":"Calling Bell"},{"not_picked":["StoneMask","Empty Cage"],"picked":"Black Star"}],"items_purged_floors":[22],"is_endless":false,"potions_floor_spawned":[7,16,20,21,38,44,45],"ascension_level":0}}