{"host":"lytueob6x0yvfkof","time":1608463425,"event":{"mods":["Act Like it!","Aspiration","Bard","BaseMod","Beaked The Cultist","Colored Map","Conspire","Downfall","Glutton Mod","Halation","Hallownest","HololiveMod","Hubris","Infinite Spire","Jedi Mod","Mad Scientist","Marisa????????","Mimic Mod","Minty Spire (QoL Compilation)","Potionbrewer","Reimu??????","Remilia??????","Replay The Spire","Somnambulant","StSLib","The Bug Knight","The Clintock","The Construct","The Cursed","The Disciple","The Elementalist","The Exalted","The Forsaken","The Hierophant","The Jungle","The Mystic","The Runesmith","The Servant 0.9.4","TheArtist","TheBandit","Yuyuko","vexMod"],"gold_per_floor":[115,127,146,160,179,209,209,209,209,222,222,222,222,241,241,341,341,356,367,282,292,89,89,102,102,153,7,26,43,43,61,61,164,164,174,174,192,210,224,251,251,266,305,305,320,320,373,383,383,383],"floor_reached":51,"playtime":5924,"items_purged":["Strike_G"],"score":737,"play_id":"7ac00627-2545-4f7f-a830-fefe81ba4ad8","local_time":"20201220112345","is_ascension_mode":false,"campfire_choices":[{"data":"Flying Knee","floor":12,"key":"SMITH"},{"data":"Acrobatics","floor":15,"key":"SMITH"},{"floor":23,"key":"REST"},{"floor":25,"key":"REST"},{"data":"Tools of the Trade","floor":32,"key":"SMITH"},{"floor":41,"key":"REST"},{"data":"After Image","floor":44,"key":"SMITH"},{"data":"Choke","floor":46,"key":"SMITH"},{"data":"ReplayTheSpireMod:Scrap Shanks","floor":49,"key":"SMITH"},{"data":"After Image","floor":49,"key":"SMITH"}],"circlet_count":0,"master_deck":["Strike_G","Strike_G","Strike_G","Strike_G","Defend_G","Defend_G","Defend_G","Defend_G","Defend_G","Survivor","Neutralize","Acrobatics+1","Quick Slash","Flying Knee+1","Endless Agony","Dagger Spray","Slice","Concentrate","Backflip","Underhanded Strike","Replay:Bag of Tricks","ReplayTheSpireMod:Scrap Shanks","Endless Agony+1","Dagger Throw","All Out Attack","ReplayTheSpireMod:Scrap Shanks+1","Prepared+1","Cloak And Dagger+1","Acrobatics","After Image+1","Tools of the Trade+1","Hidden Blade","infinitespire:NeuralNetwork","Hidden Blade+1","Adrenaline","Tactician","Dagger Throw+1","Dodge and Roll+1","ReplayTheSpireMod:Speed Training","Escape Plan","Dagger Throw+1","Deflect","Choke+1","Calculated Gamble","After Image+1","Prepared","Acrobatics"],"relics":["vexMod:BigBerry","Vampiric Spirits","infinitespire:Cubic Diamond","elementalistmod:GreenCirclet","halation:BottledLove","ReplayTheSpireMod:Ring of Addiction","hubris:EmptyBottle","SacredBark","beaked:SacredDeck","halation:PromiseList","ReplayTheSpireMod:Lightbulb","HoveringKite","Bromod:ArcaneEnergize","hubris:AncientText","vexMod:RetaliationKit","halation:PenCase"],"acts_visited":["Exordium","TheCity","TheBeyond"],"potions_floor_usage":[6,16,16,16,18,19,21,24,28,33,33,39,47,50],"damage_taken":[{"damage":0,"enemies":"conspire:RoseBush","floor":1,"turns":5},{"damage":0,"enemies":"2 Louse","floor":2,"turns":4},{"damage":2,"enemies":"Small Slimes","floor":3,"turns":4},{"damage":0,"enemies":"Exordium Wildlife","floor":4,"turns":5},{"damage":4,"enemies":"2 Fungi Beasts","floor":5,"turns":3},{"damage":19,"enemies":"HollowMod:MossKnight","floor":6,"turns":17},{"damage":7,"enemies":"Red Slaver","floor":10,"turns":4},{"damage":4,"enemies":"Blue Slaver","floor":14,"turns":3},{"damage":36,"enemies":"Hexaghost","floor":16,"turns":7},{"damage":33,"enemies":"conspire:FuzzyDice","floor":18,"turns":8},{"damage":45,"enemies":"Cultist and Chosen","floor":19,"turns":8},{"damage":7,"enemies":"Snake Plant","floor":21,"turns":5},{"damage":21,"enemies":"Centurion and Healer","floor":24,"turns":5},{"damage":4,"enemies":"Snecko","floor":28,"turns":4},{"damage":7,"enemies":"3 Cultists","floor":29,"turns":5},{"damage":5,"enemies":"Centurion and Healer","floor":31,"turns":5},{"damage":31,"enemies":"hubris:MusketHawk","floor":33,"turns":7},{"damage":6,"enemies":"3 Shapes","floor":35,"turns":3},{"damage":16,"enemies":"Orb Walker","floor":37,"turns":4},{"damage":22,"enemies":"4 Shapes","floor":38,"turns":4},{"damage":0,"enemies":"Sphere and 2 Shapes","floor":39,"turns":3},{"damage":53,"enemies":"Reptomancer","floor":40,"turns":6},{"damage":9,"enemies":"Writhing Mass","floor":42,"turns":8},{"damage":0,"enemies":"Spire Growth","floor":43,"turns":7},{"damage":7,"enemies":"Spire Growth","floor":45,"turns":3},{"damage":12,"enemies":"2 Orb Walkers","floor":47,"turns":4},{"damage":7,"enemies":"Transient","floor":48,"turns":5},{"damage":12,"enemies":"Awakened One","floor":50,"turns":9}],"seed_played":"-8448952899340619610","potions_obtained":[{"floor":1,"key":"PowerPotion"},{"floor":4,"key":"Block Potion"},{"floor":5,"key":"potionbrewer:FreezingPotion"},{"floor":6,"key":"Poison Potion"},{"floor":13,"key":"DuplicationPotion"},{"floor":19,"key":"DistilledChaos"},{"floor":28,"key":"Fruit Juice"},{"floor":31,"key":"potionbrewer:AcidPotion"},{"floor":33,"key":"SneckoOil"}],"is_trial":false,"path_per_floor":["M","M","M","M","M","E","?","?","T","M","?","R","?","M","R","B",null,"M","M","?","M","$","R","M","R","T","$","M","M","AVR","M","R","B",null,"M","?","M","M","M","E","R","M","MIM","R","M","R","?","M","R","B",null],"character_chosen":"THE_SILENT","items_purchased":["ReplayTheSpireMod:Scrap Shanks","SkillPotion","After Image"],"campfire_rested":3,"item_purchase_floors":[22,22,27],"current_hp_per_floor":[100,100,98,98,94,75,75,75,75,70,100,100,100,96,96,64,100,67,26,26,23,23,53,40,70,70,70,69,72,72,75,75,70,116,110,110,98,85,92,48,82,79,79,79,75,75,67,65,65,53],"gold":383,"neow_bonus":"BOSS_RELIC","is_daily":false,"chose_seed":false,"campfire_upgraded":7,"win_rate":0.0,"timestamp":1608463425,"path_taken":["M","M","M","M","M","E","?","?","T","M","?","R","?","M","R","BOSS","M","M","?","M","?","R","M","R","T","$","M","M","AVR","M","R","BOSS","M","?","M","M","M","E","R","?","MIM","R","M","R","?","M","R","BOSS"],"items_purchased_type":["Card","Potion","Card"],"build_version":"2020-12-13","purchased_purges":1,"victory":true,"max_hp_per_floor":[100,100,100,100,100,100,100,100,100,100,100,100,100,100,100,100,100,100,100,100,100,100,100,100,100,100,100,98,98,98,98,96,116,116,116,116,114,114,114,114,114,114,112,112,112,110,110,110,110,110],"card_choices":[{"not_picked":["Slice","ReplayTheSpireMod:Shiv Toss"],"picked":"Acrobatics","floor":1},{"not_picked":["Sneak Up","jedi:pocketpoison"],"picked":"Quick Slash","floor":2},{"not_picked":["All Out Attack","Dodge and Roll"],"picked":"Flying Knee","floor":3},{"not_picked":["Draining Mist","Sucker Punch"],"picked":"Endless Agony","floor":4},{"not_picked":["Flying Knee","Blade Dance"],"picked":"Dagger Spray","floor":5},{"not_picked":["Grand Finale","Sucker Punch"],"picked":"Slice","floor":6},{"not_picked":["Blade Dance","Prepared"],"picked":"Concentrate","floor":10},{"not_picked":["Sucker Punch","Distraction"],"picked":"Backflip","floor":14},{"not_picked":["jedi:studyshivs","Night Terror"],"picked":"Replay:Bag of Tricks","floor":16},{"not_picked":["Dagger Spray","Flying Knee"],"picked":"Endless Agony+1","floor":18},{"not_picked":["Backflip","PiercingWail+1"],"picked":"Dagger Throw","floor":19},{"not_picked":["Finisher","Poisoned Stab+1"],"picked":"All Out Attack","floor":21},{"not_picked":["Replay:Poison Smokescreen+1","Deadly Poison"],"picked":"Cloak And Dagger+1","floor":24},{"not_picked":["Eviscerate+1","hubris:SlightOfHand"],"picked":"Tools of the Trade","floor":28},{"not_picked":["Blade Dance","Caltrops"],"picked":"Hidden Blade","floor":29},{"not_picked":["PiercingWail+1","Deadly Poison+1"],"picked":"Hidden Blade+1","floor":31},{"not_picked":["Envenom","A Thousand Cuts"],"picked":"Adrenaline","floor":33},{"not_picked":["Blade Dance+1","conspire:PoisonWeapons+1"],"picked":"Tactician","floor":35},{"not_picked":["Poisoned Stab+1","jedi:collectorvenom+1"],"picked":"Dagger Throw+1","floor":37},{"not_picked":["Outmaneuver+1","Expertise+1"],"picked":"Dodge and Roll+1","floor":38},{"not_picked":["Flying Knee+1","Deadly Poison"],"picked":"ReplayTheSpireMod:Speed Training","floor":39},{"not_picked":["Leg Sweep","Bane+1"],"picked":"Escape Plan","floor":40},{"not_picked":["Flying Knee","Outmaneuver"],"picked":"Deflect","floor":42},{"not_picked":["Deflect","jedi:pocketpoison+1"],"picked":"Choke","floor":43},{"not_picked":["PiercingWail+1","Deadly Poison"],"picked":"After Image","floor":45},{"not_picked":["Acrobatics+1","Outmaneuver+1"],"picked":"Prepared","floor":47},{"not_picked":["Heel Hook+1","Caltrops"],"picked":"Acrobatics","floor":48}],"player_experience":170950,"relics_obtained":[{"floor":6,"key":"Vampiric Spirits"},{"floor":9,"key":"halation:BottledLove"},{"floor":13,"key":"ReplayTheSpireMod:Ring of Addiction"},{"floor":13,"key":"hubris:EmptyBottle"},{"floor":13,"key":"SacredBark"},{"floor":26,"key":"ReplayTheSpireMod:Lightbulb"},{"floor":40,"key":"hubris:AncientText"},{"floor":43,"key":"vexMod:RetaliationKit"},{"floor":47,"key":"halation:PenCase"}],"event_choices":[{"damage_healed":33,"gold_gain":0,"player_choice":"Banana","damage_taken":0,"max_hp_gain":0,"max_hp_loss":0,"event_name":"Big Fish","floor":11,"gold_loss":0},{"damage_healed":0,"gold_gain":0,"player_choice":"Obtained Relic","damage_taken":0,"relics_obtained":["halation:PromiseList"],"max_hp_gain":0,"max_hp_loss":0,"event_name":"Addict","floor":20,"gold_loss":85},{"damage_healed":0,"gold_gain":0,"player_choice":"Ignored","damage_taken":0,"max_hp_gain":0,"max_hp_loss":0,"event_name":"SecretPortal","floor":36,"gold_loss":0},{"damage_healed":0,"gold_gain":0,"player_choice":"Fight","damage_taken":0,"max_hp_gain":0,"max_hp_loss":0,"event_name":"Mysterious Sphere","floor":47,"gold_loss":0}],"is_beta":false,"boss_relics":[{"not_picked":["Replay:Drink Me","Coffee Dripper"],"picked":"beaked:SacredDeck"},{"not_picked":["Philosopher\u0027s Stone","jedi:battlestandard"],"picked":"Bromod:ArcaneEnergize"}],"items_purged_floors":[22],"is_endless":false,"potions_floor_spawned":[1,4,5,6,14,19,28,31,33,37,42,45,47],"ascension_level":0}}