{"host":"is2s59edl8twrhoj","time":1608447520,"event":{"mods":["BaseMod","Colored Map","Colored Powertips","DeckTracker","Downfall","Minty Spire (QoL Compilation)","StSLib"],"gold_per_floor":[99,99,99,110,110,123,123,148,248,248,267,280,294,87,103,203,203,203,203,203,203,203,203,203,203,203,203,203,203,203,203,203,203,203,203,203,203,203,203,203,203,203,203,203,203,16,16,16,16,16],"floor_reached":51,"playtime":3824,"items_purged":["Guardian:Strike_Guardian","Guardian:Strike_Guardian"],"score":694,"play_id":"791e7f3b-7d21-4984-affe-c983e159368c","local_time":"20201220065840","is_ascension_mode":false,"campfire_choices":[{"data":"Guardian:Harden","floor":1,"key":"SMITH"},{"data":"Guardian:CurlUp","floor":3,"key":"SMITH"},{"data":"Guardian:TwinSlam","floor":5,"key":"SMITH"},{"data":"Guardian:Harden","floor":10,"key":"SMITH"},{"data":"Guardian:ArmoredProtocol","floor":18,"key":"SMITH"},{"data":"Guardian:ExploitGems","floor":21,"key":"SMITH"},{"data":"Guardian:PiercingHide","floor":26,"key":"SMITH"},{"data":"Guardian:RollAttack","floor":35,"key":"SMITH"},{"data":"Guardian:ExploitGems","floor":39,"key":"SMITH"},{"data":"Guardian:EvasiveProtocol","floor":43,"key":"SMITH"}],"circlet_count":0,"master_deck":["Guardian:Defend_Guardian","Guardian:Defend_Guardian","Guardian:Defend_Guardian","Guardian:Defend_Guardian","Guardian:CurlUp+1","Guardian:TwinSlam+1","Guardian:Harden+1","Guardian:Harden+1","Guardian:RollAttack+1","Guardian:PiercingHide+1","Guardian:ArmoredProtocol+1","Guardian:ExploitGems+1","Guardian:Repulse+1","Guardian:ExploitGems+1","Guardian:Harden+1","Guardian:EvasiveProtocol+1","Guardian:ArmoredProtocol","Guardian:SpikerProtocol+1"],"relics":["Guardian:ModeShifter","White Beast Statue","Blood Vial","Ectoplasm","Juzu Bracelet","Potion Belt","Meat on the Bone","Anchor","Empty Cage","Bottled Tornado","Letter Opener","Bag of Marbles"],"acts_visited":["Exordium","TheCity","TheBeyond"],"potions_floor_usage":[12,19,20,20,22,27,32,42,42,44,50],"damage_taken":[{"damage":2,"enemies":"2 Louse","floor":4,"turns":2},{"damage":0,"enemies":"Jaw Worm","floor":6,"turns":4},{"damage":25,"enemies":"Gremlin Nob","floor":8,"turns":6},{"damage":0,"enemies":"Small Slimes","floor":11,"turns":3},{"damage":0,"enemies":"Gremlin Gang","floor":12,"turns":5},{"damage":3,"enemies":"Exordium Wildlife","floor":13,"turns":7},{"damage":0,"enemies":"downfall:FleeingMerchant","floor":14,"turns":4},{"damage":1,"enemies":"Exordium Thugs","floor":15,"turns":3},{"damage":48,"enemies":"downfall:Defect","floor":16,"turns":12},{"damage":5,"enemies":"3 Byrds","floor":19,"turns":4},{"damage":11,"enemies":"Slavers","floor":20,"turns":5},{"damage":8,"enemies":"downfall:LadyInBlue","floor":22,"turns":15},{"damage":0,"enemies":"Chosen","floor":23,"turns":1},{"damage":0,"enemies":"3 Cultists","floor":25,"turns":5},{"damage":0,"enemies":"Book of Stabbing","floor":27,"turns":6},{"damage":0,"enemies":"Snecko","floor":28,"turns":9},{"damage":0,"enemies":"Centurion and Healer","floor":30,"turns":11},{"damage":0,"enemies":"Snake Plant","floor":31,"turns":5},{"damage":0,"enemies":"3 Cultists","floor":32,"turns":6},{"damage":1,"enemies":"downfall:Silent","floor":33,"turns":9},{"damage":0,"enemies":"3 Darklings","floor":36,"turns":6},{"damage":0,"enemies":"Orb Walker","floor":37,"turns":5},{"damage":34,"enemies":"Maw","floor":42,"turns":11},{"damage":16,"enemies":"Nemesis","floor":44,"turns":9},{"damage":8,"enemies":"4 Shapes","floor":45,"turns":6},{"damage":0,"enemies":"downfall:FleeingMerchant","floor":46,"turns":4},{"damage":3,"enemies":"Sphere and 2 Shapes","floor":49,"turns":4},{"damage":28,"enemies":"downfall:Watcher","floor":50,"turns":12}],"seed_played":"-2467694053647219881","potions_obtained":[{"floor":6,"key":"FairyPotion"},{"floor":8,"key":"SkillPotion"},{"floor":11,"key":"Energy Potion"},{"floor":12,"key":"EssenceOfSteel"},{"floor":13,"key":"Weak Potion"},{"floor":14,"key":"DuplicationPotion"},{"floor":16,"key":"DuplicationPotion"},{"floor":19,"key":"SkillPotion"},{"floor":20,"key":"Block Potion"},{"floor":22,"key":"Guardian:AcceleratePotion"},{"floor":22,"key":"Fire Potion"},{"floor":22,"key":"Explosive Potion"},{"floor":23,"key":"PowerPotion"},{"floor":25,"key":"sneckomod:MuddlingPotion"},{"floor":27,"key":"SpeedPotion"},{"floor":28,"key":"Regen Potion"},{"floor":31,"key":"CultistPotion"},{"floor":32,"key":"AttackPotion"},{"floor":42,"key":"Slimebound:ThreeZeroPotion"},{"floor":44,"key":"Block Potion"},{"floor":45,"key":"Explosive Potion"}],"is_trial":false,"path_per_floor":["R","?","R","M","R","M","T","E","?","R","M","M","M","$","M","B",null,"R","M","E","R","?","M","T","M","R","E","M","?","M","M","M","B",null,"R","M","M","?","R","?","T","M","R","E","M","$","?","?","M","B",null],"character_chosen":"GUARDIAN","items_purchased":["Guardian:PiercingHide","Guardian:ArmoredProtocol","Guardian:ArmoredProtocol"],"campfire_rested":0,"item_purchase_floors":[14,14,46],"current_hp_per_floor":[80,80,80,78,78,78,78,53,53,53,55,57,56,58,59,13,80,80,75,66,66,60,62,62,64,64,66,68,68,70,72,74,75,80,80,80,80,80,80,80,80,46,46,44,50,52,52,52,51,37],"gold":16,"neow_bonus":"THREE_CARDS","is_daily":false,"chose_seed":false,"campfire_upgraded":10,"win_rate":0.0,"timestamp":1608447520,"path_taken":["R","?","R","M","R","M","T","E","?","R","M","M","M","$","M","BOSS","R","M","E","R","?","M","T","M","R","E","M","?","M","M","M","BOSS","R","M","M","?","R","?","T","M","R","E","M","$","?","?","M","BOSS"],"items_purchased_type":["Card","Card","Card"],"build_version":"2020-12-13","purchased_purges":2,"victory":true,"max_hp_per_floor":[80,80,80,80,80,80,80,80,80,80,80,80,80,80,80,80,80,80,80,80,80,80,80,80,80,80,80,80,80,80,80,80,80,80,80,80,80,80,80,80,80,80,80,80,80,80,80,80,80,80],"card_choices":[{"not_picked":["Guardian:PolyBeam","Guardian:TemporalShield"],"picked":"Guardian:Harden","floor":0},{"not_picked":["Guardian:WalkerClaw","Guardian:ShieldCharger","Guardian:CrystalBeam"],"picked":"SKIP","floor":4},{"not_picked":["Guardian:Suspension","Guardian:PiercingHide"],"picked":"Guardian:Harden","floor":6},{"not_picked":["Guardian:Repulse","Guardian:PrismaticBarrier"],"picked":"Guardian:Gem_Red","floor":8},{"not_picked":["Guardian:Gem_Cyan","Guardian:BronzeArmor"],"picked":"Guardian:Gem_Orange","floor":11},{"not_picked":["Guardian:VentSteam","Guardian:FloatingOrbs"],"picked":"Guardian:Gem_Lightblue","floor":12},{"not_picked":["Guardian:Recover","Guardian:Suspension","Guardian:CrystalBeam"],"picked":"SKIP","floor":13},{"not_picked":["Guardian:Reroute","Guardian:Suspension"],"picked":"Guardian:RollAttack","floor":14},{"not_picked":["Guardian:CrystalBeam","Guardian:WalkerClaw"],"picked":"Guardian:Gem_Synthetic","floor":15},{"not_picked":["Guardian:AncientConstruct","Guardian:Gem_Synthetic"],"picked":"Guardian:ExploitGems","floor":16},{"not_picked":["Guardian:BronzeArmor","Guardian:RollAttack+1"],"picked":"Guardian:Gem_Cyan","floor":19},{"not_picked":["Guardian:Planning","Guardian:TemporalStrike","Guardian:RefractedBeam"],"picked":"SKIP","floor":20},{"not_picked":["Guardian:CrystalBeam","Guardian:MultiBeam"],"picked":"Guardian:Gem_Cyan","floor":23},{"not_picked":["Guardian:Recover+1","Guardian:Reroute"],"picked":"Guardian:Repulse+1","floor":25},{"not_picked":["Guardian:FastForward","Guardian:Suspension"],"picked":"Guardian:Gem_White","floor":27},{"not_picked":["Guardian:RefractedBeam","Guardian:DonusPower","Guardian:Planning"],"picked":"SKIP","floor":28},{"not_picked":["Guardian:Incinerate","Guardian:WalkerClaw"],"picked":"Guardian:Gem_Cyan","floor":30},{"not_picked":["Guardian:RollAttack","Guardian:TemporalStrike+1","Guardian:WalkerClaw"],"picked":"SKIP","floor":31},{"not_picked":["Guardian:WalkerClaw","Guardian:Incinerate"],"picked":"Guardian:RevengeProtocol","floor":32},{"not_picked":["Guardian:RevengeProtocol","Guardian:HyperBeam_Guardian"],"picked":"Guardian:ExploitGems","floor":33},{"not_picked":["Guardian:TemporalStrike","Guardian:Incinerate","Guardian:VentSteam"],"picked":"SKIP","floor":36},{"not_picked":["Guardian:WalkerClaw+1","Guardian:Planning+1"],"picked":"Guardian:Harden+1","floor":37},{"not_picked":["Guardian:Gem_Cyan","Guardian:Reroute+1"],"picked":"Guardian:EvasiveProtocol","floor":42},{"not_picked":["Guardian:TemporalShield","Guardian:PrimingBeam"],"picked":"Guardian:Gem_Orange","floor":44},{"not_picked":["Guardian:WalkerClaw+1","Guardian:Harden","Guardian:Recover+1"],"picked":"SKIP","floor":45},{"not_picked":["Guardian:ChargeCore+1","Guardian:TemporalShield+1","Guardian:BronzeArmor"],"picked":"SKIP","floor":46},{"not_picked":["Guardian:Gem_Cyan","Guardian:ChargeCore+1"],"picked":"Guardian:SpikerProtocol+1","floor":49}],"player_experience":658249,"relics_obtained":[{"floor":7,"key":"White Beast Statue"},{"floor":8,"key":"Blood Vial"},{"floor":20,"key":"Juzu Bracelet"},{"floor":22,"key":"Potion Belt"},{"floor":24,"key":"Meat on the Bone"},{"floor":27,"key":"Anchor"},{"floor":41,"key":"Bottled Tornado"},{"floor":44,"key":"Letter Opener"},{"floor":47,"key":"Bag of Marbles"}],"event_choices":[{"damage_healed":0,"gold_gain":0,"player_choice":"Ignored","damage_taken":0,"max_hp_gain":0,"max_hp_loss":0,"event_name":"Ghosts","floor":29,"gold_loss":0}],"is_beta":false,"boss_relics":[{"not_picked":["Runic Dome","SlaversCollar"],"picked":"Ectoplasm"},{"not_picked":["Runic Pyramid","Fusion Hammer"],"picked":"Empty Cage"}],"items_purged_floors":[14,46],"is_endless":false,"potions_floor_spawned":[6,8,11,12,13,14,15,16,19,20,23,25,27,28,30,31,32,33,36,37,42,44,45,46,49],"ascension_level":0}}