{"host":"2k96kai96havp3pq","time":1608442226,"event":{"mods":["AchievementEnabler","BaseMod","Colored Map","Colored Powertips","Downfall","Hermit","Minty Spire (QoL Compilation)","Relic Stats","Replay The Spire","StSLib","The Bug Knight","The Cursed","The Hierophant","The Servant 0.9.4"],"gold_per_floor":[110,122,122,134,144,144,219,219,244,255,272,299,347,365,365,463,463,476,476,476,494,216,216,216],"floor_reached":23,"playtime":1787,"items_purged":[],"score":247,"play_id":"56e2de64-7936-44f4-b898-b877ea652709","local_time":"20201219233026","is_ascension_mode":true,"campfire_choices":[{"data":"Echo Form","floor":6,"key":"SMITH"},{"floor":8,"key":"REST"},{"floor":15,"key":"REST"}],"circlet_count":0,"master_deck":["Defend_B+1","Defend_B+1","Defend_B+1","Defend_B+1","Zap+1","Dualcast","Glacier+1","Force Field","Conserve Battery","Echo Form+1","Coolheaded","Redo","Coolheaded","Cold Snap","ReplayRNGCard","Blizzard","Bite","Bite","Bite","Bite","Bite","Beam Cell","Panic Button","Crystallizer"],"relics":["Cracked Core","Bag of Marbles","ReplayTheSpireMod:TigerMarble","Inserter","Chemical X"],"acts_visited":["Exordium","TheCity"],"potions_floor_usage":[11,11,12,18],"damage_taken":[{"damage":4,"enemies":"Jaw Worm","floor":1,"turns":3},{"damage":1,"enemies":"2 Louse","floor":2,"turns":2},{"damage":0,"enemies":"Small Slimes","floor":4,"turns":3},{"damage":9,"enemies":"3 Louse","floor":5,"turns":4},{"damage":8,"enemies":"2 Fungi Beasts","floor":10,"turns":3},{"damage":15,"enemies":"Exordium Wildlife","floor":11,"turns":5},{"damage":21,"enemies":"Lagavulin","floor":12,"turns":6},{"damage":9,"enemies":"3 Louse","floor":14,"turns":4},{"damage":44,"enemies":"Fading Forest","floor":16,"turns":11},{"damage":34,"enemies":"3 Byrds","floor":18,"turns":8},{"damage":15,"enemies":"Shell Parasite","floor":21,"turns":8},{"damage":50,"enemies":"Slavers","floor":23,"turns":3}],"seed_played":"6202102315073500320","potions_obtained":[{"floor":1,"key":"Languid Potion"},{"floor":4,"key":"Block Potion"},{"floor":10,"key":"Flashbang"},{"floor":12,"key":"Swift Potion"},{"floor":14,"key":"Elixir"},{"floor":21,"key":"GamblersBrew"}],"is_trial":false,"path_per_floor":["M","M","?","M","M","R","?","R","T","M","M","E","T","M","R","B",null,"M","?","?","M","$","E"],"character_chosen":"DEFECT","items_purchased":["Chemical X","Panic Button","Crystallizer"],"campfire_rested":2,"item_purchase_floors":[22,22,22],"current_hp_per_floor":[71,70,70,70,61,61,50,72,72,64,49,28,28,21,43,7,75,41,41,41,38,38,0,0],"gold":216,"neow_bonus":"UPGRADE_CARD","is_daily":false,"chose_seed":false,"campfire_upgraded":1,"win_rate":0.0,"timestamp":1608442226,"path_taken":["M","M","?","M","M","R","?","R","T","M","?","E","?","M","R","BOSS","M","?","?","M","$","E"],"items_purchased_type":["Relic","Card","Card"],"build_version":"2020-12-13","purchased_purges":0,"victory":false,"max_hp_per_floor":[75,75,75,75,75,75,75,75,75,75,75,75,75,75,75,75,75,75,75,75,75,75,75,75],"relic_stats":{"Inserter":[9],"counters":[12,60],"Chemical X":[1],"obtain_stats":[{"Blood Vial":13,"Inserter":17,"Bag of Marbles":9,"ReplayTheSpireMod:TigerMarble":12,"Chemical X":22,"Cracked Core":0},{"Blood Vial":7,"Inserter":9,"Bag of Marbles":4,"ReplayTheSpireMod:TigerMarble":7,"Chemical X":11,"Cracked Core":0},{"Blood Vial":26,"Inserter":41,"Bag of Marbles":12,"ReplayTheSpireMod:TigerMarble":26,"Chemical X":57,"Cracked Core":0}]},"card_choices":[{"not_picked":["Reinforced Body","Sweeping Beam"],"picked":"Glacier","floor":1},{"not_picked":["Streamline","Go for the Eyes"],"picked":"Force Field","floor":2},{"not_picked":["FTL","Go for the Eyes"],"picked":"Conserve Battery","floor":4},{"not_picked":["Compile Driver","Hello World"],"picked":"Echo Form","floor":5},{"not_picked":["Streamline","ReplaySort"],"picked":"Coolheaded","floor":10},{"not_picked":["Coolheaded","Turbo"],"picked":"Redo","floor":11},{"not_picked":["Conserve Battery","Streamline"],"picked":"Coolheaded","floor":12},{"not_picked":["Steam","Force Field"],"picked":"Cold Snap","floor":14},{"not_picked":["Amplify","Biased Cognition"],"picked":"ReplayRNGCard","floor":16},{"not_picked":["Leap","BasicCrystalCard"],"picked":"Blizzard","floor":18},{"not_picked":["Redo","Barrage+1"],"picked":"Beam Cell","floor":21}],"player_experience":366850,"relics_obtained":[{"floor":9,"key":"Bag of Marbles"},{"floor":12,"key":"ReplayTheSpireMod:TigerMarble"},{"floor":13,"key":"Blood Vial"}],"event_choices":[{"damage_healed":0,"gold_gain":0,"player_choice":"Grow","damage_taken":0,"max_hp_gain":0,"max_hp_loss":0,"event_name":"Living Wall","floor":3,"gold_loss":0,"cards_upgraded":["Glacier"]},{"damage_healed":0,"gold_gain":75,"player_choice":"Gather Gold","damage_taken":11,"max_hp_gain":0,"max_hp_loss":0,"event_name":"World of Goop","floor":7,"gold_loss":0},{"damage_healed":0,"gold_gain":0,"player_choice":"Became a vampire (Vial)","damage_taken":0,"max_hp_gain":0,"max_hp_loss":0,"event_name":"Vampires","floor":19,"relics_lost":["Blood Vial"],"gold_loss":0,"cards_obtained":["Bite","Bite","Bite","Bite","Bite"]},{"damage_healed":0,"gold_gain":0,"player_choice":"Simplicity","damage_taken":0,"max_hp_gain":0,"max_hp_loss":0,"event_name":"Back to Basics","floor":20,"gold_loss":0,"cards_upgraded":["Defend_B","Defend_B","Defend_B","Defend_B"]}],"is_beta":false,"boss_relics":[{"not_picked":["Runic Dome","ChewingGum"],"picked":"Inserter"}],"items_purged_floors":[],"is_endless":false,"potions_floor_spawned":[1,4,10,12,14,21],"killed_by":"Slavers","ascension_level":3}}