{"host":"uceopoba4zvqsgiy","time":1608488945,"event":{"mods":["Act Like it!","BaseMod","Better Skull","Better Third Choice","Elementarium","GifTheSpireLib","Hermit","Humility","Infinite Spire","Jorbs\u0027s Wanderer Trilogy","Marked Mod","Minty Spire (QoL Compilation)","Potionbrewer","Replay The Spire","Robot Space Explorer","Shade Mod","Spicy Shops","StSLib","Stuff the Spire","The Blue Laboratory","The Cursed","The Dragon Tamer","The Hierophant","The Judge","The Jungle","Wandering Minibosses"],"gold_per_floor":[114,114,126,126,126,159,179,179,179,210,228,259,278,243,243,339,339,355,355,355,372,383,416,427,427,427],"floor_reached":25,"playtime":1857,"items_purged":[],"score":389,"play_id":"4cf8bc5f-317b-4c0d-bd9e-ad2613fb08bd","local_time":"20201221045905","is_ascension_mode":true,"campfire_choices":[{"floor":8,"key":"REST"},{"floor":15,"key":"REST"}],"circlet_count":0,"master_deck":["Strike_B","Strike_B","Strike_B","Strike_B","Defend_B","Defend_B","Defend_B","Defend_B","Zap+1","Dualcast","Doom and Gloom","ReplayTheSpireMod:Calculation Training","Ball Lightning","Gash","ReplayTheSpireMod:Omega Cannon","CurseOfTheBell","Glacier+1","Gash","Tempest","ReplayTheSpireMod:Omega Cannon","ReplayTheSpireMod:Calculation Training+1","Gash+1"],"relics":["Cracked Core","NeowsBlessing","StuffTheSpire:PointBlank","Anchor","Bag of Preparation","Oddly Smooth Stone","StrikeDummy","Art of War","StuffTheSpire:DarkSteelAnvil","Smiling Mask","Calling Bell","Strawberry","Snack Pack","Unceasing Top","Replay:Bottled Steam"],"acts_visited":["Exordium","TheCity"],"potions_floor_usage":[12,12,16,23,25,25],"damage_taken":[{"damage":0,"enemies":"Small Slimes","floor":1,"turns":1},{"damage":0,"enemies":"Jaw Worm","floor":3,"turns":1},{"damage":0,"enemies":"Gremlin Nob","floor":6,"turns":1},{"damage":0,"enemies":"Cultist","floor":7,"turns":2},{"damage":22,"enemies":"3 Sentries","floor":10,"turns":5},{"damage":0,"enemies":"Looter","floor":11,"turns":2},{"damage":5,"enemies":"Replay:BlueRogue","floor":12,"turns":4},{"damage":0,"enemies":"Blue Slaver","floor":13,"turns":2},{"damage":32,"enemies":"Slime Boss","floor":16,"turns":9},{"damage":6,"enemies":"Chosen","floor":18,"turns":4},{"damage":28,"enemies":"Shell Parasite","floor":21,"turns":5},{"damage":0,"enemies":"Cultist and Chosen","floor":22,"turns":4},{"damage":26,"enemies":"Slavers","floor":23,"turns":3},{"damage":1,"enemies":"Snake Plant","floor":24,"turns":3},{"damage":20,"enemies":"Book of Stabbing","floor":25,"turns":2}],"seed_played":"4051470107146252986","potions_obtained":[{"floor":3,"key":"FocusPotion"},{"floor":10,"key":"blueLaboratory:SavagePotion"},{"floor":12,"key":"Explosive Potion"},{"floor":16,"key":"blueLaboratory:BottleOfRum"},{"floor":23,"key":"blueLaboratory:HeartbeatPotion"},{"floor":24,"key":"blueLaboratory:BottleOfRum"}],"is_trial":false,"path_per_floor":["M","?","M","?","?","E","M","R","T","E","M","E","M","?","R","B",null,"M","?","?","M","M","E","M","E"],"character_chosen":"DEFECT","items_purchased":[],"campfire_rested":2,"item_purchase_floors":[],"current_hp_per_floor":[68,68,68,68,19,19,19,41,41,19,19,14,14,32,54,22,69,63,63,63,39,39,17,16,0,0],"gold":427,"neow_bonus":"THREE_ENEMY_KILL","is_daily":false,"chose_seed":false,"campfire_upgraded":0,"win_rate":0.0,"timestamp":1608488945,"path_taken":["M","?","M","?","?","E","M","R","T","E","?","E","M","?","R","BOSS","M","?","?","M","M","E","?","E"],"items_purchased_type":[],"build_version":"2020-12-13","purchased_purges":0,"victory":false,"max_hp_per_floor":[75,75,75,75,75,75,75,75,75,75,75,75,75,75,75,75,82,82,82,82,82,82,82,82,82,82],"card_choices":[{"not_picked":["StuffTheSpire:Coldhearted","Stack","Beam Cell"],"picked":"SKIP","floor":1},{"not_picked":["Hologram","Beam Cell"],"picked":"Doom and Gloom","floor":3},{"not_picked":["BasicCrystalCard","Steam Power","Steam"],"picked":"SKIP","floor":6},{"not_picked":["Conserve Battery","Reboot","StuffTheSpire:CleanHardDrive"],"picked":"SKIP","floor":7},{"not_picked":["Compile Driver","StuffTheSpire:Plugnplay"],"picked":"ReplayTheSpireMod:Calculation Training","floor":10},{"not_picked":["Rebound","Barrage"],"picked":"Ball Lightning","floor":11},{"not_picked":["Turbo","Hyperbeam"],"picked":"Gash","floor":12},{"not_picked":["Fusion","Chaos","Rip and Tear"],"picked":"SKIP","floor":13},{"not_picked":["StuffTheSpire:EventHorizon","StuffTheSpire:Purify"],"picked":"ReplayTheSpireMod:Omega Cannon","floor":16},{"not_picked":["Coolheaded+1","Melter"],"picked":"Glacier+1","floor":18},{"not_picked":["Steam","Genetic Algorithm"],"picked":"Tempest","floor":21},{"not_picked":["Ball Lightning","Streamline"],"picked":"ReplayTheSpireMod:Omega Cannon","floor":22},{"not_picked":["Consume+1","Sweeping Beam+1"],"picked":"ReplayTheSpireMod:Calculation Training+1","floor":23},{"not_picked":["Steam Power+1","StuffTheSpire:CleanHardDrive"],"picked":"Gash+1","floor":24}],"player_experience":1551574,"relics_obtained":[{"floor":2,"key":"StuffTheSpire:PointBlank"},{"floor":6,"key":"StrikeDummy"},{"floor":9,"key":"Art of War"},{"floor":10,"key":"StuffTheSpire:DarkSteelAnvil"},{"floor":12,"key":"Smiling Mask"},{"floor":17,"key":"Strawberry"},{"floor":17,"key":"Snack Pack"},{"floor":17,"key":"Unceasing Top"},{"floor":23,"key":"Replay:Bottled Steam"}],"event_choices":[{"damage_healed":0,"gold_gain":0,"player_choice":"RE RE RE ","damage_taken":55,"relics_obtained":["Anchor","Bag of Preparation","Oddly Smooth Stone"],"max_hp_gain":0,"max_hp_loss":0,"event_name":"betterSkull:BetterSkull","floor":5,"gold_loss":0,"cards_upgraded":[]},{"damage_healed":18,"gold_gain":0,"player_choice":"Healed","damage_taken":0,"max_hp_gain":0,"max_hp_loss":0,"event_name":"The Cleric","floor":14,"gold_loss":35},{"damage_healed":0,"gold_gain":0,"player_choice":"Copied","damage_taken":0,"max_hp_gain":0,"max_hp_loss":0,"event_name":"Duplicator","floor":20,"gold_loss":0,"cards_obtained":["Gash"]}],"is_beta":false,"boss_relics":[{"not_picked":["Replay:Drink Me","Busted Crown"],"picked":"Calling Bell"}],"items_purged_floors":[],"is_endless":false,"potions_floor_spawned":[3,10,12,16,23,24],"killed_by":"Book of Stabbing","ascension_level":9}}