{"host":"hjw1ay65n7jm40lc","time":1608496881,"event":{"mods":["AchievementEnabler","BaseMod","Block Reminder","Colored Map","Colored Powertips","Downfall","Googly Eyes","Highlight Path","Minty Spire (QoL Compilation)","Quick Restart","Relic Stats","StSLib"],"gold_per_floor":[99,133,21,53,228,228,228,228,259,184,184,45,73,173,189,285,285,285,285,319,333,351,276,301,335,173,199,209,68,68,92,108,210,210,210,260,294,314,314,348,348,358,358,390,401,133,133,133,153,153],"floor_reached":51,"playtime":4839,"items_purged":["Doubt"],"score":908,"play_id":"15ba0125-6351-4570-a149-5f4af0da5ace","local_time":"20201220154121","is_ascension_mode":true,"campfire_choices":[{"data":"Guardian:TwinSlam","floor":1.0,"key":"SMITH"},{"data":"Guardian:Orbwalk","floor":6.0,"key":"SMITH"},{"data":"Guardian:Clone","floor":8.0,"key":"SMITH"},{"floor":10.0,"key":"REST"},{"floor":18.0,"key":"RECALL"},{"floor":23.0,"key":"REST"},{"data":"Guardian:CurlUp","floor":35.0,"key":"PURGE"},{"floor":39.0,"key":"REST"},{"floor":43.0,"key":"REST"}],"circlet_count":0,"master_deck":["Guardian:Strike_Guardian+1","Guardian:Strike_Guardian+1","Guardian:Defend_Guardian+1","Guardian:Defend_Guardian+1","Guardian:Defend_Guardian+1","Guardian:Defend_Guardian+1","Guardian:TwinSlam+1","Guardian:BronzeArmor","Guardian:Clone+1","Guardian:Orbwalk+1","Guardian:ChargeCore","Guardian:PrismaticBeam","Guardian:Preprogram+1","Guardian:Planning","Guardian:PrismaticBarrier","Guardian:WalkerClaw","Guardian:BaubleBeam","Guardian:PolyBeam","Guardian:RollAttack","Guardian:RevengeProtocol","Guardian:DonusPower+1","Guardian:Orbwalk","Guardian:Harden","Guardian:GemFinder","Guardian:Emergency+1","Guardian:TimeCapacitor","Guardian:DecasProtection+1","Guardian:Harden","Guardian:Clone","Guardian:TimeCapacitor","Guardian:BaubleBeam","expansioncontent:LastStand"],"relics":["SlaversCollar","Gremlin Horn","Lantern","Pantograph","Boot","downfall:HeartBlessingGreen","Odd Mushroom","Fusion Hammer","Peace Pipe","downfall:HeartBlessingRed","Happy Flower","Art of War","Tiny Chest","Bag of Marbles","Snecko Eye","Girya","Darkstone Periapt","MealTicket","Mummified Hand","PreservedInsect","DollysMirror","War Paint","Ginger"],"acts_visited":["Exordium","TheCity","TheBeyond"],"potions_floor_usage":[50,50],"damage_taken":[{"damage":22.0,"enemies":"Lagavulin","floor":2.0,"turns":9.0},{"damage":0.0,"enemies":"downfall:FleeingMerchant","floor":3.0,"turns":4.0},{"damage":10.0,"enemies":"Gremlin Nob","floor":4.0,"turns":3.0},{"damage":32.0,"enemies":"Lagavulin","floor":9.0,"turns":9.0},{"damage":0.0,"enemies":"downfall:FleeingMerchant","floor":12.0,"turns":4.0},{"damage":14.0,"enemies":"The Mushroom Lair","floor":13.0,"turns":4.0},{"damage":8.0,"enemies":"downfall:Heads","floor":14.0,"turns":5.0},{"damage":0.0,"enemies":"Jaw Worm","floor":15.0,"turns":3.0},{"damage":26.0,"enemies":"downfall:Ironclad","floor":16.0,"turns":7.0},{"damage":6.0,"enemies":"Gremlin Leader","floor":20.0,"turns":5.0},{"damage":6.0,"enemies":"Shell Parasite","floor":21.0,"turns":4.0},{"damage":0.0,"enemies":"Chosen","floor":22.0,"turns":3.0},{"damage":28.0,"enemies":"Slavers","floor":25.0,"turns":4.0},{"damage":0.0,"enemies":"downfall:FleeingMerchant","floor":26.0,"turns":4.0},{"damage":12.0,"enemies":"Gremlin Leader","floor":27.0,"turns":4.0},{"damage":16.0,"enemies":"Snake Plant","floor":28.0,"turns":3.0},{"damage":0.0,"enemies":"downfall:FleeingMerchant","floor":29.0,"turns":4.0},{"damage":4.0,"enemies":"Shelled Parasite and Fungi","floor":32.0,"turns":4.0},{"damage":9.0,"enemies":"downfall:Watcher","floor":33.0,"turns":7.0},{"damage":3.0,"enemies":"Mind Bloom Boss Battle","floor":36.0,"turns":5.0},{"damage":45.0,"enemies":"Reptomancer","floor":37.0,"turns":5.0},{"damage":0.0,"enemies":"3 Shapes","floor":38.0,"turns":5.0},{"damage":41.0,"enemies":"Nemesis","floor":40.0,"turns":7.0},{"damage":1.0,"enemies":"Orb Walker","floor":42.0,"turns":4.0},{"damage":16.0,"enemies":"Giant Head","floor":44.0,"turns":4.0},{"damage":2.0,"enemies":"Writhing Mass","floor":45.0,"turns":4.0},{"damage":0.0,"enemies":"downfall:FleeingMerchant","floor":46.0,"turns":2.0},{"damage":0,"enemies":"4 Shapes","floor":49,"turns":3},{"damage":0,"enemies":"downfall:Defect","floor":50,"turns":5}],"seed_played":"4308275176145855385","potions_obtained":[{"floor":2.0,"key":"DistilledChaos"},{"floor":4.0,"key":"SkillPotion"},{"floor":15.0,"key":"Energy Potion"},{"floor":16.0,"key":"BlessingOfTheForge"},{"floor":21.0,"key":"Explosive Potion"},{"floor":25.0,"key":"Weak Potion"},{"floor":37.0,"key":"AttackPotion"},{"floor":40.0,"key":"LiquidBronze"},{"floor":44.0,"key":"ColorlessPotion"},{"floor":49,"key":"PowerPotion"}],"is_trial":false,"path_per_floor":["R","E","$","E","?","R","T","R","E","R","?","$","?","?","M","B",null,"R","?","E","M","M","R","T","E","$","E","M","$","?","T","M","B",null,"R","?","E","M","R","E","T","M","R","E","M","$","T","?","M","B",null],"character_chosen":"GUARDIAN","items_purchased":["Guardian:Orbwalk","Guardian:ChargeCore","PowerPotion","Guardian:DonusPower","Guardian:Orbwalk","DistilledChaos","BlessingOfTheForge","Guardian:TimeCapacitor","DollysMirror","War Paint","Ginger"],"campfire_rested":4,"item_purchase_floors":[3,3,12,26,26,29,29,46,46,46,46],"current_hp_per_floor":[80,58,58,48,48,48,48,48,16,40,66,66,52,44,44,43,80,80,80,74,68,68,80,80,52,52,40,24,24,24,24,20,36,80,80,77,32,32,56,15,15,14,38,22,20,35,35,35,35,60],"gold":153,"neow_bonus":"BOSS_RELIC","is_daily":false,"chose_seed":false,"campfire_upgraded":3,"win_rate":0.0,"timestamp":1608496881,"path_taken":["R","E","$","E","?","R","T","R","E","R","?","$","?","?","M","BOSS","R","?","E","M","M","R","T","E","$","E","M","$","?","?","M","BOSS","R","?","E","M","R","E","T","M","R","E","M","$","?","?","M","BOSS"],"items_purchased_type":["Card","Card","Potion","Card","Card","Potion","Potion","Card","Relic","Relic","Relic"],"build_version":"2020-12-13","purchased_purges":1,"victory":true,"max_hp_per_floor":[80,80,80,80,80,80,80,80,80,80,80,80,80,80,80,80,80,80,80,80,80,80,80,80,80,80,80,80,80,80,80,80,80,80,80,80,80,80,80,80,80,80,80,80,80,80,80,80,80,80],"relic_stats":{"Darkstone Periapt":0,"Gremlin Horn":[21,21],"Happy Flower":[24],"counters":[29,134],"PreservedInsect":0,"Ginger":[0],"War Paint":["Guardian:DonusPower","Guardian:DecasProtection"],"Boot":[93],"Peace Pipe":1,"Mummified Hand":[76],"Pantograph":75,"Snecko Eye":[75,74,82,85],"Tiny Chest":1,"MealTicket":15,"Art of War":[7],"obtain_stats":[{"Darkstone Periapt":37,"Girya":36,"Lantern":4,"Gremlin Horn":2,"downfall:HeartBlessingRed":23,"Happy Flower":24,"Guardian:ModeShifter":0,"downfall:HeartBlessingGreen":10,"PreservedInsect":44,"Ginger":46,"Odd Mushroom":13,"War Paint":46,"Boot":9,"Peace Pipe":20,"SlaversCollar":0,"Mummified Hand":41,"DollysMirror":46,"Pantograph":7,"Snecko Eye":34,"Tiny Chest":27,"MealTicket":40,"Fusion Hammer":17,"Art of War":25,"Bag of Marbles":31},{"Darkstone Periapt":21,"Girya":20,"Lantern":3,"Gremlin Horn":1,"downfall:HeartBlessingRed":12,"Happy Flower":12,"Guardian:ModeShifter":0,"downfall:HeartBlessingGreen":4,"PreservedInsect":25,"Ginger":27,"Odd Mushroom":6,"War Paint":27,"Boot":4,"Peace Pipe":10,"SlaversCollar":0,"Mummified Hand":23,"DollysMirror":27,"Pantograph":3,"Snecko Eye":19,"Tiny Chest":15,"MealTicket":23,"Fusion Hammer":9,"Art of War":13,"Bag of Marbles":17},{"Darkstone Periapt":100,"Girya":95,"Lantern":16,"Gremlin Horn":9,"downfall:HeartBlessingRed":60,"Happy Flower":60,"Guardian:ModeShifter":0,"downfall:HeartBlessingGreen":25,"PreservedInsect":120,"Ginger":126,"Odd Mushroom":33,"War Paint":126,"Boot":25,"Peace Pipe":53,"SlaversCollar":0,"Mummified Hand":112,"DollysMirror":126,"Pantograph":16,"Snecko Eye":90,"Tiny Chest":72,"MealTicket":112,"Fusion Hammer":48,"Art of War":64,"Bag of Marbles":79}]},"card_choices":[{"not_picked":["Guardian:TemporalStrike","Guardian:PrimingBeam"],"picked":"Guardian:BronzeArmor","floor":2.0},{"not_picked":["Guardian:VentSteam","Guardian:RollAttack"],"picked":"Guardian:Clone","floor":3.0},{"not_picked":["Guardian:Emergency","Guardian:Gem_Red"],"picked":"Guardian:PrismaticBeam","floor":4.0},{"not_picked":["Guardian:ChargeCore","Guardian:Harden","Guardian:TimeBomb"],"picked":"SKIP","floor":9.0},{"not_picked":["Guardian:WalkerClaw","Guardian:ConstructionForm"],"picked":"Guardian:Preprogram","floor":12.0},{"not_picked":["Guardian:PrimingBeam","Guardian:RollAttack"],"picked":"Guardian:Planning","floor":13.0},{"not_picked":["Guardian:MultiBeam","Guardian:Suspension"],"picked":"Guardian:Gem_Crimson","floor":14.0},{"not_picked":["Guardian:Planning","Guardian:RefractedBeam"],"picked":"Guardian:WalkerClaw","floor":15.0},{"not_picked":["Guardian:ConstructionForm","Guardian:FastForward"],"picked":"Guardian:BaubleBeam","floor":16.0},{"not_picked":["Guardian:Planning","Guardian:VentSteam"],"picked":"Guardian:PolyBeam","floor":20.0},{"not_picked":["Guardian:Recover","Guardian:PiercingHide"],"picked":"Guardian:RollAttack","floor":21.0},{"not_picked":["Guardian:WalkerClaw","Guardian:VentSteam+1"],"picked":"Guardian:Gem_Lightblue","floor":22.0},{"not_picked":["Guardian:MultiBeam","Guardian:TemporalShield"],"picked":"Guardian:Gem_White","floor":25.0},{"not_picked":["Guardian:RefractedBeam+1","Guardian:CrystalBeam"],"picked":"Guardian:RevengeProtocol","floor":26.0},{"not_picked":["Guardian:Planning+1","Guardian:PiercingHide"],"picked":"Guardian:Harden","floor":27.0},{"not_picked":["Guardian:PrismaticBeam+1","Guardian:Reroute+1"],"picked":"Guardian:Gem_Green","floor":28.0},{"not_picked":["Guardian:Incinerate","Guardian:ShieldSpikes+1"],"picked":"Guardian:Gem_Lightblue","floor":29.0},{"not_picked":["Guardian:Recover+1","Guardian:ShieldCharger","Guardian:TemporalStrike"],"picked":"SKIP","floor":32.0},{"not_picked":["Guardian:TimeSifter","Guardian:GemFire"],"picked":"Guardian:GemFinder","floor":33.0},{"not_picked":["Guardian:Gem_Green","Guardian:Gem_Lightblue"],"picked":"Guardian:Gem_Cyan","floor":37.0},{"not_picked":["Guardian:Gem_Green","Guardian:Gem_Lightblue"],"picked":"Guardian:Gem_Cyan","floor":37.0},{"not_picked":["Guardian:Gem_Lightblue","Guardian:Preprogram+1"],"picked":"Guardian:Emergency+1","floor":37.0},{"not_picked":["Guardian:Gem_Green","Guardian:Gem_Lightblue"],"picked":"Guardian:Gem_Cyan","floor":38.0},{"not_picked":["Guardian:Gem_Blue","Guardian:FloatingOrbs"],"picked":"Guardian:TimeCapacitor","floor":38.0},{"not_picked":["Guardian:Gem_Lightblue","Guardian:Gem_Green"],"picked":"Guardian:Gem_Cyan","floor":40.0},{"not_picked":["Guardian:Gem_Green","Guardian:Gem_Cyan"],"picked":"Guardian:Gem_Red","floor":40.0},{"not_picked":["Guardian:Recover","Guardian:TimeBomb","Guardian:WalkerClaw+1"],"picked":"SKIP","floor":40.0},{"not_picked":["Guardian:Gem_Green","Guardian:Gem_Lightblue"],"picked":"Guardian:Gem_Red","floor":42.0},{"not_picked":["Guardian:Reroute","Guardian:Gem_Crimson"],"picked":"Guardian:DecasProtection","floor":42.0},{"not_picked":["Guardian:StasisStrike","Guardian:Gem_Red"],"picked":"Guardian:Harden","floor":44.0},{"not_picked":["Guardian:GuardianWhirl+1","Guardian:RollAttack"],"picked":"Guardian:Clone","floor":45.0},{"not_picked":["Guardian:TemporalShield","Guardian:Incinerate","Guardian:Planning"],"picked":"SKIP","floor":46.0},{"not_picked":["expansioncontent:SlimeTackle","expansioncontent:SuperHexaguard"],"picked":"expansioncontent:LastStand","floor":48.0},{"not_picked":["Guardian:VentSteam+1","Guardian:Gem_Yellow","Guardian:CrystalBeam"],"picked":"SKIP","floor":49}],"player_experience":412186,"relics_obtained":[{"floor":2.0,"key":"Gremlin Horn"},{"floor":4.0,"key":"Lantern"},{"floor":7.0,"key":"Pantograph"},{"floor":9.0,"key":"Boot"},{"floor":13.0,"key":"Odd Mushroom"},{"floor":20.0,"key":"Peace Pipe"},{"floor":24.0,"key":"Happy Flower"},{"floor":25.0,"key":"Art of War"},{"floor":27.0,"key":"Tiny Chest"},{"floor":31.0,"key":"Bag of Marbles"},{"floor":36.0,"key":"Girya"},{"floor":37.0,"key":"Darkstone Periapt"},{"floor":40.0,"key":"MealTicket"},{"floor":41.0,"key":"Mummified Hand"},{"floor":44.0,"key":"PreservedInsect"}],"event_choices":[{"damage_healed":26.0,"max_hp_gain":0.0,"max_hp_loss":0.0,"gold_gain":0.0,"event_name":"Big Fish","player_choice":"Banana","floor":11.0,"gold_loss":0.0,"damage_taken":0.0},{"damage_healed":0.0,"max_hp_gain":0.0,"max_hp_loss":0.0,"gold_gain":0.0,"event_name":"Mushrooms","player_choice":"Fought Mushrooms","floor":13.0,"gold_loss":0.0,"damage_taken":0.0},{"damage_healed":0.0,"max_hp_gain":0.0,"max_hp_loss":0.0,"gold_gain":0.0,"event_name":"Back to Basics","player_choice":"Simplicity","floor":19.0,"gold_loss":0.0,"damage_taken":0.0,"cards_upgraded":["Guardian:Strike_Guardian","Guardian:Strike_Guardian","Guardian:Defend_Guardian","Guardian:Defend_Guardian","Guardian:Defend_Guardian","Guardian:Defend_Guardian"]},{"damage_healed":0.0,"max_hp_gain":0.0,"max_hp_loss":0.0,"gold_gain":0.0,"event_name":"Vampires","player_choice":"Ignored","floor":30.0,"gold_loss":0.0,"damage_taken":0.0}],"is_beta":false,"boss_relics":[{"not_picked":["Calling Bell","Velvet Choker"],"picked":"Fusion Hammer"},{"not_picked":["Runic Pyramid","Pandora\u0027s Box"],"picked":"Snecko Eye"}],"items_purged_floors":[12],"is_endless":false,"potions_floor_spawned":[2,4,15,16,21,25,32,37,40,44,49],"ascension_level":2}}