{"host":"Terry","time":1608457411,"event":{"mods":["BaseMod","Downfall","Hubris","Minty Spire (QoL Compilation)","Replay The Spire","StSLib"],"gold_per_floor":[99,116,144,144,154,72,153,153,188,188,207,226,226,242,260,359,359,359,384,384,384],"floor_reached":20,"playtime":1117,"items_purged":[],"score":202,"play_id":"e1bf1f00-7ff2-4c47-af75-f42db608df1a","local_time":"20201220044331","is_ascension_mode":false,"campfire_choices":[{"data":"champ:Taunt","floor":1,"key":"SMITH"},{"data":"champ:FocusedGladiator","floor":8,"key":"SMITH"},{"data":"champ:Improvising","floor":10,"key":"SMITH"},{"data":"champ:StanceDance","floor":18,"key":"SMITH"}],"circlet_count":0,"master_deck":["champ:Strike","champ:Strike","champ:Strike","champ:Strike","champ:Defend","champ:Defend","champ:Defend","champ:Defend","champ:Execute","champ:Taunt+1","champ:CrookedStrike","champ:FanOfKnives","champ:GladiatorsShout","champ:CrownThrow","champ:FocusedGladiator+1","champ:Improvising+1","champ:FaceSlap","champ:StanceDance+1","champ:BladeFlurry","champ:HoldFirm","Pot Of Greed","Pot Of Greed","champ:BladeFlurry+1"],"relics":["champ:ChampionCrown","Bag of Preparation","Replay:Wax Seal","Onion Ring","Orichalcum","hubris:TerracottaHorce","Grinning Jar"],"acts_visited":["Exordium","TheCity"],"potions_floor_usage":[19],"damage_taken":[{"damage":12,"enemies":"Cultist","floor":2,"turns":4},{"damage":38,"enemies":"Lagavulin","floor":3,"turns":8},{"damage":8,"enemies":"Small Slimes","floor":5,"turns":4},{"damage":8,"enemies":"downfall:FleeingMerchant","floor":6,"turns":4},{"damage":13,"enemies":"Gremlin Nob","floor":9,"turns":3},{"damage":0,"enemies":"2 Louse","floor":11,"turns":2},{"damage":0,"enemies":"2 Fungi Beasts","floor":12,"turns":1},{"damage":9,"enemies":"Blue Slaver","floor":14,"turns":3},{"damage":0,"enemies":"3 Louse","floor":15,"turns":1},{"damage":15,"enemies":"downfall:Defect","floor":16,"turns":4},{"damage":67,"enemies":"Book of Stabbing","floor":19,"turns":6},{"damage":24,"enemies":"Shell Parasite","floor":20,"turns":6}],"seed_played":"-9092752736924371923","potions_obtained":[{"floor":9,"key":"Venom Potion"},{"floor":11,"key":"Toxic Potion"},{"floor":12,"key":"DuplicationPotion"},{"floor":16,"key":"Strength Potion"}],"is_trial":false,"path_per_floor":["R","M","E","?","M","$","T","R","E","R","M","M","?","M","M","B",null,"R","E","M"],"character_chosen":"THE_CHAMP","items_purchased":["champ:FocusedGladiator"],"campfire_rested":0,"item_purchase_floors":[6],"current_hp_per_floor":[99,97,74,71,71,71,71,71,63,63,63,63,63,54,54,44,85,85,23,0,0],"gold":384,"neow_bonus":"TEN_PERCENT_HP_BONUS","is_daily":false,"chose_seed":false,"campfire_upgraded":4,"win_rate":0.0,"timestamp":1608457411,"path_taken":["R","M","E","?","M","$","T","R","E","R","M","M","?","?","M","BOSS","R","E","M"],"items_purchased_type":["Card"],"build_version":"2020-12-18","purchased_purges":0,"victory":false,"max_hp_per_floor":[99,99,99,99,99,99,99,99,99,99,99,99,99,99,99,99,99,99,99,99,99],"card_choices":[{"not_picked":["champ:BerserkersShout","champ:EndlessRage"],"picked":"champ:CrookedStrike","floor":2},{"not_picked":["champ:BringItOn","champ:HeartStrike"],"picked":"champ:FanOfKnives","floor":3},{"not_picked":["champ:DefensiveStyle","champ:BerserkersShout"],"picked":"champ:GladiatorsShout","floor":5},{"not_picked":["champ:Backstep","champ:BerserkersShout"],"picked":"champ:CrownThrow","floor":6},{"not_picked":["champ:FightOn","champ:PreciseThrust"],"picked":"champ:Improvising","floor":9},{"not_picked":["champ:CrookedStrike","champ:FlashCut","champ:FocusedGladiator"],"picked":"SKIP","floor":11},{"not_picked":["champ:TornadoPunch","champ:Encircle"],"picked":"champ:FaceSlap","floor":12},{"not_picked":["champ:PerfectedStrike","champ:SwordThrow"],"picked":"champ:StanceDance","floor":14},{"not_picked":["champ:Backstep","champ:GladiatorsShout"],"picked":"champ:BladeFlurry","floor":15},{"not_picked":["champ:Improvising","champ:StrikeOfGenius"],"picked":"champ:HoldFirm","floor":16},{"not_picked":["champ:Haymaker","champ:FaceSlap+1"],"picked":"champ:BladeFlurry+1","floor":19}],"player_experience":557243,"relics_obtained":[{"floor":3,"key":"Bag of Preparation"},{"floor":7,"key":"Onion Ring"},{"floor":9,"key":"Orichalcum"},{"floor":19,"key":"Grinning Jar"}],"event_choices":[{"damage_healed":0,"gold_gain":0,"player_choice":"Success","damage_taken":3,"relics_obtained":["Replay:Wax Seal"],"max_hp_gain":0,"max_hp_loss":0,"event_name":"Scrap Ooze","floor":4,"gold_loss":0},{"damage_healed":0,"gold_gain":0,"player_choice":"Ignored","damage_taken":0,"max_hp_gain":0,"max_hp_loss":0,"event_name":"NoteForYourself","floor":13,"gold_loss":0}],"is_beta":true,"boss_relics":[{"not_picked":["hubris:CrackedHourglass","Replay:Bronze Core"],"picked":"hubris:TerracottaHorce"}],"items_purged_floors":[],"is_endless":false,"potions_floor_spawned":[9,11,12,16],"killed_by":"Shell Parasite","ascension_level":0}}