{"host":"7krnriczr1b2ou5r","time":1608425613,"event":{"mods":["BaseMod","Keyboard Shortcuts","Minty Spire (QoL Compilation)","Relic Stats","StSLib","The Dragon Tamer","The Poker Player"],"gold_per_floor":[117,131,131,36,36,77,77,113,113,151,251,286,310,21,21,151,151,171,184,209,21,41,80,80,115,142,163,204,204,222,255,255,374,374,387,402,411,30,30,70,70,109,109,132,132,176,197,222,222,222,222,222,681,714,714],"floor_reached":56,"playtime":2698,"items_purged":["DTMod:Strike","DTMod:TargetDefense"],"score":2836,"play_id":"87237e7d-ab7c-4171-85d6-6410c0e8dda5","local_time":"20201220095333","is_ascension_mode":true,"metric_token":479,"campfire_choices":[{"floor":7.0,"key":"RECALL"},{"data":"DTMod:EchoTactic","floor":15.0,"key":"SMITH"},{"data":"DTMod:EchoTactic","floor":24.0,"key":"SMITH"},{"data":"DTMod:Shift","floor":32.0,"key":"SMITH"},{"data":"DTMod:Threaten","floor":41.0,"key":"SMITH"},{"data":"DTMod:DoubleHit","floor":45.0,"key":"SMITH"},{"data":"DTMod:TargetDefense","floor":49,"key":"SMITH"},{"data":"DTMod:TargetDefense","floor":52,"key":"SMITH"}],"dtmod_dragon_data":[58,58,3,0,7,0],"circlet_count":2,"master_deck":["AscendersBane","DTMod:Strike","DTMod:DoubleHit+1","DTMod:TargetDefense+1","DTMod:TargetDefense+1","DTMod:SwitchingTactic+1","DTMod:HeatWave+1","DTMod:TagTeam+1","DTMod:LightShield+1","DTMod:Multitask+1","DTMod:CrossStep+1","DTMod:TriAttack+1","DTMod:Training+1","DTMod:Harmonize+1","DTMod:MagiciansMark+1","DTMod:RunningTactic+1","DTMod:EchoTactic+1","DTMod:EchoTactic+1","DTMod:Threaten+1","DTMod:Shift+1","DTMod:ComboAttack+1","DTMod:HeadStart+1"],"relics":["DTMod:PactStone","The Courier","Membership Card","Bag of Preparation","Black Star","Bottled Tornado","DTMod:SwitchButton","Mummified Hand","Nunchaku","Bronze Scales","PreservedInsect","Potion Belt","Oddly Smooth Stone","Pear","Anchor","FossilizedHelix","DTMod:DragonFood","White Beast Statue","Pen Nib","Pantograph","Bag of Preparation","Golden Idol","Molten Egg 2","Unceasing Top","Blood Vial","Meat on the Bone","Darkstone Periapt","DTMod:BasicTextbook","Vajra","Bag of Marbles","Bottled Lightning","OrangePellets","InkBottle","Letter Opener","Omamori","Eternal Feather","Art of War","Question Card","Sundial","Kunai","Philosopher\u0027s Stone","Tiny Chest","DTMod:TacticalNote","HandDrill","DTMod:SolidMemories","Centennial Puzzle","StoneCalendar","Bottled Tornado","CeramicFish","Strawberry","Toy Ornithopter","Calling Bell","Lantern","Shuriken","Torii","Ornamental Fan","Juzu Bracelet","Boot","Ancient Tea Set","Toxic Egg 2","Singing Bowl","DTMod:AncientBone","StrikeDummy","Mummified Hand","HornCleat","Gremlin Horn","Calipers","Lee\u0027s Waffle","Thread and Needle","TungstenRod","Mango","Incense Burner","Ice Cream","Ginger","CaptainsWheel","Bird Faced Urn","DTMod:BindingString","Du-Vu Doll","Pocketwatch","Lizard Tail","Circlet"],"acts_visited":["TheCity","TheBeyond","TheEnding"],"potions_floor_usage":[55,55,55,55,55],"damage_taken":[{"damage":0.0,"enemies":"2 Louse","floor":1.0,"turns":1.0},{"damage":0.0,"enemies":"Small Slimes","floor":2.0,"turns":2.0},{"damage":0.0,"enemies":"Gremlin Nob","floor":6.0,"turns":2.0},{"damage":0.0,"enemies":"3 Sentries","floor":8.0,"turns":4.0},{"damage":0.0,"enemies":"Lagavulin","floor":10.0,"turns":3.0},{"damage":0.0,"enemies":"Gremlin Nob","floor":12.0,"turns":1.0},{"damage":0.0,"enemies":"Cultist","floor":13.0,"turns":2.0},{"damage":0.0,"enemies":"The Guardian","floor":16.0,"turns":3.0},{"damage":0.0,"enemies":"Shell Parasite","floor":18.0,"turns":2.0},{"damage":0.0,"enemies":"3 Byrds","floor":19.0,"turns":2.0},{"damage":0.0,"enemies":"Centurion and Healer","floor":22.0,"turns":1.0},{"damage":0.0,"enemies":"Gremlin Leader","floor":23.0,"turns":2.0},{"damage":0.0,"enemies":"Slavers","floor":25.0,"turns":1.0},{"damage":0.0,"enemies":"3 Cultists","floor":27.0,"turns":1.0},{"damage":0.0,"enemies":"Book of Stabbing","floor":28.0,"turns":1.0},{"damage":0.0,"enemies":"Snake Plant","floor":30.0,"turns":1.0},{"damage":0.0,"enemies":"Snecko","floor":31.0,"turns":1.0},{"damage":0.0,"enemies":"Collector","floor":33.0,"turns":1.0},{"damage":0.0,"enemies":"Orb Walker","floor":35.0,"turns":2.0},{"damage":0.0,"enemies":"3 Shapes","floor":36.0,"turns":1.0},{"damage":0.0,"enemies":"Reptomancer","floor":40.0,"turns":1.0},{"damage":0.0,"enemies":"Nemesis","floor":42.0,"turns":1.0},{"damage":0.0,"enemies":"Transient","floor":44.0,"turns":2.0},{"damage":0.0,"enemies":"Reptomancer","floor":46.0,"turns":1.0},{"damage":0,"enemies":"4 Shapes","floor":47,"turns":1},{"damage":0,"enemies":"3 Darklings","floor":48,"turns":1},{"damage":0,"enemies":"Awakened One","floor":50,"turns":3},{"damage":0,"enemies":"Shield and Spear","floor":54,"turns":2},{"damage":0,"enemies":"The Heart","floor":55,"turns":3}],"seed_played":"1409138897757574990","potions_obtained":[{"floor":1.0,"key":"ColorlessPotion"},{"floor":2.0,"key":"Explosive Potion"},{"floor":6.0,"key":"PowerPotion"},{"floor":10.0,"key":"BlessingOfTheForge"},{"floor":12.0,"key":"ColorlessPotion"},{"floor":18.0,"key":"DistilledChaos"},{"floor":28.0,"key":"EntropicBrew"},{"floor":48,"key":"Strength Potion"}],"is_trial":false,"path_per_floor":["M","M","?","$","?","E","R","E","T","E","?","E","M","$","R","B",null,"M","M","T","$","M","E","R","E","T","M","E","?","M","M","R","B",null,"M","M","?","$","T","E","R","E","T","M","R","E","M","M","R","B",null,"R","$","E","B",null],"character_chosen":"THE_DT","items_purchased":["DTMod:EchoTactic","Nunchaku","Bronze Scales","PreservedInsect","Potion Belt","Oddly Smooth Stone","Pear","Anchor","FossilizedHelix","DTMod:DragonFood","White Beast Statue","Pen Nib","Pantograph","Bag of Preparation","OrangePellets","InkBottle","Letter Opener","Omamori","Eternal Feather","Art of War","Question Card","Sundial","Kunai","DTMod:TacticalNote","HandDrill","DTMod:Threaten","Ornamental Fan","Juzu Bracelet","Boot","Ancient Tea Set","Toxic Egg 2","Lee\u0027s Waffle","Thread and Needle","TungstenRod","Mango","Incense Burner","Ice Cream","Ginger","CaptainsWheel","Bird Faced Urn","DTMod:BindingString","Du-Vu Doll","Pocketwatch","Lizard Tail"],"campfire_rested":0,"item_purchase_floors":[4,4,4,4,4,4,4,4,4,4,4,4,4,4,14,14,14,14,14,14,14,14,14,21,21,21,38,38,38,38,38,53,53,53,53,53,53,53,53,53,53,53,53,53],"current_hp_per_floor":[41,41,41,51,38,38,38,38,38,40,40,42,44,44,55,55,55,55,55,55,55,55,55,55,55,55,55,62,62,62,62,62,62,62,62,62,62,62,62,62,62,64,64,66,66,68,70,72,72,72,72,72,93,95,95],"gold":714,"neow_bonus":"UPGRADE_CARD","is_daily":false,"chose_seed":false,"campfire_upgraded":7,"win_rate":0.0,"timestamp":1608425613,"path_taken":["M","M","?","$","?","E","R","E","T","E","?","E","M","$","R","BOSS","M","M","?","$","M","E","R","E","T","M","E","?","M","?","R","BOSS","M","M","?","$","?","E","R","E","T","M","R","E","M","M","R","BOSS","R","$","E","BOSS"],"items_purchased_type":["Card","Relic","Relic","Relic","Relic","Relic","Relic","Relic","Relic","Relic","Relic","Relic","Relic","Relic","Relic","Relic","Relic","Relic","Relic","Relic","Relic","Relic","Relic","Relic","Relic","Card","Relic","Relic","Relic","Relic","Relic","Relic","Relic","Relic","Relic","Relic","Relic","Relic","Relic","Relic","Relic","Relic","Relic","Relic"],"build_version":"2020-12-13","purchased_purges":2,"victory":true,"max_hp_per_floor":[45,45,45,55,55,55,55,55,55,55,55,55,55,55,55,55,55,55,55,55,55,55,55,55,55,55,55,62,62,62,62,62,62,62,62,62,62,62,62,62,62,64,64,66,66,68,70,72,72,72,72,72,93,95,95],"relic_stats":{"Darkstone Periapt":0,"Torii":0,"Singing Bowl":12,"Gremlin Horn":[4,6],"CeramicFish":27,"StoneCalendar":[0],"Bag of Preparation":[104],"Juzu Bracelet":0,"Ginger":[2],"Boot":[0],"Blood Vial":6,"Nunchaku":[17],"Centennial Puzzle":[0],"Lizard Tail":0,"Mummified Hand":[139],"Sundial":[16],"Pantograph":0,"Tiny Chest":1,"HandDrill":[8],"Kunai":[37],"InkBottle":[42],"Lee\u0027s Waffle":7,"counters":[29,49],"Golden Idol":233,"Eternal Feather":11,"PreservedInsect":493,"Pen Nib":[17],"Letter Opener":[456],"Question Card":21,"OrangePellets":[0],"Shuriken":[23],"Ornamental Fan":[84],"Bronze Scales":[27],"Bird Faced Urn":[0],"Black Star":11,"Art of War":[0],"obtain_stats":[{"Ice Cream":53,"Calipers":46,"Gremlin Horn":46,"CeramicFish":26,"Vajra":12,"Ginger":53,"Bottled Tornado":0,"Boot":38,"Blood Vial":8,"Centennial Puzzle":23,"Lizard Tail":53,"DTMod:TacticalNote":21,"HornCleat":43,"Sundial":14,"Strawberry":28,"Philosopher\u0027s Stone":17,"HandDrill":21,"DTMod:BindingString":53,"Kunai":14,"Toxic Egg 2":38,"Pear":4,"Oddly Smooth Stone":4,"Eternal Feather":14,"Pen Nib":4,"Letter Opener":14,"Question Card":14,"Du-Vu Doll":53,"OrangePellets":14,"Shuriken":34,"Bronze Scales":4,"Bird Faced Urn":53,"Molten Egg 2":6,"Black Star":0,"StrikeDummy":42,"Unceasing Top":6,"Meat on the Bone":9,"Pocketwatch":53,"Darkstone Periapt":10,"Lantern":34,"DTMod:SolidMemories":23,"Torii":34,"Singing Bowl":40,"DTMod:AncientBone":40,"StoneCalendar":25,"Mango":53,"Bag of Preparation":0,"Juzu Bracelet":38,"Incense Burner":53,"Ancient Tea Set":38,"Nunchaku":4,"Mummified Hand":1,"Pantograph":4,"DTMod:DragonFood":4,"Tiny Chest":20,"InkBottle":14,"Potion Belt":4,"Lee\u0027s Waffle":53,"Golden Idol":5,"Circlet":54,"Thread and Needle":53,"The Courier":0,"PreservedInsect":4,"Omamori":14,"White Beast Statue":4,"DTMod:SwitchButton":1,"Calling Bell":34,"Anchor":4,"CaptainsWheel":53,"DTMod:PactStone":0,"Ornamental Fan":38,"DTMod:BasicTextbook":10,"Bag of Marbles":12,"Art of War":14,"Membership Card":0,"Bottled Lightning":13,"FossilizedHelix":4,"Toy Ornithopter":28,"TungstenRod":53},{"Ice Cream":27,"Calipers":24,"Gremlin Horn":24,"CeramicFish":13,"Vajra":6,"Ginger":27,"Bottled Tornado":0,"Boot":20,"Blood Vial":4,"Centennial Puzzle":12,"Lizard Tail":27,"DTMod:TacticalNote":10,"HornCleat":22,"Sundial":7,"Strawberry":15,"Philosopher\u0027s Stone":8,"HandDrill":10,"DTMod:BindingString":27,"Kunai":7,"Toxic Egg 2":20,"Pear":2,"Oddly Smooth Stone":2,"Eternal Feather":7,"Pen Nib":2,"Letter Opener":7,"Question Card":7,"Du-Vu Doll":27,"OrangePellets":7,"Shuriken":18,"Bronze Scales":2,"Bird Faced Urn":27,"Molten Egg 2":3,"Black Star":0,"StrikeDummy":22,"Unceasing Top":3,"Meat on the Bone":4,"Pocketwatch":27,"Darkstone Periapt":5,"Lantern":18,"DTMod:SolidMemories":12,"Torii":18,"Singing Bowl":21,"DTMod:AncientBone":21,"StoneCalendar":13,"Mango":27,"Bag of Preparation":0,"Juzu Bracelet":20,"Incense Burner":27,"Ancient Tea Set":20,"Nunchaku":2,"Mummified Hand":1,"Pantograph":2,"DTMod:DragonFood":2,"Tiny Chest":10,"InkBottle":7,"Potion Belt":2,"Lee\u0027s Waffle":27,"Golden Idol":2,"Circlet":28,"Thread and Needle":27,"The Courier":0,"PreservedInsect":2,"Omamori":7,"White Beast Statue":2,"DTMod:SwitchButton":1,"Calling Bell":18,"Anchor":2,"CaptainsWheel":27,"DTMod:PactStone":0,"Ornamental Fan":20,"DTMod:BasicTextbook":5,"Bag of Marbles":6,"Art of War":7,"Membership Card":0,"Bottled Lightning":7,"FossilizedHelix":2,"Toy Ornithopter":15,"TungstenRod":27},{"Ice Cream":44,"Calipers":39,"Gremlin Horn":39,"CeramicFish":26,"Vajra":13,"Ginger":44,"Bottled Tornado":0,"Boot":34,"Blood Vial":9,"Centennial Puzzle":25,"Lizard Tail":44,"DTMod:TacticalNote":22,"HornCleat":36,"Sundial":15,"Strawberry":28,"Philosopher\u0027s Stone":18,"HandDrill":22,"DTMod:BindingString":44,"Kunai":15,"Toxic Egg 2":34,"Pear":3,"Oddly Smooth Stone":3,"Eternal Feather":15,"Pen Nib":3,"Letter Opener":15,"Question Card":15,"Du-Vu Doll":44,"OrangePellets":15,"Shuriken":31,"Bronze Scales":3,"Bird Faced Urn":44,"Molten Egg 2":5,"Black Star":0,"StrikeDummy":36,"Unceasing Top":5,"Meat on the Bone":9,"Pocketwatch":44,"Darkstone Periapt":12,"Lantern":31,"DTMod:SolidMemories":25,"Torii":31,"Singing Bowl":35,"DTMod:AncientBone":35,"StoneCalendar":26,"Mango":44,"Bag of Preparation":0,"Juzu Bracelet":34,"Incense Burner":44,"Ancient Tea Set":34,"Nunchaku":3,"Mummified Hand":1,"Pantograph":3,"DTMod:DragonFood":3,"Tiny Chest":22,"InkBottle":15,"Potion Belt":3,"Lee\u0027s Waffle":44,"Golden Idol":3,"Circlet":46,"Thread and Needle":44,"The Courier":0,"PreservedInsect":3,"Omamori":15,"White Beast Statue":3,"DTMod:SwitchButton":1,"Calling Bell":31,"Anchor":3,"CaptainsWheel":44,"DTMod:PactStone":0,"Ornamental Fan":34,"DTMod:BasicTextbook":12,"Bag of Marbles":13,"Art of War":15,"Membership Card":0,"Bottled Lightning":15,"FossilizedHelix":3,"Toy Ornithopter":28,"TungstenRod":44}],"Unceasing Top":[5],"Toy Ornithopter":0,"TungstenRod":0,"Meat on the Bone":0,"Pocketwatch":[0]},"card_choices":[{"not_picked":["DTMod:BuildUp","DTMod:BreakAttack","DTMod:BizarreTactic"],"picked":"SKIP","floor":1.0},{"not_picked":["DTMod:BreakAttack","DTMod:Punisher"],"picked":"DTMod:ComboAttack","floor":2.0},{"not_picked":["DTMod:MasterPlan","DTMod:BreakAttack+1","DTMod:Adaptation"],"picked":"SKIP","floor":6.0},{"not_picked":["DTMod:Astonish+1","DTMod:Punisher+1"],"picked":"DTMod:EchoTactic","floor":8.0},{"not_picked":["DTMod:LastStand","DTMod:Multitask","DTMod:Cover"],"picked":"SKIP","floor":10.0},{"not_picked":["DTMod:TriAttack+1","DTMod:Dissolve","DTMod:DarkBreath+1"],"picked":"SKIP","floor":12.0},{"not_picked":["DTMod:Feint+1","DTMod:ComboAttack+1","DTMod:BlazingStrike+1"],"picked":"SKIP","floor":13.0},{"not_picked":["DTMod:CleansingStrike+1","DTMod:Punisher+1","DTMod:BlazingStrike+1","DTMod:BuildUp+1"],"picked":"SKIP","floor":18.0},{"not_picked":["DTMod:MagicField","DTMod:HeatWave+1","DTMod:Cover+1","DTMod:FlameSlash+1"],"picked":"SKIP","floor":19.0},{"not_picked":["DTMod:ComboAttack+1","DTMod:BizarreTactic","DTMod:FlameSlash+1","DTMod:Hide"],"picked":"SKIP","floor":22.0},{"not_picked":["DTMod:PurifyingFlame+1","DTMod:EchoTactic","DTMod:Feint+1","DTMod:CleansingStrike+1"],"picked":"SKIP","floor":23.0},{"not_picked":["DTMod:FlameSlash+1","DTMod:RecklessFlurry+1","DTMod:Overwhelm+1","DTMod:HeatWave+1"],"picked":"SKIP","floor":25.0},{"not_picked":["DTMod:ComboAttack+1","DTMod:Weaken+1","DTMod:MaximumCharge+1","DTMod:Threaten"],"picked":"SKIP","floor":27.0},{"not_picked":["DTMod:FlameSlash+1","DTMod:Punisher+1","DTMod:Hide","DTMod:MasterPlan"],"picked":"SKIP","floor":28.0},{"not_picked":["DTMod:StarRain+1","DTMod:BreakAttack+1","DTMod:CleansingStrike+1","DTMod:Punisher+1"],"picked":"SKIP","floor":30.0},{"not_picked":["DTMod:ComboAttack+1","DTMod:ExcessFootwork","DTMod:MagicField"],"picked":"DTMod:Shift","floor":31.0},{"not_picked":["DTMod:BalancedStrike+1","DTMod:Hide+1","DTMod:DarkBreath+1","DTMod:RecklessFlurry+1"],"picked":"SKIP","floor":35.0},{"not_picked":["DTMod:BlazingStrike+1","DTMod:BalancedStrike+1","DTMod:Weaken+1","DTMod:PurifyingFlame+1"],"picked":"SKIP","floor":36.0},{"not_picked":["DTMod:Hide+1","DTMod:Punisher+1","DTMod:CleansingStrike+1"],"picked":"DTMod:HeadStart+1","floor":40.0},{"not_picked":["DTMod:BreakAttack+1","DTMod:QuickFly+1","DTMod:Threaten+1","DTMod:InvisibleFlame+1"],"picked":"Singing Bowl","floor":42.0},{"not_picked":["DTMod:Threaten+1","DTMod:Punisher+1","DTMod:LastStand+1","DTMod:BuildUp+1"],"picked":"Singing Bowl","floor":44.0},{"not_picked":["DTMod:ShieldDrain+1","DTMod:HeadStart+1","DTMod:Shift+1","DTMod:Observe+1"],"picked":"Singing Bowl","floor":46.0},{"not_picked":["DTMod:BlazingStrike+1","DTMod:Threaten+1","DTMod:LastStand+1","DTMod:Feint+1"],"picked":"Singing Bowl","floor":47},{"not_picked":["DTMod:Astonish+1","DTMod:Haste+1","DTMod:Overwhelm+1","DTMod:WarmUp"],"picked":"Singing Bowl","floor":48},{"not_picked":["DTMod:BreakAttack+1","DTMod:FlameSlash+1","DTMod:MagicField+1","DTMod:Shift+1"],"picked":"Singing Bowl","floor":54}],"player_experience":1125917,"relics_obtained":[{"floor":6.0,"key":"Molten Egg 2"},{"floor":6.0,"key":"Unceasing Top"},{"floor":8.0,"key":"Blood Vial"},{"floor":9.0,"key":"Meat on the Bone"},{"floor":10.0,"key":"Darkstone Periapt"},{"floor":10.0,"key":"DTMod:BasicTextbook"},{"floor":12.0,"key":"Vajra"},{"floor":12.0,"key":"Bag of Marbles"},{"floor":20.0,"key":"Tiny Chest"},{"floor":23.0,"key":"DTMod:SolidMemories"},{"floor":23.0,"key":"Centennial Puzzle"},{"floor":25.0,"key":"StoneCalendar"},{"floor":25.0,"key":"Bottled Tornado"},{"floor":26.0,"key":"CeramicFish"},{"floor":28.0,"key":"Strawberry"},{"floor":28.0,"key":"Toy Ornithopter"},{"floor":34.0,"key":"Lantern"},{"floor":34.0,"key":"Shuriken"},{"floor":34.0,"key":"Torii"},{"floor":40.0,"key":"Singing Bowl"},{"floor":40.0,"key":"DTMod:AncientBone"},{"floor":42.0,"key":"StrikeDummy"},{"floor":42.0,"key":"Mummified Hand"},{"floor":43.0,"key":"HornCleat"},{"floor":46.0,"key":"Gremlin Horn"},{"floor":46.0,"key":"Calipers"},{"floor":54,"key":"Circlet"},{"floor":54,"key":"Circlet"}],"event_choices":[{"cards_removed":["DTMod:Strike"],"damage_healed":0.0,"max_hp_gain":0.0,"max_hp_loss":0.0,"gold_gain":0.0,"event_name":"Living Wall","player_choice":"Forget","floor":3.0,"gold_loss":0.0,"damage_taken":0.0},{"damage_healed":0.0,"max_hp_gain":0.0,"max_hp_loss":0.0,"gold_gain":0.0,"event_name":"Golden Idol","player_choice":"Take Damage","floor":5.0,"gold_loss":0.0,"damage_taken":13.0,"relics_obtained":["Golden Idol"]},{"damage_healed":0.0,"max_hp_gain":0.0,"max_hp_loss":0.0,"gold_gain":100.0,"event_name":"Golden Shrine","player_choice":"Pray","floor":11.0,"gold_loss":0.0,"damage_taken":0.0},{"damage_healed":0.0,"max_hp_gain":0.0,"max_hp_loss":0.0,"gold_gain":0.0,"event_name":"The Woman in Blue","player_choice":"Bought 0 Potions","floor":29.0,"gold_loss":0.0,"damage_taken":0.0},{"cards_removed":["DTMod:ComboAttack"],"damage_healed":0.0,"max_hp_gain":0.0,"max_hp_loss":0.0,"gold_gain":0.0,"event_name":"Falling","player_choice":"Removed Attack","floor":37.0,"gold_loss":0.0,"damage_taken":0.0}],"is_beta":false,"boss_relics":[{"not_picked":["Snecko Eye","Runic Pyramid"],"picked":"Philosopher\u0027s Stone"},{"not_picked":["Velvet Choker","Pandora\u0027s Box"],"picked":"Calling Bell"}],"items_purged_floors":[4,53],"is_endless":false,"potions_floor_spawned":[1,2,6,10,12,13,16,18,19,22,23,25,27,28,30,31,33,35,36,40,42,44,46,47,48,54],"ascension_level":11}}