{"host":"bvr4vhlu71s3njyz","time":1608490311,"event":{"mods":["2.2 Compatiblity","AchievementEnabler","Act Like it!","Aspiration","Astrologer","Bard","BaseMod","Beaked The Cultist","Better Altar","Better Match","Better Note","Better Sensory Stone","Better Skull","Better Third Choice","CCEM","Conjunction","Downfall","Fiend Mod","Friendly Minions","Gremlin Mod","Hallownest","Hermit","Hubris","Infinite Spire","Jorbs\u0027s Wanderer Trilogy","Mad Scientist","Mimic Mod","Minty Spire (QoL Compilation)","Potionbrewer","Quarter Circle Forward PUNCH!","Replay The Spire","Robot Space Explorer","Shade Mod","Shedinja","Slumbering Mod","StSLib","The Blackbeard","The Bladedancer","The Bug Knight","The Clintock","The Construct","The Cursed","The Dragon Tamer","The Exalted","The Forsaken","The Hayseed","The Hierophant","The Judge","The Mystic","The Necromancer","The Poker Player","The Runesmith","The Sage","The Showman","TheArtist","TheFirefly","TheLocksmith","Trackpad","Wandering Minibosses","thorton","vexMod"],"gold_per_floor":[118,118,293,313,333,360,373,373,396,204,239,256,256,270,270,367,367,353,373,333,353,353,381,381,401,401,434,434,41,41,53,53,152,152,164,179,179,191,209,241,241,260,260,260,260,279,307,113,113,113,113,113,40,65,65,65],"floor_reached":55,"playtime":4820,"items_purged":["Doubt"],"score":654,"play_id":"455f9e7e-92a7-4241-8e7f-12cde395b52a","local_time":"20201220135151","is_ascension_mode":false,"campfire_choices":[{"data":"RobotSpaceExplorer:StarDust","floor":8,"key":"SMITH"},{"floor":15,"key":"REST"},{"floor":24,"key":"REST"},{"floor":32,"key":"REST"},{"floor":41,"key":"RECALL"},{"data":"RobotSpaceExplorer:TrailblazerForm","floor":45,"key":"SMITH"},{"floor":49,"key":"REST"},{"data":"RobotSpaceExplorer:Discharger","floor":52,"key":"SMITH"}],"circlet_count":0,"master_deck":["RobotSpaceExplorer:Strike","RobotSpaceExplorer:Strike","RobotSpaceExplorer:Strike","RobotSpaceExplorer:Strike","RobotSpaceExplorer:Defend","RobotSpaceExplorer:Defend","RobotSpaceExplorer:Defend","RobotSpaceExplorer:Defend","RobotSpaceExplorer:Scan","RobotSpaceExplorer:MiniLasers","MadScienceMod:Strike_MadScience","thefirefly:Defend","RobotSpaceExplorer:GlueShot","RobotSpaceExplorer:StunGrenade+1","RobotSpaceExplorer:StarDust+1","RobotSpaceExplorer:PlasmaMissile","RobotSpaceExplorer:ScrapShield+1","RobotSpaceExplorer:Discharger+1","RobotSpaceExplorer:GearShield","RobotSpaceExplorer:SurgingShield","RobotSpaceExplorer:MiniDrones","RobotSpaceExplorer:TrailblazerForm+1","RobotSpaceExplorer:Smokescreen+1","RobotSpaceExplorer:Electroshield","RobotSpaceExplorer:Counterblock","infinitespire:Collect","RobotSpaceExplorer:ScrapToss","RobotSpaceExplorer:Pulsar+1","RobotSpaceExplorer:MiniBoosters+1","Bandage Up+1","RobotSpaceExplorer:JunkDive","Replay:SS_forest_2+1","RobotSpaceExplorer:BlastShield+1","Flash of Steel+1","RobotSpaceExplorer:StarLightning+1","RobotSpaceExplorer:DoubleBlock","RobotSpaceExplorer:ChargingLaser+1","RobotSpaceExplorer:PowerCollector+1","RobotSpaceExplorer:Fix+1","RobotSpaceExplorer:FreezingShield"],"relics":["RobotSpaceExplorer:RoboCore","infinitespire:ShieldingShard","aspiration:HiddenCompartment","aspiration:BabyByrd","theForsaken:PaleLantern","Bottled Tornado","RobotSpaceExplorer:TurboCore","aspiration:SeaSaltIceCream","Vajra","Kunai","qcfpunch:Army_Boots","CCEMRelics:FestiveHat","Golden Egg","Painkiller Herb","Letter Opener","RobotSpaceExplorer:Reprocessor","infinitespire:Beetle Shell","aspiration:HummingbirdHeart","Blue Doll","aspiration:Nostalgia","locksmith:FreeKey","Lantern"],"acts_visited":["Exordium","TheCity","TheBeyond","TheEnding"],"potions_floor_usage":[16,18,29,50,50,50],"damage_taken":[{"damage":1,"enemies":"Cultist","floor":1,"turns":5},{"damage":4,"enemies":"Jaw Worm","floor":4,"turns":7},{"damage":0,"enemies":"2 Louse","floor":5,"turns":3},{"damage":9,"enemies":"Lagavulin","floor":6,"turns":7},{"damage":4,"enemies":"Large Slime","floor":7,"turns":7},{"damage":34,"enemies":"3 Sentries","floor":11,"turns":7},{"damage":0,"enemies":"2 Fungi Beasts","floor":12,"turns":4},{"damage":3,"enemies":"Blue Slaver","floor":14,"turns":5},{"damage":25,"enemies":"Slime Boss","floor":16,"turns":7},{"damage":16,"enemies":"2 Thieves","floor":18,"turns":4},{"damage":0,"enemies":"Shell Parasite","floor":19,"turns":6},{"damage":37,"enemies":"3 Cultists","floor":21,"turns":7},{"damage":17,"enemies":"Slavers","floor":23,"turns":6},{"damage":0,"enemies":"Cultist and Chosen","floor":25,"turns":5},{"damage":7,"enemies":"Book of Stabbing","floor":27,"turns":5},{"damage":11,"enemies":"Chosen and Byrds","floor":31,"turns":5},{"damage":26,"enemies":"Champ","floor":33,"turns":10},{"damage":33,"enemies":"3 Darklings","floor":35,"turns":6},{"damage":0,"enemies":"Orb Walker","floor":36,"turns":3},{"damage":0,"enemies":"Sphere and 2 Shapes","floor":38,"turns":4},{"damage":14,"enemies":"Jaw Worm Horde","floor":39,"turns":5},{"damage":4,"enemies":"Reptomancer","floor":40,"turns":5},{"damage":0,"enemies":"3 Darklings","floor":42,"turns":5},{"damage":0,"enemies":"4 Shapes","floor":46,"turns":4},{"damage":0,"enemies":"HollowMod:StalkingDevout","floor":47,"turns":7},{"damage":23,"enemies":"Replay:Hell Engine","floor":50,"turns":10},{"damage":24,"enemies":"Shield and Spear","floor":54,"turns":6},{"damage":79,"enemies":"The Heart","floor":55,"turns":8}],"seed_played":"4678727213117501662","potions_obtained":[{"floor":5,"key":"Languid Potion"},{"floor":6,"key":"sagemod:Wine"},{"floor":11,"key":"Death Potion"},{"floor":16,"key":"SteroidPotion"},{"floor":18,"key":"Elixir"},{"floor":21,"key":"Strength Potion"},{"floor":31,"key":"champ:CounterPotion"}],"is_trial":false,"path_per_floor":["M","?","?","M","M","E","M","R","T","$","E","M","?","M","R","B",null,"M","M","?","M","AVR","E","R","M","T","E","?","$","?","M","R","B",null,"?","?","AVR","?","?","E","T","?","T","?","T","?","E","T","T","B",null,"T","T","E","B"],"character_chosen":"RobotSpaceExplorer","items_purchased":["RobotSpaceExplorer:ScrapShield","RobotSpaceExplorer:Discharger","CCEMRelics:FestiveHat","Golden Egg","RobotSpaceExplorer:MiniBoosters","aspiration:Nostalgia","RobotSpaceExplorer:PowerCollector+1","RobotSpaceExplorer:Fix"],"campfire_rested":4,"item_purchase_floors":[10,10,29,29,29,48,48,53],"current_hp_per_floor":[88,88,88,84,84,75,71,71,71,71,37,37,37,34,60,35,89,73,73,73,36,36,19,45,45,45,38,38,38,47,36,62,42,89,56,56,56,56,48,50,50,56,56,56,56,62,68,68,89,66,89,89,89,65,0,0],"gold":65,"neow_bonus":"TWENTY_PERCENT_HP_BONUS","is_daily":false,"chose_seed":false,"campfire_upgraded":3,"win_rate":0.0,"timestamp":1608490311,"path_taken":["M","?","?","M","M","E","?","R","T","$","E","M","?","M","R","BOSS","M","M","?","M","AVR","E","R","M","T","E","?","$","?","M","R","BOSS","?","?","AVR","?","?","E","T","?","T","?","T","?","E","T","T","BOSS","T","T","E","BOSS"],"items_purchased_type":["Card","Card","Relic","Relic","Card","Relic","Card","Card"],"build_version":"2020-12-13","purchased_purges":1,"victory":false,"max_hp_per_floor":[89,89,89,89,89,89,89,89,89,89,89,89,89,89,89,89,89,89,89,89,89,89,89,89,89,89,89,89,89,89,89,89,89,89,89,89,89,89,89,89,89,89,89,89,89,89,89,89,89,89,89,89,89,89,89,89],"card_choices":[{"not_picked":["RobotSpaceExplorer:SurgingStrike","RobotSpaceExplorer:ScrapMissile"],"picked":"RobotSpaceExplorer:GlueShot","floor":1},{"not_picked":["RobotSpaceExplorer:SlimeMissile","RobotSpaceExplorer:MakeshiftVolley"],"picked":"RobotSpaceExplorer:StunGrenade","floor":4},{"not_picked":["RobotSpaceExplorer:PowerGlove","RobotSpaceExplorer:TurboDodge"],"picked":"RobotSpaceExplorer:StarDust","floor":5},{"not_picked":["RobotSpaceExplorer:SlimeMissile","RobotSpaceExplorer:Electroshield"],"picked":"RobotSpaceExplorer:ToxicBomb","floor":6},{"not_picked":["RobotSpaceExplorer:Ammunition","RobotSpaceExplorer:StarDust"],"picked":"RobotSpaceExplorer:PlasmaMissile","floor":7},{"not_picked":["RobotSpaceExplorer:Asteroid","RobotSpaceExplorer:MetalStrike"],"picked":"RobotSpaceExplorer:GearShield","floor":11},{"not_picked":["RobotSpaceExplorer:FranticSearch","RobotSpaceExplorer:DualCore"],"picked":"RobotSpaceExplorer:SurgingShield","floor":12},{"not_picked":["RobotSpaceExplorer:SelfCleaning","RobotSpaceExplorer:StunGrenade"],"picked":"RobotSpaceExplorer:MiniDrones","floor":14},{"not_picked":["RobotSpaceExplorer:HighVoltage","RobotSpaceExplorer:BlastShield"],"picked":"RobotSpaceExplorer:TrailblazerForm","floor":16},{"not_picked":["RobotSpaceExplorer:Ammunition+1","RobotSpaceExplorer:MakeshiftVolley"],"picked":"RobotSpaceExplorer:Smokescreen+1","floor":18},{"not_picked":["RobotSpaceExplorer:SurgingStrike+1","RobotSpaceExplorer:Electropulse"],"picked":"RobotSpaceExplorer:Electroshield","floor":19},{"not_picked":["RobotSpaceExplorer:ImprovisedAttack","RobotSpaceExplorer:Probe"],"picked":"RobotSpaceExplorer:Counterblock","floor":21},{"not_picked":["RobotSpaceExplorer:Blaster","RobotSpaceExplorer:ScrapMissile+1"],"picked":"RobotSpaceExplorer:ScrapToss","floor":23},{"not_picked":["RobotSpaceExplorer:Counterblock","RobotSpaceExplorer:ExhaustFan"],"picked":"RobotSpaceExplorer:Pulsar+1","floor":25},{"not_picked":["RobotSpaceExplorer:ShovelStrike","RobotSpaceExplorer:FrostMissile","RobotSpaceExplorer:Wormhole"],"picked":"SKIP","floor":27},{"not_picked":["Blind+1","Deep Breath+1"],"picked":"Bandage Up+1","floor":31},{"not_picked":["RobotSpaceExplorer:ToxicBomb","RobotSpaceExplorer:Smokescreen"],"picked":"RobotSpaceExplorer:JunkDive","floor":31},{"not_picked":["expansioncontent:Collect+1","expansioncontent:CaCaw+1"],"picked":"Replay:SS_forest_2+1","floor":33},{"not_picked":["RobotSpaceExplorer:Accelerator","RobotSpaceExplorer:Wormhole"],"picked":"RobotSpaceExplorer:BlastShield","floor":33},{"not_picked":["Purity+1","expansioncontent:AwakenDeath+1"],"picked":"Flash of Steel+1","floor":35},{"not_picked":["RobotSpaceExplorer:SurgingShield","RobotSpaceExplorer:ShockKick+1"],"picked":"RobotSpaceExplorer:StarLightning+1","floor":35},{"not_picked":["RobotSpaceExplorer:Ammunition","RobotSpaceExplorer:ShockKick+1","RobotSpaceExplorer:Electroshield"],"picked":"SKIP","floor":36},{"not_picked":["RobotSpaceExplorer:ImprovisedAttack","RobotSpaceExplorer:Probe+1"],"picked":"RobotSpaceExplorer:DoubleBlock","floor":38},{"not_picked":["RobotSpaceExplorer:MetalStrike","RobotSpaceExplorer:Counterblock+1","RobotSpaceExplorer:Probe"],"picked":"SKIP","floor":39},{"not_picked":["RobotSpaceExplorer:StarLightning","RobotSpaceExplorer:GearShield+1"],"picked":"RobotSpaceExplorer:ChargingLaser","floor":40},{"not_picked":["RobotSpaceExplorer:MiniDrones","RobotSpaceExplorer:Ammunition","RobotSpaceExplorer:ShockKick"],"picked":"SKIP","floor":42},{"not_picked":["RobotSpaceExplorer:MiniDrones+1","RobotSpaceExplorer:Discharger+1","RobotSpaceExplorer:BigMissile"],"picked":"SKIP","floor":46},{"not_picked":["RobotSpaceExplorer:ShovelStrike","RobotSpaceExplorer:Ammunition+1","RobotSpaceExplorer:DoubleFind+1"],"picked":"SKIP","floor":47},{"not_picked":["RobotSpaceExplorer:StunGrenade+1","RobotSpaceExplorer:ScrapMissile+1"],"picked":"RobotSpaceExplorer:FreezingShield","floor":54}],"player_experience":1206478,"relics_obtained":[{"floor":6,"key":"infinitespire:ShieldingShard"},{"floor":11,"key":"aspiration:HiddenCompartment"},{"floor":23,"key":"aspiration:SeaSaltIceCream"},{"floor":26,"key":"Kunai"},{"floor":27,"key":"qcfpunch:Army_Boots"},{"floor":40,"key":"infinitespire:Beetle Shell"},{"floor":43,"key":"aspiration:HummingbirdHeart"},{"floor":47,"key":"Blue Doll"},{"floor":54,"key":"Lantern"}],"event_choices":[{"damage_healed":0,"gold_gain":175,"player_choice":"AGREE","damage_taken":118,"max_hp_gain":0,"max_hp_loss":0,"event_name":"betterThird:BetterSerpent","floor":3,"gold_loss":0},{"damage_healed":0,"gold_gain":0,"player_choice":"Upgraded Two","damage_taken":0,"max_hp_gain":0,"max_hp_loss":0,"event_name":"Designer","floor":20,"gold_loss":40,"cards_upgraded":["RobotSpaceExplorer:ScrapShield","RobotSpaceExplorer:StunGrenade"]},{"damage_healed":0,"gold_gain":0,"player_choice":"Ignored","damage_taken":0,"max_hp_gain":0,"max_hp_loss":0,"event_name":"betterNote:BetterNote","floor":28,"gold_loss":0,"cards_obtained":["Iron Wave"]},{"cards_removed":["RobotSpaceExplorer:ToxicBomb"],"damage_healed":0,"gold_gain":0,"player_choice":"Removed Skill","damage_taken":0,"max_hp_gain":0,"max_hp_loss":0,"event_name":"Falling","floor":44,"gold_loss":0}],"is_beta":false,"boss_relics":[{"not_picked":["CCEMRelics:GreenEgg","beaked:SacredDeck"],"picked":"theForsaken:PaleLantern"},{"not_picked":["hubris:HollowSoul","hubris:BlackHole"],"picked":"Painkiller Herb"}],"items_purged_floors":[10],"is_endless":false,"potions_floor_spawned":[5,6,11,16,18,21,25,31,35,39,42,47],"killed_by":"The Heart","ascension_level":0}}