{"host":"e1ezmaebp4k769tb","time":1608432595,"event":{"mods":["2.2 Compatiblity","AchievementEnabler","AlwaysNeverKeys","BaseMod","CapriCore","Card Filter","Colored Powertips","Curses Come First","DeckTracker","Friendly Minions","Hermit","Highlight Path","Keyboard Shortcuts","Minty Spire (QoL Compilation)","Permanent Neow","Quick Restart","Red Circlet Mod","Relic Filter","Replay The Spire","StSLib","WarShipGirlsR/??á´Ò³R mod"],"gold_per_floor":[112,112,132,200,213,245,245,274,328,345,361,361,389,402,402,402,402],"floor_reached":16,"playtime":588,"items_purged":[],"score":228,"play_id":"c06bbaf8-f335-412a-800b-370c5a949ed4","local_time":"20201220114955","is_ascension_mode":true,"campfire_choices":[{"data":"rmod:acesubmarine","floor":7,"key":"SMITH"},{"floor":15,"key":"REST"}],"circlet_count":0,"master_deck":["AscendersBane","rmod:strick","rmod:strick","rmod:strick","rmod:strick","rmod:defend","rmod:defend","rmod:defend","rmod:defend+1","rmod:basicallowance+1","rmod:maingunfire","rmod:unsinkable","rmod:acesubmarine+1","rmod:tearstotiara","rmod:goodfighter","rmod:diamondstrike","rmod:steelsupply","rmod:luckystar","rmod:royalracing"],"relics":["rmod:firstchargereward","Replay:WaspNest","Shuriken","Blood Vial","Gremlin Food","Frozen Egg 2"],"acts_visited":["Exordium"],"potions_floor_usage":[13],"damage_taken":[{"damage":0,"enemies":"Small Slimes","floor":1,"turns":3},{"damage":0,"enemies":"Cultist","floor":3,"turns":5},{"damage":2,"enemies":"Jaw Worm","floor":5,"turns":4},{"damage":25,"enemies":"3 Sentries","floor":6,"turns":8},{"damage":2,"enemies":"Lagavulin","floor":8,"turns":6},{"damage":0,"enemies":"Gremlin Gang","floor":10,"turns":3},{"damage":15,"enemies":"Exordium Wildlife","floor":11,"turns":4},{"damage":0,"enemies":"Gremlin Nob","floor":13,"turns":2},{"damage":14,"enemies":"Red Slaver","floor":14,"turns":2},{"damage":43,"enemies":"Hexaghost","floor":16,"turns":7}],"seed_played":"-3210212052889453211","potions_obtained":[{"floor":6,"key":"Fire Potion"},{"floor":10,"key":"Fire Potion"},{"floor":11,"key":"Explosive Potion"},{"floor":14,"key":"Strength Potion"}],"is_trial":false,"path_per_floor":["M","?","M","T","M","E","R","E","T","M","M","?","E","M","R","B"],"character_chosen":"PRAEFECT","items_purchased":[],"campfire_rested":1,"item_purchase_floors":[],"current_hp_per_floor":[64,64,64,64,62,37,37,35,35,37,24,24,26,14,40,0,0],"gold":402,"neow_bonus":"TWENTY_PERCENT_HP_BONUS","is_daily":false,"chose_seed":false,"campfire_upgraded":1,"win_rate":0.0,"timestamp":1608432595,"path_taken":["M","?","?","?","M","E","R","E","T","M","M","?","E","?","R","BOSS"],"items_purchased_type":[],"build_version":"2020-12-13","purchased_purges":0,"victory":false,"max_hp_per_floor":[89,89,89,89,89,89,89,89,89,89,89,89,89,89,89,89,89],"card_choices":[{"not_picked":["rmod:steelsupply","rmod:supportescort"],"picked":"rmod:unsinkable","floor":1},{"not_picked":["rmod:victimresponsibility","rmod:highspeedshooting","rmod:fuelsupply"],"picked":"SKIP","floor":3},{"not_picked":["rmod:gendarmerie","rmod:highspeedshooting"],"picked":"rmod:acesubmarine","floor":5},{"not_picked":["rmod:circuitoustactics","rmod:capitalist"],"picked":"rmod:tearstotiara","floor":6},{"not_picked":["rmod:victimresponsibility","rmod:aluminumsupply"],"picked":"rmod:goodfighter","floor":8},{"not_picked":["rmod:highspeedshooting","rmod:concentratefire"],"picked":"rmod:diamondstrike","floor":10},{"not_picked":["rmod:victimresponsibility","rmod:wasp"],"picked":"rmod:steelsupply","floor":11},{"not_picked":["rmod:aluminumsupply","rmod:salvage"],"picked":"rmod:luckystar","floor":13},{"not_picked":["rmod:goodfighter","rmod:diamondstrike"],"picked":"rmod:royalracing","floor":14}],"player_experience":118018,"relics_obtained":[{"floor":4,"key":"Replay:WaspNest"},{"floor":6,"key":"Shuriken"},{"floor":8,"key":"Blood Vial"},{"floor":9,"key":"Gremlin Food"},{"floor":13,"key":"Frozen Egg 2"}],"event_choices":[{"damage_healed":0,"gold_gain":0,"player_choice":"Forge","damage_taken":0,"max_hp_gain":0,"max_hp_loss":0,"event_name":"Accursed Blacksmith","floor":2,"gold_loss":0,"cards_upgraded":["rmod:basicallowance"]},{"cards_removed":["rmod:strick"],"damage_healed":0,"gold_gain":0,"player_choice":"Took Card","damage_taken":0,"max_hp_gain":0,"max_hp_loss":0,"event_name":"NoteForYourself","floor":12,"gold_loss":0,"cards_obtained":["rmod:strick"]}],"is_beta":false,"boss_relics":[],"items_purged_floors":[],"is_endless":false,"potions_floor_spawned":[6,10,11,14],"killed_by":"Hexaghost","ascension_level":11}}