{"host":"uv231blk40vjdojr","time":1608483402,"event":{"mods":["BaseMod","Minty Spire (QoL Compilation)","Relic Stats"],"gold_per_floor":[361,318,318,318,318,337,337,351,351,385,45,59,59,6,6,6,6],"floor_reached":16,"playtime":412,"items_purged":[],"score":181,"play_id":"f0e4ec4d-d876-4799-aed7-4b0d2b0d2575","local_time":"20201220175642","is_ascension_mode":true,"campfire_choices":[{"floor":7.0,"key":"REST"},{"floor":13,"key":"REST"},{"data":"Doom and Gloom","floor":15,"key":"SMITH"}],"circlet_count":0,"master_deck":["AscendersBane","Strike_B","Strike_B","Strike_B","Strike_B+1","Defend_B","Defend_B","Defend_B","Defend_B+1","Zap","Dualcast","Undo","Biased Cognition","Tempest","BootSequence","Doom and Gloom+1","Reinforced Body","Cold Snap","Rebound","Sweeping Beam"],"relics":["Cracked Core","Kunai","Dream Catcher","Sling"],"acts_visited":["Exordium"],"potions_floor_usage":[16],"damage_taken":[{"damage":5.0,"enemies":"2 Louse","floor":1.0,"turns":3.0},{"damage":2.0,"enemies":"Small Slimes","floor":6.0,"turns":3.0},{"damage":0.0,"enemies":"Cultist","floor":8.0,"turns":3.0},{"damage":25.0,"enemies":"Gremlin Nob","floor":10.0,"turns":4.0},{"damage":2,"enemies":"Exordium Wildlife","floor":12,"turns":3},{"damage":35,"enemies":"Slime Boss","floor":16,"turns":6}],"seed_played":"620421736657674798","potions_obtained":[{"floor":8.0,"key":"Dexterity Potion"},{"floor":12,"key":"LiquidBronze"}],"is_trial":false,"path_per_floor":["M","?","?","?","?","M","R","M","T","E","$","M","R","$","R","B"],"character_chosen":"DEFECT","items_purchased":["Doom and Gloom","Sling","Reinforced Body","Cold Snap","Fire Potion"],"campfire_rested":2,"item_purchase_floors":[11,11,11,11,14],"current_hp_per_floor":[41,41,20,20,20,18,39,39,39,14,14,12,33,33,33,0,0],"gold":6,"neow_bonus":"TWO_FIFTY_GOLD","is_daily":false,"chose_seed":false,"campfire_upgraded":1,"win_rate":0.0,"timestamp":1608483402,"path_taken":["M","?","?","?","?","M","R","M","T","E","$","M","R","?","R","BOSS"],"items_purchased_type":["Card","Relic","Card","Card","Potion"],"build_version":"2020-12-13","purchased_purges":0,"victory":false,"max_hp_per_floor":[71,71,71,71,71,71,71,71,71,71,71,71,71,71,71,71,71],"relic_stats":{"Dream Catcher":1,"counters":[6,22],"Kunai":[0],"obtain_stats":[{"Dream Catcher":10,"Kunai":9,"Cracked Core":0,"Sling":11},{"Dream Catcher":4,"Kunai":3,"Cracked Core":0,"Sling":4},{"Dream Catcher":13,"Kunai":9,"Cracked Core":0,"Sling":13}]},"card_choices":[{"not_picked":["Leap","Barrage"],"picked":"Undo","floor":1.0},{"not_picked":["Barrage","Ball Lightning"],"picked":"Biased Cognition","floor":6.0},{"not_picked":["Storm","Steam"],"picked":"Tempest","floor":8.0},{"not_picked":["Stack","Coolheaded"],"picked":"BootSequence","floor":10.0},{"not_picked":["Go for the Eyes","Reinforced Body"],"picked":"Rebound","floor":12},{"not_picked":["Redo","Coolheaded"],"picked":"Sweeping Beam","floor":13}],"player_experience":504579,"relics_obtained":[{"floor":9.0,"key":"Kunai"},{"floor":10.0,"key":"Dream Catcher"}],"event_choices":[{"damage_healed":0.0,"max_hp_gain":0.0,"max_hp_loss":0.0,"gold_gain":0.0,"event_name":"World of Goop","player_choice":"Left Gold","floor":2.0,"gold_loss":43.0,"damage_taken":0.0},{"damage_healed":0.0,"max_hp_gain":0.0,"max_hp_loss":0.0,"gold_gain":0.0,"event_name":"Shining Light","player_choice":"Entered Light","floor":3.0,"gold_loss":0.0,"damage_taken":21.0,"cards_upgraded":["Defend_B","Strike_B"]},{"damage_healed":0.0,"max_hp_gain":0.0,"max_hp_loss":0.0,"gold_gain":0.0,"event_name":"Golden Wing","player_choice":"Ignored","floor":4.0,"gold_loss":0.0,"damage_taken":0.0},{"damage_healed":0.0,"max_hp_gain":0.0,"max_hp_loss":0.0,"gold_gain":0.0,"event_name":"Scrap Ooze","player_choice":"Fled","floor":5.0,"gold_loss":0.0,"damage_taken":0.0}],"is_beta":false,"boss_relics":[],"items_purged_floors":[],"is_endless":false,"potions_floor_spawned":[8,12],"killed_by":"Slime Boss","ascension_level":17}}