{"host":"8l1xuphorofpdxlv","time":1608462386,"event":{"mods":["AchievementEnabler","BaseMod","DeckTracker","Minty Spire (QoL Compilation)","Quick Restart","SuperFastMode"],"gold_per_floor":[20,20,33,45,45,45,45,45],"floor_reached":7,"playtime":298,"items_purged":[],"score":47,"play_id":"0bc4bcc2-6b31-4f95-9610-b5a1ce375f10","local_time":"20201220200626","is_ascension_mode":true,"campfire_choices":[{"data":"Dodge and Roll","floor":6,"key":"SMITH"}],"circlet_count":0,"master_deck":["Strike_G","Strike_G","Strike_G","Defend_G","Defend_G","Defend_G","Defend_G","Defend_G","Survivor","Neutralize","Dodge and Roll+1","Crippling Poison","PiercingWail"],"relics":["Ring of the Snake","Du-Vu Doll"],"acts_visited":["Exordium"],"potions_floor_usage":[],"damage_taken":[{"damage":0.0,"enemies":"2 Louse","floor":1.0,"turns":4.0},{"damage":5,"enemies":"Cultist","floor":3,"turns":5},{"damage":6,"enemies":"Jaw Worm","floor":4,"turns":7},{"damage":94,"enemies":"Lagavulin","floor":7,"turns":19}],"seed_played":"9186390059934134145","potions_obtained":[{"floor":4,"key":"FairyPotion"}],"is_trial":false,"path_per_floor":["M","?","M","M","?","R","E"],"character_chosen":"THE_SILENT","items_purchased":[],"campfire_rested":0,"item_purchase_floors":[],"current_hp_per_floor":[70,70,65,59,52,52,0,0],"gold":45,"neow_bonus":"ONE_RARE_RELIC","is_daily":false,"chose_seed":false,"campfire_upgraded":1,"win_rate":0.0,"timestamp":1608462386,"path_taken":["M","?","?","M","?","R","E"],"items_purchased_type":[],"build_version":"2020-12-13","purchased_purges":0,"victory":false,"max_hp_per_floor":[70,70,70,70,70,70,70,70],"card_choices":[{"not_picked":["Quick Slash","Underhanded Strike"],"picked":"Dodge and Roll","floor":1.0},{"not_picked":["Slice","Dagger Throw"],"picked":"PiercingWail","floor":3},{"not_picked":["Bane","Unload","Deflect"],"picked":"SKIP","floor":4}],"player_experience":62260,"relics_obtained":[],"event_choices":[{"damage_healed":0,"gold_gain":0,"cards_transformed":["Strike_G"],"player_choice":"Transformed","damage_taken":0,"max_hp_gain":0,"max_hp_loss":0,"event_name":"Transmorgrifier","floor":2,"gold_loss":0,"cards_obtained":["Crippling Poison"]},{"cards_removed":["Strike_G"],"damage_healed":0,"gold_gain":0,"player_choice":"Card Removal","damage_taken":7,"max_hp_gain":0,"max_hp_loss":0,"event_name":"Golden Wing","floor":5,"gold_loss":0}],"is_beta":false,"boss_relics":[],"items_purged_floors":[],"is_endless":false,"potions_floor_spawned":[4],"killed_by":"Lagavulin","ascension_level":3}}