{"host":"o7j6aatxjwpw1421","time":1608449062,"event":{"mods":["2.2 Compatiblity","BaseMod","Colored Map","DeckTracker","Highlight Path","Keyboard Shortcuts","Minty Spire (QoL Compilation)","Permanent Neow","Quick Restart","StSLib","SuperFastMode","everything is the same but u backflip on backflip"],"gold_per_floor":[12,30,30,47,58,58,73,90,90,123,136,136,162,182,182,277,277,295,295,210,226,151,151,151],"floor_reached":23,"playtime":1028,"items_purged":["Strike_R"],"score":256,"play_id":"b44c646d-e4d2-445b-8593-66cddb01355e","local_time":"20201220162422","is_ascension_mode":true,"campfire_choices":[{"data":"Apotheosis","floor":6,"key":"SMITH"},{"data":"Battle Trance","floor":12,"key":"SMITH"},{"data":"Pommel Strike","floor":15,"key":"SMITH"}],"circlet_count":0,"master_deck":["Strike_R","Strike_R","Strike_R","Defend_R","Defend_R","Defend_R","Defend_R","Bash","Apotheosis+1","Twin Strike","Battle Trance+1","Double Tap","Shrug It Off","Pommel Strike+1","Bludgeon","Ghostly Armor"],"relics":["Black Blood","Sundial","Strawberry","Anchor","Lizard Tail"],"acts_visited":["Exordium","TheCity"],"potions_floor_usage":[10,16,16],"damage_taken":[{"damage":19,"enemies":"Small Slimes","floor":1,"turns":5},{"damage":2,"enemies":"Cultist","floor":2,"turns":4},{"damage":5,"enemies":"2 Louse","floor":4,"turns":3},{"damage":0,"enemies":"Blue Slaver","floor":5,"turns":4},{"damage":2,"enemies":"2 Fungi Beasts","floor":7,"turns":4},{"damage":6,"enemies":"3 Louse","floor":8,"turns":3},{"damage":10,"enemies":"3 Sentries","floor":10,"turns":8},{"damage":4,"enemies":"Looter","floor":11,"turns":3},{"damage":18,"enemies":"Gremlin Nob","floor":13,"turns":4},{"damage":0,"enemies":"2 Fungi Beasts","floor":14,"turns":2},{"damage":38,"enemies":"Hexaghost","floor":16,"turns":7},{"damage":8,"enemies":"3 Byrds","floor":18,"turns":5},{"damage":16,"enemies":"Spheric Guardian","floor":21,"turns":4},{"damage":62,"enemies":"Book of Stabbing","floor":23,"turns":7}],"seed_played":"8078891370697664521","potions_obtained":[{"floor":1,"key":"CultistPotion"},{"floor":2,"key":"PowerPotion"},{"floor":8,"key":"Strength Potion"},{"floor":13,"key":"PowerPotion"},{"floor":21,"key":"FearPotion"}],"is_trial":false,"path_per_floor":["M","M","?","M","M","R","M","M","T","E","M","R","E","M","R","B",null,"M","?","?","M","$","E"],"character_chosen":"IRONCLAD","items_purchased":[],"campfire_rested":0,"item_purchase_floors":[],"current_hp_per_floor":[67,71,71,72,78,78,80,80,80,83,85,85,73,79,79,47,77,81,81,81,77,77,15,15],"gold":151,"neow_bonus":"RANDOM_COLORLESS_2","is_daily":false,"chose_seed":false,"campfire_upgraded":3,"win_rate":0.0,"timestamp":1608449062,"path_taken":["M","M","?","?","?","R","M","M","T","E","M","R","E","M","R","BOSS","M","?","?","M","$","E"],"items_purchased_type":[],"build_version":"2020-12-13","purchased_purges":1,"victory":false,"max_hp_per_floor":[80,80,80,80,80,80,80,80,80,87,87,87,87,87,87,87,87,87,87,87,87,87,87,87],"card_choices":[{"not_picked":["Transmutation","Panache"],"picked":"Apotheosis","floor":0},{"not_picked":["Burning Pact","Fire Breathing","Wild Strike"],"picked":"SKIP","floor":1},{"not_picked":["Rupture","Power Through","Wild Strike"],"picked":"SKIP","floor":2},{"not_picked":["Rampage","Perfected Strike","Anger"],"picked":"SKIP","floor":4},{"not_picked":["Sword Boomerang","Armaments"],"picked":"Twin Strike","floor":5},{"not_picked":["Infernal Blade","Warcry"],"picked":"Battle Trance","floor":7},{"not_picked":["Sentinel","Heavy Blade","Dark Embrace"],"picked":"SKIP","floor":8},{"not_picked":["Second Wind","Rage"],"picked":"Double Tap","floor":10},{"not_picked":["True Grit","Sword Boomerang"],"picked":"Shrug It Off","floor":11},{"not_picked":["Dual Wield","Evolve","True Grit"],"picked":"SKIP","floor":13},{"not_picked":["Cleave","Wild Strike"],"picked":"Pommel Strike","floor":14},{"not_picked":["Offering","Double Tap"],"picked":"Bludgeon","floor":16},{"not_picked":["Headbutt+1","Heavy Blade+1"],"picked":"Ghostly Armor","floor":18},{"not_picked":["Whirlwind","Sword Boomerang","Body Slam"],"picked":"SKIP","floor":21},{"not_picked":["Whirlwind","Sword Boomerang","Body Slam"],"picked":"SKIP","floor":21}],"player_experience":275316,"relics_obtained":[{"floor":9,"key":"Sundial"},{"floor":10,"key":"Strawberry"},{"floor":13,"key":"Anchor"}],"event_choices":[{"cards_removed":["Strike_R"],"damage_healed":0,"gold_gain":0,"player_choice":"Offered Basic","damage_taken":0,"max_hp_gain":0,"max_hp_loss":0,"event_name":"Bonfire Elementals","floor":3,"gold_loss":0},{"damage_healed":0,"gold_gain":0,"player_choice":"Ignored","damage_taken":0,"max_hp_gain":0,"max_hp_loss":0,"event_name":"Vampires","floor":19,"gold_loss":0},{"damage_healed":0,"gold_gain":0,"player_choice":"Obtained Relic","damage_taken":0,"relics_obtained":["Lizard Tail"],"max_hp_gain":0,"max_hp_loss":0,"event_name":"Addict","floor":20,"gold_loss":85}],"is_beta":false,"boss_relics":[{"not_picked":["Empty Cage","Runic Cube"],"picked":"Black Blood"}],"items_purged_floors":[22],"is_endless":false,"potions_floor_spawned":[1,2,8,13,14,21],"killed_by":"Book of Stabbing","ascension_level":5}}