{"host":"812oq20xb22d9b8c","time":1608457432,"event":{"mods":["AchievementEnabler","Aspiration","BaseMod","Beaked The Cultist","Better Altar","Better Match","Better Note","Better Sensory Stone","Better Skull","Better Third Choice","Colored Map","Conspire","Downfall","GifTheSpireLib","Halation","Highlight Path","Hubris","Infinite Spire","Mimic Mod","Minty Spire (QoL Compilation)","Permanent Neow","Replay The Spire","Shop Mod","Spicy Shops","StSLib","Stuff the Spire","The Jungle","Unceasing Turn Reminder","everything is the same but u backflip on backflip"],"gold_per_floor":[99,99,99,131,131,149,203,228,69,69,69],"floor_reached":10,"playtime":682,"items_purged":[],"score":97,"play_id":"ea0a67e7-7d8e-4ba8-aa24-6a11062dcc40","local_time":"20201220204352","is_ascension_mode":false,"campfire_choices":[{"floor":1,"key":"RECALL"}],"circlet_count":0,"master_deck":["beaked:Strike_Y","beaked:Strike_Y","beaked:Strike_Y","beaked:Strike_Y","beaked:Strike_Y","beaked:Defend_Y","beaked:Defend_Y","beaked:Defend_Y","beaked:Defend_Y","beaked:Ceremony","beaked:Ceremony","beaked:Ceremony","beaked:Cower","beaked:Redirect","beaked:Evade","beaked:Hexing","beaked:RitualOfBody"],"relics":["beaked:MendingPlumage","downfall:HeartsMalice","Meat on the Bone","MerchantsRug"],"acts_visited":["Exordium"],"potions_floor_usage":[8],"damage_taken":[{"damage":0,"enemies":"infinitespire:Voidling","floor":2,"turns":1},{"damage":0,"enemies":"conspire:RoseBush","floor":3,"turns":1},{"damage":0,"enemies":"Lagavulin","floor":4,"turns":1},{"damage":21,"enemies":"Small Slimes","floor":6,"turns":7},{"damage":47,"enemies":"3 Sentries","floor":8,"turns":10},{"damage":10,"enemies":"downfall:FleeingMerchant","floor":9,"turns":4},{"damage":54,"enemies":"Gremlin Nob","floor":10,"turns":5}],"seed_played":"5024724372001690023","potions_obtained":[{"floor":6,"key":"Toxic Potion"}],"is_trial":false,"path_per_floor":["R","M","M","E","?","M","T","E","$","E"],"character_chosen":"BEAKED_THE_CULTIST","items_purchased":["MerchantsRug","beaked:RitualOfBody"],"campfire_rested":0,"item_purchase_floors":[9,9],"current_hp_per_floor":[50,50,50,50,50,46,46,36,36,0,0],"gold":69,"neow_bonus":"THREE_ENEMY_KILL","is_daily":false,"chose_seed":false,"campfire_upgraded":0,"win_rate":0.0,"timestamp":1608457432,"path_taken":["R","?","M","E","?","M","T","E","$","E"],"items_purchased_type":["Relic","Card"],"build_version":"2020-12-13","purchased_purges":0,"victory":false,"max_hp_per_floor":[50,50,50,50,50,50,50,50,50,50,50],"card_choices":[{"not_picked":["beaked:SurvivalInstinct","beaked:Resilience","beaked:Negation"],"picked":"SKIP","floor":2},{"not_picked":["beaked:Daydream","beaked:MachineSpirit"],"picked":"beaked:Cower","floor":3},{"not_picked":["beaked:Brainwash","beaked:Brace","beaked:Cower"],"picked":"SKIP","floor":4},{"not_picked":["beaked:Replenish","beaked:TuckingFeathers"],"picked":"beaked:Evade","floor":6},{"not_picked":["beaked:BounceBack","beaked:BloodRitual"],"picked":"beaked:Hexing","floor":8},{"not_picked":["ReplayTheSpireMod:Wings of Steel","beaked:Resilience","beaked:StickSmack"],"picked":"SKIP","floor":9}],"player_experience":43758,"relics_obtained":[{"floor":4,"key":"Meat on the Bone"},{"floor":8,"key":"WingedGreaves"}],"event_choices":[{"damage_healed":0,"gold_gain":0,"cards_transformed":["beaked:Strike_Y"],"player_choice":"Change","damage_taken":0,"max_hp_gain":0,"max_hp_loss":0,"event_name":"Living Wall","floor":5,"gold_loss":0,"cards_obtained":["beaked:Redirect"]}],"is_beta":false,"boss_relics":[],"items_purged_floors":[],"is_endless":false,"potions_floor_spawned":[6],"killed_by":"Gremlin Nob","ascension_level":0}}