{"host":"utqe55yv0jihe4d6","time":1608438336,"event":{"mods":["2.2 Compatiblity","AchievementEnabler","BaseMod","Block Reminder","Colored Map","Colored Powertips","Minty Spire (QoL Compilation)","Quick Restart","Rare Cards Sparkle","Relic Stats","SuperFastMode"],"gold_per_floor":[110,125,135,152,152,152,74,118,145,145,163,203,224,149,149,238,238,259,259,282,282,300,300,300],"floor_reached":23,"playtime":743,"items_purged":[],"score":406,"play_id":"2742dd88-4262-4838-8bf7-b522286fdcf6","local_time":"20201219232536","is_ascension_mode":true,"campfire_choices":[{"data":"Shockwave","floor":6,"key":"SMITH"},{"floor":15,"key":"REST"}],"circlet_count":0,"master_deck":["AscendersBane","Bash","Shockwave+1","Blood for Blood","Evolve","Spot Weakness+1","Dark Embrace","Inflame","Fiend Fire","Inflame","Offering","Barricade","Heavy Blade","Blood for Blood","Feed","Demon Form","Shrug It Off"],"relics":["Snecko Eye","Golden Idol","Juzu Bracelet","Bag of Marbles","Art of War","Pandora\u0027s Box","Bag of Preparation"],"acts_visited":["Exordium","TheCity"],"potions_floor_usage":[12,23],"damage_taken":[{"damage":2,"enemies":"Jaw Worm","floor":1,"turns":2},{"damage":3,"enemies":"2 Louse","floor":2,"turns":4},{"damage":0,"enemies":"Cultist","floor":3,"turns":3},{"damage":18,"enemies":"3 Louse","floor":4,"turns":4},{"damage":15,"enemies":"Lagavulin","floor":8,"turns":5},{"damage":5,"enemies":"Red Slaver","floor":11,"turns":4},{"damage":14,"enemies":"3 Sentries","floor":12,"turns":5},{"damage":0,"enemies":"2 Fungi Beasts","floor":13,"turns":1},{"damage":12,"enemies":"Hexaghost","floor":16,"turns":7},{"damage":6,"enemies":"3 Byrds","floor":18,"turns":2},{"damage":14,"enemies":"2 Thieves","floor":20,"turns":2},{"damage":9,"enemies":"Centurion and Healer","floor":22,"turns":3},{"damage":34,"enemies":"Slavers","floor":23,"turns":1}],"seed_played":"3658531615981219459","potions_obtained":[{"floor":1,"key":"FearPotion"},{"floor":3,"key":"SkillPotion"},{"floor":13,"key":"PowerPotion"},{"floor":18,"key":"AttackPotion"}],"is_trial":false,"path_per_floor":["M","M","M","M","?","R","$","E","T","?","M","E","M","?","R","B",null,"M","?","M","T","M","E"],"character_chosen":"IRONCLAD","items_purchased":["Dark Embrace"],"campfire_rested":1,"item_purchase_floors":[7],"current_hp_per_floor":[66,63,63,45,45,45,45,30,30,30,25,11,11,11,31,19,56,53,53,39,39,33,0,0],"gold":300,"neow_bonus":"BOSS_RELIC","is_daily":false,"chose_seed":false,"campfire_upgraded":1,"win_rate":0.0,"timestamp":1608438336,"path_taken":["M","M","M","M","?","R","$","E","T","?","M","E","M","?","R","BOSS","M","?","M","?","M","E"],"items_purchased_type":["Card"],"build_version":"2020-12-13","purchased_purges":0,"victory":false,"max_hp_per_floor":[75,75,75,75,68,68,68,68,68,68,68,68,68,68,68,68,68,71,71,71,71,74,74,74],"relic_stats":{"counters":[13,43],"Golden Idol":56,"Snecko Eye":[66,88,93,63],"Pandora\u0027s Box":["Inflame","Offering","Barricade","Heavy Blade","Blood for Blood","Reckless Charge","Feed","Demon Form"],"Juzu Bracelet":1,"Art of War":[3],"Bag of Preparation":[4],"obtain_stats":[{"Golden Idol":5,"Snecko Eye":0,"Pandora\u0027s Box":17,"Juzu Bracelet":8,"Bag of Marbles":9,"Art of War":12,"Bag of Preparation":21,"Burning Blood":0},{"Golden Idol":4,"Snecko Eye":0,"Pandora\u0027s Box":9,"Juzu Bracelet":5,"Bag of Marbles":5,"Art of War":7,"Bag of Preparation":11,"Burning Blood":0},{"Golden Idol":13,"Snecko Eye":0,"Pandora\u0027s Box":35,"Juzu Bracelet":18,"Bag of Marbles":18,"Art of War":27,"Bag of Preparation":39,"Burning Blood":0}]},"card_choices":[{"not_picked":["Hemokinesis","Wild Strike"],"picked":"Shockwave","floor":1},{"not_picked":["Warcry","Anger"],"picked":"Blood for Blood","floor":2},{"not_picked":["Flex","Metallicize"],"picked":"Evolve","floor":3},{"not_picked":["Shrug It Off","Heavy Blade"],"picked":"Spot Weakness","floor":4},{"not_picked":["Dropkick","Heavy Blade","Infernal Blade"],"picked":"SKIP","floor":8},{"not_picked":["Fire Breathing","Flex","Dropkick"],"picked":"SKIP","floor":11},{"not_picked":["Sword Boomerang","Brutality","Wild Strike"],"picked":"SKIP","floor":12},{"not_picked":["Sword Boomerang","Reckless Charge"],"picked":"Inflame","floor":13},{"not_picked":["Berserk","Juggernaut"],"picked":"Fiend Fire","floor":16},{"not_picked":["Havoc","Pummel"],"picked":"Shrug It Off","floor":18},{"not_picked":["Body Slam+1","Headbutt","Evolve"],"picked":"SKIP","floor":20},{"not_picked":["Headbutt","Whirlwind","Pummel"],"picked":"SKIP","floor":22}],"player_experience":2812300,"relics_obtained":[{"floor":8,"key":"Juzu Bracelet"},{"floor":9,"key":"Bag of Marbles"},{"floor":12,"key":"Art of War"},{"floor":21,"key":"Bag of Preparation"}],"event_choices":[{"damage_healed":0,"gold_gain":0,"player_choice":"Lose Max HP","damage_taken":0,"relics_obtained":["Golden Idol"],"max_hp_gain":0,"max_hp_loss":7,"event_name":"Golden Idol","floor":5,"gold_loss":0},{"damage_healed":0,"gold_gain":0,"player_choice":"Grow","damage_taken":0,"max_hp_gain":0,"max_hp_loss":0,"event_name":"Living Wall","floor":10,"gold_loss":0,"cards_upgraded":["Spot Weakness"]},{"cards_removed":["Strike_R"],"damage_healed":0,"gold_gain":0,"player_choice":"Card Removal","damage_taken":0,"max_hp_gain":0,"max_hp_loss":0,"event_name":"The Cleric","floor":14,"gold_loss":75},{"cards_removed":["Reckless Charge"],"damage_healed":0,"gold_gain":0,"player_choice":"Elegance","damage_taken":0,"max_hp_gain":0,"max_hp_loss":0,"event_name":"Back to Basics","floor":19,"gold_loss":0}],"is_beta":false,"boss_relics":[{"not_picked":["Tiny House","Velvet Choker"],"picked":"Pandora\u0027s Box"}],"items_purged_floors":[],"is_endless":false,"potions_floor_spawned":[1,3,13,18],"killed_by":"Slavers","ascension_level":20}}