{"host":"f14d6hm2349s9jse","time":1608496641,"event":{"mods":["2.2 Compatiblity","BaseMod","Minty Spire (QoL Compilation)","StSLib","The Marked"],"gold_per_floor":[115,115,125,144,158,158,189,189,189,189,201,201,201,214,214,311,311,328,347,377,396,396,431,431,451,526,538,538,538],"floor_reached":28,"playtime":1353,"items_purged":[],"score":292,"play_id":"5d33c537-0940-404e-b3b1-891b4cb80287","local_time":"20201220153721","is_ascension_mode":false,"campfire_choices":[{"data":"theMarked:StartUp","floor":6,"key":"SMITH"},{"floor":8,"key":"REST"},{"data":"theMarked:SoldierOfQuellstein","floor":12,"key":"SMITH"},{"data":"theMarked:BanishingWave","floor":15,"key":"SMITH"},{"floor":24,"key":"REST"}],"circlet_count":0,"master_deck":["theMarked:SoldierOfQuellstein+1","theMarked:BanishingWave+1","theMarked:LightningStrikesTwice","theMarked:StartUp+1","theMarked:SwordAndMagic","theMarked:DispelDoubt","theMarked:BanishingStrike","theMarked:ThrowWeapon","theMarked:Snap","theMarked:RogueSparks","theMarked:UnarmedFury","theMarked:TunnelVision","theMarked:TwofoldDefense","theMarked:EmpowerWeapon","theMarked:Indomitable","theMarked:StartUp","theMarked:EmpowerWeapon","theMarked:Opportunist","Decay","theMarked:EnhancedHearing","theMarked:WardOff","Normality","theMarked:MagicAdept"],"relics":["Cursed Key","Omamori","Regal Pillow","StrikeDummy","Pandora\u0027s Box","Red Mask","Tiny Chest","Mummified Hand"],"acts_visited":["Exordium","TheCity"],"potions_floor_usage":[7,14,23,23,28],"damage_taken":[{"damage":2,"enemies":"Small Slimes","floor":1,"turns":3},{"damage":0,"enemies":"Cultist","floor":3,"turns":3},{"damage":0,"enemies":"2 Louse","floor":4,"turns":2},{"damage":0,"enemies":"Looter","floor":5,"turns":3},{"damage":23,"enemies":"Lagavulin","floor":7,"turns":6},{"damage":1,"enemies":"3 Louse","floor":11,"turns":3},{"damage":5,"enemies":"Exordium Thugs","floor":14,"turns":3},{"damage":0,"enemies":"Slime Boss","floor":16,"turns":6},{"damage":0,"enemies":"Spheric Guardian","floor":18,"turns":2},{"damage":20,"enemies":"3 Byrds","floor":19,"turns":4},{"damage":10,"enemies":"Masked Bandits","floor":20,"turns":4},{"damage":8,"enemies":"Cultist and Chosen","floor":21,"turns":6},{"damage":25,"enemies":"Book of Stabbing","floor":23,"turns":4},{"damage":19,"enemies":"Centurion and Healer","floor":25,"turns":5},{"damage":21,"enemies":"Snake Plant","floor":27,"turns":4},{"damage":10,"enemies":"Gremlin Leader","floor":28,"turns":5}],"seed_played":"1042832622171072409","potions_obtained":[{"floor":1,"key":"Fire Potion"},{"floor":3,"key":"DistilledChaos"},{"floor":4,"key":"Swift Potion"},{"floor":14,"key":"theMarked:ChargePotion"},{"floor":16,"key":"Swift Potion"},{"floor":23,"key":"FearPotion"}],"is_trial":false,"path_per_floor":["M","?","M","M","M","R","E","R","T","T","M","R","?","M","R","B",null,"M","M","?","M","?","E","R","M","T","M","E"],"character_chosen":"THE_DEFAULT","items_purchased":[],"campfire_rested":2,"item_purchase_floors":[],"current_hp_per_floor":[68,68,68,68,68,68,45,66,66,66,65,65,53,48,48,48,70,70,50,40,32,32,7,43,24,24,3,0,0],"gold":538,"neow_bonus":"BOSS_RELIC","is_daily":false,"chose_seed":false,"campfire_upgraded":3,"win_rate":0.0,"timestamp":1608496641,"path_taken":["M","?","M","?","M","R","E","R","T","?","?","R","?","M","R","BOSS","M","M","?","M","?","E","R","M","T","M","E"],"items_purchased_type":[],"build_version":"2020-12-13","purchased_purges":0,"victory":false,"max_hp_per_floor":[70,70,70,70,70,70,70,70,70,70,70,70,70,70,70,70,70,70,70,70,70,70,70,70,70,70,70,70,70],"card_choices":[{"not_picked":["theMarked:EnhanceMovement","theMarked:Aftermath","theMarked:SwordAndMagic"],"picked":"SKIP","floor":1},{"not_picked":["theMarked:Electrocute","theMarked:MagicAdept"],"picked":"theMarked:BanishingWave","floor":3},{"not_picked":["theMarked:ReduceFriction","theMarked:Improvise"],"picked":"theMarked:LightningStrikesTwice","floor":4},{"not_picked":["theMarked:Polarize","theMarked:TwofoldDefense"],"picked":"theMarked:StartUp","floor":5},{"not_picked":["theMarked:Generate","theMarked:WastefulAttack"],"picked":"theMarked:SwordAndMagic","floor":7},{"not_picked":["theMarked:ElectricStrings","theMarked:Reabsorb","theMarked:PowerFlow"],"picked":"SKIP","floor":11},{"not_picked":["theMarked:EnhanceMovement","theMarked:Frustration","theMarked:Static"],"picked":"SKIP","floor":14},{"not_picked":["theMarked:MuscleMemory","theMarked:TurnInvisible"],"picked":"theMarked:DispelDoubt","floor":16},{"not_picked":["theMarked:Static","theMarked:Frustration"],"picked":"theMarked:Indomitable","floor":18},{"not_picked":["theMarked:Electrocute","theMarked:ElectricStrings"],"picked":"theMarked:StartUp","floor":19},{"not_picked":["theMarked:CreepingChasm","theMarked:MaelstromOfLightning"],"picked":"theMarked:EmpowerWeapon","floor":20},{"not_picked":["theMarked:EmpowerWeapon","theMarked:ReduceFriction"],"picked":"theMarked:Opportunist","floor":21},{"not_picked":["theMarked:SwordAndMagic","theMarked:LightningStrikesTwice"],"picked":"theMarked:EnhancedHearing","floor":23},{"not_picked":["theMarked:RepellingDischarge","theMarked:EnhanceMovement+1"],"picked":"theMarked:WardOff","floor":25},{"not_picked":["theMarked:Improvise","theMarked:Overcharge"],"picked":"theMarked:MagicAdept","floor":27}],"player_experience":2469172,"relics_obtained":[{"floor":7,"key":"Omamori"},{"floor":10,"key":"Regal Pillow"},{"floor":20,"key":"Red Mask"},{"floor":23,"key":"Tiny Chest"},{"floor":26,"key":"Mummified Hand"}],"event_choices":[{"cards_removed":["theMarked:Strike"],"damage_healed":0,"gold_gain":0,"player_choice":"Offered Basic","damage_taken":0,"max_hp_gain":0,"max_hp_loss":0,"event_name":"Bonfire Elementals","floor":2,"gold_loss":0},{"damage_healed":0,"gold_gain":0,"player_choice":"Success","damage_taken":12,"relics_obtained":["StrikeDummy"],"max_hp_gain":0,"max_hp_loss":0,"event_name":"Scrap Ooze","floor":13,"gold_loss":0},{"damage_healed":0,"gold_gain":0,"player_choice":"Fought Bandits","damage_taken":0,"max_hp_gain":0,"max_hp_loss":0,"event_name":"Masked Bandits","floor":20,"gold_loss":0},{"damage_healed":0,"gold_gain":0,"player_choice":"Cursed","damage_taken":0,"max_hp_gain":0,"max_hp_loss":0,"event_name":"Wheel of Change","floor":22,"gold_loss":0,"cards_obtained":["Decay"]}],"is_beta":false,"boss_relics":[{"not_picked":["Sozu","SacredBark"],"picked":"Pandora\u0027s Box"}],"items_purged_floors":[],"is_endless":false,"potions_floor_spawned":[1,3,4,14,16,23],"killed_by":"Gremlin Leader","ascension_level":0}}