{"host":"awdxtfsmljuu2ylb","time":1608436509,"event":{"mods":["AchievementEnabler","BaseMod","Better Third Choice","Downfall","Minty Spire (QoL Compilation)","Replay The Spire","StSLib","The Necromancer"],"gold_per_floor":[119,119,138,138,138,138,168,168,168,226,238,238,248,259,259,359,359,369,387,400,419,419,419],"floor_reached":22,"playtime":933,"items_purged":[],"score":213,"play_id":"f2cf4655-98d7-456c-aaeb-5b09eb8a67aa","local_time":"20201219225509","is_ascension_mode":false,"campfire_choices":[{"data":"Poisoned Stab","floor":6.0,"key":"SMITH"},{"floor":12.0,"key":"REST"},{"data":"A Thousand Cuts","floor":15.0,"key":"SMITH"}],"circlet_count":0,"master_deck":["Strike_G","Strike_G","Strike_G","Strike_G","Strike_G","Defend_G","Defend_G","Defend_G+1","Survivor+1","Neutralize","Poisoned Stab+1","Finisher","Skewer","Slice","A Thousand Cuts+1","Toxin Wave+1","Dagger Throw","Blade Dance","Hidden Blade","Die Die Die","Dagger Spray","Dagger Throw","Caltrops","Blade Dance+1"],"relics":["Ring of the Snake","NeowsBlessing","Ancient Tea Set","Iron Hammer","War Paint","Ring of Chaos"],"acts_visited":[],"potions_floor_usage":[21,22],"damage_taken":[{"damage":0.0,"enemies":"2 Louse","floor":1.0,"turns":1.0},{"damage":0.0,"enemies":"Small Slimes","floor":3.0,"turns":1.0},{"damage":0.0,"enemies":"Replay:BlueRogue","floor":7.0,"turns":1.0},{"damage":0.0,"enemies":"Cultist","floor":11.0,"turns":2.0},{"damage":10.0,"enemies":"Lots of Slimes","floor":13.0,"turns":3.0},{"damage":6.0,"enemies":"3 Louse","floor":14.0,"turns":2.0},{"damage":4.0,"enemies":"Slime Boss","floor":16.0,"turns":5.0},{"damage":2.0,"enemies":"Chosen","floor":18.0,"turns":4.0},{"damage":0.0,"enemies":"Spheric Guardian","floor":19.0,"turns":1.0},{"damage":29.0,"enemies":"Centurion and Healer","floor":20.0,"turns":5.0},{"damage":26,"enemies":"Snecko","floor":21,"turns":5},{"damage":14,"enemies":"Snake Plant","floor":22,"turns":3}],"seed_played":"7773234188848017065","potions_obtained":[{"floor":3.0,"key":"BlessingOfTheForge"},{"floor":7.0,"key":"Milkshake"},{"floor":10.0,"key":"Guardian:BlockOnCardUsePotion"},{"floor":16.0,"key":"Venom Potion"}],"is_trial":false,"path_per_floor":["M","?","M","$","?","R","E","?","T","?","M","R","M","M","R","B",null,"M","M","M","M","M"],"character_chosen":"THE_SILENT","items_purchased":[],"campfire_rested":1,"item_purchase_floors":[],"current_hp_per_floor":[70,70,70,70,70,70,70,63,63,46,46,67,57,51,51,47,70,68,68,39,13,0,0],"gold":419,"neow_bonus":"THREE_ENEMY_KILL","is_daily":false,"chose_seed":false,"campfire_upgraded":2,"win_rate":0.0,"timestamp":1608436509,"path_taken":["M","?","M","$","?","R","E","?","T","?","?","R","M","M","R","BOSS","M","M","?","M","M"],"items_purchased_type":[],"build_version":"2020-12-13","purchased_purges":0,"victory":false,"max_hp_per_floor":[70,70,70,70,70,70,70,70,70,70,70,70,70,70,70,70,70,70,70,70,70,70,70],"card_choices":[{"not_picked":["Deflect","Bane"],"picked":"Poisoned Stab","floor":1.0},{"not_picked":["Choke","ReplayTheSpireMod:The Works"],"picked":"Finisher","floor":3.0},{"not_picked":["Deflect","Endless Agony"],"picked":"Slice","floor":7.0},{"not_picked":["Acrobatics","Deflect"],"picked":"A Thousand Cuts","floor":10.0},{"not_picked":["ReplayTheSpireMod:Exploit Weakness","Deadly Poison"],"picked":"Toxin Wave","floor":10.0},{"not_picked":["Bane","Well Laid Plans"],"picked":"Dagger Throw","floor":11.0},{"not_picked":["Quick Slash","Eviscerate"],"picked":"Blade Dance","floor":13.0},{"not_picked":["Sneak Up","Backflip"],"picked":"Hidden Blade","floor":14.0},{"not_picked":["Malaise","ReplayTheSpireMod:Necrosis"],"picked":"Die Die Die","floor":16.0},{"not_picked":["Hidden Blade","Footwork"],"picked":"Dagger Spray","floor":18.0},{"not_picked":["PiercingWail","Reflex"],"picked":"Dagger Throw","floor":19.0},{"not_picked":["Endless Agony","Dodge and Roll"],"picked":"Caltrops","floor":20},{"not_picked":["Skewer+1","Prepared"],"picked":"Blade Dance+1","floor":21}],"player_experience":72170,"relics_obtained":[{"floor":7.0,"key":"Ancient Tea Set"},{"floor":9.0,"key":"Iron Hammer"},{"floor":10.0,"key":"War Paint"}],"event_choices":[{"damage_healed":0.0,"max_hp_gain":0.0,"max_hp_loss":0.0,"gold_gain":0.0,"cards_transformed":["Defend_G"],"event_name":"Living Wall","player_choice":"Change","floor":5.0,"gold_loss":0.0,"damage_taken":0.0,"cards_obtained":["Skewer"]},{"cards_removed":["Defend_G"],"damage_healed":0.0,"max_hp_gain":0.0,"max_hp_loss":0.0,"gold_gain":0.0,"event_name":"Golden Wing","player_choice":"Card Removal","floor":8.0,"gold_loss":0.0,"damage_taken":7.0}],"is_beta":false,"boss_relics":[{"not_picked":["Empty Cage","Astrolabe"],"picked":"Ring of Chaos"}],"items_purged_floors":[],"is_endless":false,"potions_floor_spawned":[3,7,16,18],"killed_by":"Snake Plant","ascension_level":0}}