{"host":"rolltorest","time":1608508704,"event":{"mods":["BaseMod","Minty Spire (QoL Compilation)","StSLib"],"gold_per_floor":[116,41,16,30,105,136,136,136,136,167,167,180,207,222,222,222,222],"floor_reached":16,"playtime":416,"items_purged":[],"score":286,"play_id":"1ccad294-cf9b-47d8-be81-cad1842a8815","local_time":"20201220155824","is_ascension_mode":true,"campfire_choices":[{"data":"Leg Sweep","floor":8,"key":"SMITH"},{"data":"Catalyst","floor":15,"key":"SMITH"}],"circlet_count":0,"master_deck":["AscendersBane","Survivor","Neutralize","Terror","Noxious Fumes","Footwork","Finisher","Leg Sweep+1","Tactician","Predator+1","Corpse Explosion","Venomology","Dash","Bane","Bane","Decay","Poisoned Stab","Adrenaline","Catalyst+1"],"relics":["Pandora\u0027s Box","Frozen Egg 2","MealTicket","Darkstone Periapt","Regal Pillow"],"acts_visited":["Exordium"],"potions_floor_usage":[12,13,16],"damage_taken":[{"damage":4,"enemies":"Cultist","floor":1,"turns":4},{"damage":9,"enemies":"Small Slimes","floor":4,"turns":3},{"damage":0,"enemies":"Gremlin Nob","floor":6,"turns":3},{"damage":6,"enemies":"Lagavulin","floor":10,"turns":5},{"damage":0,"enemies":"2 Louse","floor":12,"turns":3},{"damage":8,"enemies":"Gremlin Nob","floor":13,"turns":3},{"damage":10,"enemies":"Large Slime","floor":14,"turns":2},{"damage":32,"enemies":"Hexaghost","floor":16,"turns":8}],"seed_played":"-5754641363502891643","potions_obtained":[{"floor":4,"key":"Explosive Potion"},{"floor":14,"key":"Regen Potion"}],"is_trial":false,"path_per_floor":["M","?","$","M","?","E","?","R","T","E","?","M","E","M","R","B"],"character_chosen":"THE_SILENT","items_purchased":["Bane"],"campfire_rested":0,"item_purchase_floors":[3],"current_hp_per_floor":[55,55,55,46,35,35,35,35,35,29,35,35,27,17,17,0,0],"gold":222,"neow_bonus":"BOSS_RELIC","is_daily":false,"chose_seed":false,"campfire_upgraded":2,"win_rate":0.0,"timestamp":1608508704,"path_taken":["M","?","$","M","?","E","?","R","T","E","?","M","E","M","R","BOSS"],"items_purchased_type":["Card"],"build_version":"2020-12-18","purchased_purges":0,"victory":false,"max_hp_per_floor":[66,66,66,66,66,66,66,66,66,66,72,72,72,72,72,72,72],"card_choices":[{"not_picked":["Expertise","Flying Knee"],"picked":"Dash","floor":1},{"not_picked":["Flying Knee","Backflip"],"picked":"Bane","floor":4},{"not_picked":["Skewer","Outmaneuver","Prepared"],"picked":"SKIP","floor":6},{"not_picked":["Skewer","Outmaneuver","Predator"],"picked":"SKIP","floor":10},{"not_picked":["Dagger Throw","Underhanded Strike"],"picked":"Poisoned Stab","floor":12},{"not_picked":["Slice","Storm of Steel"],"picked":"Adrenaline","floor":13},{"not_picked":["Flechettes","Slice"],"picked":"Catalyst","floor":14}],"player_experience":1693195,"relics_obtained":[{"floor":6,"key":"Frozen Egg 2"},{"floor":9,"key":"MealTicket"},{"floor":10,"key":"Darkstone Periapt"},{"floor":13,"key":"Regal Pillow"}],"event_choices":[{"cards_removed":["Accuracy"],"damage_healed":0,"gold_gain":0,"player_choice":"Card Removal","damage_taken":0,"max_hp_gain":0,"max_hp_loss":0,"event_name":"The Cleric","floor":2,"gold_loss":75},{"damage_healed":0,"gold_gain":75,"player_choice":"Gather Gold","damage_taken":11,"max_hp_gain":0,"max_hp_loss":0,"event_name":"World of Goop","floor":5,"gold_loss":0},{"damage_healed":0,"gold_gain":0,"player_choice":"Grow","damage_taken":0,"max_hp_gain":0,"max_hp_loss":0,"event_name":"Living Wall","floor":7,"gold_loss":0,"cards_upgraded":["Predator"]},{"damage_healed":0,"gold_gain":0,"player_choice":"Cursed","damage_taken":0,"max_hp_gain":0,"max_hp_loss":0,"event_name":"Wheel of Change","floor":11,"gold_loss":0,"cards_obtained":["Decay"]}],"is_beta":true,"boss_relics":[],"items_purged_floors":[],"is_endless":false,"potions_floor_spawned":[4,14],"killed_by":"Hexaghost","ascension_level":20}}