{"host":"qgwlv9366poilr0p","time":1608484324,"event":{"mods":["Aspiration","BaseMod","Better Match","Better Note","Colored Powertips","Conspire","Dota2Spire","Friendly Minions","Halation","Hubris","Infinite Spire","JesterMod","Minty Spire (QoL Compilation)","Relic Stats","Replay The Spire","Shop Mod","StSLib","The Blue Laboratory","Wandering Minibosses","vexMod"],"gold_per_floor":[111,111,43,43,58,83,83,83,136,136,153,153,179,192,192,269,269,284,209,224,224,234,234,264,264,318,329,349,382,394,406,418,507,519,548,710,722,734,756,768,768],"floor_reached":40,"playtime":2043,"items_purged":["Strike_R","Defend_R"],"score":756,"play_id":"b5f0cb08-8310-4217-a53e-98a3eb2a369d","local_time":"20201220181204","is_ascension_mode":true,"campfire_choices":[{"data":"True Grit","floor":7,"key":"SMITH"},{"floor":12,"key":"REST"},{"data":"Disarm","floor":15,"key":"SMITH"},{"data":"Whirlwind","floor":23,"key":"SMITH"},{"data":"Spot Weakness","floor":25,"key":"SMITH"},{"data":"Headbutt","floor":30,"key":"SMITH"},{"data":"Inflame","floor":32,"key":"SMITH"}],"circlet_count":0,"master_deck":["AscendersBane","Bash+1","Disarm+1","Battle Trance","True Grit+1","Inflame+1","infinitespire:Starlight","Spot Weakness+1","conspire:Purge","Whirlwind+1","Impervious","Headbutt+1","Limit Break+1"],"relics":["Burning Blood","ReplayTheSpireMod:Spearhead","hubris:ToyBattleship","halation:LettersToHer","Ring of Chaos","ClockworkSouvenir","Snecko Heart","Gremlin Horn","halation:KoshaPiece","MawBank","Velvet Choker","ReplayTheSpireMod:CursedCoin","hubris:Towel"],"acts_visited":["Exordium","TheCity","TheBeyond"],"potions_floor_usage":[13,22,40,40],"damage_taken":[{"damage":13,"enemies":"Small Slimes","floor":1,"turns":4},{"damage":2,"enemies":"Jaw Worm","floor":5,"turns":3},{"damage":53,"enemies":"Replay:BlueRogue","floor":6,"turns":11},{"damage":0,"enemies":"conspire:RoseBush","floor":11,"turns":4},{"damage":41,"enemies":"Gremlin Nob","floor":13,"turns":5},{"damage":7,"enemies":"conspire:2 RoseBushes","floor":14,"turns":6},{"damage":35,"enemies":"The Guardian","floor":16,"turns":11},{"damage":58,"enemies":"conspire:FuzzyDice","floor":18,"turns":9},{"damage":13,"enemies":"3 Byrds","floor":20,"turns":9},{"damage":24,"enemies":"Snecko","floor":22,"turns":6},{"damage":16,"enemies":"conspire:SneckoGhost","floor":24,"turns":6},{"damage":3,"enemies":"Cultist and Chosen","floor":27,"turns":4},{"damage":18,"enemies":"Centurion and Healer","floor":28,"turns":5},{"damage":27,"enemies":"Replay:Snechameleon","floor":29,"turns":5},{"damage":40,"enemies":"conspire:MysteriousRune","floor":33,"turns":5},{"damage":45,"enemies":"Orb Walker","floor":35,"turns":4},{"damage":15,"enemies":"3 Darklings","floor":39,"turns":2},{"damage":47,"enemies":"Nemesis","floor":40,"turns":2}],"seed_played":"4858808267100076142","potions_obtained":[{"floor":5,"key":"Fire Potion"},{"floor":6,"key":"Elixir"},{"floor":11,"key":"Dota2Spire:HealingSalve"},{"floor":13,"key":"blueLaboratory:ForbiddenFruitJuice"},{"floor":22,"key":"Dota2Spire:HealingSalve"},{"floor":24,"key":"Strength Potion"},{"floor":33,"key":"blueLaboratory:EmptyBottle"}],"is_trial":false,"path_per_floor":["M","?","$","?","M","E","R","?","T","?","M","R","E","M","R","B",null,"M","?","M","AVR","M","R","E","R","T","M","M","E","R","?","R","B",null,"M","AVR","?","?","M","E"],"character_chosen":"IRONCLAD","items_purchased":["Battle Trance"],"campfire_rested":1,"item_purchase_floors":[3],"current_hp_per_floor":[61,61,61,66,70,23,23,23,23,4,20,44,25,34,34,15,64,22,22,25,25,70,70,66,66,66,70,68,57,57,37,37,13,60,31,31,31,31,32,0,0],"gold":768,"neow_bonus":"UPGRADE_CARD","is_daily":false,"chose_seed":false,"campfire_upgraded":6,"win_rate":0.0,"timestamp":1608484324,"path_taken":["M","?","$","?","M","E","R","?","T","?","?","R","E","M","R","BOSS","M","?","?","AVR","M","R","E","R","T","M","M","E","R","?","R","BOSS","M","AVR","?","?","?","E"],"items_purchased_type":["Card"],"build_version":"2020-12-13","purchased_purges":2,"victory":false,"max_hp_per_floor":[75,75,75,80,80,80,80,80,80,80,80,80,80,80,80,80,80,80,80,80,80,70,70,70,70,70,70,70,70,70,75,75,75,75,75,75,75,75,75,75,75],"relic_stats":{"Gremlin Horn":[1,2],"counters":[18,101],"MawBank":132,"obtain_stats":[{"Snecko Heart":21,"Gremlin Horn":24,"ReplayTheSpireMod:CursedCoin":36,"Velvet Choker":34,"Ring of Chaos":17,"hubris:Towel":37,"MawBank":29,"Burning Blood":0,"ClockworkSouvenir":21,"ReplayTheSpireMod:Spearhead":6,"hubris:ToyBattleship":9,"halation:KoshaPiece":26,"halation:LettersToHer":13},{"Snecko Heart":9,"Gremlin Horn":11,"ReplayTheSpireMod:CursedCoin":16,"Velvet Choker":15,"Ring of Chaos":7,"hubris:Towel":16,"MawBank":14,"Burning Blood":0,"ClockworkSouvenir":9,"ReplayTheSpireMod:Spearhead":3,"hubris:ToyBattleship":3,"halation:KoshaPiece":11,"halation:LettersToHer":5},{"Snecko Heart":62,"Gremlin Horn":74,"ReplayTheSpireMod:CursedCoin":97,"Velvet Choker":93,"Ring of Chaos":44,"hubris:Towel":97,"MawBank":88,"Burning Blood":0,"ClockworkSouvenir":62,"ReplayTheSpireMod:Spearhead":18,"hubris:ToyBattleship":18,"halation:KoshaPiece":74,"halation:LettersToHer":27}],"Burning Blood":96},"card_choices":[{"not_picked":["conspire:ExplosiveBarrier","Wild Strike"],"picked":"Flex","floor":1},{"not_picked":["Flex","Pommel Strike"],"picked":"True Grit","floor":5},{"not_picked":["Thunderclap","Searing Blow"],"picked":"Inflame","floor":6},{"not_picked":["infinitespire:Execution","hubris:Rewind"],"picked":"infinitespire:Starlight","floor":10},{"not_picked":["Sentinel","Rage","Fire Breathing"],"picked":"SKIP","floor":11},{"not_picked":["Infernal Blade","Sever Soul","Carnage"],"picked":"SKIP","floor":13},{"not_picked":["Cleave","Wild Strike"],"picked":"Spot Weakness","floor":14},{"not_picked":["conspire:HitWhereItHurts","Barricade"],"picked":"conspire:Purge","floor":16},{"not_picked":["Dark Embrace","Wild Strike","Anger"],"picked":"SKIP","floor":18},{"not_picked":["Bloodletting","Havoc+1","Blood for Blood"],"picked":"SKIP","floor":20},{"not_picked":["Dual Wield","infinitespire:OneForAll","Sword Boomerang"],"picked":"SKIP","floor":22},{"not_picked":["Flex","Fire Breathing","Battle Trance"],"picked":"SKIP","floor":24},{"not_picked":["Seeing Red","Body Slam","Sentinel"],"picked":"SKIP","floor":27},{"not_picked":["Thunderclap","hubris:CleavingFinish"],"picked":"Impervious","floor":28},{"not_picked":["Thunderclap","Second Wind"],"picked":"Headbutt","floor":29},{"not_picked":["Juggernaut","conspire:HitWhereItHurts"],"picked":"Limit Break","floor":33},{"not_picked":["Havoc","Iron Wave+1","hubris:SharpeningStone"],"picked":"SKIP","floor":35},{"not_picked":["Dark Embrace","Twin Strike","Rupture"],"picked":"SKIP","floor":39}],"player_experience":1076631,"relics_obtained":[{"floor":6,"key":"ReplayTheSpireMod:Spearhead"},{"floor":9,"key":"hubris:ToyBattleship"},{"floor":13,"key":"halation:LettersToHer"},{"floor":24,"key":"Gremlin Horn"},{"floor":26,"key":"halation:LettersToHer"},{"floor":26,"key":"halation:KoshaPiece"},{"floor":29,"key":"MawBank"}],"event_choices":[{"damage_healed":0,"gold_gain":0,"player_choice":"Donut","damage_taken":0,"max_hp_gain":5,"max_hp_loss":0,"event_name":"Big Fish","floor":4,"gold_loss":0},{"damage_healed":0,"gold_gain":0,"cards_transformed":["Strike_R","Strike_R"],"player_choice":"Transformed Cards","damage_taken":0,"max_hp_gain":0,"max_hp_loss":0,"event_name":"Designer","floor":19,"gold_loss":75,"cards_obtained":["Whirlwind","Evolve"]},{"damage_healed":0,"gold_gain":0,"player_choice":"Shed Blood","damage_taken":25,"max_hp_gain":5,"max_hp_loss":0,"event_name":"Forgotten Altar","floor":31,"gold_loss":0},{"damage_healed":0,"gold_gain":0,"player_choice":"Forge","damage_taken":0,"max_hp_gain":0,"max_hp_loss":0,"event_name":"Accursed Blacksmith","floor":38,"gold_loss":0,"cards_upgraded":["Limit Break"]}],"is_beta":false,"boss_relics":[{"not_picked":["vexMod:BigBerry","hubris:HollowSoul"],"picked":"Ring of Chaos"},{"not_picked":["SacredBark","hubris:CrackedHourglass"],"picked":"Velvet Choker"}],"items_purged_floors":[21,36],"is_endless":false,"potions_floor_spawned":[5,6,11,13,22,24,28,33,35],"killed_by":"Nemesis","ascension_level":15}}