{"host":"3xls0xm49ftugio7","time":1608479129,"event":{"mods":["2.2 Compatiblity","AchievementEnabler","Act Like it!","BaseMod","Colored Powertips","Downfall","GifTheSpireLib","Minty Spire (QoL Compilation)","Quick Restart","Relic Stats","StSLib"],"gold_per_floor":[99,125,300,331,331,331,411,336,369,369,369,469,469,488,501,596,596,596,596,95,20,20,53,79,106,106,106,117,217,17,117,133,238,238,238,238,263,263,263],"floor_reached":38,"playtime":1645,"items_purged":[],"score":644,"play_id":"5c258459-f432-4113-bc9e-1c9632ec2aed","local_time":"20201220174529","is_ascension_mode":true,"campfire_choices":[{"data":"sneckomod:SnekBite","floor":1.0,"key":"SMITH"},{"data":"sneckomod:DangerNoodle","floor":6.0,"key":"SMITH"},{"data":"sneckomod:UnknownRareAttack","floor":8.0,"key":"SMITH"},{"data":"sneckomod:MixItUp","floor":10.0,"key":"SMITH"},{"floor":18.0,"key":"RECALL"},{"data":"Apotheosis","floor":21.0,"key":"SMITH"},{"floor":27.0,"key":"REST"},{"data":"sneckomod:UnknownRarePower","floor":35,"key":"SMITH"}],"circlet_count":0,"master_deck":["sneckomod:Strike+1","sneckomod:Defend","sneckomod:Defend+1","sneckomod:Defend+1","sneckomod:TailWhip","sneckomod:SnekBite+1","sneckomod:Unknown","sneckomod:Unknown","sneckomod:DangerNoodle+1","sneckomod:UnknownRareAttack+1","sneckomod:MixItUp+1","sneckomod:QuickMove","sneckomod:UnknownX","sneckomod:MorePower","sneckomod:Unknown0Cost+1","sneckomod:UnknownRarePower+1","Apotheosis+1","sneckomod:DangerNoodle","sneckomod:UnknownClassGUARDIAN+1","sneckomod:UnknownRareSkill+1","sneckomod:UnknownClassPURPLE","sneckomod:Unknown3Cost+1","hexamod:FirstSeal","sneckomod:UnknownClassGUARDIAN","sneckomod:SlitherStrike","sneckomod:Rotation","sneckomod:UnknownRarePower+1","sneckomod:UnknownClassRED","sneckomod:UnknownUncommonPower","sneckomod:Unknown3Cost","sneckomod:UnknownClassPURPLE+1","sneckomod:MorePower","sneckomod:UnknownX+1","expansioncontent:Collect","expansioncontent:DefensiveStance","expansioncontent:Chronoboost","sneckomod:UnknownRarePower+1","sneckomod:UnknownRareAttack+1","sneckomod:DiceBlock+1"],"relics":["sneckomod:SneckoSoul","Kunai","downfall:HeartBlessingBlue","Bronze Scales","SlaversCollar","HornCleat","Potion Belt","Lee\u0027s Waffle","downfall:HeartBlessingRed","downfall:RedIOU","Ancient Tea Set","Omamori","Juzu Bracelet","MutagenicStrength","Membership Card","White Beast Statue","Empty Cage","Smiling Mask"],"acts_visited":["Exordium","TheCity","TheBeyond"],"potions_floor_usage":[37,37,38],"damage_taken":[{"damage":26.0,"enemies":"Lagavulin","floor":2.0,"turns":5.0},{"damage":0.0,"enemies":"Gremlin Nob","floor":4.0,"turns":3.0},{"damage":32.0,"enemies":"Lagavulin","floor":9.0,"turns":8.0},{"damage":4.0,"enemies":"Small Slimes","floor":14.0,"turns":2.0},{"damage":4.0,"enemies":"Jaw Worm","floor":15.0,"turns":2.0},{"damage":21.0,"enemies":"downfall:Watcher","floor":16.0,"turns":8.0},{"damage":2.0,"enemies":"downfall:FleeingMerchant","floor":20.0,"turns":4.0},{"damage":30.0,"enemies":"Book of Stabbing","floor":23.0,"turns":4.0},{"damage":33.0,"enemies":"Slavers","floor":25.0,"turns":4.0},{"damage":4.0,"enemies":"Spheric Guardian","floor":28.0,"turns":5.0},{"damage":26.0,"enemies":"downfall:Augmenter","floor":29.0,"turns":4.0},{"damage":0.0,"enemies":"downfall:FleeingMerchant","floor":30.0,"turns":4.0},{"damage":19.0,"enemies":"downfall:LadyInBlue","floor":31.0,"turns":5.0},{"damage":0.0,"enemies":"3 Cultists","floor":32.0,"turns":3.0},{"damage":45.0,"enemies":"downfall:Silent","floor":33.0,"turns":6.0},{"damage":70,"enemies":"Giant Head","floor":37,"turns":10},{"damage":80,"enemies":"2 Orb Walkers","floor":38,"turns":6}],"seed_played":"309125950732538572","potions_obtained":[{"floor":0.0,"key":"Regen Potion"},{"floor":0.0,"key":"Dexterity Potion"},{"floor":0.0,"key":"Slimebound:ThreeZeroPotion"},{"floor":25.0,"key":"Fruit Juice"},{"floor":31.0,"key":"FairyPotion"},{"floor":31.0,"key":"Ancient Potion"},{"floor":31.0,"key":"ColorlessPotion"},{"floor":32.0,"key":"Fire Potion"},{"floor":33.0,"key":"EssenceOfSteel"}],"is_trial":false,"path_per_floor":["R","E","?","E","?","R","T","R","E","R","?","?","?","M","M","B",null,"R","?","$","R","?","E","T","E","?","R","M","?","$","?","M","B",null,"R","?","E","?"],"character_chosen":"THE_SNECKO","items_purchased":["Potion Belt","Apotheosis","Lee\u0027s Waffle","Membership Card","sneckomod:UnknownUncommonPower"],"campfire_rested":1,"item_purchase_floors":[20,20,20,30,30],"current_hp_per_floor":[90,64,64,65,65,65,65,75,45,45,45,45,45,48,47,28,102,102,102,111,111,111,82,82,51,51,85,82,62,72,61,62,23,132,132,122,61,0,0],"gold":263,"neow_bonus":"THREE_SMALL_POTIONS","is_daily":false,"chose_seed":false,"campfire_upgraded":6,"win_rate":0.0,"timestamp":1608479129,"path_taken":["R","E","?","E","?","R","T","R","E","R","?","?","?","M","M","BOSS","R","?","$","R","?","E","T","E","?","R","M","?","$","?","M","BOSS","R","?","E","?"],"items_purchased_type":["Relic","Card","Relic","Relic","Card"],"build_version":"2020-12-13","purchased_purges":0,"victory":false,"max_hp_per_floor":[90,90,90,91,91,91,91,101,101,101,101,101,101,101,102,102,102,102,102,111,111,111,112,112,114,114,114,115,121,124,125,126,132,132,132,132,134,134,134],"relic_stats":{"Lee\u0027s Waffle":9,"counters":[17,83],"Bronze Scales":[185],"Juzu Bracelet":0,"Kunai":[13],"Smiling Mask":0,"obtain_stats":[{"Potion Belt":20,"Lee\u0027s Waffle":20,"downfall:HeartBlessingRed":21,"Omamori":24,"Juzu Bracelet":25,"sneckomod:SneckoSoul":0,"Ancient Tea Set":23,"Empty Cage":34,"Smiling Mask":37,"White Beast Statue":31,"Blood Vial":4,"SlaversCollar":17,"downfall:BrokenWingStatue":13,"HornCleat":19,"downfall:HeartBlessingBlue":8,"Bronze Scales":9,"MutagenicStrength":29,"downfall:RedIOU":22,"Kunai":2,"Membership Card":30},{"Potion Belt":7,"Lee\u0027s Waffle":7,"downfall:HeartBlessingRed":7,"Omamori":8,"Juzu Bracelet":9,"sneckomod:SneckoSoul":0,"Ancient Tea Set":8,"Empty Cage":15,"Smiling Mask":16,"White Beast Statue":13,"Blood Vial":2,"SlaversCollar":6,"downfall:BrokenWingStatue":3,"HornCleat":6,"downfall:HeartBlessingBlue":2,"Bronze Scales":3,"MutagenicStrength":11,"downfall:RedIOU":7,"Kunai":1,"Membership Card":12},{"Potion Belt":32,"Lee\u0027s Waffle":32,"downfall:HeartBlessingRed":32,"Omamori":36,"Juzu Bracelet":40,"sneckomod:SneckoSoul":0,"Ancient Tea Set":36,"Empty Cage":67,"Smiling Mask":77,"White Beast Statue":58,"Blood Vial":8,"SlaversCollar":28,"downfall:BrokenWingStatue":16,"HornCleat":28,"downfall:HeartBlessingBlue":8,"Bronze Scales":16,"MutagenicStrength":49,"downfall:RedIOU":32,"Kunai":5,"Membership Card":53}]},"card_choices":[{"not_picked":["sneckomod:SoulExchange","sneckomod:UnknownClassGREEN"],"picked":"sneckomod:DangerNoodle","floor":2.0},{"not_picked":["sneckomod:WideSting","sneckomod:DiceBlock"],"picked":"sneckomod:UnknownRareAttack","floor":4.0},{"not_picked":["sneckomod:SerpentMind","sneckomod:PureSnecko"],"picked":"sneckomod:MixItUp","floor":9.0},{"not_picked":["sneckomod:UnknownCommonAttack","sneckomod:RainOfDice"],"picked":"sneckomod:QuickMove","floor":14.0},{"not_picked":["sneckomod:PureSnecko","sneckomod:DefensiveFlair"],"picked":"sneckomod:UnknownX","floor":15.0},{"not_picked":["sneckomod:Cheat","sneckomod:GlitteringGambit"],"picked":"sneckomod:MorePower","floor":16.0},{"not_picked":["sneckomod:UnknownEthereal+1","sneckomod:UnknownStrength+1"],"picked":"sneckomod:Unknown0Cost+1","floor":20.0},{"not_picked":["sneckomod:UnknownStrike+1","sneckomod:Unknown2Cost"],"picked":"sneckomod:UnknownRarePower","floor":20.0},{"not_picked":["sneckomod:Restock","sneckomod:Nope"],"picked":"sneckomod:DangerNoodle","floor":23.0},{"not_picked":["sneckomod:UnknownEthereal+1","sneckomod:UnknownClassGREEN+1"],"picked":"sneckomod:UnknownClassGUARDIAN+1","floor":23.0},{"not_picked":["sneckomod:UnknownClassBLUE+1","sneckomod:UnknownCommonAttack+1"],"picked":"sneckomod:UnknownRareSkill+1","floor":25.0},{"not_picked":["sneckomod:UnknownCommonAttack","sneckomod:QuickBite+1"],"picked":"sneckomod:UnknownClassPURPLE","floor":25.0},{"not_picked":["sneckomod:UnknownStrength+1","sneckomod:Unknown1Cost+1"],"picked":"sneckomod:Unknown3Cost+1","floor":28.0},{"not_picked":["hexamod:SixthSeal","hexamod:FourthSeal"],"picked":"hexamod:FirstSeal","floor":28.0},{"not_picked":["sneckomod:UnknownCommonSkill","sneckomod:UnknownStrike+1","sneckomod:ImprovisedAttack"],"picked":"SKIP","floor":28.0},{"not_picked":["sneckomod:SoulRoll","sneckomod:UnknownBlock"],"picked":"sneckomod:Rotation","floor":29.0},{"not_picked":["sneckomod:UnknownClassGUARDIAN+1","sneckomod:UnknownWeak+1"],"picked":"sneckomod:UnknownRarePower+1","floor":30.0},{"not_picked":["sneckomod:UnknownCommonSkill","sneckomod:UnknownX"],"picked":"sneckomod:UnknownClassRED","floor":30.0},{"not_picked":["sneckomod:UnknownVulnerable","sneckomod:UnknownClassSLIMEBOUND"],"picked":"sneckomod:Unknown3Cost","floor":31.0},{"not_picked":["sneckomod:Unknown2Cost+1","sneckomod:UnknownVulnerable+1"],"picked":"sneckomod:UnknownClassPURPLE+1","floor":32.0},{"not_picked":["sneckomod:QuickMove","sneckomod:DiceBlock","sneckomod:WideSting"],"picked":"SKIP","floor":32.0},{"not_picked":["sneckomod:UnlimitedRolls","sneckomod:DangerNoodle"],"picked":"sneckomod:MorePower","floor":33.0},{"not_picked":["sneckomod:UnknownClassHEXA_GHOST_PURPLE+1","sneckomod:UnknownUncommonSkill+1"],"picked":"sneckomod:UnknownX+1","floor":33.0},{"not_picked":["expansioncontent:ManipulateTime","expansioncontent:AwakenDeath"],"picked":"expansioncontent:Collect","floor":36},{"not_picked":["expansioncontent:Flail","expansioncontent:FaceSlap"],"picked":"expansioncontent:DefensiveStance","floor":36},{"not_picked":["expansioncontent:TimeRipple","expansioncontent:Torchfire"],"picked":"expansioncontent:Chronoboost","floor":36},{"not_picked":["sneckomod:UnknownEthereal+1","sneckomod:UnknownClassPURPLE+1"],"picked":"sneckomod:UnknownRarePower+1","floor":37},{"not_picked":["sneckomod:UnknownClassTHE_CHAMP_GRAY+1","sneckomod:UnknownStrike+1"],"picked":"sneckomod:UnknownRareAttack+1","floor":37},{"not_picked":["sneckomod:SoulCleanse+1","sneckomod:UnknownVulnerable+1"],"picked":"sneckomod:DiceBlock+1","floor":37}],"player_experience":838187,"relics_obtained":[{"floor":2.0,"key":"Kunai"},{"floor":4.0,"key":"Blood Vial"},{"floor":9.0,"key":"Bronze Scales"},{"floor":23.0,"key":"Ancient Tea Set"},{"floor":24.0,"key":"Omamori"},{"floor":25.0,"key":"Juzu Bracelet"},{"floor":29.0,"key":"MutagenicStrength"},{"floor":31.0,"key":"White Beast Statue"},{"floor":37,"key":"Smiling Mask"}],"event_choices":[{"cards_removed":["Doubt"],"damage_healed":0.0,"max_hp_gain":0.0,"max_hp_loss":0.0,"gold_gain":0.0,"event_name":"The Cleric","player_choice":"Card Removal","floor":5.0,"gold_loss":0.0,"damage_taken":0.0},{"damage_healed":0.0,"max_hp_gain":0.0,"max_hp_loss":0.0,"gold_gain":0.0,"event_name":"Addict","player_choice":"Stole Relic","floor":19.0,"gold_loss":0.0,"damage_taken":0.0,"relics_obtained":["HornCleat"],"cards_obtained":["Shame"]},{"damage_healed":0.0,"max_hp_gain":0.0,"max_hp_loss":0.0,"gold_gain":0.0,"event_name":"Ghosts","player_choice":"Ignored","floor":26.0,"gold_loss":0.0,"damage_taken":0.0},{"damage_healed":0,"gold_gain":0,"player_choice":"Fight","damage_taken":0,"max_hp_gain":0,"max_hp_loss":0,"event_name":"Mysterious Sphere","floor":38,"gold_loss":0}],"is_beta":false,"boss_relics":[{"not_picked":["SacredBark","Fusion Hammer"],"picked":"SlaversCollar"},{"not_picked":["Runic Dome","Tiny House"],"picked":"Empty Cage"}],"items_purged_floors":[],"is_endless":false,"potions_floor_spawned":[2,4,9,25,32,33],"killed_by":"2 Orb Walkers","ascension_level":3}}