{"host":"o7j6aatxjwpw1421","time":1608448031,"event":{"mods":["2.2 Compatiblity","BaseMod","Colored Map","DeckTracker","Highlight Path","Keyboard Shortcuts","Minty Spire (QoL Compilation)","Permanent Neow","Quick Restart","StSLib","SuperFastMode","everything is the same but u backflip on backflip"],"gold_per_floor":[115,115,115,115,40,40,57,76,376,393,409,409,432,455,467,584,596,619,648,660,166,177,207,207,207,207,217,217,217],"floor_reached":28,"playtime":1050,"items_purged":["Strike_R","Strike_R"],"score":290,"play_id":"fdc0b5a3-8241-4285-b96f-1dcf0ca14007","local_time":"20201220160711","is_ascension_mode":true,"campfire_choices":[{"data":"Flex","floor":6.0,"key":"SMITH"},{"data":"Flex","floor":15.0,"key":"SMITH"},{"data":"Offering","floor":24.0,"key":"SMITH"}],"circlet_count":0,"master_deck":["Defend_R","Defend_R","Defend_R","Defend_R","Bash","Flex+1","Battle Trance","Bludgeon","Sword Boomerang","Flex+1","Whirlwind","Feed","Bloodletting","Flame Barrier","Offering+1","Warcry+1"],"relics":["Burning Blood","Unceasing Top","Boot","Old Coin","MawBank","Coffee Dripper","Bottled Flame","Toolbox","Red Skull","Vajra"],"acts_visited":["Exordium","TheCity"],"potions_floor_usage":[],"damage_taken":[{"damage":5.0,"enemies":"Small Slimes","floor":1.0,"turns":3.0},{"damage":4.0,"enemies":"Jaw Worm","floor":7.0,"turns":3.0},{"damage":0.0,"enemies":"Cultist","floor":8.0,"turns":2.0},{"damage":11.0,"enemies":"Looter","floor":10.0,"turns":2.0},{"damage":0.0,"enemies":"2 Fungi Beasts","floor":11.0,"turns":2.0},{"damage":7.0,"enemies":"Gremlin Gang","floor":13.0,"turns":4.0},{"damage":3.0,"enemies":"Large Slime","floor":14.0,"turns":4.0},{"damage":39.0,"enemies":"The Guardian","floor":16.0,"turns":12.0},{"damage":6.0,"enemies":"Spheric Guardian","floor":18.0,"turns":3.0},{"damage":7.0,"enemies":"2 Thieves","floor":19.0,"turns":3.0},{"damage":10.0,"enemies":"Chosen and Byrds","floor":22.0,"turns":4.0},{"damage":22.0,"enemies":"Slavers","floor":23.0,"turns":3.0},{"damage":6,"enemies":"Centurion and Healer","floor":27,"turns":2},{"damage":19,"enemies":"Book of Stabbing","floor":28,"turns":4}],"seed_played":"4825891340952644372","potions_obtained":[{"floor":13.0,"key":"PowerPotion"},{"floor":14.0,"key":"Explosive Potion"},{"floor":16.0,"key":"AttackPotion"},{"floor":22.0,"key":"Swift Potion"}],"is_trial":false,"path_per_floor":["M","?","?","?","$","R","M","M","T","M","M","?","M","M","R","B",null,"M","M","?","$","M","E","R","?","T","M","E"],"character_chosen":"IRONCLAD","items_purchased":["Bottled Flame","Toolbox"],"campfire_rested":0,"item_purchase_floors":[21,21],"current_hp_per_floor":[57,39,32,32,32,32,34,40,40,35,41,41,40,43,43,10,63,63,65,65,65,61,49,49,49,49,52,33,33],"gold":217,"neow_bonus":"ONE_RARE_RELIC","is_daily":false,"chose_seed":false,"campfire_upgraded":3,"win_rate":0.0,"timestamp":1608448031,"path_taken":["M","?","?","?","$","R","M","M","T","M","M","?","M","M","R","BOSS","M","M","?","$","M","E","R","?","T","M","E"],"items_purchased_type":["Relic","Relic"],"build_version":"2020-12-13","purchased_purges":2,"victory":false,"max_hp_per_floor":[80,80,80,80,80,80,80,80,80,80,80,80,80,80,80,80,80,80,83,83,83,83,87,87,87,87,90,90,90],"card_choices":[{"not_picked":["Clothesline","Havoc"],"picked":"Flex","floor":1.0},{"not_picked":["Searing Blow","Headbutt"],"picked":"Battle Trance","floor":7.0},{"not_picked":["Headbutt","Shrug It Off"],"picked":"Bludgeon","floor":8.0},{"not_picked":["Thunderclap","Infernal Blade","Feel No Pain"],"picked":"SKIP","floor":10.0},{"not_picked":["Hemokinesis","Iron Wave"],"picked":"Sword Boomerang","floor":11.0},{"not_picked":["Clothesline","Iron Wave"],"picked":"Flex","floor":13.0},{"not_picked":["True Grit","Seeing Red"],"picked":"Whirlwind","floor":14.0},{"not_picked":["Juggernaut","Exhume"],"picked":"Feed","floor":16.0},{"not_picked":["Dual Wield","Combust","Rampage"],"picked":"SKIP","floor":18.0},{"not_picked":["Uppercut","Headbutt","Iron Wave"],"picked":"SKIP","floor":19.0},{"not_picked":["Wild Strike","Feel No Pain"],"picked":"Flame Barrier","floor":22.0},{"not_picked":["Heavy Blade","Searing Blow"],"picked":"Offering","floor":23.0},{"not_picked":["Sentinel+1","Armaments"],"picked":"Warcry+1","floor":27}],"player_experience":275316,"relics_obtained":[{"floor":9.0,"key":"Old Coin"},{"floor":23.0,"key":"Red Skull"},{"floor":26,"key":"Vajra"}],"event_choices":[{"damage_healed":0.0,"max_hp_gain":0.0,"max_hp_loss":0.0,"gold_gain":0.0,"event_name":"Scrap Ooze","player_choice":"Success","floor":2.0,"gold_loss":0.0,"damage_taken":18.0,"relics_obtained":["Boot"]},{"cards_removed":["Strike_R"],"damage_healed":0.0,"max_hp_gain":0.0,"max_hp_loss":0.0,"gold_gain":0.0,"event_name":"Golden Wing","player_choice":"Card Removal","floor":3.0,"gold_loss":0.0,"damage_taken":7.0},{"cards_removed":["Strike_R"],"damage_healed":0.0,"max_hp_gain":0.0,"max_hp_loss":0.0,"gold_gain":0.0,"event_name":"Living Wall","player_choice":"Forget","floor":4.0,"gold_loss":0.0,"damage_taken":0.0},{"damage_healed":0.0,"max_hp_gain":0.0,"max_hp_loss":0.0,"gold_gain":0.0,"event_name":"Dead Adventurer","player_choice":"Searched \u00272\u0027 times","floor":12.0,"gold_loss":0.0,"damage_taken":0.0,"relics_obtained":["MawBank"]},{"damage_healed":0.0,"max_hp_gain":0.0,"max_hp_loss":0.0,"gold_gain":0.0,"event_name":"The Library","player_choice":"Read","floor":20.0,"gold_loss":0.0,"damage_taken":0.0,"cards_obtained":["Bloodletting"]},{"cards_removed":["Strike_R"],"damage_healed":0,"gold_gain":0,"player_choice":"Elegance","damage_taken":0,"max_hp_gain":0,"max_hp_loss":0,"event_name":"Back to Basics","floor":25,"gold_loss":0}],"is_beta":false,"boss_relics":[{"not_picked":["Cursed Key","Philosopher\u0027s Stone"],"picked":"Coffee Dripper"}],"items_purged_floors":[5,21],"is_endless":false,"potions_floor_spawned":[13,14,16,22],"killed_by":"Book of Stabbing","ascension_level":5}}