{"host":"sh8ot41fo7a0kahq","time":1608433837,"event":{"mods":["ATMod(°¢èªMod)","BaseMod","Better Third Choice","Colored Powertips","Minty Spire (QoL Compilation)","Quick Restart","Spicy Shops","StSLib","UnlockEverythingMod","¡¾ÒÅÎï¿¨ÅÆ¡¿REMEMod"],"gold_per_floor":[214,214,0,0,16,49,49,89,89,429,449,56,74,101,101,240,267,283,307,307,339,357,357,390,390,417,470,200,200,200],"floor_reached":29,"playtime":764,"items_purged":["Regret","Strike_G","Strike_G"],"score":414,"play_id":"1a4b65a7-2a2f-4bd4-b24a-de68a78e17c0","local_time":"20201220111037","is_ascension_mode":true,"campfire_choices":[{"data":"AT_WindFlip","floor":7.0,"key":"SMITH"},{"data":"AT_Desolate","floor":15.0,"key":"SMITH"},{"data":"Night Terror","floor":23.0,"key":"SMITH"},{"floor":25.0,"key":"REST"}],"circlet_count":0,"master_deck":["Strike_G","Strike_G","Defend_G","Defend_G","Defend_G","Defend_G","Defend_G","Survivor","Neutralize","AT_WindFlip+1","AT_Desolate+1","Expertise","REME_ShadowForm","AT_WindFlip+1","AT_ThistleTea+1","Terror","Outmaneuver+1","Night Terror+1","Burst","Prepared+1"],"relics":["Ring of the Snake","AT_ATBox","REME_ComplimentaryCards","StrikeDummy","Golden Idol","Centennial Puzzle","CeramicFish","Singing Bowl","Old Coin","OrangePellets","Astrolabe","AT_ImmortalShieldbow","Letter Opener","StoneCalendar","Frozen Eye"],"acts_visited":["Exordium","TheCity"],"potions_floor_usage":[],"damage_taken":[{"damage":7.0,"enemies":"2 Louse","floor":1.0,"turns":3.0},{"damage":4.0,"enemies":"Jaw Worm","floor":5.0,"turns":3.0},{"damage":9.0,"enemies":"3 Sentries","floor":6.0,"turns":5.0},{"damage":18.0,"enemies":"Gremlin Nob","floor":8.0,"turns":4.0},{"damage":9.0,"enemies":"3 Sentries","floor":10.0,"turns":6.0},{"damage":0.0,"enemies":"Cultist","floor":11.0,"turns":3.0},{"damage":1.0,"enemies":"Red Slaver","floor":13.0,"turns":2.0},{"damage":0.0,"enemies":"Blue Slaver","floor":14.0,"turns":1.0},{"damage":0.0,"enemies":"Slime Boss","floor":16.0,"turns":3.0},{"damage":4.0,"enemies":"Shell Parasite","floor":18.0,"turns":2.0},{"damage":6.0,"enemies":"Spheric Guardian","floor":19.0,"turns":3.0},{"damage":12.0,"enemies":"Cultist and Chosen","floor":21.0,"turns":2.0},{"damage":43.0,"enemies":"Slavers","floor":24.0,"turns":4.0},{"damage":30.0,"enemies":"Gremlin Leader","floor":27.0,"turns":7.0},{"damage":14,"enemies":"Centurion and Healer","floor":29,"turns":1}],"seed_played":"715019530971078298","potions_obtained":[{"floor":1.0,"key":"Ancient Potion"},{"floor":10.0,"key":"BlessingOfTheForge"},{"floor":11.0,"key":"Fire Potion"},{"floor":14.0,"key":"LiquidMemories"},{"floor":24.0,"key":"SmokeBomb"}],"is_trial":false,"path_per_floor":["M","?","$","?","M","E","R","E","T","E","M","$","M","M","R","B",null,"M","M","T","M","?","R","E","R","T","E","$","M"],"character_chosen":"THE_SILENT","items_purchased":["AT_WindFlip","Noxious Fumes","OrangePellets","AT_Desolate","Frozen Eye"],"campfire_rested":1,"item_purchase_floors":[3,3,12,12,28],"current_hp_per_floor":[63,63,63,63,59,50,50,32,32,25,27,27,28,28,28,28,60,58,52,52,40,40,40,10,32,32,14,14,0,0],"gold":200,"neow_bonus":"HUNDRED_GOLD","is_daily":false,"chose_seed":false,"campfire_upgraded":3,"win_rate":0.0,"timestamp":1608433837,"path_taken":["M","?","$","?","M","E","R","E","T","E","M","?","M","M","R","BOSS","M","?","?","M","?","R","E","R","T","E","$","M"],"items_purchased_type":["Card","Card","Relic","Card","Relic"],"build_version":"2020-12-13","purchased_purges":3,"victory":false,"max_hp_per_floor":[70,70,70,65,65,65,65,65,65,67,69,69,71,71,71,71,71,73,73,73,73,73,73,75,75,75,75,75,75,75],"card_choices":[{"not_picked":["Crippling Poison","Outmaneuver","PiercingWail"],"picked":"SKIP","floor":1.0},{"not_picked":["Cloak And Dagger","Leg Sweep"],"picked":"Catalyst","floor":5.0},{"not_picked":["Heel Hook","PiercingWail","Outmaneuver"],"picked":"SKIP","floor":6.0},{"not_picked":["Finisher","Unload"],"picked":"Concentrate","floor":8.0},{"not_picked":["Noxious Fumes","Outmaneuver","Wraith Form v2"],"picked":"Singing Bowl","floor":10.0},{"not_picked":["Setup","Dagger Spray","Deflect"],"picked":"Singing Bowl","floor":11.0},{"not_picked":["Underhanded Strike","Quick Slash","Blur"],"picked":"Singing Bowl","floor":13.0},{"not_picked":["Outmaneuver","AT_Desolate"],"picked":"Expertise","floor":14.0},{"not_picked":["Envenom","Venomology"],"picked":"REME_ShadowForm","floor":16.0},{"not_picked":["Slice","PiercingWail+1","Deadly Poison"],"picked":"Singing Bowl","floor":18.0},{"not_picked":["Poisoned Stab","AT_WindFlip"],"picked":"Terror","floor":19.0},{"not_picked":["Accuracy","Noxious Fumes"],"picked":"Outmaneuver+1","floor":21.0},{"not_picked":["Flying Knee","Slice","Heel Hook"],"picked":"Singing Bowl","floor":24.0},{"not_picked":["Quick Slash","Dagger Spray"],"picked":"Prepared+1","floor":27}],"player_experience":275953,"relics_obtained":[{"floor":6.0,"key":"Centennial Puzzle"},{"floor":8.0,"key":"CeramicFish"},{"floor":9.0,"key":"Singing Bowl"},{"floor":10.0,"key":"Old Coin"},{"floor":20.0,"key":"AT_ImmortalShieldbow"},{"floor":24.0,"key":"Letter Opener"},{"floor":27,"key":"StoneCalendar"}],"event_choices":[{"damage_healed":0.0,"max_hp_gain":0.0,"max_hp_loss":0.0,"gold_gain":0.0,"event_name":"Big Fish","player_choice":"Box","floor":2.0,"gold_loss":0.0,"damage_taken":0.0,"relics_obtained":["StrikeDummy"],"cards_obtained":["Regret"]},{"damage_healed":0.0,"max_hp_gain":0.0,"max_hp_loss":5.0,"gold_gain":0.0,"event_name":"Golden Idol","player_choice":"Lose Max HP","floor":4.0,"gold_loss":0.0,"damage_taken":0.0,"relics_obtained":["Golden Idol"]},{"damage_healed":0.0,"max_hp_gain":0.0,"max_hp_loss":0.0,"gold_gain":0.0,"cards_transformed":["Strike_G","Catalyst"],"event_name":"Drug Dealer","player_choice":"Became Test Subject","floor":22.0,"gold_loss":0.0,"damage_taken":0.0,"cards_obtained":["Night Terror","Burst"]}],"is_beta":false,"boss_relics":[{"not_picked":["Busted Crown","AT_MortalBlade"],"picked":"Astrolabe"}],"items_purged_floors":[3,12,28],"is_endless":false,"potions_floor_spawned":[1,10,11,14,16,19,24],"killed_by":"Centurion and Healer","ascension_level":5}}