{"host":"363c1o4m0ew2jbar","time":1608505458,"event":{"mods":["AchievementEnabler","BaseMod","Better Note","Downfall","Hubris","Minty Spire (QoL Compilation)","StSLib"],"gold_per_floor":[99,116,41,74,74,108,134,234,234,261,279,279,17,17,32,136,136,136,136,236,236,236,271,271,196,210,237,249,276,288,56,74,178,228,153,164,164,164,164,197,221,221,370,370,370],"floor_reached":44,"playtime":2389,"items_purged":["Slimebound:Defend_Slimebound","Slimebound:Strike_Slimebound"],"score":632,"play_id":"23271222-9e0b-4db3-b1e9-29a8f9274fb6","local_time":"20201220130418","is_ascension_mode":true,"campfire_choices":[{"floor":1.0,"key":"RECALL"},{"data":"Slimebound:MassFeed","floor":3.0,"key":"SMITH"},{"floor":5.0,"key":"REST"},{"floor":9.0,"key":"REST"},{"data":"Slimebound:CorrosiveSpit","floor":18.0,"key":"PURGE"},{"data":"Slimebound:DuplicatedForm","floor":22.0,"key":"SMITH"},{"floor":25,"key":"REST"},{"floor":35,"key":"DIG"},{"floor":42,"key":"REST"}],"circlet_count":0,"master_deck":["Slimebound:Strike_Slimebound","Slimebound:Defend_Slimebound","Slimebound:Defend_Slimebound","Slimebound:Defend_Slimebound","Slimebound:Split","Slimebound:MassFeed+1","Slimebound:LeadByExample","Slimebound:HauntingLick","Slimebound:AcidTongue+1","Slimebound:Recollect","Slimebound:SplitMire","expansioncontent:CaCaw","Slimebound:SlimeBarrage","Slimebound:SplitSpecialist","Slimebound:DuplicatedForm+1","Necronomicurse","Slimebound:SlimeTap","Slimebound:Equalize+1","RitualDagger","Slimebound:LivingWall","Slimebound:RainOfGoop","Slimebound:MinionMaster","expansioncontent:TimeRipple","expansioncontent:DefensiveStance","Slimebound:LevelUp+1"],"relics":["Slimebound:AbsorbEndCombat","downfall:HeartBlessingRed","hubris:BottledRain","hexamod:BolsterEngine","Pen Nib","Potion Belt","Slimebound:ScrapOozeRelic","hubris:ScarierMask","Necronomicon","Shovel","hubris:TinFlute","hubris:Towel","Nunchaku","downfall:HeartBlessingBlue","MawBank","downfall:KnowingSkull","Tiny House","downfall:HeartBlessingGreen","FossilizedHelix","Darkstone Periapt","Oddly Smooth Stone","Bronze Scales"],"acts_visited":["Exordium","TheCity","TheBeyond"],"potions_floor_usage":[27,27,33,33,33,36,36,40,40,40,43,44,44,44],"damage_taken":[{"damage":4.0,"enemies":"2 Louse","floor":2.0,"turns":3.0},{"damage":42.0,"enemies":"3 Sentries","floor":4.0,"turns":8.0},{"damage":24.0,"enemies":"Lagavulin","floor":6.0,"turns":7.0},{"damage":39.0,"enemies":"downfall:LadyInBlue","floor":8.0,"turns":11.0},{"damage":32.0,"enemies":"3 Sentries","floor":10.0,"turns":8.0},{"damage":0.0,"enemies":"Cultist","floor":11.0,"turns":2.0},{"damage":17.0,"enemies":"downfall:FleeingMerchant","floor":13.0,"turns":4.0},{"damage":4.0,"enemies":"Small Slimes","floor":15.0,"turns":3.0},{"damage":34.0,"enemies":"downfall:Ironclad","floor":16.0,"turns":7.0},{"damage":61.0,"enemies":"downfall:Silent","floor":20.0,"turns":5.0},{"damage":25.0,"enemies":"Slavers","floor":23.0,"turns":2.0},{"damage":38,"enemies":"Shell Parasite","floor":26,"turns":3},{"damage":46,"enemies":"Book of Stabbing","floor":27,"turns":3},{"damage":20,"enemies":"Chosen","floor":29,"turns":3},{"damage":40,"enemies":"downfall:FleeingMerchant","floor":31,"turns":4},{"damage":25,"enemies":"3 Cultists","floor":32,"turns":3},{"damage":38,"enemies":"downfall:Defect","floor":33,"turns":6},{"damage":42,"enemies":"Orb Walker","floor":36,"turns":4},{"damage":106,"enemies":"Giant Head","floor":40,"turns":9},{"damage":7,"enemies":"downfall:FleeingMerchant","floor":43,"turns":2},{"damage":80,"enemies":"Reptomancer","floor":44,"turns":5}],"seed_played":"4317876330548467566","potions_obtained":[{"floor":4.0,"key":"Explosive Potion"},{"floor":6.0,"key":"BlessingOfTheForge"},{"floor":8.0,"key":"BlessingOfTheForge"},{"floor":8.0,"key":"AttackPotion"},{"floor":8.0,"key":"SteroidPotion"},{"floor":11.0,"key":"AttackPotion"},{"floor":15.0,"key":"sneckomod:MuddlingPotion"},{"floor":16.0,"key":"Guardian:BlockOnCardUsePotion"},{"floor":23,"key":"SneckoOil"},{"floor":32,"key":"PowerPotion"},{"floor":33,"key":"Block Potion"},{"floor":34,"key":"Slimebound:SpawnSlimePotion"},{"floor":36,"key":"Block Potion"},{"floor":40,"key":"ColorlessPotion"}],"is_trial":false,"path_per_floor":["R","M","R","E","R","E","T","?","R","E","M","?","$","?","M","B",null,"R","?","?","?","R","E","T","R","M","E","?","M","?","$","M","B",null,"R","M","?","?","?","E","T","R","$","E"],"character_chosen":"SLIMEBOUND","items_purchased":["expansioncontent:CaCaw","Slimebound:SlimeBarrage","CultistPotion","Slimebound:LivingWall","Bronze Scales","DuplicationPotion"],"campfire_rested":4,"item_purchase_floors":[13,13,31,31,43,43],"current_hp_per_floor":[42,44,44,10,29,25,25,18,37,25,31,31,32,32,36,28,76,76,60,32,32,32,23,23,61,52,51,45,50,44,53,55,54,115,115,94,89,89,89,34,34,70,71,0,0],"gold":370,"neow_bonus":"THREE_RARE_CARDS","is_daily":false,"chose_seed":false,"campfire_upgraded":2,"win_rate":0.0,"timestamp":1608505458,"path_taken":["R","M","R","E","R","E","T","?","R","E","?","?","?","?","M","BOSS","R","?","?","?","R","E","T","R","M","E","?","M","?","$","M","BOSS","R","M","?","?","?","E","T","R","$","E"],"items_purchased_type":["Card","Card","Potion","Card","Relic","Potion"],"build_version":"2020-12-13","purchased_purges":2,"victory":false,"max_hp_per_floor":[60,60,60,64,64,64,64,64,64,68,72,72,72,72,72,76,76,76,76,76,76,76,84,84,94,98,98,98,102,102,102,110,110,115,115,119,119,119,119,123,123,123,123,123,123],"card_choices":[{"not_picked":["Slimebound:OozeBath","Slimebound:DouseInSlime"],"picked":"Slimebound:MassFeed","floor":0.0},{"not_picked":["Slimebound:Schlurp","Slimebound:ForwardTackle"],"picked":"Slimebound:LeadByExample","floor":2.0},{"not_picked":["Slimebound:Schlurp","Slimebound:FinishingTackle","Slimebound:SplitLeeching"],"picked":"SKIP","floor":4.0},{"not_picked":["Slimebound:GoopSpray","Slimebound:FirmFortitude"],"picked":"Slimebound:HauntingLick","floor":6.0},{"not_picked":["Slimebound:TongueLash","Slimebound:Schlurp"],"picked":"Slimebound:AcidTongue","floor":8.0},{"not_picked":["Slimebound:ViciousTackle","Slimebound:Recycling"],"picked":"Slimebound:Recollect","floor":10.0},{"not_picked":["Slimebound:SamplingLick","Slimebound:RollThrough"],"picked":"Slimebound:SplitMire","floor":11.0},{"not_picked":["Slimebound:ServeAndProtect","Slimebound:AcidTongue","Slimebound:GoopTackle"],"picked":"SKIP","floor":13.0},{"not_picked":["Slimebound:TongueLash","Slimebound:SlimeBarrage"],"picked":"Slimebound:SplitSpecialist","floor":15.0},{"not_picked":["Slimebound:Overexert","Slimebound:SelfFormingGoo"],"picked":"Slimebound:DuplicatedForm","floor":16.0},{"not_picked":["Slimebound:GoopSpray","Slimebound:SplitMire+1"],"picked":"Slimebound:SlimeTap","floor":20.0},{"not_picked":["Slimebound:GoopSpray","Slimebound:FinishingTackle"],"picked":"Slimebound:Equalize+1","floor":23},{"not_picked":["Slimebound:AcidTongue","Slimebound:ServeAndProtect","Slimebound:SplitBruiser"],"picked":"SKIP","floor":26},{"not_picked":["Slimebound:FinishingTackle","Slimebound:GrowthPunch","Slimebound:DouseInSlime"],"picked":"SKIP","floor":27},{"not_picked":["Slimebound:PressTheAttack","Slimebound:ComboTackle","Slimebound:GoopSpray"],"picked":"SKIP","floor":29},{"not_picked":["Slimebound:BestDefense","Slimebound:PressTheAttack+1","Slimebound:SlimeSlap"],"picked":"SKIP","floor":31},{"not_picked":["Slimebound:ServeAndProtect","Slimebound:FinishingTackle"],"picked":"Slimebound:RainOfGoop","floor":32},{"not_picked":["Slimebound:SlimeSlap","Slimebound:DouseInSlime"],"picked":"Slimebound:MinionMaster","floor":33},{"not_picked":["Slimebound:PressTheAttack","Slimebound:OozeBath","Slimebound:ServeAndProtect+1"],"picked":"SKIP","floor":36},{"not_picked":["expansioncontent:ManipulateTime","expansioncontent:PolyBeam"],"picked":"expansioncontent:TimeRipple","floor":37},{"not_picked":["expansioncontent:DefensiveMode","expansioncontent:HyperBeam"],"picked":"expansioncontent:DefensiveStance","floor":37},{"not_picked":["Slimebound:Grow+1","Slimebound:FirmFortitude"],"picked":"Slimebound:LevelUp+1","floor":40},{"not_picked":["Slimebound:RollThrough+1","Slimebound:MassFeed","Slimebound:Repurpose"],"picked":"SKIP","floor":43}],"player_experience":1120533,"relics_obtained":[{"floor":4.0,"key":"hubris:BottledRain"},{"floor":6.0,"key":"hexamod:BolsterEngine"},{"floor":7.0,"key":"Pen Nib"},{"floor":8.0,"key":"Potion Belt"},{"floor":10.0,"key":"Bag of Marbles"},{"floor":19.0,"key":"Necronomicon"},{"floor":20.0,"key":"Shovel"},{"floor":20.0,"key":"hubris:TinFlute"},{"floor":23,"key":"Nunchaku"},{"floor":27,"key":"MawBank"},{"floor":35,"key":"FossilizedHelix"},{"floor":40,"key":"Darkstone Periapt"},{"floor":41,"key":"Oddly Smooth Stone"}],"event_choices":[{"cards_removed":["Slimebound:Tackle"],"damage_healed":0.0,"max_hp_gain":0.0,"max_hp_loss":0.0,"gold_gain":0.0,"event_name":"The Cleric","player_choice":"Card Removal","floor":14.0,"gold_loss":0.0,"damage_taken":0.0},{"cards_removed":["Slimebound:Strike_Slimebound"],"damage_healed":0,"gold_gain":0,"player_choice":"Offered Basic","damage_taken":0,"max_hp_gain":0,"max_hp_loss":0,"event_name":"Bonfire Elementals","floor":39,"gold_loss":0}],"is_beta":false,"boss_relics":[{"not_picked":["Cursed Key","Runic Dome"],"picked":"hubris:ScarierMask"},{"not_picked":["Astrolabe","hubris:Stopwatch"],"picked":"Tiny House"}],"items_purged_floors":[13,31],"is_endless":false,"potions_floor_spawned":[4,6,11,15,16,23,32,33,36,40],"killed_by":"Reptomancer","ascension_level":3}}