{"host":"gj32n68c553yo87c","time":1608449040,"event":{"mods":["BaseMod","Downfall","Minty Spire (QoL Compilation)","Replay The Spire","StSLib","The Cursed"],"gold_per_floor":[117,128,142,142,156,156,186,204,204,204,154,8,20,20,20,119,119,100,146,162,174,174,194,210,229,229,229,248,77,89,102,102,198,198,212,232,245,245,264,298,298,331,357,95,111,111,63,83,83,83],"floor_reached":51,"playtime":3235,"items_purged":["Strike_R","Strike_R"],"score":732,"play_id":"2447f123-b3a3-40e7-b87a-f6630a351976","local_time":"20201219232400","is_ascension_mode":false,"campfire_choices":[{"data":"Armaments","floor":6.0,"key":"SMITH"},{"data":"Defend_R","floor":15.0,"key":"SMITH"},{"floor":27.0,"key":"REST"},{"data":"Juggernaut","floor":32.0,"key":"SMITH"},{"data":"Metallicize","floor":46.0,"key":"SMITH"},{"data":"Defend_R","floor":49,"key":"SMITH"}],"circlet_count":0,"master_deck":["Defend_R+1","Defend_R+1","Defend_R","Defend_R+1","Bash","Body Slam","Armaments+1","Shrug It Off+1","Body Slam","Body Slam","Juggernaut+1","Metallicize+1","Battle Trance+1","Body Slam+1","Offering+1","Body Slam","Dual Wield+1","Infernal Blade+1"],"relics":["Black Blood","NeowsBlessing","InkBottle","Happy Flower","Toxic Egg 2","Black Star","Replay:PocketPolymizer","Anchor","Shuriken","ReplayTheSpireMod:Ninjato","Lantern","Mirror"],"acts_visited":["Exordium","TheCity","TheBeyond"],"potions_floor_usage":[50,50],"damage_taken":[{"damage":0.0,"enemies":"Cultist","floor":1.0,"turns":1.0},{"damage":0.0,"enemies":"Jaw Worm","floor":2.0,"turns":1.0},{"damage":0.0,"enemies":"Small Slimes","floor":3.0,"turns":1.0},{"damage":0.0,"enemies":"3 Louse","floor":5.0,"turns":4.0},{"damage":0.0,"enemies":"Looter","floor":8.0,"turns":3.0},{"damage":0.0,"enemies":"2 Fungi Beasts","floor":13.0,"turns":2.0},{"damage":12.0,"enemies":"The Guardian","floor":16.0,"turns":7.0},{"damage":21.0,"enemies":"2 Thieves","floor":18.0,"turns":4.0},{"damage":15.0,"enemies":"Spheric Guardian","floor":20.0,"turns":6.0},{"damage":16.0,"enemies":"Cultist and Chosen","floor":21.0,"turns":6.0},{"damage":29.0,"enemies":"Snake Plant","floor":23.0,"turns":5.0},{"damage":18.0,"enemies":"Shelled Parasite and Fungi","floor":24.0,"turns":5.0},{"damage":10.0,"enemies":"Centurion and Healer","floor":25.0,"turns":9.0},{"damage":7.0,"enemies":"Snake Plant","floor":28.0,"turns":4.0},{"damage":6.0,"enemies":"Cultist and Chosen","floor":30.0,"turns":7.0},{"damage":12.0,"enemies":"Centurion and Healer","floor":31.0,"turns":5.0},{"damage":15.0,"enemies":"Automaton","floor":33.0,"turns":8.0},{"damage":6.0,"enemies":"3 Darklings","floor":35.0,"turns":3.0},{"damage":6.0,"enemies":"3 Shapes","floor":36.0,"turns":3.0},{"damage":17.0,"enemies":"Maw","floor":37.0,"turns":5.0},{"damage":6.0,"enemies":"3 Darklings","floor":39.0,"turns":2.0},{"damage":13.0,"enemies":"Reptomancer","floor":40.0,"turns":2.0},{"damage":25.0,"enemies":"R_Hoarder","floor":42.0,"turns":7.0},{"damage":10.0,"enemies":"Sphere and 2 Shapes","floor":45.0,"turns":4.0},{"damage":6.0,"enemies":"4 Shapes","floor":48.0,"turns":5.0},{"damage":38,"enemies":"Time Eater","floor":50,"turns":8}],"seed_played":"6724915130034727665","potions_obtained":[{"floor":1.0,"key":"Block Potion"},{"floor":3.0,"key":"AttackPotion"},{"floor":8.0,"key":"Fire Potion"},{"floor":16.0,"key":"Languid Potion"},{"floor":18.0,"key":"SpeedPotion"},{"floor":23.0,"key":"PowerPotion"},{"floor":25.0,"key":"FairyPotion"},{"floor":36.0,"key":"Death Potion"},{"floor":40.0,"key":"SteroidPotion"}],"is_trial":false,"path_per_floor":["M","M","M","?","M","R","?","M","T","?","?","$","M","?","R","B",null,"M","T","M","M","?","M","M","M","T","R","M","$","M","M","R","B",null,"M","M","M","?","M","E","?","E","T","$","M","R","$","M","R","B",null],"character_chosen":"IRONCLAD","items_purchased":["Shrug It Off","Body Slam","Battle Trance+1","Mirror","ColorlessPotion"],"campfire_rested":1,"item_purchase_floors":[12,12,29,44,47],"current_hp_per_floor":[80,80,80,80,80,80,80,80,80,64,64,64,70,70,70,64,80,71,71,68,64,64,47,41,43,43,67,72,72,78,78,78,75,80,80,80,75,75,80,79,79,66,66,66,68,68,68,74,74,48],"gold":83,"neow_bonus":"THREE_ENEMY_KILL","is_daily":false,"chose_seed":false,"campfire_upgraded":5,"win_rate":0.0,"timestamp":1608449040,"path_taken":["M","M","M","?","?","R","?","M","T","?","?","?","M","?","R","BOSS","M","?","?","M","?","M","?","M","T","R","M","$","M","M","R","BOSS","M","M","?","?","M","E","?","E","T","$","M","R","?","?","R","BOSS"],"items_purchased_type":["Card","Card","Card","Relic","Potion"],"build_version":"2020-12-13","purchased_purges":2,"victory":true,"max_hp_per_floor":[80,80,80,80,80,80,80,80,80,80,80,80,80,80,80,80,80,80,80,80,80,80,80,80,80,80,80,80,80,80,80,80,80,80,80,80,80,80,80,80,80,80,80,80,80,80,80,80,80,80],"card_choices":[{"not_picked":["Seeing Red","ReplayTheSpireMod:Stacked","Disarm"],"picked":"SKIP","floor":1.0},{"not_picked":["Flex","Uppercut"],"picked":"Body Slam","floor":2.0},{"not_picked":["Sword Boomerang","Berserk","ReplayTheSpireMod:Limb From Limb"],"picked":"SKIP","floor":3.0},{"not_picked":["Dropkick","Hemokinesis"],"picked":"Armaments","floor":5.0},{"not_picked":["Abandon","Clothesline","Dark Embrace"],"picked":"SKIP","floor":8.0},{"not_picked":["Clash","Anger"],"picked":"Body Slam","floor":13.0},{"not_picked":["Double Tap","Feed"],"picked":"Juggernaut","floor":16.0},{"not_picked":["Bloodletting","Flex","Anger"],"picked":"SKIP","floor":18.0},{"not_picked":["Anger+1","Power Through+1","ReplayTheSpireMod:Limb From Limb"],"picked":"SKIP","floor":20.0},{"not_picked":["Anger+1","Power Through+1","ReplayTheSpireMod:Limb From Limb"],"picked":"SKIP","floor":20.0},{"not_picked":["Armaments","Warcry"],"picked":"Metallicize","floor":21.0},{"not_picked":["Perfected Strike+1","Metallicize","Iron Wave"],"picked":"SKIP","floor":23.0},{"not_picked":["Sever Soul","Anger","ReplayTheSpireMod:Limb From Limb"],"picked":"SKIP","floor":24.0},{"not_picked":["Rage","Warcry+1","Headbutt"],"picked":"SKIP","floor":25.0},{"not_picked":["ReplayTheSpireMod:Strike From Hell","Fire Breathing","Flex+1"],"picked":"SKIP","floor":28.0},{"not_picked":["Battle Trance+1","Iron Wave","Fiend Fire"],"picked":"SKIP","floor":30.0},{"not_picked":["Infernal Blade+1","Iron Wave"],"picked":"Body Slam+1","floor":31.0},{"not_picked":["Berserk","Bludgeon"],"picked":"Offering+1","floor":33.0},{"not_picked":["Carnage+1","Blood for Blood","Power Through+1"],"picked":"SKIP","floor":35.0},{"not_picked":["Clothesline+1","Clash"],"picked":"Body Slam","floor":36.0},{"not_picked":["Rage+1","Perfected Strike+1","Bloodletting+1"],"picked":"SKIP","floor":37.0},{"not_picked":["Feel No Pain+1","Bloodletting+1","Cleave"],"picked":"SKIP","floor":39.0},{"not_picked":["Flex+1","Ghostly Armor+1"],"picked":"Dual Wield+1","floor":40.0},{"not_picked":["Intimidate+1","Dark Embrace","Iron Wave+1"],"picked":"SKIP","floor":42.0},{"not_picked":["Clash","Clothesline+1","Bloodletting+1"],"picked":"SKIP","floor":45.0},{"not_picked":["ReplayTheSpireMod:Strike From Hell+1","Pummel+1","Defy Death+1"],"picked":"SKIP","floor":48.0}],"player_experience":47526,"relics_obtained":[{"floor":9.0,"key":"InkBottle"},{"floor":19.0,"key":"Happy Flower"},{"floor":26.0,"key":"Toxic Egg 2"},{"floor":40.0,"key":"Replay:PocketPolymizer"},{"floor":40.0,"key":"Anchor"},{"floor":42.0,"key":"Shuriken"},{"floor":42.0,"key":"ReplayTheSpireMod:Ninjato"},{"floor":43.0,"key":"Lantern"}],"event_choices":[{"damage_healed":0.0,"max_hp_gain":0.0,"max_hp_loss":0.0,"gold_gain":0.0,"event_name":"The Woman in Blue","player_choice":"Bought 0 Potions","floor":4.0,"gold_loss":0.0,"damage_taken":0.0},{"damage_healed":0.0,"max_hp_gain":0.0,"max_hp_loss":0.0,"gold_gain":30.0,"event_name":"Dead Adventurer","player_choice":"Searched \u00272\u0027 times","floor":7.0,"gold_loss":0.0,"damage_taken":0.0},{"damage_healed":0.0,"max_hp_gain":0.0,"max_hp_loss":0.0,"gold_gain":0.0,"event_name":"Shining Light","player_choice":"Entered Light","floor":10.0,"gold_loss":0.0,"damage_taken":16.0,"cards_upgraded":["Strike_R","Defend_R"]},{"cards_removed":["Strike_R"],"damage_healed":0.0,"max_hp_gain":0.0,"max_hp_loss":0.0,"gold_gain":0.0,"event_name":"The Cleric","player_choice":"Card Removal","floor":11.0,"gold_loss":50.0,"damage_taken":0.0},{"damage_healed":0.0,"max_hp_gain":0.0,"max_hp_loss":0.0,"gold_gain":0.0,"event_name":"Accursed Blacksmith","player_choice":"Forge","floor":14.0,"gold_loss":0.0,"damage_taken":0.0,"cards_upgraded":["Shrug It Off"]},{"cards_removed":["Strike_R"],"damage_healed":0.0,"max_hp_gain":0.0,"max_hp_loss":0.0,"gold_gain":0.0,"event_name":"Purifier","player_choice":"Purged","floor":22.0,"gold_loss":0.0,"damage_taken":0.0},{"damage_healed":0.0,"max_hp_gain":0.0,"max_hp_loss":0.0,"gold_gain":0.0,"event_name":"SensoryStone","player_choice":"Memory 1","floor":38.0,"gold_loss":0.0,"damage_taken":0.0}],"is_beta":false,"boss_relics":[{"not_picked":["Fusion Hammer","Coffee Dripper"],"picked":"Black Blood"},{"not_picked":["Calling Bell","Astrolabe"],"picked":"Black Star"}],"items_purged_floors":[12,29],"is_endless":false,"potions_floor_spawned":[1,3,8,16,18,23,25,30,31,36,40],"ascension_level":0}}