{"host":"w97dq1whmpm6b2tc","time":1608482493,"event":{"mods":["BaseMod","Challenge The Spire","Downfall","Minty Spire (QoL Compilation)","Replay The Spire","StSLib"],"gold_per_floor":[99,25,52,52,52,52,52,79,124,124,139,139,150,15,115,132,145,243,243,168,168,168,199,199,228,228,153,186,186,203,68,85,105,117,215,215,215,235,235,263,279,279,326,356,356,387,387,405,491,491,510,510],"floor_reached":53,"playtime":4105,"items_purged":["champ:Strike","champ:Strike"],"score":995,"play_id":"f73c22e2-835b-4dd9-a8f2-f9712cc491e7","local_time":"20201220184133","is_ascension_mode":true,"campfire_choices":[{"floor":1,"key":"DIG"},{"floor":4,"key":"RECALL"},{"data":"champ:SteelEdge","floor":7,"key":"SMITH"},{"data":"champ:Taunt","floor":10,"key":"SMITH"},{"data":"champ:HeartStrike","floor":10,"key":"SMITH"},{"data":"champ:FanOfKnives","floor":12,"key":"SMITH"},{"data":"champ:FanOfKnives","floor":12,"key":"SMITH"},{"data":"champ:Improvising","floor":20,"key":"SMITH"},{"data":"champ:Improvising","floor":20,"key":"SMITH"},{"data":"champ:FocusedBerserking","floor":22,"key":"SMITH"},{"data":"champ:FocusedBerserking","floor":22,"key":"SMITH"},{"data":"champ:RageSigil","floor":24,"key":"SMITH"},{"data":"champ:RageSigil","floor":24,"key":"SMITH"},{"data":"champ:Lariat","floor":27,"key":"SMITH"},{"data":"champ:FaceSlap","floor":27,"key":"SMITH"},{"data":"champ:Execute","floor":29,"key":"SMITH"},{"data":"champ:Defend","floor":29,"key":"SMITH"},{"data":"champ:DancingMaster","floor":37,"key":"SMITH"},{"data":"champ:DancingMaster","floor":37,"key":"SMITH"},{"data":"champ:Lariat","floor":39,"key":"SMITH"},{"data":"champ:GladiatorsShout","floor":39,"key":"SMITH"},{"data":"champ:StanceDance","floor":42,"key":"SMITH"},{"data":"champ:AdrenalArmor","floor":42,"key":"SMITH"},{"data":"Pot Of Greed","floor":45,"key":"SMITH"},{"data":"Pot Of Greed","floor":45,"key":"SMITH"}],"circlet_count":0,"master_deck":["champ:Strike","champ:Strike","champ:Defend+1","champ:Defend","champ:Defend","champ:Execute+1","champ:Taunt+1","champ:FanOfKnives+1","champ:HeartStrike+1","champ:SteelEdge+1","champ:FanOfKnives+1","champ:Improvising+1","champ:FocusedBerserking+1","champ:RageSigil+1","champ:GladiatorStyle","champ:RageSigil+1","champ:FocusedBerserking+1","champ:FaceSlap+1","champ:Improvising+1","champ:Lariat+1","champ:GladiatorsShout+1","champ:AdrenalArmor+1","champ:BerserkerStyle","champ:DancingMaster+1","champ:DancingMaster+1","champ:Lariat+1","champ:StanceDance+1","Pot Of Greed","Pot Of Greed+1","Pot Of Greed+1","champ:StanceDance","champ:SwordSigil+1","champ:StanceDance+1","Replay:SS_hec_1"],"relics":["champ:ChampionCrown","downfall:HeartsMalice","Letter Opener","ReplayTheSpireMod:Shallot","Replay:Arrowhead","Orichalcum","CloakClasp","sneckomod:SneckoTalon","downfall:HeartBlessingRed","Shuriken","Onion Ring","downfall:HeartBlessingBlue","Gremlin Horn","Runic Pyramid","Bronze Scales","Grinning Jar","Pear","Anchor","Lee\u0027s Waffle"],"acts_visited":["Exordium","TheCity","TheBeyond"],"potions_floor_usage":[18,38],"damage_taken":[{"damage":0,"enemies":"downfall:FleeingMerchant","floor":2,"turns":1},{"damage":0,"enemies":"Replay:BlueRogue","floor":3,"turns":1},{"damage":0,"enemies":"Lagavulin","floor":8,"turns":1},{"damage":0,"enemies":"Jaw Worm","floor":11,"turns":3},{"damage":0,"enemies":"2 Louse","floor":13,"turns":2},{"damage":8,"enemies":"downfall:FleeingMerchant","floor":14,"turns":4},{"damage":27,"enemies":"downfall:FleeingMerchant","floor":15,"turns":5},{"damage":12,"enemies":"Cultist","floor":16,"turns":3},{"damage":9,"enemies":"Lots of Slimes","floor":17,"turns":3},{"damage":57,"enemies":"downfall:Defect","floor":18,"turns":6},{"damage":40,"enemies":"Replay:Snechameleon","floor":23,"turns":4},{"damage":62,"enemies":"Book of Stabbing","floor":25,"turns":5},{"damage":23,"enemies":"Replay:Snechameleon","floor":28,"turns":3},{"damage":12,"enemies":"3 Byrds","floor":30,"turns":2},{"damage":9,"enemies":"downfall:FleeingMerchant","floor":31,"turns":4},{"damage":13,"enemies":"Spheric Guardian","floor":32,"turns":2},{"damage":30,"enemies":"Snake Plant","floor":33,"turns":3},{"damage":23,"enemies":"Snecko","floor":34,"turns":4},{"damage":67,"enemies":"downfall:Watcher","floor":35,"turns":6},{"damage":22,"enemies":"3 Darklings","floor":38,"turns":4},{"damage":42,"enemies":"Giant Head","floor":40,"turns":5},{"damage":33,"enemies":"3 Shapes","floor":41,"turns":2},{"damage":92,"enemies":"R_Hoarder","floor":44,"turns":6},{"damage":53,"enemies":"Nemesis","floor":46,"turns":3},{"damage":8,"enemies":"Sphere and 2 Shapes","floor":48,"turns":1},{"damage":12,"enemies":"downfall:FleeingMerchant","floor":49,"turns":3},{"damage":13,"enemies":"Jaw Worm Horde","floor":51,"turns":1},{"damage":19,"enemies":"downfall:Ironclad","floor":52,"turns":4}],"seed_played":"-7900055992551719701","potions_obtained":[{"floor":3,"key":"ColorlessPotion"},{"floor":16,"key":"DuplicationPotion"},{"floor":17,"key":"BlessingOfTheForge"},{"floor":25,"key":"Elixir"},{"floor":28,"key":"LifebloodPotion"},{"floor":33,"key":"Venom Potion"},{"floor":38,"key":"Strength Potion"}],"is_trial":false,"path_per_floor":["R","$","E","R","PTL","PTL","R","E","T","R","M","R","M","$","?","M","M","B",null,"R","?","R","E","R","E","T","R","E","R","M","$","M","M","M","B",null,"R","M","R","E","M","R","T","E","R","E","?","M","?","?","M","B",null],"character_chosen":"THE_CHAMP","items_purchased":["champ:HeartStrike","champ:RageSigil","champ:GladiatorStyle","champ:AdrenalArmor","Lee\u0027s Waffle"],"campfire_rested":0,"item_purchase_floors":[2,14,14,31,49],"current_hp_per_floor":[90,90,90,90,90,90,90,90,90,90,90,90,90,90,81,87,90,57,90,90,90,90,83,83,69,69,79,68,68,68,72,78,78,86,73,100,100,99,99,100,100,100,100,110,110,110,110,108,117,117,117,117],"gold":510,"neow_bonus":"THREE_ENEMY_KILL","is_daily":false,"chose_seed":false,"campfire_upgraded":23,"win_rate":0.0,"timestamp":1608482493,"path_taken":["R","$","E","R","PTL","PTL","R","E","T","R","M","R","M","$","?","M","M","BOSS","R","?","R","E","R","E","T","R","E","R","M","?","?","?","M","BOSS","R","M","R","E","M","R","T","E","R","E","?","M","?","?","M","BOSS"],"items_purchased_type":["Card","Card","Card","Card","Relic"],"build_version":"2020-12-13","purchased_purges":2,"victory":true,"max_hp_per_floor":[90,90,90,90,90,90,90,90,90,90,90,90,90,90,90,90,90,90,90,90,90,90,90,90,90,90,100,100,100,100,100,100,100,100,100,100,100,100,100,100,100,100,100,110,110,110,110,110,117,117,117,117],"card_choices":[{"not_picked":["champ:BringItOn","champ:SkillfulDodge"],"picked":"champ:FanOfKnives","floor":2},{"not_picked":["champ:StanceDance","champ:FanOfKnives"],"picked":"champ:SteelEdge","floor":3},{"not_picked":["champ:Backstep","champ:FalseCounter","champ:Riposte"],"picked":"SKIP","floor":8},{"not_picked":["champ:FlashCut","champ:ArenaPreparation"],"picked":"champ:FanOfKnives","floor":11},{"not_picked":["champ:TornadoPunch","champ:ShieldSigil"],"picked":"champ:Improvising","floor":13},{"not_picked":["champ:Duel","champ:HoldFirm"],"picked":"champ:FocusedBerserking","floor":14},{"not_picked":["champ:BerserkersShout","champ:DeathBlow"],"picked":"champ:RageSigil","floor":15},{"not_picked":["champ:GladiatorsShout","champ:RageSigil"],"picked":"champ:FocusedBerserking","floor":16},{"not_picked":["champ:ShieldSigil","champ:GladiatorsShout"],"picked":"champ:FaceSlap","floor":17},{"not_picked":["champ:Devastate","champ:SteelEdge"],"picked":"champ:Improvising","floor":18},{"not_picked":["champ:DefensiveShout","champ:Backstep","champ:FaceSlap"],"picked":"SKIP","floor":23},{"not_picked":["champ:FanOfKnives","champ:Backstep"],"picked":"champ:Lariat","floor":25},{"not_picked":["champ:ViciousMockery","champ:Circumvent+1","champ:Duel"],"picked":"SKIP","floor":28},{"not_picked":["champ:DefensiveShout","champ:ArenaPreparation"],"picked":"champ:GladiatorsShout","floor":30},{"not_picked":["champ:FlashCut","champ:DefensiveShout","champ:SteelEdge"],"picked":"SKIP","floor":31},{"not_picked":["champ:SkillfulDodge+1","champ:Backstep","champ:ArenaPreparation+1"],"picked":"SKIP","floor":32},{"not_picked":["champ:Encircle","champ:ShieldSigil"],"picked":"champ:BerserkerStyle","floor":33},{"not_picked":["champ:SwordSigil+1","champ:CalledShot"],"picked":"champ:DancingMaster","floor":34},{"not_picked":["champ:CheapShot","champ:MurderStrike"],"picked":"champ:DancingMaster","floor":35},{"not_picked":["champ:GladiatorsShout","champ:FlashCut+1"],"picked":"champ:Lariat","floor":38},{"not_picked":["champ:Duel+1","champ:GladiatorStyle","champ:BerserkersShout+1"],"picked":"SKIP","floor":40},{"not_picked":["champ:PerfectedStrike","champ:BladeFlurry"],"picked":"champ:StanceDance","floor":41},{"not_picked":["champ:Circumvent+1","champ:BringItOn","champ:FlashCut+1"],"picked":"SKIP","floor":44},{"not_picked":["champ:DefensiveStyle","champ:SwordThrow"],"picked":"champ:StanceDance","floor":46},{"not_picked":["champ:PreciseThrust","champ:ArenaPreparation"],"picked":"champ:SwordSigil+1","floor":48},{"not_picked":["champ:RisingSlash","champ:Riposte"],"picked":"champ:StanceDance+1","floor":49},{"not_picked":["expansioncontent:HyperBeam","expansioncontent:Collect"],"picked":"Replay:SS_hec_1","floor":50},{"not_picked":["champ:EnragedBash","champ:Devastate","champ:ArenaPreparation+1"],"picked":"SKIP","floor":51}],"player_experience":3668606,"relics_obtained":[{"floor":1,"key":"Letter Opener"},{"floor":3,"key":"ReplayTheSpireMod:Shallot"},{"floor":8,"key":"Replay:Arrowhead"},{"floor":9,"key":"Orichalcum"},{"floor":15,"key":"CloakClasp"},{"floor":23,"key":"Shuriken"},{"floor":25,"key":"Onion Ring"},{"floor":28,"key":"Gremlin Horn"},{"floor":40,"key":"Bronze Scales"},{"floor":43,"key":"Grinning Jar"},{"floor":44,"key":"Pear"},{"floor":46,"key":"Anchor"}],"event_choices":[{"cards_removed":["champ:Defend"],"damage_healed":0,"gold_gain":0,"player_choice":"Removed Skill","damage_taken":0,"max_hp_gain":0,"max_hp_loss":0,"event_name":"Falling","floor":47,"gold_loss":0}],"is_beta":false,"boss_relics":[{"not_picked":["Honey Jar","Ring of Chaos"],"picked":"sneckomod:SneckoTalon"},{"not_picked":["Replay:Wanted Poster","Astrolabe"],"picked":"Runic Pyramid"}],"items_purged_floors":[31,49],"is_endless":false,"potions_floor_spawned":[3,16,17,25,28,33,34,38,44,46,51],"ascension_level":2}}