{"host":"qzcrkuyonb3ec1ca","time":1608505749,"event":{"mods":["BaseMod","Better Third Choice","Colored Powertips","Downfall","Koishi","Marisa????????","Minty Spire (QoL Compilation)","Quick Restart","Relic Stats","Spicy Shops","StSLib","The Animator","The Cursed","The Hierophant","The Servant 0.9.4","Uncapped"],"gold_per_floor":[99,99,99,99,99,99,99,125,125,158,171,6,106,118,137,240,240,240,260,272,272,372,372,372,372,389,415,160,170,180,180,193,292,292,67,83,83,113,126,140,166,166,192,204,227,239,245,264,280,280,280,307,61,61,61],"floor_reached":56,"playtime":5413,"items_purged":["Slimebound:Defend_Slimebound","Slimebound:Strike_Slimebound","Slimebound:Defend_Slimebound"],"score":1285,"play_id":"bcda2a97-507b-41a5-bed2-cae9a680147a","local_time":"20201220170909","is_ascension_mode":false,"campfire_choices":[{"data":"Slimebound:Split","floor":1.0,"key":"SMITH"},{"data":"Slimebound:SpikyOuterGoop","floor":3.0,"key":"SMITH"},{"floor":6.0,"key":"RECALL"},{"data":"Slimebound:SlimeBarrage","floor":9.0,"key":"SMITH"},{"data":"Slimebound:WasteNot","floor":18.0,"key":"SMITH"},{"data":"Slimebound:GoopTackle","floor":21.0,"key":"SMITH"},{"data":"Slimebound:RejuvenatingLick","floor":23.0,"key":"SMITH"},{"data":"Slimebound:SamplingLick","floor":25.0,"key":"SMITH"},{"data":"Slimebound:CheckThePlaybook","floor":35.0,"key":"SMITH"},{"data":"Slimebound:LevelUp","floor":37.0,"key":"SMITH"},{"data":"Slimebound:LeadByExample","floor":44.0,"key":"SMITH"},{"data":"Slimebound:WasteNot","floor":54,"key":"SMITH"}],"circlet_count":0,"master_deck":["Slimebound:Strike_Slimebound","Slimebound:Strike_Slimebound","Slimebound:Tackle","Slimebound:Defend_Slimebound","Slimebound:Defend_Slimebound","Slimebound:Split+1","Slimebound:CorrosiveSpit","Slimebound:SpikyOuterGoop+1","Slimebound:SlimeTap","Slimebound:SlimeBarrage+1","Slimebound:SplitLeeching","Slimebound:ViciousTackle","Slimebound:SlimeSpikes","Slimebound:SplitAcid","Slimebound:RejuvenatingLick+1","Slimebound:WasteNot+1","Slimebound:GoopTackle+1","Slimebound:SamplingLick+1","Slimebound:ForwardTackle+1","Slimebound:RainOfGoop+1","Slimebound:LevelUp+1","Slimebound:CheckThePlaybook+1","Slimebound:AcidTongue+1","Slimebound:OozeBath","Slimebound:SplitMire+1","Slimebound:SplitLeeching+1","Slimebound:LeadByExample+1","Slimebound:LeechLife","expansioncontent:FaceSlap","Slimebound:LevelUp+1","Slimebound:PrepareCrush","Slimebound:MinionMaster","Slimebound:MegaLick+1","Panache","Slimebound:WasteNot+1"],"relics":["Slimebound:AbsorbEndCombatUpgraded","downfall:HeartsMalice","Mango","Blood Vial","Membership Card","TungstenRod","Question Card","Bag of Preparation","PreservedInsect","CaptainsWheel","Happy Flower","InkBottle","Sozu","downfall:HeartBlessingRed","downfall:HeartBlessingGreen","downfall:HeartBlessingBlue","Nunchaku","Bag of Marbles","MawBank","Slimebound:AggressiveSlimeRelic","Medical Kit","Ornamental Fan","Strange Spoon"],"acts_visited":["Exordium","TheCity","TheBeyond","TheEnding"],"potions_floor_usage":[55],"damage_taken":[{"damage":0.0,"enemies":"Small Slimes","floor":2.0,"turns":1.0},{"damage":0.0,"enemies":"Jaw Worm","floor":4.0,"turns":1.0},{"damage":0.0,"enemies":"Gremlin Nob","floor":8.0,"turns":1.0},{"damage":31.0,"enemies":"Lagavulin","floor":10.0,"turns":4.0},{"damage":8.0,"enemies":"2 Louse","floor":11.0,"turns":2.0},{"damage":16.0,"enemies":"downfall:FleeingMerchant","floor":12.0,"turns":4.0},{"damage":25.0,"enemies":"Blue Slaver","floor":14.0,"turns":5.0},{"damage":23.0,"enemies":"2 Fungi Beasts","floor":15.0,"turns":2.0},{"damage":54.0,"enemies":"downfall:Watcher","floor":16.0,"turns":7.0},{"damage":38.0,"enemies":"Shell Parasite","floor":19.0,"turns":5.0},{"damage":32.0,"enemies":"Snake Plant","floor":20.0,"turns":4.0},{"damage":73.0,"enemies":"downfall:Defect","floor":22.0,"turns":6.0},{"damage":36.0,"enemies":"Shelled Parasite and Fungi","floor":26.0,"turns":4.0},{"damage":33.0,"enemies":"Slavers","floor":27.0,"turns":4.0},{"damage":18.0,"enemies":"downfall:FleeingMerchant","floor":28.0,"turns":4.0},{"damage":21.0,"enemies":"Cultist and Chosen","floor":29.0,"turns":4.0},{"damage":32.0,"enemies":"Snake Plant","floor":30.0,"turns":3.0},{"damage":34.0,"enemies":"Centurion and Healer","floor":32.0,"turns":3.0},{"damage":74.0,"enemies":"downfall:Ironclad","floor":33.0,"turns":5.0},{"damage":43.0,"enemies":"3 Darklings","floor":36.0,"turns":4.0},{"damage":24.0,"enemies":"Giant Head","floor":38.0,"turns":5.0},{"damage":31.0,"enemies":"3 Shapes","floor":39.0,"turns":3.0},{"damage":29.0,"enemies":"Writhing Mass","floor":40.0,"turns":4.0},{"damage":28.0,"enemies":"Reptomancer","floor":43.0,"turns":4.0},{"damage":43.0,"enemies":"Maw","floor":45.0,"turns":5.0},{"damage":24.0,"enemies":"downfall:FleeingMerchant","floor":47.0,"turns":2.0},{"damage":34,"enemies":"Jaw Worm Horde","floor":48,"turns":3},{"damage":39,"enemies":"3 Darklings","floor":49,"turns":3},{"damage":30,"enemies":"downfall:Defect","floor":50,"turns":4},{"damage":52,"enemies":"downfall:CharBossMerchant","floor":52,"turns":4},{"damage":201,"enemies":"downfall:NeowBoss","floor":55,"turns":20}],"seed_played":"5540347387318849415","potions_obtained":[{"floor":8.0,"key":"GamblersBrew"},{"floor":11.0,"key":"Block Potion"},{"floor":15.0,"key":"Slimebound:ThreeZeroPotion"},{"floor":16.0,"key":"Swift Potion"},{"floor":20.0,"key":"PowerPotion"},{"floor":27.0,"key":"Slimebound:SlimyTonguePotion"},{"floor":29.0,"key":"GamblersBrew"},{"floor":33.0,"key":"Ancient Potion"}],"is_trial":false,"path_per_floor":["R","M","R","M","?","R","T","E","R","E","M","$","?","M","M","B",null,"R","M","M","R","?","R","T","R","M","E","$","M","M","?","M","B",null,"R","M","R","E","M","M","T","?","E","R","M","?","$","M","M","B",null,"E","$","R","B",null],"character_chosen":"SLIMEBOUND","items_purchased":["Membership Card","CaptainsWheel","Happy Flower","InkBottle","Slimebound:AggressiveSlimeRelic","Slimebound:PrepareCrush","Medical Kit","Strange Spoon","Panache","Slimebound:WasteNot"],"campfire_rested":0,"item_purchase_floors":[12,28,28,28,47,47,47,53,53,53],"current_hp_per_floor":[60,60,60,60,65,65,65,79,79,62,68,70,70,63,54,32,79,79,79,73,73,32,32,32,32,42,49,61,79,70,70,70,45,79,89,82,82,89,74,77,77,77,86,86,82,82,89,80,73,75,89,77,77,77,60],"gold":61,"neow_bonus":"THREE_ENEMY_KILL","is_daily":false,"chose_seed":false,"campfire_upgraded":11,"win_rate":0.0,"timestamp":1608505749,"path_taken":["R","M","R","M","?","R","T","E","R","E","M","$","?","M","M","BOSS","R","M","M","R","?","R","T","R","M","E","$","M","M","?","M","BOSS","R","M","R","E","M","M","T","?","E","R","M","?","$","M","M","BOSS","E","$","R","BOSS"],"items_purchased_type":["Relic","Relic","Relic","Relic","Relic","Card","Relic","Relic","Card","Card"],"build_version":"2020-12-13","purchased_purges":3,"victory":true,"max_hp_per_floor":[60,60,60,60,65,65,65,79,79,79,79,79,79,79,79,79,79,79,79,79,79,79,79,79,79,79,79,79,79,79,79,79,79,79,89,89,89,89,89,89,89,89,89,89,89,89,89,89,89,89,89,89,89,89,89],"relic_stats":{"Happy Flower":[25],"counters":[31,125],"PreservedInsect":306,"Bag of Preparation":[19],"Question Card":19,"MawBank":48,"Medical Kit":[0],"Blood Vial":40,"Sozu":5,"Strange Spoon":[32],"Nunchaku":[8],"Ornamental Fan":[20],"obtain_stats":[{"Slimebound:AggressiveSlimeRelic":47,"Happy Flower":28,"downfall:HeartBlessingRed":35,"downfall:HeartsMalice":0,"Mango":8,"downfall:HeartBlessingGreen":35,"PreservedInsect":27,"Bag of Preparation":24,"Question Card":22,"MawBank":43,"Medical Kit":47,"Blood Vial":10,"Sozu":34,"Strange Spoon":53,"CaptainsWheel":28,"Nunchaku":38,"downfall:HeartBlessingBlue":35,"Ornamental Fan":52,"Slimebound:AbsorbEndCombat":0,"Bag of Marbles":41,"Membership Card":12,"Slimebound:AbsorbEndCombatUpgraded":17,"TungstenRod":22,"InkBottle":28},{"Slimebound:AggressiveSlimeRelic":26,"Happy Flower":15,"downfall:HeartBlessingRed":19,"downfall:HeartsMalice":0,"Mango":3,"downfall:HeartBlessingGreen":19,"PreservedInsect":14,"Bag of Preparation":12,"Question Card":12,"MawBank":24,"Medical Kit":26,"Blood Vial":4,"Sozu":19,"Strange Spoon":30,"CaptainsWheel":15,"Nunchaku":21,"downfall:HeartBlessingBlue":19,"Ornamental Fan":30,"Slimebound:AbsorbEndCombat":0,"Bag of Marbles":23,"Membership Card":6,"Slimebound:AbsorbEndCombatUpgraded":9,"TungstenRod":12,"InkBottle":15},{"Slimebound:AggressiveSlimeRelic":91,"Happy Flower":50,"downfall:HeartBlessingRed":65,"downfall:HeartsMalice":0,"Mango":0,"downfall:HeartBlessingGreen":65,"PreservedInsect":46,"Bag of Preparation":38,"Question Card":38,"MawBank":84,"Medical Kit":91,"Blood Vial":4,"Sozu":65,"Strange Spoon":105,"CaptainsWheel":50,"Nunchaku":74,"downfall:HeartBlessingBlue":65,"Ornamental Fan":105,"Slimebound:AbsorbEndCombat":0,"Bag of Marbles":80,"Membership Card":10,"Slimebound:AbsorbEndCombatUpgraded":23,"TungstenRod":38,"InkBottle":50}],"TungstenRod":227,"InkBottle":[41]},"card_choices":[{"not_picked":["Slimebound:HauntingLick","Slimebound:SplitMire"],"picked":"Slimebound:SpikyOuterGoop","floor":2.0},{"not_picked":["Slimebound:Chomp","Slimebound:BestDefense"],"picked":"Slimebound:SlimeTap","floor":4.0},{"not_picked":["Slimebound:Grow","Slimebound:TongueLash"],"picked":"Slimebound:SlimeBarrage","floor":8.0},{"not_picked":["Slimebound:SamplingLick","Slimebound:Replication"],"picked":"Slimebound:SplitLeeching","floor":10.0},{"not_picked":["Slimebound:FlameTackle","Slimebound:Schlurp"],"picked":"Slimebound:ViciousTackle","floor":11.0},{"not_picked":["Slimebound:DisruptingSlam","Slimebound:GrowthPunch"],"picked":"Slimebound:SlimeSpikes","floor":12.0},{"not_picked":["Slimebound:Schlurp","Slimebound:Dissolve"],"picked":"Slimebound:SplitAcid","floor":14.0},{"not_picked":["Slimebound:LeechEnergy","Slimebound:GoopSpray"],"picked":"Slimebound:RejuvenatingLick","floor":15.0},{"not_picked":["Slimebound:DouseInSlime","Slimebound:SlimeSlap"],"picked":"Slimebound:WasteNot","floor":16.0},{"not_picked":["Slimebound:DisruptingSlam","Slimebound:LeechingTouch"],"picked":"Slimebound:GoopTackle","floor":19.0},{"not_picked":["Slimebound:SplitBruiser","Slimebound:FinishingTackle"],"picked":"Slimebound:SamplingLick","floor":20.0},{"not_picked":["Slimebound:GrowthPunch","Slimebound:MegaLick"],"picked":"Slimebound:ForwardTackle+1","floor":22.0},{"not_picked":["Slimebound:FinishingTackle","Slimebound:ComboTackle","Slimebound:ViciousTackle"],"picked":"Slimebound:RainOfGoop+1","floor":26.0},{"not_picked":["Slimebound:DouseInSlime","Slimebound:PressTheAttack","Slimebound:Schlurp+1"],"picked":"Slimebound:LevelUp","floor":27.0},{"not_picked":["Slimebound:Replication","Slimebound:SlimeSpikes","Slimebound:DisruptingSlam+1"],"picked":"Slimebound:CheckThePlaybook","floor":28.0},{"not_picked":["Slimebound:SlimeSpikes+1","Slimebound:SlimeBarrage","Slimebound:SlimeBrawl","Slimebound:RollThrough"],"picked":"SKIP","floor":29.0},{"not_picked":["Slimebound:Repurpose","Slimebound:Gluttony","Slimebound:SamplingLick"],"picked":"Slimebound:AcidTongue+1","floor":30.0},{"not_picked":["Slimebound:ViciousTackle","Slimebound:Dissolve","Slimebound:SlimeSpikes","Slimebound:GrowthPunch"],"picked":"SKIP","floor":32.0},{"not_picked":["Slimebound:LeechLife","Slimebound:CheckThePlaybook","Slimebound:Teamwork"],"picked":"Slimebound:OozeBath","floor":33.0},{"not_picked":["Slimebound:DisruptingSlam","Slimebound:PressTheAttack","Slimebound:FinishingTackle+1"],"picked":"Slimebound:SplitMire+1","floor":36.0},{"not_picked":["Slimebound:SlimeTap+1","Slimebound:GrowthPunch","Slimebound:ProtectTheBoss"],"picked":"Slimebound:SplitLeeching+1","floor":38.0},{"not_picked":["Slimebound:Schlurp+1","Slimebound:RollThrough+1","Slimebound:FormOfPuddle+1"],"picked":"Slimebound:LeadByExample","floor":39.0},{"not_picked":["Slimebound:PressTheAttack","Slimebound:ViciousTackle+1","Slimebound:DisruptingSlam"],"picked":"Slimebound:LeechLife","floor":40.0},{"not_picked":["expansioncontent:Sear","expansioncontent:BronzeBeam","expansioncontent:PolyBeam"],"picked":"expansioncontent:FaceSlap","floor":42.0},{"not_picked":["Slimebound:SplitBruiser","Slimebound:ViciousTackle+1","Slimebound:GoopSpray+1","Slimebound:GrowthPunch+1"],"picked":"SKIP","floor":43.0},{"not_picked":["Slimebound:Schlurp+1","Slimebound:GrowthPunch","Slimebound:SlimeBarrage+1"],"picked":"Slimebound:LevelUp+1","floor":45.0},{"not_picked":["Slimebound:GoopSpray","Slimebound:TongueLash","Slimebound:SplitAcid"],"picked":"Slimebound:MinionMaster","floor":48},{"not_picked":["Slimebound:RollThrough+1","Slimebound:LeadByExample","Slimebound:ViciousTackle+1"],"picked":"Slimebound:MegaLick+1","floor":49},{"not_picked":["Slimebound:PressTheAttack+1","Slimebound:SplitBruiser","Slimebound:ComboTackle","Slimebound:Gluttony"],"picked":"SKIP","floor":52}],"player_experience":49530,"relics_obtained":[{"floor":8.0,"key":"Mango"},{"floor":10.0,"key":"Blood Vial"},{"floor":22.0,"key":"TungstenRod"},{"floor":22.0,"key":"Question Card"},{"floor":24.0,"key":"Bag of Preparation"},{"floor":27.0,"key":"PreservedInsect"},{"floor":38.0,"key":"Nunchaku"},{"floor":41.0,"key":"Bag of Marbles"},{"floor":43.0,"key":"MawBank"},{"floor":52,"key":"Ornamental Fan"}],"event_choices":[{"damage_healed":0.0,"max_hp_gain":5.0,"max_hp_loss":0.0,"gold_gain":0.0,"event_name":"Big Fish","player_choice":"Donut","floor":5.0,"gold_loss":0.0,"damage_taken":0.0},{"damage_healed":0.0,"max_hp_gain":0.0,"max_hp_loss":0.0,"gold_gain":0.0,"event_name":"Vampires","player_choice":"Ignored","floor":31.0,"gold_loss":0.0,"damage_taken":0.0}],"is_beta":false,"boss_relics":[{"not_picked":["Cursed Key","Slimebound:TarBlob"],"picked":"Slimebound:AbsorbEndCombatUpgraded"},{"not_picked":["Fusion Hammer","Velvet Choker"],"picked":"Sozu"}],"items_purged_floors":[28,47,47],"is_endless":false,"potions_floor_spawned":[8,11,15,16,20,27,29,33,36,38,43,49,52],"ascension_level":0}}