{"host":"njruw0b0uprlitpx","time":1608481184,"event":{"mods":["2.2 Compatiblity","Astrologer","BaseMod","Better Altar","Better Note","Better Sensory Stone","Better Skull","Better Third Choice","BetterRewards","Block Reminder","Colored Map","Colored Powertips","Hermit","Jedi Mod","Keyboard Shortcuts","Minty Spire (QoL Compilation)","Quick Restart","Relic Stats","Replay The Spire","SacredBarkPlus","Spicy Shops","StSLib","SuperFastMode","The Blackbeard","The Bug Knight","The Construct","The Evolution","The Forsaken","The Mystic","The Problem Sleuth","The Runesmith","The Spell Scribe","Wandering Minibosses"],"gold_per_floor":[118,118,134,134,134,165,165,5,5,5,35,35,58,83,83,178,178,188,34,34,34,142,168,180,219,311,323,335,347,359,158,158,260,260,273,273,319,23,23,23,23,55,55,71,71,71,71,91,91,91],"floor_reached":51,"playtime":8364,"items_purged":["theSleuth:Strike","theSleuth:Strike","theSleuth:Strike"],"score":996,"play_id":"7224f527-a3a1-42af-a52c-fefa0a60024d","local_time":"20201220101944","is_ascension_mode":true,"campfire_choices":[{"data":"theSleuth:Leer","floor":7,"key":"SMITH"},{"data":"theSleuth:KeyHandgun","floor":12,"key":"SMITH"},{"data":"theSleuth:WeighIn","floor":15,"key":"SMITH"},{"data":"theSleuth:CandidBullets","floor":27,"key":"SMITH"},{"data":"theScribe:TimeDilation","floor":29,"key":"SMITH"},{"data":"theSleuth:PezUzi","floor":32,"key":"SMITH"},{"data":"1","floor":40,"key":"LIFT"},{"data":"2","floor":41,"key":"LIFT"},{"floor":46,"key":"REST"},{"data":"3","floor":49,"key":"LIFT"}],"circlet_count":0,"master_deck":["theSleuth:Strike","theSleuth:Defend","theSleuth:KeyHandgun+1","theSleuth:TakeInventory","theSleuth:Diplomacy","theSleuth:VictoryPose","theSleuth:Leer+1","Apotheosis+1","theSleuth:MortholDryax","theSleuth:ClubClubClub","theSleuth:FairShake","theSleuth:WeighIn+1","theSleuth:CandidBullets+1","theSleuth:SpadeDig","theSleuth:PezUzi+1","theSleuth:CandyLeather","theScribe:TimeDilation+1","RitualDagger+1","theSleuth:Fortify","theSleuth:Taze","theSleuth:LeverageHeight","theSleuth:KeyringTommygun+1","theSleuth:HandCannon+1"],"relics":["Ring of Misfortune","Matryoshka","Sling","ReplayTheSpireMod:Lightbulb","WingedGreaves","Garlic","Smiling Mask","Odd Mushroom","PreservedInsect","theSleuth:MegatonKey","MawBank","Bird Faced Urn","Boot","Eternal Feather","jedi:hotpepper","Girya","theSleuth:ElfEgg","Mercury Hourglass","Nunchaku","theSleuth:Tectrixcalibur"],"acts_visited":["Exordium","TheCity","TheBeyond"],"potions_floor_usage":[11,16,18,23,13025,25,33,50],"damage_taken":[{"damage":0,"enemies":"2 Louse","floor":1,"turns":1},{"damage":0,"enemies":"Jaw Worm","floor":3,"turns":1},{"damage":0,"enemies":"Gremlin Nob","floor":6,"turns":1},{"damage":0,"enemies":"Lagavulin","floor":11,"turns":5},{"damage":7,"enemies":"The Mushroom Lair","floor":13,"turns":4},{"damage":1,"enemies":"3 Sentries","floor":14,"turns":7},{"damage":0,"enemies":"Slime Boss","floor":16,"turns":10},{"damage":5,"enemies":"2 Thieves","floor":18,"turns":4},{"damage":5,"enemies":"Book of Stabbing","floor":23,"turns":5},{"damage":0,"enemies":"Gremlin Leader","floor":25,"turns":3},{"damage":27,"enemies":"Collector","floor":33,"turns":8},{"damage":12,"enemies":"Orb Walker","floor":35,"turns":4},{"damage":34,"enemies":"2 Orb Walkers","floor":37,"turns":7},{"damage":28,"enemies":"Nemesis","floor":42,"turns":5},{"damage":7,"enemies":"3 Shapes","floor":44,"turns":2},{"damage":0,"enemies":"Jaw Worm Horde","floor":48,"turns":3},{"damage":19,"enemies":"Time Eater","floor":50,"turns":8}],"seed_played":"924759827917728329","potions_obtained":[{"floor":3,"key":"Milkshake"},{"floor":14,"key":"Dexterity Potion"},{"floor":16,"key":"Toxic Potion"},{"floor":23,"key":"Strength Potion"},{"floor":33,"key":"jedi:hoardpotion"},{"floor":44,"key":"LiquidBronze"}],"is_trial":false,"path_per_floor":["M","?","M","?","?","E","R","$","T","?","E","R","?","E","R","B",null,"M","$","?","?","?","E","?","E","T","R","?","R","?","$","R","B",null,"M","?","?","$","?","R","R","E","T","M","?","R","?","M","R","B",null],"character_chosen":"THE_sleuth","items_purchased":["theSleuth:ForceDeck+1","Sling","theSleuth:PezUzi","Strength Potion","theSleuth:Fortify","theSleuth:Taze","theSleuth:ElfEgg"],"campfire_rested":1,"item_purchase_floors":[8,8,19,19,31,31,38],"current_hp_per_floor":[73,66,66,66,66,66,66,66,66,59,59,59,52,51,51,51,73,68,68,61,61,52,47,29,48,48,57,57,69,63,63,73,46,54,42,42,12,12,47,49,51,25,25,22,22,51,51,53,55,38],"gold":91,"neow_bonus":"THREE_ENEMY_KILL","is_daily":false,"chose_seed":false,"campfire_upgraded":6,"win_rate":0.0,"timestamp":1608481184,"path_taken":["M","?","M","?","?","E","R","$","T","?","E","R","?","E","R","BOSS","M","$","?","?","?","E","?","E","T","R","?","R","?","$","R","BOSS","M","?","?","$","?","R","R","E","T","M","?","R","?","M","R","BOSS"],"items_purchased_type":["Card","Relic","Card","Potion","Card","Card","Relic"],"build_version":"2020-12-13","purchased_purges":3,"victory":true,"max_hp_per_floor":[73,73,73,73,73,73,73,73,73,73,73,73,73,73,73,73,73,73,73,73,73,73,73,73,73,73,73,73,73,73,73,73,73,54,54,54,54,54,47,49,51,51,51,51,51,53,53,53,55,55],"relic_stats":{"Nunchaku":[10],"counters":[42,229],"Bird Faced Urn":[14],"Eternal Feather":43,"PreservedInsect":136,"Smiling Mask":150,"MawBank":96,"Boot":[16],"obtain_stats":[{"ReplayTheSpireMod:Ring of Exchange":5,"Lantern":14,"aspiration:Lifesprig":26,"Snecko Heart":17,"Torii":33,"Angel_Ring":45,"CeramicFish":0,"Vajra":9,"theSleuth:ElfEgg":38,"Sling":8,"Smiling Mask":11,"Boot":26,"theSleuth:JesterOfEncumbrance":31,"Dream Catcher":29,"Nunchaku":3,"Matryoshka":6,"theSleuth:Tectrixcalibur":45,"Gambling Chip":0,"WingedGreaves":9,"Red Mask":27,"HollowMod:PaleOreRelic":28,"Gremlin Food":24,"energizedSpire:RedRose":36,"Girya":37,"ReplayTheSpireMod:Ninjato":0,"NeowsBlessing":0,"theSleuth:MegatonKey":17,"Golden Idol":5,"theSleuth:BowenStilsonDogg":9,"Eternal Feather":26,"PreservedInsect":14,"theSleuth:Typewriter":0,"Odd Mushroom":7,"Orichalcum":43,"MawBank":23,"Replay:Arrowhead":26,"Mercury Hourglass":42,"potionbrewer:Torch":11,"potionbrewer:BoosterPack":10,"jedi:hotpepper":34,"Ring of Misfortune":5,"Bird Faced Urn":25,"Garlic":10,"ReplayTheSpireMod:Ring of Challenge":2,"ReplayTheSpireMod:Lightbulb":9},{"ReplayTheSpireMod:Ring of Exchange":27,"Lantern":6,"aspiration:Lifesprig":9,"Snecko Heart":7,"Torii":14,"Angel_Ring":17,"CeramicFish":19,"Vajra":22,"theSleuth:ElfEgg":38,"Sling":28,"Smiling Mask":29,"Boot":35,"theSleuth:JesterOfEncumbrance":12,"Dream Catcher":11,"Nunchaku":20,"Matryoshka":28,"theSleuth:Tectrixcalibur":40,"Gambling Chip":19,"WingedGreaves":28,"Red Mask":10,"HollowMod:PaleOreRelic":10,"Gremlin Food":9,"energizedSpire:RedRose":15,"Girya":38,"ReplayTheSpireMod:Ninjato":19,"NeowsBlessing":25,"theSleuth:MegatonKey":32,"Golden Idol":1,"theSleuth:BowenStilsonDogg":3,"Eternal Feather":35,"PreservedInsect":31,"theSleuth:Typewriter":0,"Odd Mushroom":2,"Orichalcum":17,"MawBank":34,"Replay:Arrowhead":9,"Mercury Hourglass":39,"potionbrewer:Torch":4,"potionbrewer:BoosterPack":3,"jedi:hotpepper":36,"Ring of Misfortune":27,"Bird Faced Urn":35,"Garlic":28,"ReplayTheSpireMod:Ring of Challenge":20,"ReplayTheSpireMod:Lightbulb":28},{"ReplayTheSpireMod:Ring of Exchange":153,"Lantern":34,"aspiration:Lifesprig":58,"Snecko Heart":44,"Torii":80,"Angel_Ring":99,"CeramicFish":119,"Vajra":127,"theSleuth:ElfEgg":211,"Sling":154,"Smiling Mask":159,"Boot":192,"theSleuth:JesterOfEncumbrance":73,"Dream Catcher":69,"Nunchaku":121,"Matryoshka":154,"theSleuth:Tectrixcalibur":218,"Gambling Chip":119,"WingedGreaves":154,"Red Mask":63,"HollowMod:PaleOreRelic":63,"Gremlin Food":58,"energizedSpire:RedRose":91,"Girya":211,"ReplayTheSpireMod:Ninjato":119,"NeowsBlessing":151,"theSleuth:MegatonKey":180,"Golden Idol":2,"theSleuth:BowenStilsonDogg":14,"Eternal Feather":192,"PreservedInsect":170,"theSleuth:Typewriter":0,"Odd Mushroom":9,"Orichalcum":99,"MawBank":189,"Replay:Arrowhead":58,"Mercury Hourglass":216,"potionbrewer:Torch":21,"potionbrewer:BoosterPack":14,"jedi:hotpepper":200,"Ring of Misfortune":153,"Bird Faced Urn":192,"Garlic":154,"ReplayTheSpireMod:Ring of Challenge":121,"ReplayTheSpireMod:Lightbulb":154}],"Mercury Hourglass":[36]},"card_choices":[{"not_picked":["theSleuth:Fortify","theSleuth:CandyCorn"],"picked":"theSleuth:VictoryPose","floor":1},{"not_picked":["theSleuth:ForceDeck","theSleuth:VictoryPose"],"picked":"theSleuth:Leer","floor":3},{"not_picked":["theSleuth:ThinkAhead","theSleuth:Joust"],"picked":"theSleuth:ClubClubClub","floor":6},{"not_picked":["theSleuth:GummyWormZombie","theSleuth:TruffleShuffle","theSleuth:Fortify"],"picked":"SKIP","floor":11},{"not_picked":["theSleuth:PezUzi","theSleuth:ForceDeck"],"picked":"theSleuth:FairShake","floor":13},{"not_picked":["theSleuth:ThrowHat","theSleuth:MobRule"],"picked":"theSleuth:WeighIn","floor":14},{"not_picked":["theSleuth:GummyWormZombie","theSleuth:Conjure"],"picked":"theSleuth:CandidBullets","floor":16},{"not_picked":["theSleuth:BenStillerBust","theSleuth:Pepperminthryl"],"picked":"theSleuth:SpadeDig","floor":18},{"not_picked":["theSleuth:BenStillerBust","theSleuth:ClubClubClub"],"picked":"theSleuth:CandyLeather","floor":23},{"not_picked":["theSleuth:Unscale","theSleuth:RetainReturn","theSleuth:Appropriate"],"picked":"SKIP","floor":25},{"not_picked":["theSleuth:GummyWormZombie","theSleuth:WeirdPuzzleShit"],"picked":"theSleuth:LeverageHeight","floor":33},{"not_picked":["theSleuth:Fortify+1","theSleuth:FudgeDeck"],"picked":"theSleuth:OpportunityCost","floor":35},{"not_picked":["theSleuth:CharismaBlast+1","theSleuth:Taze+1","theSleuth:BellyOTheWhale+1"],"picked":"SKIP","floor":42},{"not_picked":["theSleuth:CharismaBlast+1","theSleuth:Taze+1","theSleuth:BellyOTheWhale+1"],"picked":"SKIP","floor":42},{"not_picked":["theSleuth:TruffleShuffle+1","theSleuth:SpadeDig+1"],"picked":"theSleuth:KeyringTommygun+1","floor":44},{"not_picked":["theSleuth:RetrieveArms","theSleuth:Fortune+1"],"picked":"theSleuth:HandCannon+1","floor":48}],"player_experience":1842047,"relics_obtained":[{"floor":5,"key":"Ring of Misfortune"},{"floor":5,"key":"ReplayTheSpireMod:Ring of Exchange"},{"floor":6,"key":"Matryoshka"},{"floor":9,"key":"ReplayTheSpireMod:Lightbulb"},{"floor":9,"key":"WingedGreaves"},{"floor":11,"key":"Smiling Mask"},{"floor":13,"key":"Odd Mushroom"},{"floor":14,"key":"PreservedInsect"},{"floor":23,"key":"MawBank"},{"floor":25,"key":"Bird Faced Urn"},{"floor":26,"key":"Boot"},{"floor":26,"key":"Eternal Feather"},{"floor":37,"key":"Girya"},{"floor":42,"key":"Mercury Hourglass"},{"floor":43,"key":"Nunchaku"}],"event_choices":[{"cards_removed":["theSleuth:Defend"],"damage_healed":0,"gold_gain":0,"player_choice":"Card Removal","damage_taken":7,"max_hp_gain":0,"max_hp_loss":0,"event_name":"Golden Wing","floor":2,"gold_loss":0},{"damage_healed":66,"gold_gain":0,"player_choice":"Embrace Burn","damage_taken":0,"max_hp_gain":0,"max_hp_loss":73,"event_name":"betterThird:BetterShining","floor":4,"gold_loss":0},{"damage_healed":0,"gold_gain":0,"player_choice":"Relic ","damage_taken":7,"max_hp_gain":0,"max_hp_loss":0,"event_name":"betterThird:BetterScrap","floor":10,"gold_loss":0,"cards_obtained":["Grand Finale"]},{"damage_healed":0,"gold_gain":0,"player_choice":"Fought Mushrooms","damage_taken":0,"max_hp_gain":0,"max_hp_loss":0,"event_name":"Mushrooms","floor":13,"gold_loss":0},{"damage_healed":0,"gold_gain":0,"player_choice":"Damaged","damage_taken":7,"max_hp_gain":0,"max_hp_loss":0,"event_name":"Wheel of Change","floor":20,"gold_loss":0},{"cards_removed":["theSleuth:Defend"],"damage_healed":0,"gold_gain":0,"player_choice":"Purged","damage_taken":0,"max_hp_gain":0,"max_hp_loss":0,"event_name":"Purifier","floor":21,"gold_loss":0},{"damage_healed":0,"gold_gain":108,"player_choice":"GO ","damage_taken":10,"relics_obtained":[],"max_hp_gain":0,"max_hp_loss":0,"event_name":"betterSkull:BetterSkull","floor":22,"gold_loss":0,"cards_upgraded":[]},{"damage_healed":0,"gold_gain":0,"player_choice":" Potion ","damage_taken":18,"relics_obtained":[],"max_hp_gain":47,"max_hp_loss":29,"event_name":"betterAltar:BetterAltar","floor":24,"potions_obtained":["betterAltar:AltarPotion"],"relics_lost":[],"gold_loss":0},{"damage_healed":0,"gold_gain":2,"player_choice":"4","damage_taken":0,"max_hp_gain":0,"max_hp_loss":0,"event_name":"betterStone:BetterStone","floor":28,"gold_loss":0,"cards_obtained":["theScribe:TimeDilation"]},{"damage_healed":0,"gold_gain":0,"player_choice":"Dagger","damage_taken":6,"max_hp_gain":0,"max_hp_loss":0,"event_name":"betterThird:BetterNest","floor":30,"gold_loss":0,"cards_obtained":["RitualDagger"]},{"damage_healed":0,"gold_gain":0,"player_choice":"Ignored","damage_taken":0,"max_hp_gain":0,"max_hp_loss":0,"event_name":"Tomb of Lord Red Mask","floor":36,"gold_loss":0},{"damage_healed":0,"gold_gain":0,"player_choice":"Fight","damage_taken":0,"max_hp_gain":0,"max_hp_loss":0,"event_name":"Mysterious Sphere","floor":37,"gold_loss":0},{"damage_healed":47,"gold_gain":0,"player_choice":"Heal","damage_taken":0,"max_hp_gain":0,"max_hp_loss":7,"event_name":"The Moai Head","floor":39,"gold_loss":0},{"cards_removed":["theSleuth:ForceDeck"],"damage_healed":0,"gold_gain":0,"player_choice":"Removed Power","damage_taken":0,"max_hp_gain":0,"max_hp_loss":0,"event_name":"Falling","floor":47,"gold_loss":0}],"is_beta":false,"boss_relics":[{"not_picked":["Honey Jar","Medical Kit"],"picked":"theSleuth:MegatonKey"},{"not_picked":["Cauldron","theSleuth:JammedPrinter"],"picked":"jedi:hotpepper"}],"items_purged_floors":[19,31,31],"is_endless":false,"potions_floor_spawned":[3,14,16,23,33,44],"ascension_level":2}}