{"host":"g1wmg2w41xhsnw8g","time":1608446285,"event":{"mods":["2.2 Compatiblity","Act Like it!","BaseMod","Better Altar","Better Match","Better Note","Better Sensory Stone","Better Skull","Better Third Choice","BetterRewards","Booster Modes","CapriCore","Colored Map","Colored Powertips","Curses Come First","Defuse TimeMaze Blight","Displayed Cursed Tome","Friendly Minions","GifTheSpireLib","Googly Eyes","Hubris","Infinite Spire","Minty Spire (QoL Compilation)","Red Circlet Mod","Relic Sorter","SCP261 Mod","Shop Mod","Spicy Shops","StSLib","The Druid","The Marked","The Sage","Transform Curses","Wandering Minibosses","????"],"gold_per_floor":[119,132,132,132,147,179,179,209,209,239,294,325,99,182,182,287,287,257,37,57,72,190,272,285,285,357,386,386,301,301,301,301,406,406,466,466,528,528,164,192,192,222,222,250,286,286,319,369,167,265,265,265,1,12,21,79,105,105,209,235,209,209],"floor_reached":61,"playtime":4383,"items_purged":[],"score":1256,"play_id":"1ab869df-a630-4bd7-b9f7-27c7deff1461","local_time":"20201220013805","daily_mods":["SealedDeck","Specialized","Heirloom","Elite Swarm"],"is_ascension_mode":true,"campfire_choices":[{"data":"theMarked:SoldierForm","floor":7.0,"key":"SMITH"},{"floor":15.0,"key":"REST"},{"data":"theMarked:MysticalArsenal","floor":25.0,"key":"SMITH"},{"data":"theMarked:SummonStrength","floor":28.0,"key":"SMITH"},{"data":"theMarked:BindingBlade","floor":30,"key":"SMITH"},{"data":"theMarked:ElectricStrings","floor":32,"key":"SMITH"},{"floor":46,"key":"REST"},{"data":"infinitespire:Oblivion","floor":58,"key":"SMITH"}],"circlet_count":0,"master_deck":["theMarked:TunnelVision","theMarked:Aftermath","theMarked:RepellingDischarge","theMarked:WardOff","theMarked:ElectricStrings+1","theMarked:Seal","theMarked:HeritageOfTheMarked","theMarked:BanishingWave","theMarked:MuscleMemory","theMarked:SoldierForm+1","theMarked:Electrify","theMarked:MysticalArsenal+1","theMarked:SummonStrength+1","theMarked:BindingBlade+1","theMarked:Levitate","theMarked:ThrowWeapon","theMarked:SwordAndMagic+1","theMarked:Aftermath+1","theMarked:TwofoldDefense+1","theMarked:EternalStudent+1","theMarked:SuspiciousRaven+1","theMarked:ShockingTouch+1","theMarked:TurnInvisible+1","theMarked:HeritageOfTheMarked+1","theMarked:WastefulAttack","Sadistic Nature+1","HandOfGreed","theMarked:DispelDoubt","theMarked:TakeOffHeels+1","theDruid:AstralShield+1","infinitespire:UltimateForm+1","infinitespire:Oblivion+1","theMarked:BindingBlade+1"],"relics":["theMarked:ArtifactOfAir","hubris:Reverence","sagemod:Blowpipe","hubris:FunFungus","hubris:MobiusCoin","Thread and Needle","MerchantsRug","Orichalcum","MealTicket","Black Star","Toxic Egg 2","wanderingMiniBosses:ThiefScarf","Nunchaku","infinitespire:Satchel","Frozen Egg 2","Blue Candle","Ornamental Fan","White Beast Statue","hubris:CuriousFeather","infinitespire:Golems Mask","Toolbox","hubris:Zylophone","Happy Flower","infinitespire:PuzzleCube","PreservedInsect","Pantograph","hubris:GlazedTorus","sagemod:Creepy_Carousel","infinitespire:BottledMercury","theMarked:Winder","hubris:EmptyBottle","SlaversCollar","Membership Card","Singing Bowl","theMarked:Gun","Mango","hubris:SlimyHat","Lantern","Regal Pillow","hubris:TenFootPole","infinitespire:EmpoweringShard","Girya"],"acts_visited":["Exordium","TheCity","TheBeyond","Exordium"],"potions_floor_usage":[33,37,40,45,50,50],"damage_taken":[{"damage":0.0,"enemies":"Small Slimes","floor":1.0,"turns":1.0},{"damage":0.0,"enemies":"Cultist","floor":2.0,"turns":2.0},{"damage":0.0,"enemies":"2 Louse","floor":5.0,"turns":1.0},{"damage":10.0,"enemies":"3 Sentries","floor":6.0,"turns":4.0},{"damage":19.0,"enemies":"Gremlin Nob","floor":8.0,"turns":4.0},{"damage":0.0,"enemies":"Lagavulin","floor":10.0,"turns":4.0},{"damage":0.0,"enemies":"Gremlin Nob","floor":11.0,"turns":2.0},{"damage":19.0,"enemies":"3 Sentries","floor":12.0,"turns":5.0},{"damage":0.0,"enemies":"Lagavulin","floor":14.0,"turns":3.0},{"damage":11.0,"enemies":"Hexaghost","floor":16.0,"turns":6.0},{"damage":20.0,"enemies":"Spheric Guardian","floor":18.0,"turns":5.0},{"damage":3.0,"enemies":"3 Byrds","floor":20.0,"turns":4.0},{"damage":6.0,"enemies":"Shelled Parasite and Fungi","floor":21.0,"turns":5.0},{"damage":0.0,"enemies":"Cultist and Chosen","floor":22.0,"turns":3.0},{"damage":6.0,"enemies":"Nightmare","floor":23.0,"turns":6.0},{"damage":21.0,"enemies":"Snake Plant","floor":24.0,"turns":3.0},{"damage":28.0,"enemies":"Book of Stabbing","floor":27.0,"turns":5.0},{"damage":10,"enemies":"hubris:MusketHawk","floor":33,"turns":4},{"damage":29,"enemies":"3 Darklings","floor":35,"turns":3},{"damage":8,"enemies":"Orb Walker","floor":37,"turns":3},{"damage":43,"enemies":"Nightmare","floor":40,"turns":8},{"damage":35,"enemies":"Nemesis","floor":42,"turns":3},{"damage":0,"enemies":"Giant Head","floor":44,"turns":5},{"damage":13,"enemies":"Writhing Mass","floor":45,"turns":4},{"damage":0,"enemies":"Nemesis","floor":47,"turns":3},{"damage":92,"enemies":"infinitespire:MassOfShapes","floor":50,"turns":5},{"damage":14,"enemies":"Jaw Worm","floor":52,"turns":2},{"damage":5,"enemies":"Cultist","floor":54,"turns":3},{"damage":0,"enemies":"2 Louse","floor":55,"turns":2},{"damage":0,"enemies":"Gremlin Nob","floor":57,"turns":1},{"damage":0,"enemies":"Gremlin Nob","floor":59,"turns":2},{"damage":129,"enemies":"Nightmare_Alpha","floor":61,"turns":7}],"seed_played":"1217316573985146164","potions_obtained":[{"floor":2.0,"key":"Dexterity Potion"},{"floor":11.0,"key":"GamblersBrew"},{"floor":14.0,"key":"Weak Potion"},{"floor":16.0,"key":"Block Potion"},{"floor":20.0,"key":"Block Potion"},{"floor":24.0,"key":"SneckoOil"},{"floor":33,"key":"Weak Potion"},{"floor":35,"key":"AttackPotion"},{"floor":37,"key":"SpeedPotion"},{"floor":42,"key":"SmokeBomb"},{"floor":44,"key":"ColorlessPotion"},{"floor":45,"key":"SCP261:DewritoBlazePotion"},{"floor":48,"key":"AttackPotion"},{"floor":50,"key":"Energy Potion"},{"floor":52,"key":"Ancient Potion"},{"floor":54,"key":"SpeedPotion"},{"floor":55,"key":"Dexterity Potion"}],"is_trial":true,"path_per_floor":["M","M","?","?","M","E","R","E","T","E","?","E","$","E","R","B",null,"M","$","M","M","M","NM","M","R","T","E","R","?","R","?","R","B",null,"M","?","M","?","$","NM","?","E","T","E","M","R","E","AVR","R","B",null,"M","$","M","M","?","E","R","?","T","NM"],"character_chosen":"THE_DEFAULT","items_purchased":["MerchantsRug","Orichalcum","Toxic Egg 2","Toolbox","Lee\u0027s Waffle","hubris:Zylophone","Happy Flower","theMarked:Winder","hubris:EmptyBottle","Membership Card","Singing Bowl","theMarked:Gun","Mango"],"campfire_rested":2,"item_purchase_floors":[13,13,19,39,39,39,39,49,49,53,53,53,53],"current_hp_per_floor":[70,70,37,37,37,27,27,15,25,25,25,7,7,7,33,22,87,67,82,80,74,74,68,48,48,48,21,21,21,21,21,21,11,87,58,58,51,51,94,53,56,22,22,23,11,40,52,57,57,41,102,88,116,115,117,117,119,119,123,123,0,0],"gold":209,"neow_bonus":"","is_daily":false,"chose_seed":false,"campfire_upgraded":6,"win_rate":0.0,"timestamp":1608446285,"path_taken":["M","M","?","?","?","E","R","E","T","E","?","E","$","E","R","BOSS","M","$","M","M","M","NM","M","R","T","E","R","?","R","?","R","BOSS","M","?","M","?","$","NM","?","E","T","E","M","R","E","AVR","R","BOSS","M","$","M","M","?","E","R","?","T","NM"],"items_purchased_type":["Relic","Relic","Relic","Relic","Relic","Relic","Relic","Relic","Relic","Relic","Relic","Relic","Relic"],"build_version":"2020-12-13","purchased_purges":0,"victory":false,"max_hp_per_floor":[70,70,70,70,70,70,70,77,87,87,87,87,87,87,87,87,87,87,87,87,87,87,87,87,87,87,87,87,87,87,87,87,87,87,87,87,87,87,94,94,97,97,97,97,97,97,97,102,102,102,102,102,116,118,120,120,122,122,124,124,124,124],"card_choices":[{"not_picked":["theMarked:Electrocute","theMarked:Aftermath","theMarked:Static"],"picked":"SKIP","floor":1.0},{"not_picked":["theMarked:EmpowerWeapon","theMarked:ChainLightning"],"picked":"theMarked:Electrify","floor":2.0},{"not_picked":["theMarked:WardOff","theMarked:Static"],"picked":"theMarked:MysticalArsenal","floor":5.0},{"not_picked":["theMarked:FavorableWinds","theMarked:SoldierForm"],"picked":"theMarked:SummonStrength","floor":6.0},{"not_picked":["theMarked:ChannelForce","theMarked:UnarmedFury"],"picked":"theMarked:BindingBlade","floor":8.0},{"not_picked":["theMarked:BindingBlade","theMarked:SummonStrength","theMarked:DispelDoubt"],"picked":"SKIP","floor":10.0},{"not_picked":["theMarked:TurnInvisible","theMarked:ThrowWeapon","theMarked:TakeOffHeels"],"picked":"SKIP","floor":12.0},{"not_picked":["theMarked:MuscleMemory","theMarked:Snap"],"picked":"theMarked:Levitate","floor":14.0},{"not_picked":["theMarked:Challenge","theMarked:BindingBlade"],"picked":"theMarked:ThrowWeapon","floor":16.0},{"not_picked":["theMarked:WardOff","theMarked:StartUp","theMarked:Parkour+1"],"picked":"SKIP","floor":18.0},{"not_picked":["theMarked:Reabsorb+1","theMarked:ResourceFulStrike+1"],"picked":"theMarked:SwordAndMagic","floor":20.0},{"not_picked":["theMarked:TwofoldDefense+1","theMarked:EnhanceMovement+1"],"picked":"theMarked:Aftermath+1","floor":21.0},{"not_picked":["theMarked:ChainLightning","theMarked:ChannelForce+1"],"picked":"theMarked:TwofoldDefense+1","floor":22.0},{"not_picked":["theMarked:DispelDoubt","theMarked:MuscleMemory"],"picked":"theMarked:EternalStudent+1","floor":23.0},{"not_picked":["theMarked:ResourceFulStrike+1","theMarked:SwordAndMagic+1","theMarked:Static+1"],"picked":"SKIP","floor":24.0},{"not_picked":["theMarked:SoldierForm+1","theMarked:ThrowWeapon","theMarked:FavorableWinds+1"],"picked":"SKIP","floor":27.0},{"not_picked":["theMarked:Defy","theMarked:Snap"],"picked":"theMarked:SuspiciousRaven+1","floor":33},{"not_picked":["theMarked:ResourceFulStrike","theMarked:Aftermath+1"],"picked":"theMarked:WastefulAttack","floor":35},{"not_picked":["theMarked:EnhancedHearing+1","theMarked:EmpowerWeapon+1","theMarked:DeterminationOfTheMarked+1"],"picked":"SKIP","floor":37},{"not_picked":["Mind Blast","Flash of Steel"],"picked":"Sadistic Nature+1","floor":38},{"not_picked":["Discovery+1","hubris:EnhanceAbility+1"],"picked":"HandOfGreed","floor":38},{"not_picked":["theMarked:Levitate+1","theMarked:FavorableWinds+1","theMarked:SummonStrength+1"],"picked":"SKIP","floor":40},{"not_picked":["theMarked:SoldierForm+1","theMarked:UnarmedFury","theMarked:TurnInvisible+1"],"picked":"SKIP","floor":42},{"not_picked":["theMarked:Levitate+1","theMarked:Challenge+1"],"picked":"theMarked:DispelDoubt","floor":44},{"not_picked":["theMarked:BanishingStrike","theMarked:ElectricStrings+1","theMarked:EmpowerWeapon+1"],"picked":"SKIP","floor":45},{"not_picked":["theMarked:BindingBlade+1","theMarked:Snap"],"picked":"theMarked:TakeOffHeels+1","floor":47},{"not_picked":["theMarked:Panic+1","Quick Slash+1"],"picked":"theDruid:AstralShield+1","floor":48},{"not_picked":["theMarked:EternalStudent+1","theMarked:SoldierForm+1"],"picked":"theMarked:BindingBlade+1","floor":50},{"not_picked":["theMarked:Panic+1","theMarked:ResourceFulStrike","theMarked:ContemptForTheProud"],"picked":"SKIP","floor":52},{"not_picked":["theMarked:Generate+1","theMarked:Frustration","theMarked:TwofoldDefense+1"],"picked":"Singing Bowl","floor":54},{"not_picked":["theMarked:Opportunist+1","theMarked:SwordAndMagic","theMarked:Panic+1"],"picked":"Singing Bowl","floor":55},{"not_picked":["theMarked:MuscleMemory","theMarked:SuspiciousRaven+1","theMarked:ThrowWeapon"],"picked":"Singing Bowl","floor":57},{"not_picked":["theMarked:Parkour","theMarked:ResourceFulStrike","theMarked:SwordAndMagic"],"picked":"Singing Bowl","floor":59}],"player_experience":992449,"relics_obtained":[{"floor":6.0,"key":"Nunchaku"},{"floor":8.0,"key":"Strawberry"},{"floor":9.0,"key":"hubris:Reverence"},{"floor":9.0,"key":"Pear"},{"floor":10.0,"key":"hubris:FunFungus"},{"floor":11.0,"key":"hubris:MobiusCoin"},{"floor":12.0,"key":"Thread and Needle"},{"floor":14.0,"key":"MealTicket"},{"floor":22.0,"key":"wanderingMiniBosses:ThiefScarf"},{"floor":22.0,"key":"Nunchaku"},{"floor":23.0,"key":"infinitespire:Satchel"},{"floor":23.0,"key":"Frozen Egg 2"},{"floor":26.0,"key":"Blue Candle"},{"floor":26.0,"key":"Ornamental Fan"},{"floor":27.0,"key":"White Beast Statue"},{"floor":27.0,"key":"hubris:CuriousFeather"},{"floor":40,"key":"infinitespire:PuzzleCube"},{"floor":40,"key":"PreservedInsect"},{"floor":42,"key":"Lizard Tail"},{"floor":42,"key":"Pantograph"},{"floor":43,"key":"StoneCalendar"},{"floor":44,"key":"hubris:GlazedTorus"},{"floor":44,"key":"Centennial Puzzle"},{"floor":47,"key":"sagemod:Creepy_Carousel"},{"floor":47,"key":"infinitespire:BottledMercury"},{"floor":57,"key":"hubris:SlimyHat"},{"floor":57,"key":"Lantern"},{"floor":59,"key":"Regal Pillow"},{"floor":60,"key":"hubris:TenFootPole"}],"event_choices":[{"damage_healed":0.0,"max_hp_gain":0.0,"max_hp_loss":0.0,"gold_gain":0.0,"event_name":"betterThird:BetterScrap","player_choice":"Relic ","floor":3.0,"gold_loss":0.0,"damage_taken":33.0,"cards_obtained":["Amplify"]},{"cards_removed":["theMarked:BanishingWave"],"damage_healed":0.0,"max_hp_gain":0.0,"max_hp_loss":0.0,"gold_gain":0.0,"event_name":"betterNote:BetterNote","player_choice":"Give","floor":4.0,"gold_loss":0.0,"damage_taken":0.0,"cards_obtained":["None"]},{"damage_healed":0.0,"max_hp_gain":0.0,"max_hp_loss":0.0,"gold_gain":0.0,"event_name":"Dead Adventurer","player_choice":"Searched \u00271\u0027 times","floor":11.0,"gold_loss":0.0,"damage_taken":0.0},{"damage_healed":0.0,"max_hp_gain":0.0,"max_hp_loss":0.0,"gold_gain":0.0,"event_name":"Addict","player_choice":"Obtained Relic","floor":29.0,"gold_loss":85.0,"damage_taken":0.0,"relics_obtained":["infinitespire:Golems Mask"]},{"cards_removed":["theMarked:TunnelVision"],"damage_healed":0,"gold_gain":0,"player_choice":"Elegance","damage_taken":0,"max_hp_gain":0,"max_hp_loss":0,"event_name":"betterThird:BetterWriting","floor":31,"gold_loss":0},{"cards_removed":["theMarked:Frustration"],"damage_healed":0,"gold_gain":0,"player_choice":"Removed Attack","damage_taken":0,"max_hp_gain":0,"max_hp_loss":0,"event_name":"Falling","floor":36,"gold_loss":0},{"damage_healed":0,"gold_gain":3,"player_choice":"1","damage_taken":0,"max_hp_gain":0,"max_hp_loss":0,"event_name":"betterStone:BetterStone","floor":38,"gold_loss":0},{"damage_healed":0,"gold_gain":58,"player_choice":"Gained Gold","damage_taken":0,"max_hp_gain":0,"max_hp_loss":0,"event_name":"Golden Wing","floor":56,"gold_loss":0},{"damage_healed":0,"gold_gain":0,"player_choice":"Searched \u00272\u0027 times","damage_taken":0,"max_hp_gain":0,"max_hp_loss":0,"event_name":"Dead Adventurer","floor":59,"gold_loss":0}],"is_beta":false,"boss_relics":[{"not_picked":["theMarked:Eyepatch","hubris:GrandSneckoEye"],"picked":"Black Star"},{"not_picked":["Velvet Choker","Snecko Eye"],"picked":"Astrolabe"},{"not_picked":["sagemod:Falmels_Amulet","hubris:TerracottaHorce"],"picked":"SlaversCollar"}],"items_purged_floors":[],"is_endless":true,"potions_floor_spawned":[2,11,14,16,20,24,33,35,37,42,44,45,47,50,52,54,55,57,59],"killed_by":"Nightmare_Alpha","ascension_level":1}}