{"host":"szbnbddwah33j004","time":1608425392,"event":{"mods":["2.2 Compatiblity","AchievementEnabler","Act Like it!","BaseMod","BetterRewards","Challenge The Spire","Colored Map","Colored Powertips","Hubris","Minty Spire (QoL Compilation)","Shop Mod","StSLib","The Hayseed","The Runesmith"],"gold_per_floor":[119,156,172,187,35,35,35,35],"floor_reached":7,"playtime":723,"items_purged":[],"score":41,"play_id":"c8a5461a-9b1b-4dbb-bdb7-8ea6d5370d64","local_time":"20201219184952","is_ascension_mode":false,"campfire_choices":[{"data":"Neutralize","floor":6.0,"key":"SMITH"}],"circlet_count":0,"master_deck":["Strike_G","Strike_G","Strike_G","Strike_G","Strike_G","Defend_G","Defend_G","Defend_G","Defend_G","Defend_G","Survivor","Neutralize+1","Madness","Bane","hubris:SlightOfHand","Crippling Poison","Dash"],"relics":["Ring of the Snake","Bottled Lightning","Strange Spoon"],"acts_visited":["Exordium"],"potions_floor_usage":[],"damage_taken":[{"damage":2.0,"enemies":"Jaw Worm","floor":1.0,"turns":4.0},{"damage":35.0,"enemies":"conspire:MimicChest","floor":2.0,"turns":7.0},{"damage":8.0,"enemies":"Cultist","floor":3.0,"turns":4.0},{"damage":6.0,"enemies":"Small Slimes","floor":4.0,"turns":3.0},{"damage":0,"enemies":"3 Sentries","floor":7,"turns":1}],"seed_played":"6606281585644451140","potions_obtained":[{"floor":1.0,"key":"Swift Potion"}],"is_trial":false,"path_per_floor":["M","?","M","M","$","R","E"],"character_chosen":"THE_SILENT","items_purchased":["Strange Spoon"],"campfire_rested":0,"item_purchase_floors":[5],"current_hp_per_floor":[68,33,25,19,19,19,19,19],"gold":35,"neow_bonus":"RANDOM_COLORLESS","is_daily":false,"chose_seed":false,"campfire_upgraded":1,"win_rate":0.0,"timestamp":1608425392,"path_taken":["M","?","?","M","$","R","E"],"items_purchased_type":["Relic"],"build_version":"2020-12-13","purchased_purges":0,"victory":false,"max_hp_per_floor":[70,70,70,70,70,70,70,70],"card_choices":[{"not_picked":["hubris:Ssssneak","Purity"],"picked":"Survey Options","floor":0.0},{"not_picked":["Underhanded Strike","Quick Slash"],"picked":"Bane","floor":1.0},{"not_picked":["Footwork","Quick Slash"],"picked":"hubris:SlightOfHand","floor":2.0},{"not_picked":["Quick Slash","Dodge and Roll"],"picked":"Crippling Poison","floor":3.0},{"not_picked":["Slice","hubris:SlightOfHand"],"picked":"Dash","floor":4.0}],"player_experience":79582,"relics_obtained":[{"floor":2.0,"key":"Bottled Lightning"}],"event_choices":[],"is_beta":false,"boss_relics":[],"items_purged_floors":[],"is_endless":false,"potions_floor_spawned":[1],"killed_by":"3 Sentries","ascension_level":0}}