{"host":"pcbz64t4k17ey4z1","time":1608477413,"event":{"mods":["2.2 Compatiblity","AchievementEnabler","Act Like it!","Aspiration","BaseMod","Beaked The Cultist","Better Match","BetterRewards","Card Forge","Colored Map","Colored Powertips","Conspire","Disable Question Mark Monsters","Fireblade Mod","Friendly Minions","GifTheSpireLib","Glutton Mod","Googly Eyes","Hermit","Hubris","Infinite Spire","Koishi","Marisa????????","Minty Spire (QoL Compilation)","Permanent Neow","Potionbrewer","Quick Restart","Random Character Button","Rare Cards Sparkle","Relic Filter","Replay The Spire","Shade Mod","Shop Mod","Small Relic Pack","StSLib","Stuff the Spire","SuperFastMode","The Animator","The Cursed","The Druid","The Gatherer","The Hierophant","The IronCluck","The Runesmith","Waifu the Spire","Wandering Minibosses","vexMod"],"gold_per_floor":[111,111,121,121,137,172,172,5,79,107,131,131,150,168,168,252,252,261,261,292,292,314,337,337,354,354,388,438,462,462,490,490,553,653,669,693,749,749,763,795,795,828,828,839,839,863,895,898,898,883,883,883,180,216,240],"floor_reached":56,"playtime":3761,"items_purged":[],"score":3075,"play_id":"5a57f7dd-9802-436e-a58c-34d79f72d6a4","local_time":"20201220151653","is_ascension_mode":true,"campfire_choices":[{"data":"Replay:Cycle","floor":7.0,"key":"SMITH"},{"data":"Collect","floor":12.0,"key":"SMITH"},{"data":"Replay:Cycle","floor":15.0,"key":"SMITH"},{"floor":24.0,"key":"REST"},{"floor":32.0,"key":"RECALL"},{"data":"StuffTheSpire:Vigor","floor":41.0,"key":"SMITH"},{"data":"Replay:Cycle","floor":49.0,"key":"SMITH"},{"data":"infinitespire:Starlight","floor":52.0,"key":"SMITH"}],"circlet_count":0,"master_deck":["AscendersBane","Eruption+1","Vigilance+1","Adaptation+1","Study+1","Study+1","The Bomb+1","Nirvana+1","Replay:Cycle+1","Replay:Cycle+1","BattleHymn+1","Indignation+1","Collect+1","MasterReality+1","JustLucky+1","Tantrum+1","Prostrate+1","DevaForm+1","StuffTheSpire:Vigor+1","MasterReality+1","infinitespire:Starlight+1","Replay:Cycle+1","ThirdEye+1","ThirdEye+1","ThirdEye+1","Adaptation+1","Panache+1","Flash of Steel","MentalFortress+1"],"relics":["PureWater","Hammer of Thor","Seething Fire","Anvil of the Gods","Runesmith:Locket","vexMod:Cooldron","Durian","infinitespire:Midas Blood","potionbrewer:Keyblade","Pocketwatch","BargainBundle","infinitespire:PuzzleCube","Frozen Egg 2","StuffTheSpire:Nightcore","hubris:Towel","vexMod:Dragonfruit","ReplayTheSpireMod:CursedCoin","GoldenEye","Blue Candle","Bird Faced Urn","vexMod:DeviousBotling","Lee\u0027s Waffle","wanderingMiniBosses:Inkheart","Mirror","StuffTheSpire:Experiment12","Toy Ornithopter","Pear","Replay:Wanted Poster","vexMod:RetaliationKit","Turnip","infinitespire:Satchel","potionbrewer:ToyAutogyro","beaked:ShinyBauble","Ornamental Fan","vexMod:InvisibilityCloak","Vajra","Medical Kit","infinitespire:Broken Mirror"],"acts_visited":["Exordium","TheCity","TheBeyond","TheEnding"],"potions_floor_usage":[],"damage_taken":[{"damage":0.0,"enemies":"Jaw Worm","floor":1.0,"turns":2.0},{"damage":0.0,"enemies":"Small Slimes","floor":3.0,"turns":3.0},{"damage":0.0,"enemies":"2 Louse","floor":5.0,"turns":3.0},{"damage":8.0,"enemies":"Lagavulin","floor":6.0,"turns":5.0},{"damage":10.0,"enemies":"Gremlin Nob","floor":10.0,"turns":3.0},{"damage":20.0,"enemies":"Exordium Wildlife","floor":11.0,"turns":5.0},{"damage":0.0,"enemies":"Blue Slaver","floor":13.0,"turns":2.0},{"damage":0.0,"enemies":"Looter","floor":14.0,"turns":2.0},{"damage":14.0,"enemies":"Hexaghost","floor":16.0,"turns":6.0},{"damage":14.0,"enemies":"Shell Parasite","floor":18.0,"turns":4.0},{"damage":20.0,"enemies":"3 Byrds","floor":20.0,"turns":5.0},{"damage":23.0,"enemies":"Centurion and Healer","floor":22.0,"turns":4.0},{"damage":39.0,"enemies":"Slavers","floor":23.0,"turns":3.0},{"damage":0.0,"enemies":"Snake Plant","floor":25.0,"turns":2.0},{"damage":26.0,"enemies":"conspire:SneckoGhost","floor":27.0,"turns":2.0},{"damage":42.0,"enemies":"Shelled Parasite and Fungi","floor":29.0,"turns":4.0},{"damage":27.0,"enemies":"Nightmare","floor":31.0,"turns":6.0},{"damage":0.0,"enemies":"Collector","floor":33.0,"turns":4.0},{"damage":39.0,"enemies":"3 Darklings","floor":35.0,"turns":3.0},{"damage":29.0,"enemies":"Orb Walker","floor":36.0,"turns":3.0},{"damage":34.0,"enemies":"2 Orb Walkers","floor":37.0,"turns":3.0},{"damage":10.0,"enemies":"Jaw Worm Horde","floor":39.0,"turns":3.0},{"damage":0.0,"enemies":"Nightmare","floor":40.0,"turns":6.0},{"damage":0.0,"enemies":"Giant Head","floor":42.0,"turns":3.0},{"damage":0.0,"enemies":"Spire Growth","floor":44.0,"turns":4.0},{"damage":18.0,"enemies":"3 Darklings","floor":46.0,"turns":3.0},{"damage":0.0,"enemies":"Reptomancer","floor":47.0,"turns":2.0},{"damage":0.0,"enemies":"Maw","floor":48.0,"turns":3.0},{"damage":0.0,"enemies":"hubris:GrandSnecko","floor":50.0,"turns":4.0},{"damage":86,"enemies":"Shield and Spear","floor":54,"turns":4},{"damage":31,"enemies":"The Heart","floor":55,"turns":8}],"seed_played":"8993699714789195037","potions_obtained":[{"floor":5.0,"key":"EntropicBrew"},{"floor":14.0,"key":"EntropicBrew"},{"floor":16.0,"key":"EntropicBrew"},{"floor":22.0,"key":"EntropicBrew"},{"floor":25.0,"key":"EntropicBrew"},{"floor":27.0,"key":"EntropicBrew"},{"floor":29.0,"key":"EntropicBrew"},{"floor":35.0,"key":"EntropicBrew"},{"floor":42.0,"key":"EntropicBrew"},{"floor":46.0,"key":"EntropicBrew"},{"floor":47.0,"key":"EntropicBrew"},{"floor":48.0,"key":"EntropicBrew"}],"is_trial":false,"path_per_floor":["M","?","M","?","M","E","R","$","T","E","M","R","M","M","R","B",null,"M","AVR","M","?","M","E","R","M","T","E","T","M","?","NM","R","B",null,"M","M","?","AVR","M","NM","R","E","T","M","?","M","E","M","R_BF","B",null,"R","$","E","B",null],"character_chosen":"WATCHER","items_purchased":["Runesmith:Locket","vexMod:Cooldron","Adaptation+1","infinitespire:Midas Blood","potionbrewer:Keyblade","Lantern","BargainBundle","infinitespire:PuzzleCube","EntropicBrew","Frozen Egg 2","Study+1","The Bomb","ReplayTheSpireMod:CursedCoin","GoldenEye","Vajra","Medical Kit","Panache+1","Flash of Steel","MentalFortress+1"],"campfire_rested":1,"item_purchase_floors":[0,0,0,0,0,0,0,0,0,0,0,0,8,8,53,53,53,53,53],"current_hp_per_floor":[66,66,66,73,73,70,70,70,70,60,50,50,58,60,60,56,73,71,85,71,71,60,31,56,68,68,54,54,46,46,58,58,72,89,58,50,35,35,51,77,77,93,93,95,95,89,95,95,95,95,95,95,95,36,42],"gold":240,"neow_bonus":"","is_daily":false,"chose_seed":false,"campfire_upgraded":6,"win_rate":0.0,"timestamp":1608477413,"path_taken":["M","?","M","?","M","E","R","$","T","E","M","R","M","M","R","BOSS","M","AVR","M","?","M","E","R","M","T","E","?","M","?","NM","R","BOSS","M","M","?","AVR","M","NM","R","E","T","M","?","?","E","M","R_BF","BOSS","R","$","E","BOSS"],"items_purchased_type":["Relic","Relic","Card","Relic","Relic","Relic","Relic","Relic","Potion","Relic","Card","Card","Relic","Relic","Relic","Relic","Card","Card","Card"],"build_version":"2020-12-13","purchased_purges":0,"victory":true,"max_hp_per_floor":[73,73,73,73,73,78,78,78,78,78,78,78,78,78,78,78,78,78,85,85,85,85,85,85,85,85,85,85,85,85,95,95,95,95,95,95,95,95,95,95,95,95,95,95,95,95,95,95,95,95,95,95,95,95,95],"card_choices":[{"not_picked":["PathToVictory","ThirdEye"],"picked":"Nirvana+1","floor":1.0},{"not_picked":["CarveReality","BowlingBash"],"picked":"Replay:Cycle","floor":3.0},{"not_picked":["Replay:ManipulateFuture","Replay:AllIn"],"picked":"Replay:Cycle","floor":5.0},{"not_picked":["Replay:AtTheReady","Nirvana+1"],"picked":"BattleHymn+1","floor":6.0},{"not_picked":["Replay:DivineShield","Replay:AllIn"],"picked":"Indignation","floor":10.0},{"not_picked":["Consecrate","EmptyFist"],"picked":"Collect","floor":11.0},{"not_picked":["PathToVictory","TalkToTheHand","Replay:AllIn"],"picked":"SKIP","floor":13.0},{"not_picked":["EmptyFist","EmptyBody","WaveOfTheHand"],"picked":"SKIP","floor":14.0},{"not_picked":["Replay:LoomingThreat+1","Vault"],"picked":"MasterReality+1","floor":16.0},{"not_picked":["Crescendo","Swivel"],"picked":"JustLucky","floor":18.0},{"not_picked":["EmptyFist","Judgement"],"picked":"Tantrum","floor":20.0},{"not_picked":["Replay:Battleflow","Crescendo","ForeignInfluence"],"picked":"SKIP","floor":22.0},{"not_picked":["Crescendo","Replay:AtTheReady"],"picked":"Prostrate","floor":23.0},{"not_picked":["Evaluate","WindmillStrike","Replay:DivineShield"],"picked":"SKIP","floor":25.0},{"not_picked":["ThirdEye+1","ForeignInfluence"],"picked":"DevaForm+1","floor":27.0},{"not_picked":["Swivel","Protect","Indignation+1"],"picked":"SKIP","floor":29.0},{"not_picked":["StuffTheSpire:BrainWave","StuffTheSpire:CelestialWarden"],"picked":"StuffTheSpire:Vigor","floor":30.0},{"not_picked":["WheelKick+1","Replay:ManipulateFuture","Replay:Battleflow"],"picked":"SKIP","floor":31.0},{"not_picked":["SpiritShield","Scrawl"],"picked":"MasterReality+1","floor":33.0},{"not_picked":["Swivel","Evaluate","EmptyBody"],"picked":"SKIP","floor":35.0},{"not_picked":["EmptyFist","EmptyBody+1","Crescendo"],"picked":"SKIP","floor":36.0},{"not_picked":["EmptyMind+1","Prostrate"],"picked":"Replay:Cycle","floor":39.0},{"not_picked":["Crescendo+1","Replay:Hum","ClearTheMind"],"picked":"SKIP","floor":40.0},{"not_picked":["Replay:ManipulateFuture+1","Brilliance","Protect+1"],"picked":"SKIP","floor":42.0},{"not_picked":["Replay:BluntJabs","Evaluate+1","EmptyBody"],"picked":"SKIP","floor":44.0},{"not_picked":["CrushJoints+1","Vengeance","Perseverance"],"picked":"SKIP","floor":46.0},{"not_picked":["Replay:Battleflow","ThirdEye","LessonLearned"],"picked":"SKIP","floor":47.0},{"not_picked":["Replay:ManipulateFuture+1","ThirdEye"],"picked":"Adaptation+1","floor":48.0},{"not_picked":["FearNoEvil","Alpha","Worship"],"picked":"SKIP","floor":54}],"player_experience":3731666,"relics_obtained":[{"floor":6.0,"key":"vexMod:Dragonfruit"},{"floor":9.0,"key":"Blue Candle"},{"floor":10.0,"key":"Bird Faced Urn"},{"floor":20.0,"key":"wanderingMiniBosses:Inkheart"},{"floor":23.0,"key":"Mirror"},{"floor":27.0,"key":"StuffTheSpire:Experiment12"},{"floor":28.0,"key":"Toy Ornithopter"},{"floor":31.0,"key":"Pear"},{"floor":37.0,"key":"vexMod:RetaliationKit"},{"floor":40.0,"key":"infinitespire:Satchel"},{"floor":42.0,"key":"potionbrewer:ToyAutogyro"},{"floor":43.0,"key":"beaked:ShinyBauble"},{"floor":47.0,"key":"vexMod:InvisibilityCloak"},{"floor":54,"key":"infinitespire:Broken Mirror"}],"event_choices":[{"cards_removed":["Strike_P"],"damage_healed":0.0,"max_hp_gain":0.0,"max_hp_loss":0.0,"gold_gain":0.0,"event_name":"Back to Basics","player_choice":"Elegance","floor":21.0,"gold_loss":0.0,"damage_taken":0.0},{"damage_healed":0.0,"max_hp_gain":0.0,"max_hp_loss":0.0,"gold_gain":0.0,"event_name":"Mysterious Sphere","player_choice":"Fight","floor":37.0,"gold_loss":0.0,"damage_taken":0.0},{"damage_healed":0.0,"max_hp_gain":0.0,"max_hp_loss":0.0,"gold_gain":0.0,"event_name":"WeMeetAgain","player_choice":"Gave Potion","floor":45.0,"gold_loss":0.0,"damage_taken":0.0,"relics_obtained":["Ornamental Fan"]}],"is_beta":false,"boss_relics":[{"not_picked":["beaked:SacredDeck","aspiration:PoetsPen_weak"],"picked":"vexMod:DeviousBotling"},{"not_picked":["Replay:Cursed D8","Abe\u0027s Treasure"],"picked":"Replay:Wanted Poster"}],"items_purged_floors":[],"is_endless":false,"potions_floor_spawned":[3,5,14,16,22,25,27,29,35,42,46,47,48],"ascension_level":18}}