{"host":"j7sckui85i3pbddf","time":1608481327,"event":{"mods":["BaseMod","Colored Map","Downfall","Hermit","Minty Spire (QoL Compilation)","Permanent Neow","Replay The Spire","Shop Mod","StSLib","The Cursed","The Servant 0.9.4"],"gold_per_floor":[99,99,114,141,141,157,239,273,273,300,314,314,327,327,338,435,435,435,460,460,460,460,460,470,484,507,524,537,537,556,556,568,26,45,142,142,142,154,170,170,170,218,230,247,295,295,295,328,338,350,350,350],"floor_reached":51,"playtime":11979,"items_purged":["Amnesia"],"score":598,"play_id":"659e359b-d84d-41bd-8e59-8807dade16c7","local_time":"20201221002207","is_ascension_mode":false,"campfire_choices":[{"data":"Replay:Sssssssssshield","floor":1.0,"key":"SMITH"},{"data":"hexamod:BurningTouch","floor":5.0,"key":"SMITH"},{"data":"hexamod:EmpoweringStance","floor":18.0,"key":"SMITH"},{"floor":21.0,"key":"REST"},{"floor":29.0,"key":"REST"},{"data":"hexamod:NecessarySacrifice","floor":37,"key":"SMITH"},{"floor":47,"key":"REST"}],"circlet_count":0,"master_deck":["hexamod:Strike","hexamod:Strike+1","hexamod:Defend","hexamod:Defend+1","hexamod:Sear","hexamod:Float+1","Replay:Sssssssssshield+1","hexamod:BurningTouch+1","hexamod:CatchUp+1","hexamod:SpectersWail","hexamod:InspiringFlames","hexamod:FourthSeal","hexamod:DynamicBlow","hexamod:NightmareGuise+1","hexamod:FastForward","hexamod:EmpoweringStance+1","hexamod:CrushingStance+1","hexamod:NecessarySacrifice+1","hexamod:SoulSteal","hexamod:Firestarter+1","hexamod:VolcanoVisage","hexamod:SixthSeal","hexamod:EmpoweredFlame","hexamod:SoulSteal+1","hexamod:BurningTouch+1","hexamod:WildfireWeapon","hexamod:HexaLevel+1","hexamod:ChargedBarrage+1","hexamod:SpectralAdrenaline+1","hexamod:GhostflameBarrier+1","hexamod:StepThrough+1","hexamod:PhantomCloak+1","hexamod:SwordOfDarkness+1","expansioncontent:DecasProtection","hexamod:SkipABeat+1","Parasite","hexamod:ThermalTransfer+1"],"relics":["hexamod:SpiritBrand","ReplayTheSpireMod:Ninjato","Replay:Bottled Eggs","Ornamental Fan","Tiny Chest","Honey Jar","Matryoshka","MealTicket","Replay:Rubber Ducky","Akabeko","Orichalcum","Toolbox","Mango","Astrolabe","Unceasing Top","Potion Belt","ReplayFunnel"],"acts_visited":["Exordium","TheCity","TheBeyond"],"potions_floor_usage":[42,42,48,49,50,50],"damage_taken":[{"damage":0.0,"enemies":"Small Slimes","floor":3.0,"turns":4.0},{"damage":10.0,"enemies":"Lagavulin","floor":4.0,"turns":7.0},{"damage":0.0,"enemies":"Cultist","floor":6.0,"turns":3.0},{"damage":21.0,"enemies":"Gremlin Nob","floor":8.0,"turns":4.0},{"damage":12.0,"enemies":"Replay:BlueRogue","floor":10.0,"turns":6.0},{"damage":0.0,"enemies":"2 Louse","floor":11.0,"turns":3.0},{"damage":0.0,"enemies":"Large Slime","floor":13.0,"turns":3.0},{"damage":0.0,"enemies":"Exordium Wildlife","floor":15.0,"turns":3.0},{"damage":2.0,"enemies":"downfall:Silent","floor":16.0,"turns":8.0},{"damage":53.0,"enemies":"Gremlin Leader","floor":19.0,"turns":8.0},{"damage":0.0,"enemies":"Spheric Guardian","floor":20.0,"turns":1.0},{"damage":0.0,"enemies":"Chosen","floor":24.0,"turns":3.0},{"damage":11.0,"enemies":"Snecko","floor":25.0,"turns":5.0},{"damage":3.0,"enemies":"Sentry and Sphere","floor":27.0,"turns":5.0},{"damage":5.0,"enemies":"Snake Plant","floor":28.0,"turns":4.0},{"damage":8.0,"enemies":"Shelled Parasite and Fungi","floor":30.0,"turns":5.0},{"damage":0.0,"enemies":"Centurion and Healer","floor":32.0,"turns":6.0},{"damage":0.0,"enemies":"downfall:FleeingMerchant","floor":33.0,"turns":4.0},{"damage":0.0,"enemies":"3 Cultists","floor":34.0,"turns":6.0},{"damage":0.0,"enemies":"downfall:Defect","floor":35.0,"turns":9.0},{"damage":0,"enemies":"Orb Walker","floor":38,"turns":3},{"damage":16,"enemies":"3 Darklings","floor":39,"turns":4},{"damage":15,"enemies":"2 Orb Walkers","floor":42,"turns":5},{"damage":14,"enemies":"Transient","floor":43,"turns":5},{"damage":12,"enemies":"4 Shapes","floor":44,"turns":3},{"damage":38,"enemies":"Nemesis","floor":48,"turns":11},{"damage":0,"enemies":"Writhing Mass","floor":49,"turns":6},{"damage":31,"enemies":"Spire Growth","floor":50,"turns":6},{"damage":1,"enemies":"3 Darklings","floor":51,"turns":1}],"seed_played":"-1765417281156693219","potions_obtained":[{"floor":3.0,"key":"AttackPotion"},{"floor":6.0,"key":"LiquidMemories"},{"floor":10.0,"key":"Strength Potion"},{"floor":10.0,"key":"Adrenaline Potion"},{"floor":11.0,"key":"hexamod:EctoCoolerPotion"},{"floor":12.0,"key":"DistilledChaos"},{"floor":13.0,"key":"DistilledChaos"},{"floor":13.0,"key":"SpeedPotion"},{"floor":15.0,"key":"SkillPotion"},{"floor":16.0,"key":"SmokeBomb"},{"floor":19.0,"key":"EssenceOfSteel"},{"floor":24.0,"key":"Swift Potion"},{"floor":24.0,"key":"Ancient Potion"},{"floor":25.0,"key":"Venom Potion"},{"floor":25.0,"key":"Strength Potion"},{"floor":27.0,"key":"LiquidBronze"},{"floor":27.0,"key":"ColorlessPotion"},{"floor":28.0,"key":"Fire Potion"},{"floor":30.0,"key":"EssenceOfSteel"},{"floor":30.0,"key":"LiquidMemories"},{"floor":32.0,"key":"Swift Potion"},{"floor":32.0,"key":"Swift Potion"},{"floor":39,"key":"Death Potion"},{"floor":39,"key":"DistilledChaos"},{"floor":44,"key":"Strength Potion"},{"floor":48,"key":"hexamod:InfernoChargePotion"},{"floor":49,"key":"hexamod:DoubleChargePotion"},{"floor":49,"key":"ColorlessPotion"}],"is_trial":false,"path_per_floor":["R","?","M","E","R","M","T","E","?","E","M","?","M","?","M","B",null,"R","E","M","R","PTL","PTL","M","M","T","M","M","R","M","T","M","$","M","B",null,"R","M","M","PTL","PTL","?","M","M","T","?","R","E","M","M","M"],"character_chosen":"THE_SPIRIT","items_purchased":["Toolbox","Mango"],"campfire_rested":3,"item_purchase_floors":[33,33],"current_hp_per_floor":[70,70,70,60,60,60,60,39,39,27,27,27,27,70,70,68,70,70,17,17,38,38,38,38,27,27,24,19,40,32,32,32,61,61,61,84,84,84,68,68,68,53,39,27,27,27,52,14,14,1,0,0],"gold":350,"neow_bonus":"RANDOM_COLORLESS","is_daily":false,"chose_seed":false,"campfire_upgraded":4,"win_rate":0.0,"timestamp":1608481327,"path_taken":["R","?","M","E","R","M","T","E","?","E","M","?","?","?","M","BOSS","R","E","M","R","PTL","PTL","M","M","T","M","M","R","M","?","M","$","M","BOSS","R_BF","M","M","PTL","PTL","?","M","M","T","?","R","E","?","M","M"],"items_purchased_type":["Relic","Relic"],"build_version":"2020-12-13","purchased_purges":1,"victory":false,"max_hp_per_floor":[70,70,70,70,70,70,70,70,70,70,70,70,70,70,70,70,70,70,70,70,70,70,70,70,70,70,70,70,70,70,70,70,84,84,84,84,84,84,84,84,84,84,84,84,84,84,84,84,84,84,84,84],"card_choices":[{"not_picked":["expansioncontent:ManipulateTime","expansioncontent:PolyBeam"],"picked":"Replay:Sssssssssshield","floor":0.0},{"not_picked":["hexamod:GhostLash","hexamod:ThermalTransfer"],"picked":"hexamod:BurningTouch","floor":3.0},{"not_picked":["hexamod:GhostShield","hexamod:SpectralAdrenaline"],"picked":"hexamod:CatchUp","floor":4.0},{"not_picked":["hexamod:Haunt","hexamod:Hexaguard"],"picked":"hexamod:SpectersWail","floor":6.0},{"not_picked":["hexamod:UnleashSpirits","hexamod:EtherealExpedition"],"picked":"hexamod:InspiringFlames","floor":8.0},{"not_picked":["hexamod:GhostLash","hexamod:SecondSeal","hexamod:Hexaguard"],"picked":"SKIP","floor":10.0},{"not_picked":["hexamod:InspiringFlames","hexamod:GhostOfSpirePresent"],"picked":"hexamod:DynamicBlow","floor":11.0},{"not_picked":["hexamod:ThermalTransfer","hexamod:GhostLash"],"picked":"hexamod:NightmareGuise","floor":13.0},{"not_picked":["hexamod:SecondSeal","hexamod:HeatShield"],"picked":"hexamod:FastForward","floor":15.0},{"not_picked":["hexamod:HexaLevel","hexamod:UnleashSpirits"],"picked":"hexamod:EmpoweringStance","floor":16.0},{"not_picked":["hexamod:Hexaguard","hexamod:PhantomCloak","hexamod:RainOfEmbers"],"picked":"hexamod:CrushingStance","floor":19.0},{"not_picked":["hexamod:StepThrough+1","hexamod:RetreatToShadows+1","hexamod:BacktrackSmack"],"picked":"hexamod:NecessarySacrifice","floor":24.0},{"not_picked":["hexamod:GhostLash+1","hexamod:Hexaguard","hexamod:InspiringFlames"],"picked":"hexamod:SoulSteal","floor":25.0},{"not_picked":["hexamod:BurningTouch","hexamod:FastForward","hexamod:Hexaguard+1"],"picked":"hexamod:Firestarter+1","floor":27.0},{"not_picked":["hexamod:RainOfEmbers+1","hexamod:RetreatToShadows+1","hexamod:HauntingEcho"],"picked":"hexamod:VolcanoVisage","floor":28.0},{"not_picked":["hexamod:NightmareGuise+1","hexamod:BacktrackSmack","hexamod:Haunt"],"picked":"hexamod:SixthSeal","floor":30.0},{"not_picked":["hexamod:SpectersWail","hexamod:HauntingEcho","hexamod:ShieldOfDarkness"],"picked":"hexamod:EmpoweredFlame","floor":32.0},{"not_picked":["hexamod:StepThrough+1","hexamod:RainOfEmbers","hexamod:GhostShield"],"picked":"hexamod:SoulSteal","floor":33.0},{"not_picked":["hexamod:NightmareGuise","hexamod:SecondSeal","hexamod:TurnItUp"],"picked":"hexamod:BurningTouch","floor":34.0},{"not_picked":["hexamod:TurnItUp","hexamod:CrushingStance","hexamod:TimeWarp"],"picked":"hexamod:WildfireWeapon","floor":35.0},{"not_picked":["hexamod:GhostLash","hexamod:BurningTouch","hexamod:ThirdSeal","hexamod:NecessarySacrifice"],"picked":"SKIP","floor":38},{"not_picked":["hexamod:Hexaguard+1","hexamod:GhostLash","hexamod:CatchUp"],"picked":"hexamod:GhostflameBarrier+1","floor":39},{"not_picked":["hexamod:GhostLash","hexamod:ShieldOfDarkness","hexamod:PhantomCloak"],"picked":"hexamod:StepThrough+1","floor":42},{"not_picked":["hexamod:Firestarter+1","hexamod:TimeWarp","hexamod:AdvancingGuard+1"],"picked":"hexamod:PhantomCloak+1","floor":43},{"not_picked":["hexamod:Firestarter+1","hexamod:GhostOfSpirePast","hexamod:SecondSeal"],"picked":"hexamod:SwordOfDarkness+1","floor":44},{"not_picked":["expansioncontent:TimeRipple","expansioncontent:AwakenDeath","expansioncontent:Flail"],"picked":"expansioncontent:DecasProtection","floor":46},{"not_picked":["hexamod:SpectersWail+1","hexamod:EmpoweredFlame","hexamod:Haunt"],"picked":"hexamod:SkipABeat+1","floor":48},{"not_picked":["hexamod:DynamicBlow+1","hexamod:RetreatToShadows","hexamod:SpectersWail+1"],"picked":"hexamod:ThermalTransfer+1","floor":49},{"not_picked":["hexamod:EmpoweredFlame","hexamod:NightmareGuise","hexamod:Haunt+1","hexamod:HauntingEcho+1"],"picked":"SKIP","floor":50}],"player_experience":471288,"relics_obtained":[{"floor":4.0,"key":"ReplayTheSpireMod:Ninjato"},{"floor":7.0,"key":"Replay:Bottled Eggs"},{"floor":8.0,"key":"Ornamental Fan"},{"floor":10.0,"key":"Tiny Chest"},{"floor":19.0,"key":"Matryoshka"},{"floor":26.0,"key":"MealTicket"},{"floor":26.0,"key":"Replay:Rubber Ducky"},{"floor":31.0,"key":"Akabeko"},{"floor":31.0,"key":"Orichalcum"},{"floor":42,"key":"Unceasing Top"},{"floor":45,"key":"Potion Belt"},{"floor":48,"key":"ReplayFunnel"}],"event_choices":[{"cards_removed":["hexamod:Strike"],"damage_healed":0.0,"max_hp_gain":0.0,"max_hp_loss":0.0,"gold_gain":0.0,"event_name":"The Cleric","player_choice":"Card Removal","floor":2.0,"gold_loss":0.0,"damage_taken":0.0},{"damage_healed":0.0,"max_hp_gain":0.0,"max_hp_loss":0.0,"gold_gain":0.0,"event_name":"Lab","player_choice":"Got Potions","floor":12.0,"gold_loss":0.0,"damage_taken":0.0},{"damage_healed":0,"gold_gain":0,"player_choice":"Fight","damage_taken":0,"max_hp_gain":0,"max_hp_loss":0,"event_name":"Mysterious Sphere","floor":42,"gold_loss":0}],"is_beta":false,"boss_relics":[{"not_picked":["Replay:Drink Me","ChewingGum"],"picked":"Honey Jar"},{"not_picked":["Fusion Hammer","Cursed Key"],"picked":"Astrolabe"}],"items_purged_floors":[33],"is_endless":false,"potions_floor_spawned":[3,6,10,13,24,25,27,30,32,39,44,48,49],"killed_by":"3 Darklings","ascension_level":0}}