{"host":"61ejhfsushs0xmcl","time":1608469111,"event":{"mods":["ATMod(阿瑾Mod)","Act Like it!","BaseMod","Colored Map","Gold Saver","Minty Spire (QoL Compilation)","MostiFishMod","Spicy Shops","StSLib","TestMod","Waifu the Spire","【功能Mod】聪明的最终Boss","篝火指南"],"gold_per_floor":[1735,1148,1165,1165,1175,1202,1219,1219,1219,856,891,540,540,558,558,632,632,646,657,677,245,160,160,188,204,204,204,231,245,245,279,279,350,350,361,375,395,36,49,84,29,63,63,63,97,97,0,0,0,0,0,0,0,0,32,32],"floor_reached":57,"playtime":1837,"items_purged":["Defend_R","Defend_R","Strike_R","Strike_R","Strike_R","Strike_R"],"score":3666,"play_id":"a75c04aa-a8d7-4b47-b827-af344a2f8a4a","local_time":"20201220205831","is_ascension_mode":true,"campfire_choices":[{"data":"AT_OneInchPunch","floor":8.0,"key":"SMITH"},{"data":"MostiFishMod:WinterMarkForm","floor":13.0,"key":"SMITH"},{"floor":15.0,"key":"RECALL"},{"data":"AT_IchimonjiDouble","floor":23.0,"key":"SMITH"},{"data":"AT_CaressingTears","floor":30.0,"key":"SMITH"},{"data":"Evolve","floor":32.0,"key":"SMITH"},{"data":"Second Wind","floor":49,"key":"SMITH"},{"data":"MostiFishMod:FrostNova","floor":53,"key":"SMITH"}],"circlet_count":0,"master_deck":["AscendersBane","Defend_R","Bash","MostiFishMod:FrostNova+1","MostiFishMod:WinterMarkForm+1","AT_OneInchPunch+1","AT_IchimonjiDouble+1","AT_BodySlamDance+1","Burning Pact+1","MostiFishMod:NewArrival","Second Wind+1","Evolve+1","Feel No Pain+1","AT_CaressingTears+1","MostiFishMod:RacingGame+1","Heavy Blade+1","AT_DiedThrough+1"],"relics":["Burning Blood","testmod-TestBox","DaveBox","AT_ATBox","testmod-Nine","FrostBlade","Question Card","AT_ChloranthyRing","Dodecahedron","Orrery","Anchor","AT_RedNoBalance","AT_ForceNature","Champion Belt","Membership Card","Technique","ImportantClient","Philosopher\u0027s Stone","testmod-Hope","AT_ImmortalShieldbow","BrkXgEgg","Tiny Chest","Strawberry","testmod-ArcanaOfDestiny","ExusiaiGun","ClockworkSouvenir","testmod-CrystalShield","Omamori","AT_SilvercatRing","Lantern","Meat on the Bone","Toy Ornithopter","Blue Candle","Red Mask","Sundial"],"acts_visited":["Exordium","TheCity","TheBeyond","TheEnding"],"potions_floor_usage":[50,50,50],"damage_taken":[{"damage":3.0,"enemies":"Small Slimes","floor":1.0,"turns":2.0},{"damage":0.0,"enemies":"Jaw Worm","floor":3.0,"turns":1.0},{"damage":0.0,"enemies":"Cultist","floor":5.0,"turns":1.0},{"damage":0.0,"enemies":"Gremlin Nob","floor":6.0,"turns":2.0},{"damage":0.0,"enemies":"3 Louse","floor":7.0,"turns":1.0},{"damage":0.0,"enemies":"3 Sentries","floor":11.0,"turns":3.0},{"damage":0.0,"enemies":"Blue Slaver","floor":14.0,"turns":1.0},{"damage":6.0,"enemies":"The Guardian","floor":16.0,"turns":3.0},{"damage":0.0,"enemies":"3 Byrds","floor":18.0,"turns":2.0},{"damage":0.0,"enemies":"Chosen","floor":19.0,"turns":1.0},{"damage":0.0,"enemies":"Centurion and Healer","floor":20.0,"turns":2.0},{"damage":0.0,"enemies":"Book of Stabbing","floor":24.0,"turns":1.0},{"damage":0.0,"enemies":"Snecko","floor":25.0,"turns":2.0},{"damage":0.0,"enemies":"Gremlin Leader","floor":28.0,"turns":1.0},{"damage":0.0,"enemies":"Cultist and Chosen","floor":29.0,"turns":1.0},{"damage":0.0,"enemies":"Slavers","floor":31.0,"turns":1.0},{"damage":0.0,"enemies":"Collector","floor":33.0,"turns":3.0},{"damage":0,"enemies":"3 Darklings","floor":35,"turns":1},{"damage":2,"enemies":"3 Shapes","floor":36,"turns":2},{"damage":0,"enemies":"Spire Growth","floor":37,"turns":1},{"damage":5,"enemies":"4 Shapes","floor":39,"turns":1},{"damage":0,"enemies":"Reptomancer","floor":40,"turns":1},{"damage":0,"enemies":"Giant Head","floor":42,"turns":1},{"damage":0,"enemies":"Nemesis","floor":45,"turns":1},{"damage":60,"enemies":"Awakened One","floor":50,"turns":21},{"damage":0,"enemies":"Time Eater","floor":51,"turns":15},{"damage":0,"enemies":"Shield and Spear","floor":55,"turns":1},{"damage":15,"enemies":"The Heart","floor":56,"turns":4}],"seed_played":"-3936404012110319620","potions_obtained":[{"floor":3.0,"key":"Dexterity Potion"},{"floor":6.0,"key":"DistilledChaos"},{"floor":25.0,"key":"Energy Potion"},{"floor":28.0,"key":"testmod-SpacePotion"},{"floor":29.0,"key":"SteroidPotion"},{"floor":31.0,"key":"AttackPotion"},{"floor":39,"key":"DuplicationPotion"}],"is_trial":false,"path_per_floor":["M","$","M","?","M","E","M","R","T","$","E","$","R","M","R","B",null,"M","M","M","$","?","R","E","M","T","?","E","M","R","E","R","B",null,"M","M","M","$","M","E","$","E","T","?","E","T","?","$","R","B","B",null,"R","$","E","B",null],"character_chosen":"IRONCLAD","items_purchased":["AT_ChloranthyRing","Dodecahedron","Orrery","AT_ForceNature","Membership Card","testmod-SpacePotion","Technique","testmod-Hope","AT_ImmortalShieldbow","BrkXgEgg","ClockworkSouvenir","testmod-CrystalShield","AT_SilvercatRing"],"campfire_rested":0,"item_purchase_floors":[2,2,2,10,12,12,12,21,21,21,38,38,41],"current_hp_per_floor":[71,71,75,80,80,80,80,80,80,80,46,46,46,52,52,52,73,79,80,80,80,80,80,87,87,87,87,87,87,87,87,87,87,87,87,87,87,87,87,87,87,87,87,87,87,87,87,87,87,60,66,82,82,82,87,86],"gold":32,"neow_bonus":"REMOVE_CARD","is_daily":false,"chose_seed":false,"campfire_upgraded":7,"win_rate":0.0,"timestamp":1608469111,"path_taken":["M","$","M","?","M","E","M","R","T","$","E","?","R","M","R","BOSS","M","M","M","$","?","R","E","M","T","?","E","?","R","E","R","BOSS","M","M","M","$","M","E","$","E","T","?","E","?","?","?","R","BOSS","BOSS","R","$","E","BOSS"],"items_purchased_type":["Relic","Relic","Relic","Relic","Relic","Potion","Relic","Relic","Relic","Relic","Relic","Relic","Relic"],"build_version":"2020-12-13","purchased_purges":6,"victory":true,"max_hp_per_floor":[75,75,75,80,80,80,80,80,80,80,80,80,80,80,80,80,80,80,80,80,80,80,80,87,87,87,87,87,87,87,87,87,87,87,87,87,87,87,87,87,87,87,87,87,87,87,87,87,87,87,87,87,87,87,87,87],"card_choices":[{"not_picked":["Twin Strike","Body Slam","Sword Boomerang"],"picked":"SKIP","floor":1.0},{"not_picked":["Bludgeon","Ghostly Armor","Thunderclap"],"picked":"AT_IchimonjiDouble","floor":2.0},{"not_picked":["Dual Wield","Cleave","Uppercut","Wild Strike"],"picked":"SKIP","floor":3.0},{"not_picked":["Dual Wield","Warcry","Combust"],"picked":"AT_BodySlamDance","floor":5.0},{"not_picked":["Shrug It Off","Entrench","Wild Strike"],"picked":"Burning Pact","floor":6.0},{"not_picked":["Flame Barrier","Clothesline","Reckless Charge","MostiFishMod:BrandingRite"],"picked":"SKIP","floor":7.0},{"not_picked":["MostiFishMod:OrdinaryWorld","Carnage","Shrug It Off","Thunderclap"],"picked":"SKIP","floor":11.0},{"not_picked":["Combust","Twin Strike","AT_IchimonjiDouble","Armaments"],"picked":"SKIP","floor":14.0},{"not_picked":["Berserk","MostiFishMod:UniRed","Demon Form"],"picked":"MostiFishMod:NewArrival","floor":16.0},{"not_picked":["Armaments","Perfected Strike","Cleave","Thunderclap"],"picked":"SKIP","floor":18.0},{"not_picked":["Pommel Strike","Evolve","AT_IchimonjiDouble"],"picked":"Second Wind","floor":19.0},{"not_picked":["Searing Blow","AT_DrawKnifeCut","Thunderclap","Havoc"],"picked":"SKIP","floor":20.0},{"not_picked":["Juggernaut+1","Headbutt","Warcry"],"picked":"Evolve","floor":24.0},{"not_picked":["AT_BodySlamDance","Carnage+1","Wild Strike"],"picked":"Feel No Pain","floor":25.0},{"not_picked":["Headbutt","AT_GerminateFire","Body Slam","Havoc"],"picked":"SKIP","floor":28.0},{"not_picked":["Anger","Cleave+1","Perfected Strike"],"picked":"AT_CaressingTears","floor":29.0},{"not_picked":["Clash","Perfected Strike","Iron Wave","Twin Strike"],"picked":"SKIP","floor":31.0},{"not_picked":["MostiFishMod:OrdinaryWorld+1","Feed+1","MostiFishMod:CullingBlade+1"],"picked":"MostiFishMod:RacingGame+1","floor":33.0},{"not_picked":["Havoc+1","Clothesline+1","Twin Strike+1"],"picked":"Heavy Blade+1","floor":35},{"not_picked":["Shrug It Off","AT_DiedThrough+1","Searing Blow+1","Cleave+1"],"picked":"SKIP","floor":36},{"not_picked":["Shrug It Off","Searing Blow+1","Cleave+1"],"picked":"AT_DiedThrough+1","floor":36},{"not_picked":["Iron Wave","Flex","True Grit","MostiFishMod:FireWorks+1"],"picked":"SKIP","floor":37},{"not_picked":["Feel No Pain","Wild Strike","Headbutt","Whirlwind"],"picked":"SKIP","floor":39},{"not_picked":["Whirlwind","Headbutt","Iron Wave","Sever Soul"],"picked":"SKIP","floor":40},{"not_picked":["Armaments+1","Clash","Body Slam+1","Rupture"],"picked":"SKIP","floor":42},{"not_picked":["Sword Boomerang+1","Clash","Ghostly Armor","Anger"],"picked":"SKIP","floor":45},{"not_picked":["AT_CaressingTears","Blood for Blood","Cleave+1","Twin Strike"],"picked":"SKIP","floor":55}],"player_experience":739396,"relics_obtained":[{"floor":1.0,"key":"Question Card"},{"floor":6.0,"key":"Anchor"},{"floor":9.0,"key":"AT_SilverBalance"},{"floor":11.0,"key":"Champion Belt"},{"floor":16.0,"key":"ImportantClient"},{"floor":24.0,"key":"Strawberry"},{"floor":31.0,"key":"testmod-ArcanaOfDestiny"},{"floor":40,"key":"Omamori"},{"floor":42,"key":"Lantern"},{"floor":43,"key":"Meat on the Bone"},{"floor":45,"key":"Toy Ornithopter"},{"floor":46,"key":"Blue Candle"},{"floor":55,"key":"Sundial"}],"event_choices":[{"damage_healed":0.0,"max_hp_gain":5.0,"max_hp_loss":0.0,"gold_gain":0.0,"event_name":"Big Fish","player_choice":"Donut","floor":4.0,"gold_loss":0.0,"damage_taken":0.0},{"damage_healed":0.0,"max_hp_gain":0.0,"max_hp_loss":0.0,"gold_gain":0.0,"event_name":"Addict","player_choice":"Obtained Relic","floor":22.0,"gold_loss":85.0,"damage_taken":0.0,"relics_obtained":["Tiny Chest"]},{"damage_healed":0.0,"max_hp_gain":0.0,"max_hp_loss":0.0,"gold_gain":0.0,"cards_transformed":["Strike_R"],"event_name":"Transmorgrifier","player_choice":"Transformed","floor":27.0,"gold_loss":0.0,"damage_taken":0.0,"cards_obtained":["Reaper"]},{"cards_removed":["Reaper"],"damage_healed":0,"gold_gain":0,"player_choice":"Removed Attack","damage_taken":0,"max_hp_gain":0,"max_hp_loss":0,"event_name":"Falling","floor":44,"gold_loss":0},{"damage_healed":0,"gold_gain":0,"player_choice":"Paid","damage_taken":0,"relics_obtained":["Red Mask"],"max_hp_gain":0,"max_hp_loss":0,"event_name":"Tomb of Lord Red Mask","floor":47,"gold_loss":97}],"is_beta":false,"boss_relics":[{"not_picked":["TimeKeys","testmod-IncinerationGenerator"],"picked":"Philosopher\u0027s Stone"},{"not_picked":["MostiFishMod:Hod","Tiny House"],"picked":"ExusiaiGun"}],"items_purged_floors":[2,10,12,21,21,38],"is_endless":false,"potions_floor_spawned":[3,6,11,25,28,29,31,39,40,42],"ascension_level":20}}