{"host":"Charlie","time":1608448938,"event":{"mods":["Aspiration","BaseMod","Better Match","Better Skull","Better Third Choice","BetterRewards","ChefMod","Colored Map","Colored Powertips","Conspire","Curses Come First","Downfall","Ekko","Friendly Minions","Halation","Hermit","Hubris","Infinite Spire","Luminous","Melee Mod","Minty Spire (QoL Compilation)","Quick Restart","Rare Cards Sparkle","Relic Stats","Robot Space Explorer","Shade Mod","Spicy Shops","StSLib","SuperFastMode","Synergy Search","The Animator","The Blue Laboratory","The Cursed","The Dragon Tamer","The Factory","The Gatherer","The Jungle","The Necromancer","Unceasing Turn Reminder","vexMod"],"gold_per_floor":[119,119,131,142,160,160,170,203,227,260,280,280,346,364,364,460,460,471,471,446,371,385,385,395,395,395,421,421,150,150,168,168,271,271,285,304,304,304,319,319,319,319,398,423,437,437,466,466,466,466],"floor_reached":51,"playtime":2931,"items_purged":["meleeMod_Jab","meleeMod_Jab"],"score":860,"play_id":"a6370226-31cb-4d4b-b878-a3575972ae26","local_time":"20201219232218","is_ascension_mode":false,"campfire_choices":[{"data":"meleeMod_UCF","floor":6,"key":"SMITH"},{"data":"meleeMod_Cautious","floor":12,"key":"SMITH"},{"data":"meleeMod_Moonwalking","floor":15,"key":"SMITH"},{"data":"meleeMod_AmsahTech","floor":23,"key":"SMITH"},{"data":"RobotSpaceExplorer:Explosion","floor":25,"key":"SMITH"},{"data":"meleeMod_SuperMushroom","floor":28,"key":"SMITH"},{"floor":32,"key":"REST"},{"data":"Concentrate","floor":40,"key":"SMITH"},{"data":"meleeMod_Knee","floor":42,"key":"SMITH"},{"data":"meleeMod_BackAir","floor":46,"key":"SMITH"},{"floor":49,"key":"REST"}],"circlet_count":0,"master_deck":["meleeMod_Jab","meleeMod_Shield","meleeMod_Shield","meleeMod_NeutralAir+1","meleeMod_BackAir+1","meleeMod_UCF+","meleeMod_Moonwalking+1","meleeMod_Cautious+1","meleeMod_UpAir+1","meleeMod_Knee+1","meleeMod_AmsahTech+1","meleeMod_SuperMushroom+1","expansioncontent:GoopSpray+1","RobotSpaceExplorer:Explosion+1","infinitespire:Oblivion+1","ekkoTheBoyWhoShatteredTime:Unleashed+1","Concentrate+1","Dodge and Roll","Flechettes+1","Gatherer:Liquidism+1"],"relics":["meleeMod_TeamBeerMang0","aspiration:Nostalgia","Cracked Core","CultistMask","Vajra","Smiling Mask","meleeMod_AutoLCanceling","Black Star","PrismaticShard","conspire:Dentures","meleeMod_FourStock","Regal Pillow","HandDrill","conspire:TreasureMap","aspiration:DefectSkillbook","conspire:Flyswatter","Runic Pyramid","vexMod:RetaliationKit","halation:SelfBoilingWater","PreservedInsect","hubris:TenFootPole","infinitespire:Satchel"],"acts_visited":["Exordium","TheCity","TheBeyond"],"potions_floor_usage":[7,10,11,16,24,33,33,39,50,50,50],"damage_taken":[{"damage":0,"enemies":"2 Louse","floor":1,"turns":2},{"damage":0,"enemies":"Cultist","floor":3,"turns":3},{"damage":2,"enemies":"Small Slimes","floor":4,"turns":4},{"damage":16,"enemies":"Exordium Wildlife","floor":5,"turns":7},{"damage":2,"enemies":"2 Fungi Beasts","floor":7,"turns":3},{"damage":4,"enemies":"Lagavulin","floor":8,"turns":8},{"damage":10,"enemies":"Gremlin Nob","floor":10,"turns":3},{"damage":0,"enemies":"Exordium Thugs","floor":11,"turns":4},{"damage":6,"enemies":"Exordium Wildlife","floor":14,"turns":4},{"damage":20,"enemies":"Hexaghost","floor":16,"turns":8},{"damage":8,"enemies":"conspire:FuzzyDice","floor":18,"turns":7},{"damage":6,"enemies":"Chosen","floor":22,"turns":3},{"damage":0,"enemies":"Snake Plant","floor":24,"turns":2},{"damage":25,"enemies":"Book of Stabbing","floor":27,"turns":5},{"damage":0,"enemies":"Snecko","floor":31,"turns":2},{"damage":0,"enemies":"Champ","floor":33,"turns":3},{"damage":13,"enemies":"3 Darklings","floor":35,"turns":2},{"damage":5,"enemies":"3 Shapes","floor":36,"turns":2},{"damage":0,"enemies":"Transient","floor":39,"turns":5},{"damage":7,"enemies":"Giant Head","floor":44,"turns":4},{"damage":0,"enemies":"Sphere and 2 Shapes","floor":45,"turns":2},{"damage":18,"enemies":"Nemesis","floor":47,"turns":3},{"damage":48,"enemies":"hubris:GrandSnecko","floor":50,"turns":7}],"seed_played":"-2324260410707466687","potions_obtained":[{"floor":1,"key":"GamblersBrew"},{"floor":4,"key":"Explosive Potion"},{"floor":7,"key":"Block Potion"},{"floor":8,"key":"ColorlessPotion"},{"floor":14,"key":"ColorlessPotion"},{"floor":16,"key":"AttackPotion"},{"floor":24,"key":"blueLaboratory:HorrorPotion"},{"floor":27,"key":"DuplicationPotion"},{"floor":38,"key":"blueLaboratory:EmptyBottle"},{"floor":38,"key":"EssenceOfSteel"},{"floor":38,"key":"blueLaboratory:EnragingPotion"},{"floor":39,"key":"blueLaboratory:PhilterOfMotion"},{"floor":44,"key":"Regen Potion"}],"is_trial":false,"path_per_floor":["M","?","M","M","M","R","M","E","T","E","M","R","?","M","R","B",null,"M","?","?","?","M","R","M","R","T","E","R","$","AVR","M","R","B",null,"M","M","?","?","M","R","?","R","T","E","M","R","E","$","R","B",null],"character_chosen":"FALCON","items_purchased":["HandDrill","conspire:TreasureMap"],"campfire_rested":2,"item_purchase_floors":[29,29],"current_hp_per_floor":[85,85,85,83,67,67,65,61,61,51,51,51,51,45,45,25,85,77,69,69,69,63,63,63,63,63,38,38,38,38,38,78,78,85,72,67,67,67,67,67,67,67,67,60,60,60,42,42,82,49],"gold":466,"neow_bonus":"NOSTALGIA","is_daily":false,"chose_seed":false,"campfire_upgraded":9,"win_rate":0.0,"timestamp":1608448938,"path_taken":["M","?","?","?","M","R","M","E","T","E","M","R","?","M","R","BOSS","M","?","?","?","M","R","?","R","T","E","R","?","AVR","M","R","BOSS","M","M","?","?","?","R","?","R","T","E","M","R","E","?","R","BOSS"],"items_purchased_type":["Relic","Relic"],"build_version":"2020-12-18","purchased_purges":2,"victory":true,"max_hp_per_floor":[85,85,85,85,85,85,85,85,85,85,85,85,85,85,85,85,85,85,85,85,85,85,85,85,85,85,85,85,85,85,85,85,85,85,85,85,85,85,85,85,85,85,85,85,85,85,85,85,85,85],"relic_stats":{"Regal Pillow":30,"counters":[23,93],"PreservedInsect":47,"Black Star":3,"HandDrill":[10],"Smiling Mask":25,"obtain_stats":[{"conspire:Dentures":26,"Regal Pillow":27,"conspire:TreasureMap":29,"aspiration:Nostalgia":0,"Vajra":8,"PreservedInsect":44,"Smiling Mask":9,"PrismaticShard":19,"halation:SelfBoilingWater":44,"meleeMod_AutoLCanceling":10,"meleeMod_TeamBeerMang0":0,"aspiration:DefectSkillbook":30,"infinitespire:Satchel":47,"CultistMask":2,"Black Star":17,"meleeMod_FourStock":27,"HandDrill":29,"hubris:TenFootPole":47,"Cracked Core":0,"vexMod:RetaliationKit":43,"conspire:Flyswatter":30,"Runic Pyramid":34},{"conspire:Dentures":13,"Regal Pillow":14,"conspire:TreasureMap":14,"aspiration:Nostalgia":0,"Vajra":6,"PreservedInsect":20,"Smiling Mask":6,"PrismaticShard":11,"halation:SelfBoilingWater":20,"meleeMod_AutoLCanceling":7,"meleeMod_TeamBeerMang0":0,"aspiration:DefectSkillbook":14,"infinitespire:Satchel":22,"CultistMask":1,"Black Star":10,"meleeMod_FourStock":14,"HandDrill":14,"hubris:TenFootPole":22,"Cracked Core":0,"vexMod:RetaliationKit":19,"conspire:Flyswatter":14,"Runic Pyramid":16},{"conspire:Dentures":58,"Regal Pillow":63,"conspire:TreasureMap":63,"aspiration:Nostalgia":0,"Vajra":27,"PreservedInsect":81,"Smiling Mask":27,"PrismaticShard":53,"halation:SelfBoilingWater":81,"meleeMod_AutoLCanceling":30,"meleeMod_TeamBeerMang0":0,"aspiration:DefectSkillbook":63,"infinitespire:Satchel":86,"CultistMask":2,"Black Star":46,"meleeMod_FourStock":63,"HandDrill":63,"hubris:TenFootPole":86,"Cracked Core":0,"vexMod:RetaliationKit":77,"conspire:Flyswatter":63,"Runic Pyramid":68}]},"card_choices":[{"not_picked":["meleeMod_SweetSpot","meleeMod_UpSmash","meleeMod_Wildfire"],"picked":"SKIP","floor":1},{"not_picked":["meleeMod_ForwardTilt","meleeMod_SoftKnee"],"picked":"meleeMod_UCF","floor":3},{"not_picked":["meleeMod_HaxDash","meleeMod_GetUpAttack"],"picked":"meleeMod_Moonwalking","floor":4},{"not_picked":["meleeMod_CommandGrab","meleeMod_DashDance"],"picked":"meleeMod_Cautious","floor":5},{"not_picked":["meleeMod_FalconDive","meleeMod_ForwardSmash","meleeMod_CommandGrab"],"picked":"SKIP","floor":7},{"not_picked":["meleeMod_ForwardSmash","meleeMod_DashDance","meleeMod_GetUpAttack"],"picked":"SKIP","floor":8},{"not_picked":["meleeMod_SweetSpot","meleeMod_DownTilt"],"picked":"meleeMod_UpAir","floor":10},{"not_picked":["meleeMod_Gentleman","meleeMod_NeutralAir"],"picked":"meleeMod_Knee","floor":11},{"not_picked":["meleeMod_NoDI","meleeMod_ForwardSmash","meleeMod_DownSmash"],"picked":"SKIP","floor":14},{"not_picked":["meleeMod_SomebodyClipThat","meleeMod_UCF"],"picked":"meleeMod_AmsahTech","floor":16},{"not_picked":["meleeMod_DashDance","meleeMod_UpAir+1"],"picked":"meleeMod_SuperMushroom","floor":18},{"not_picked":["expansioncontent:FaceSlap+1","Purity+1"],"picked":"expansioncontent:GoopSpray+1","floor":21},{"not_picked":["Luminous:Accumulation_Luminous","Uppercut+1"],"picked":"RobotSpaceExplorer:Explosion","floor":22},{"not_picked":["Slimebound:SlimeTap","hermit:HoleUp","animator:Laby"],"picked":"SKIP","floor":24},{"not_picked":["DTMod:Punisher","Shade:FleshLikeOak","hermit:HighCaliber"],"picked":"SKIP","floor":27},{"not_picked":["hermit:Coalescence+1","Crescendo+1","meleeMod_Knee","hermit:Glare"],"picked":"SKIP","floor":31},{"not_picked":["DTMod:StunTrap","Slimebound:Teamwork","Double Tap"],"picked":"ekkoTheBoyWhoShatteredTime:Unleashed","floor":33},{"not_picked":["hexamod:AdvancingGuard","chefmod:DinoKale","RobotSpaceExplorer:ExhaustFan","champ:DefensiveShout"],"picked":"SKIP","floor":35},{"not_picked":["chefmod:FireUp+1","animator:ChaikaBohdan","animator:LeleiLaLalena","animator:Cocytus+1"],"picked":"SKIP","floor":36},{"not_picked":["hubris:ReadiedAction","Shade:FeralStrike+1","RobotSpaceExplorer:Probe"],"picked":"Gatherer:Liquidism+1","floor":39},{"not_picked":["Bone_Armor","conspire:Charge","animator:Souei+1","Negative_Energy_Mist+1"],"picked":"SKIP","floor":44},{"not_picked":["chefmod:IcePick","animator:Kira","animator:Tyuule+1","Luminous:Dark_Raid"],"picked":"SKIP","floor":45},{"not_picked":["chefmod:IcePick","animator:Kira","animator:Tyuule+1","Luminous:Dark_Raid"],"picked":"SKIP","floor":45},{"not_picked":["Havoc+1","TheCursedMod:CursedShiv+1","hexamod:RetreatToShadows+1","RobotSpaceExplorer:JunkDive"],"picked":"SKIP","floor":47}],"player_experience":431561,"relics_obtained":[{"floor":8,"key":"Vajra"},{"floor":9,"key":"Smiling Mask"},{"floor":10,"key":"meleeMod_AutoLCanceling"},{"floor":19,"key":"PrismaticShard"},{"floor":26,"key":"conspire:Dentures"},{"floor":27,"key":"meleeMod_FourStock"},{"floor":27,"key":"Regal Pillow"},{"floor":43,"key":"vexMod:RetaliationKit"},{"floor":44,"key":"halation:SelfBoilingWater"},{"floor":44,"key":"PreservedInsect"},{"floor":47,"key":"hubris:TenFootPole"},{"floor":47,"key":"infinitespire:Satchel"}],"event_choices":[{"damage_healed":0,"gold_gain":0,"player_choice":"Trade","damage_taken":0,"relics_obtained":["CultistMask"],"max_hp_gain":0,"max_hp_loss":0,"event_name":"FaceTrader","floor":2,"gold_loss":0},{"damage_healed":0,"gold_gain":66,"player_choice":"Gained Gold","damage_taken":0,"max_hp_gain":0,"max_hp_loss":0,"event_name":"Golden Wing","floor":13,"gold_loss":0},{"damage_healed":0,"gold_gain":0,"player_choice":"2","damage_taken":0,"max_hp_gain":0,"max_hp_loss":0,"event_name":"betterMatch:BetterMatch","floor":21,"gold_loss":0,"cards_obtained":["betterMatch:ColorlessUncommonCard"]},{"damage_healed":0,"gold_gain":0,"player_choice":"Got Potions","damage_taken":0,"max_hp_gain":0,"max_hp_loss":0,"event_name":"Lab","floor":38,"gold_loss":0},{"damage_healed":0,"gold_gain":0,"player_choice":"Upgraded","damage_taken":0,"max_hp_gain":0,"max_hp_loss":0,"event_name":"Upgrade Shrine","floor":41,"gold_loss":0,"cards_upgraded":["Flechettes"]}],"is_beta":true,"boss_relics":[{"not_picked":["Cursed Key","halation:Prosthetics"],"picked":"Black Star"},{"not_picked":["Runic Dome","hubris:HollowSoul"],"picked":"Runic Pyramid"}],"items_purged_floors":[29,30],"is_endless":false,"potions_floor_spawned":[1,4,7,8,14,16,24,27,39,44,47],"ascension_level":0}}