{"host":"w97dq1whmpm6b2tc","time":1608499041,"event":{"mods":["BaseMod","Challenge The Spire","Downfall","Minty Spire (QoL Compilation)","Replay The Spire","StSLib"],"gold_per_floor":[99,99,130,130,164,89,89,105,140,140,152,62,47,47,67,67,67],"floor_reached":16,"playtime":943,"items_purged":["champ:Strike"],"score":199,"play_id":"ead37bfa-06b9-4e3d-bce6-22b26a145f12","local_time":"20201220231721","is_ascension_mode":true,"campfire_choices":[{"floor":1,"key":"RECALL"},{"data":"champ:StanceDance","floor":6,"key":"SMITH"},{"data":"champ:Lariat","floor":10,"key":"SMITH"}],"circlet_count":0,"master_deck":["champ:Strike","champ:Strike","champ:Defend","champ:Defend","champ:Defend","champ:Defend","champ:Execute","champ:Taunt","champ:FocusedGladiator","champ:StanceDance+1","champ:Lariat+1","champ:Haymaker","champ:CheapShot","champ:RecklessLeap","champ:ArenaPreparation","champ:StanceDance"],"relics":["champ:ChampionCrown","downfall:HeartsMalice","champ:FightingForDummies","downfall:ShatteredFragment","Replay:Bottled Steam","downfall:HeartBlessingRed","ReplayTheSpireMod:Shallot","Letter Opener"],"acts_visited":["Exordium"],"potions_floor_usage":[16],"damage_taken":[{"damage":0,"enemies":"2 Louse","floor":2,"turns":1},{"damage":0,"enemies":"Lagavulin","floor":3,"turns":1},{"damage":0,"enemies":"Replay:BlueRogue","floor":5,"turns":1},{"damage":0,"enemies":"Small Slimes","floor":8,"turns":2},{"damage":13,"enemies":"Gremlin Nob","floor":9,"turns":4},{"damage":0,"enemies":"Jaw Worm","floor":11,"turns":2},{"damage":17,"enemies":"downfall:FleeingMerchant","floor":12,"turns":5},{"damage":20,"enemies":"downfall:FleeingMerchant","floor":13,"turns":5},{"damage":20,"enemies":"Exordium Wildlife","floor":15,"turns":2},{"damage":56,"enemies":"downfall:Watcher","floor":16,"turns":8}],"seed_played":"8642676369861896946","potions_obtained":[{"floor":3,"key":"BlessingOfTheForge"},{"floor":5,"key":"LiquidMemories"},{"floor":9,"key":"DuplicationPotion"}],"is_trial":false,"path_per_floor":["R","M","E","?","E","R","T","M","E","R","M","$","$","?","M","B"],"character_chosen":"THE_CHAMP","items_purchased":[],"campfire_rested":0,"item_purchase_floors":[],"current_hp_per_floor":[90,90,90,63,63,63,63,63,50,50,50,48,48,48,48,0,0],"gold":67,"neow_bonus":"THREE_ENEMY_KILL","is_daily":false,"chose_seed":false,"campfire_upgraded":2,"win_rate":0.0,"timestamp":1608499041,"path_taken":["R","M","E","?","E","R","T","M","E","R","M","$","$","?","M","BOSS"],"items_purchased_type":[],"build_version":"2020-12-13","purchased_purges":1,"victory":false,"max_hp_per_floor":[90,90,90,90,90,90,90,90,90,90,90,90,90,90,90,90,90],"card_choices":[{"not_picked":["champ:BerserkersShout","champ:EnragedBash"],"picked":"champ:FocusedGladiator","floor":2},{"not_picked":["champ:FocusedDefense","champ:RisingSlash"],"picked":"champ:StanceDance","floor":3},{"not_picked":["champ:FightOn","champ:EnragedBash"],"picked":"champ:Lariat","floor":5},{"not_picked":["champ:CrookedStrike","champ:AdrenalArmor"],"picked":"champ:Haymaker","floor":8},{"not_picked":["champ:Aggression","champ:RisingSlash"],"picked":"champ:CheapShot","floor":9},{"not_picked":["champ:RageSigil","champ:GutPunch"],"picked":"champ:RecklessLeap","floor":11},{"not_picked":["champ:DefensiveShout","champ:FanOfKnives"],"picked":"champ:ArenaPreparation","floor":12},{"not_picked":["champ:PerfectedStrike","champ:DefensiveShout"],"picked":"champ:StanceDance","floor":13},{"not_picked":["champ:Circumvent","champ:Haymaker","champ:FlashCut"],"picked":"SKIP","floor":15}],"player_experience":3677528,"relics_obtained":[{"floor":3,"key":"champ:FightingForDummies"},{"floor":5,"key":"Replay:Bottled Steam"},{"floor":7,"key":"ReplayTheSpireMod:Shallot"},{"floor":9,"key":"Letter Opener"}],"event_choices":[{"cards_removed":["champ:Strike"],"damage_healed":0,"gold_gain":0,"player_choice":"Card Removal","damage_taken":0,"max_hp_gain":0,"max_hp_loss":0,"event_name":"The Cleric","floor":14,"gold_loss":0}],"is_beta":false,"boss_relics":[],"items_purged_floors":[12],"is_endless":false,"potions_floor_spawned":[3,5,9],"killed_by":"downfall:Watcher","ascension_level":4}}