{"host":"db9qq6yd9ck6prkg","time":1608471696,"event":{"mods":["BaseMod","Custom Start","Minty Spire (QoL Compilation)","StSLib","Uncapped"],"gold_per_floor":[100112,100112,100127,99158,99176,99176,99220,99244,99294,98459,98494,98494,98529,98543,98543,98634,98634,98659,98672,98693,97817,97841,97875,97765,97765,97765,97788,97788,97822,97822,97822],"floor_reached":30,"playtime":775,"items_purged":["Strike_G","Strike_G","Strike_G"],"score":884,"play_id":"3ad14021-d9b6-4350-b6f8-9d81a57ee2d4","local_time":"20201220214136","is_ascension_mode":true,"campfire_choices":[{"data":"AT_EssenceShift","floor":6.0,"key":"SMITH"},{"data":"AT_Desolate","floor":15.0,"key":"SMITH"},{"data":"Adrenaline","floor":25.0,"key":"SMITH"}],"circlet_count":1,"master_deck":["AscendersBane","Defend_G","Defend_G","Defend_G","Defend_G","Defend_G","Survivor","Neutralize","Madness+1","Madness+1","Acrobatics+1","Calculated Gamble","Footwork","Blade Dance","Riddle With Holes","Adrenaline+1"],"relics":["Circlet","Coffee Dripper","Golden Idol","Singing Bowl","CaptainsWheel","HandDrill","HornCleat","MealTicket","Calipers","Tiny Chest","ClockworkSouvenir","Pen Nib","Gremlin Horn","The Specimen","PrismaticShard","InkBottle","Molten Egg 2","Bag of Marbles"],"acts_visited":["Exordium","TheCity"],"potions_floor_usage":[],"damage_taken":[{"damage":12.0,"enemies":"Small Slimes","floor":1.0,"turns":5.0},{"damage":0.0,"enemies":"Jaw Worm","floor":3.0,"turns":2.0},{"damage":0.0,"enemies":"Cultist","floor":5.0,"turns":2.0},{"damage":27.0,"enemies":"3 Sentries","floor":7.0,"turns":9.0},{"damage":2.0,"enemies":"Looter","floor":8.0,"turns":3.0},{"damage":0.0,"enemies":"Lagavulin","floor":11.0,"turns":5.0},{"damage":0.0,"enemies":"Gremlin Nob","floor":13.0,"turns":4.0},{"damage":0.0,"enemies":"Large Slime","floor":14.0,"turns":3.0},{"damage":0.0,"enemies":"Hexaghost","floor":16.0,"turns":4.0},{"damage":0.0,"enemies":"Shell Parasite","floor":18.0,"turns":3.0},{"damage":0.0,"enemies":"Spheric Guardian","floor":19.0,"turns":1.0},{"damage":0.0,"enemies":"Snecko","floor":20.0,"turns":3.0},{"damage":0.0,"enemies":"3 Cultists","floor":22.0,"turns":4.0},{"damage":30.0,"enemies":"Slavers","floor":23.0,"turns":4.0},{"damage":0.0,"enemies":"Shelled Parasite and Fungi","floor":27.0,"turns":2.0},{"damage":0.0,"enemies":"Book of Stabbing","floor":29.0,"turns":2.0},{"damage":0,"enemies":"Masked Bandits","floor":30,"turns":2}],"seed_played":"-74237154342453709","potions_obtained":[{"floor":1.0,"key":"EntropicBrew"},{"floor":11.0,"key":"Swift Potion"},{"floor":29.0,"key":"Block Potion"}],"is_trial":false,"path_per_floor":["M","?","M","$","M","R","E","M","T","$","E","?","E","M","R","B",null,"M","M","M","$","M","E","?","R","T","M","T","E","?"],"character_chosen":"THE_SILENT","items_purchased":["Singing Bowl","CaptainsWheel","HandDrill","Acrobatics","DistilledChaos","Calipers","Footwork","Tiny Chest","ClockworkSouvenir","Gremlin Horn","The Specimen","PrismaticShard"],"campfire_rested":0,"item_purchase_floors":[4,4,4,4,4,10,10,10,10,21,21,21],"current_hp_per_floor":[47,47,47,47,49,49,22,22,22,37,37,37,39,41,41,41,61,63,65,67,74,76,48,48,48,48,50,50,52,52,52],"gold":97822,"neow_bonus":"BOSS_RELIC","is_daily":false,"chose_seed":false,"campfire_upgraded":3,"win_rate":0.0,"timestamp":1608471696,"path_taken":["M","?","M","$","M","R","E","M","T","$","E","?","E","?","R","BOSS","M","M","M","$","M","E","?","R","T","M","?","E","?"],"items_purchased_type":["Relic","Relic","Relic","Card","Potion","Relic","Card","Relic","Relic","Relic","Relic","Relic"],"build_version":"2020-12-13","purchased_purges":3,"victory":false,"max_hp_per_floor":[66,60,60,60,62,62,62,64,64,64,64,64,66,68,68,68,68,70,72,74,74,76,78,78,78,78,80,80,82,82,82],"card_choices":[{"not_picked":["PiercingWail","Dagger Throw"],"picked":"AT_Desolate","floor":1.0},{"not_picked":["Setup","AT_Desolate","AT_ShadowStep"],"picked":"SKIP","floor":3.0},{"not_picked":["Deflect","Dagger Throw","Noxious Fumes"],"picked":"Singing Bowl","floor":5.0},{"not_picked":["Prepared","Die Die Die"],"picked":"Calculated Gamble","floor":7.0},{"not_picked":["PiercingWail","Prepared","Bane"],"picked":"Singing Bowl","floor":8.0},{"not_picked":["AT_FocusSwordFire","Prepared"],"picked":"Blade Dance","floor":11.0},{"not_picked":["Bouncing Flask","Unload","Noxious Fumes"],"picked":"Singing Bowl","floor":13.0},{"not_picked":["All Out Attack","Sucker Punch","AT_WomanClash"],"picked":"Singing Bowl","floor":14.0},{"not_picked":["Die Die Die","Night Terror"],"picked":"Adrenaline","floor":16.0},{"not_picked":["Slice","Flying Knee","Outmaneuver"],"picked":"Singing Bowl","floor":18.0},{"not_picked":["Accuracy","AT_FocusSwordFire","Predator"],"picked":"Singing Bowl","floor":19.0},{"not_picked":["Dash","Outmaneuver","Backflip"],"picked":"Singing Bowl","floor":20.0},{"not_picked":["AT_StudyProgram+1","Warcry","True Grit+1"],"picked":"Singing Bowl","floor":22.0},{"not_picked":["Flying Knee","Uppercut","AT_GerminateFire"],"picked":"Singing Bowl","floor":23.0},{"not_picked":["Melter+1","Turbo","Coolheaded"],"picked":"Singing Bowl","floor":27.0},{"not_picked":["Swift Strike+1","AT_IchimonjiDouble+1","Blade Dance"],"picked":"Singing Bowl","floor":29.0}],"player_experience":178050,"relics_obtained":[{"floor":7.0,"key":"HornCleat"},{"floor":9.0,"key":"MealTicket"},{"floor":11.0,"key":"Pen Nib"},{"floor":13.0,"key":"AT_GoldPhoenixTree"},{"floor":23.0,"key":"InkBottle"},{"floor":26.0,"key":"Molten Egg 2"},{"floor":28.0,"key":"AT_GuinsooRageblade"},{"floor":29.0,"key":"Bag of Marbles"}],"event_choices":[{"damage_healed":0.0,"max_hp_gain":0.0,"max_hp_loss":6.0,"gold_gain":0.0,"event_name":"Golden Idol","player_choice":"Lose Max HP","floor":2.0,"gold_loss":0.0,"damage_taken":0.0,"relics_obtained":["Golden Idol"]},{"damage_healed":0.0,"max_hp_gain":0.0,"max_hp_loss":0.0,"gold_gain":0.0,"cards_transformed":["Strike_G"],"event_name":"Living Wall","player_choice":"Change","floor":12.0,"gold_loss":0.0,"damage_taken":0.0,"cards_obtained":["Riddle With Holes"]},{"cards_removed":["Strike_G"],"damage_healed":0.0,"max_hp_gain":0.0,"max_hp_loss":0.0,"gold_gain":0.0,"event_name":"Designer","player_choice":"Upgrade and Remove","floor":24.0,"gold_loss":110.0,"damage_taken":0.0,"cards_upgraded":["Acrobatics"]},{"damage_healed":0,"gold_gain":0,"player_choice":"Fought Bandits","damage_taken":0,"max_hp_gain":0,"max_hp_loss":0,"event_name":"Masked Bandits","floor":30,"gold_loss":0}],"is_beta":false,"boss_relics":[{"not_picked":["Runic Pyramid","AT_MortalBlade"],"picked":"AT_TrinityForce"}],"items_purged_floors":[4,10,21],"is_endless":false,"potions_floor_spawned":[1,11,14,18,29],"killed_by":"Masked Bandits","ascension_level":19}}