{"host":"nug5xkek4sujf8as","time":1608470062,"event":{"mods":["Act Like it!","Aspiration","BaseMod","Booster Modes","CapriCore","Colored Powertips","Conspire","Gensokyo","Minty Spire (QoL Compilation)","Permanent Neow","Quick Restart","Replay The Spire","Shop Mod","Spicy Shops","StSLib","vexMod","【功能Mod】混沌之环修复补丁","【遗物卡牌】REMEMod","篝火指南"],"gold_per_floor":[115,126,51,51,64,64,64,91,91,102,119,149,149,149,149,222,222,240,240,260,260,274,305,305,305],"floor_reached":24,"playtime":827,"items_purged":["Strike_G"],"score":476,"play_id":"f590b0df-8304-4d67-b200-17197229e737","local_time":"20201220211422","is_ascension_mode":true,"campfire_choices":[{"data":"aspiration:Lunge","floor":6.0,"key":"SMITH"},{"data":"Eviscerate","floor":13.0,"key":"SMITH"},{"floor":15.0,"key":"RECALL"}],"circlet_count":0,"master_deck":["AscendersBane","Strike_G","Strike_G","Strike_G","Strike_G","Defend_G","Defend_G","Defend_G","Defend_G","Defend_G","Survivor","Neutralize","aspiration:Lunge+1","Eviscerate+1","Terror","Hidden Blade","Backflip","REME_ShadowForm","Distraction","Gensokyo:FourOfAKind","Gensokyo:FourOfAKind","Gensokyo:FourOfAKind","Gensokyo:FourOfAKind","Acrobatics+1"],"relics":["Ring of the Snake","REME_ComplimentaryCards","aspiration:Nostalgia","Cracked Core","Gensokyo:NagashiBinaDoll","Gensokyo:Justice","Ice Cream","Happy Flower","Blood Vial","Gensokyo:OccultBall","HoveringKite","Ancient Tea Set"],"acts_visited":["Gensokyo:Gensokyo","Gensokyo:Gensokyoer"],"potions_floor_usage":[24],"damage_taken":[{"damage":3.0,"enemies":"Gensokyo:2_Kodama","floor":1.0,"turns":4.0},{"damage":0.0,"enemies":"Gensokyo:Python","floor":2.0,"turns":3.0},{"damage":7.0,"enemies":"Gensokyo:3_Fairies","floor":5.0,"turns":5.0},{"damage":0.0,"enemies":"Gensokyo:Cirno","floor":8.0,"turns":4.0},{"damage":0.0,"enemies":"Gensokyo:LivingMonolith","floor":10.0,"turns":3.0},{"damage":1.0,"enemies":"Gensokyo:5_Fairies","floor":11.0,"turns":3.0},{"damage":7.0,"enemies":"Gensokyo:Aya","floor":12.0,"turns":5.0},{"damage":34.0,"enemies":"Gensokyo:Yukari","floor":16.0,"turns":12.0},{"damage":0.0,"enemies":"Gensokyo:2_Gloops","floor":18.0,"turns":2.0},{"damage":5.0,"enemies":"Gensokyo:CosmicMonolith","floor":20.0,"turns":5.0},{"damage":18.0,"enemies":"Gensokyo:Wraith","floor":22.0,"turns":5.0},{"damage":8.0,"enemies":"Gensokyo:Reisen","floor":23.0,"turns":4.0},{"damage":0,"enemies":"Gensokyo:Chomper_and_Gloop","floor":24,"turns":2}],"seed_played":"-4531003231065328087","potions_obtained":[{"floor":2.0,"key":"Explosive Potion"},{"floor":5.0,"key":"FearPotion"},{"floor":11.0,"key":"BlessingOfTheForge"},{"floor":18.0,"key":"CunningPotion"},{"floor":20.0,"key":"LiquidMemories"},{"floor":22.0,"key":"Venom Potion"}],"is_trial":false,"path_per_floor":["M","M","$","?","M","R","?","E","T","M","M","E","R","?","R","B",null,"M","?","M","?","M","E","M"],"character_chosen":"THE_SILENT","items_purchased":[],"campfire_rested":0,"item_purchase_floors":[],"current_hp_per_floor":[56,56,56,56,49,49,49,49,49,49,48,41,41,41,41,9,52,54,50,47,43,25,19,21,21],"gold":305,"neow_bonus":"NOSTALGIA","is_daily":false,"chose_seed":false,"campfire_upgraded":2,"win_rate":0.0,"timestamp":1608470062,"path_taken":["M","?","$","?","M","R","?","E","T","M","M","E","R","?","R","BOSS","M","?","M","?","M","E","?"],"items_purchased_type":[],"build_version":"2020-12-13","purchased_purges":1,"victory":false,"max_hp_per_floor":[66,66,66,66,66,66,66,66,66,66,66,66,66,66,66,66,66,66,66,66,43,43,43,43,43],"card_choices":[{"not_picked":["Flying Knee","PiercingWail"],"picked":"Acrobatics","floor":1.0},{"not_picked":["Bouncing Flask","Acrobatics"],"picked":"Eviscerate","floor":2.0},{"not_picked":["Sucker Punch","Dagger Spray"],"picked":"Terror","floor":5.0},{"not_picked":["Dodge and Roll","Toxin Wave","Heel Hook"],"picked":"SKIP","floor":8.0},{"not_picked":["Footwork","PiercingWail"],"picked":"Hidden Blade","floor":10.0},{"not_picked":["ReplayTheSpireMod:The Works","Slice"],"picked":"Backflip","floor":11.0},{"not_picked":["PiercingWail","Outmaneuver"],"picked":"After Image","floor":12.0},{"not_picked":["Grand Finale","Venomology"],"picked":"REME_ShadowForm","floor":16.0},{"not_picked":["Catalyst","Toxin Wave+1","Dodge and Roll"],"picked":"SKIP","floor":18.0},{"not_picked":["Sucker Punch","Eviscerate"],"picked":"Distraction","floor":20.0},{"not_picked":["Bane","Outmaneuver"],"picked":"Acrobatics+1","floor":22.0},{"not_picked":["Flying Knee","Poisoned Stab","Dodge and Roll"],"picked":"SKIP","floor":23.0}],"player_experience":689231,"relics_obtained":[{"floor":8.0,"key":"Ice Cream"},{"floor":9.0,"key":"Happy Flower"},{"floor":12.0,"key":"Blood Vial"},{"floor":16.0,"key":"Gensokyo:OccultBall"},{"floor":23.0,"key":"Ancient Tea Set"}],"event_choices":[{"damage_healed":0.0,"max_hp_gain":0.0,"max_hp_loss":0.0,"gold_gain":0.0,"event_name":"conspire:Investor","player_choice":"Leave","floor":19.0,"gold_loss":0.0,"damage_taken":0.0}],"is_beta":false,"boss_relics":[{"not_picked":["Painkiller Herb","vexMod:RockOfEvil"],"picked":"HoveringKite"}],"items_purged_floors":[3],"is_endless":false,"potions_floor_spawned":[2,5,11,18,20,22,23],"killed_by":"Gensokyo:Chomper_and_Gloop","ascension_level":19}}