{"host":"fne7yx97fnz7kq05","time":1608506098,"event":{"mods":["BaseMod","Colored Map","Colored Powertips","Highlight Path","Minty Spire (QoL Compilation)","Relic Stats"],"gold_per_floor":[114,114,129,143,16,44,44,44,44,44,64,64,93,110,110,186,186,196,196,196,121,137,168,81,81,105,105,123,149,149,179,179,258,258,275,290,307,529,529,529,545,570,570,600,67,81,97,122,122,122,122,122,71,104,104],"floor_reached":56,"playtime":4743,"items_purged":["Parasite","Strike_R+1"],"score":2224,"play_id":"619c701f-196f-4ae7-9d4f-785ae5ee4788","local_time":"20201220171458","is_ascension_mode":true,"campfire_choices":[{"floor":8,"key":"REST"},{"data":"Offering","floor":10,"key":"SMITH"},{"floor":15,"key":"REST"},{"data":"Corruption","floor":25,"key":"SMITH"},{"data":"Dark Embrace","floor":27,"key":"SMITH"},{"data":"Feel No Pain","floor":30,"key":"SMITH"},{"floor":32,"key":"REST"},{"floor":40,"key":"RECALL"},{"data":"Panache","floor":49,"key":"SMITH"},{"data":"Feel No Pain","floor":52,"key":"SMITH"}],"circlet_count":0,"master_deck":["AscendersBane","Strike_R+1","Strike_R+1","Strike_R+1","Defend_R+1","Defend_R+1","Defend_R+1","Defend_R+1","Bash","Offering+1","Cleave","Pommel Strike","Spot Weakness","Shrug It Off","Headbutt","Dark Embrace+1","Clothesline+1","Ghostly Armor","Corruption+1","Shockwave","Shrug It Off","Feel No Pain+1","Disarm","Dual Wield","Shrug It Off","Body Slam+1","Limit Break","Carnage+1","Uppercut+1","Feel No Pain+1","Panache+1","Dark Shackles","Second Wind","Body Slam+1","Second Wind"],"relics":["Burning Blood","Bird Faced Urn","Bag of Marbles","Dead Branch","Kunai","Molten Egg 2","Philosopher\u0027s Stone","InkBottle","Pen Nib","Red Mask","Snecko Eye","Lizard Tail","Eternal Feather","Mummified Hand","ClockworkSouvenir","Pantograph","Orichalcum"],"acts_visited":["Exordium","TheCity","TheBeyond","TheEnding"],"potions_floor_usage":[6,13,13,23,29,55],"damage_taken":[{"damage":11,"enemies":"Small Slimes","floor":1,"turns":4},{"damage":13,"enemies":"Jaw Worm","floor":3,"turns":4},{"damage":7,"enemies":"Cultist","floor":4,"turns":3},{"damage":28,"enemies":"3 Sentries","floor":6,"turns":8},{"damage":6,"enemies":"Exordium Thugs","floor":11,"turns":3},{"damage":43,"enemies":"Lagavulin","floor":13,"turns":8},{"damage":6,"enemies":"3 Louse","floor":14,"turns":3},{"damage":33,"enemies":"The Guardian","floor":16,"turns":16},{"damage":34,"enemies":"3 Byrds","floor":18,"turns":5},{"damage":0,"enemies":"Chosen","floor":22,"turns":4},{"damage":12,"enemies":"Gremlin Leader","floor":23,"turns":6},{"damage":6,"enemies":"Sentry and Sphere","floor":28,"turns":4},{"damage":25,"enemies":"Slavers","floor":29,"turns":21},{"damage":33,"enemies":"Masked Bandits","floor":31,"turns":8},{"damage":5,"enemies":"Automaton","floor":33,"turns":6},{"damage":0,"enemies":"3 Darklings","floor":35,"turns":4},{"damage":1,"enemies":"Orb Walker","floor":36,"turns":3},{"damage":20,"enemies":"Spire Growth","floor":37,"turns":5},{"damage":3,"enemies":"Maw","floor":41,"turns":4},{"damage":6,"enemies":"Giant Head","floor":42,"turns":4},{"damage":6,"enemies":"Reptomancer","floor":44,"turns":3},{"damage":6,"enemies":"Sphere and 2 Shapes","floor":46,"turns":3},{"damage":0,"enemies":"Jaw Worm Horde","floor":47,"turns":3},{"damage":0,"enemies":"Giant Head","floor":48,"turns":3},{"damage":24,"enemies":"Time Eater","floor":50,"turns":8},{"damage":22,"enemies":"Shield and Spear","floor":54,"turns":3},{"damage":51,"enemies":"The Heart","floor":55,"turns":8}],"seed_played":"-5070031974338063340","potions_obtained":[{"floor":1,"key":"Dexterity Potion"},{"floor":6,"key":"Regen Potion"},{"floor":11,"key":"BlessingOfTheForge"},{"floor":18,"key":"SkillPotion"},{"floor":22,"key":"FearPotion"},{"floor":28,"key":"Strength Potion"},{"floor":36,"key":"Strength Potion"},{"floor":46,"key":"PowerPotion"}],"is_trial":false,"path_per_floor":["M","?","M","M","$","E","?","R","T","R","M","T","E","M","R","B",null,"M","?","?","?","M","E","$","R","T","R","M","E","R","?","R","B",null,"M","M","M","?","T","R","M","E","T","E","$","M","M","E","R","B",null,"R","$","E","B",null],"character_chosen":"IRONCLAD","items_purchased":["Shrug It Off","Disarm","Panache","Dark Shackles","ClockworkSouvenir","Body Slam+1"],"campfire_rested":3,"item_purchase_floors":[5,24,45,45,45,53],"current_hp_per_floor":[63,45,38,37,37,15,15,36,36,36,36,36,16,16,37,12,57,33,33,33,33,39,41,41,41,41,41,55,56,56,49,70,72,72,72,72,64,64,64,64,72,72,72,72,72,72,72,72,72,68,71,72,72,60,45],"gold":104,"neow_bonus":"THREE_RARE_CARDS","is_daily":false,"chose_seed":false,"campfire_upgraded":6,"win_rate":0.0,"timestamp":1608506098,"path_taken":["M","?","M","M","$","E","?","R","T","R","?","?","E","M","R","BOSS","M","?","?","?","M","E","$","R","T","R","M","E","R","?","R","BOSS","M","M","M","?","?","R","?","E","T","E","$","M","?","E","R","BOSS","R","$","E","BOSS"],"items_purchased_type":["Card","Card","Card","Card","Relic","Card"],"build_version":"2020-12-13","purchased_purges":2,"victory":true,"max_hp_per_floor":[75,75,75,75,72,72,72,72,72,72,72,72,72,72,72,72,72,72,72,72,72,72,72,72,72,72,72,72,72,72,72,72,72,72,72,72,72,72,72,72,72,72,72,72,72,72,72,72,72,72,72,72,72,72,72],"relic_stats":{"counters":[27,154],"Dead Branch":[386],"Eternal Feather":1,"Pen Nib":[13],"Orichalcum":[0],"Burning Blood":109,"Lizard Tail":0,"Mummified Hand":[70],"Bird Faced Urn":[148],"Pantograph":12,"Snecko Eye":[118,115,121,130],"Kunai":[30],"obtain_stats":[{"Dead Branch":9,"Eternal Feather":42,"Pen Nib":26,"Orichalcum":54,"Burning Blood":0,"ClockworkSouvenir":45,"Lizard Tail":39,"Mummified Hand":44,"Bird Faced Urn":2,"Pantograph":48,"Snecko Eye":34,"Molten Egg 2":13,"Philosopher\u0027s Stone":17,"Bag of Marbles":6,"Red Mask":31,"Kunai":12,"InkBottle":23},{"Dead Branch":4,"Eternal Feather":20,"Pen Nib":11,"Orichalcum":26,"Burning Blood":0,"ClockworkSouvenir":21,"Lizard Tail":18,"Mummified Hand":21,"Bird Faced Urn":1,"Pantograph":24,"Snecko Eye":15,"Molten Egg 2":6,"Philosopher\u0027s Stone":8,"Bag of Marbles":4,"Red Mask":14,"Kunai":5,"InkBottle":11},{"Dead Branch":19,"Eternal Feather":123,"Pen Nib":64,"Orichalcum":146,"Burning Blood":0,"ClockworkSouvenir":126,"Lizard Tail":115,"Mummified Hand":126,"Bird Faced Urn":4,"Pantograph":135,"Snecko Eye":103,"Molten Egg 2":30,"Philosopher\u0027s Stone":49,"Bag of Marbles":19,"Red Mask":97,"Kunai":22,"InkBottle":64}],"InkBottle":[48]},"card_choices":[{"not_picked":["Juggernaut","Fiend Fire"],"picked":"Offering","floor":0},{"not_picked":["Perfected Strike","Flex"],"picked":"Cleave","floor":1},{"not_picked":["Perfected Strike","Dual Wield"],"picked":"Pommel Strike","floor":3},{"not_picked":["True Grit","Armaments"],"picked":"Spot Weakness","floor":4},{"not_picked":["Wild Strike","Flex"],"picked":"Headbutt","floor":6},{"not_picked":["Clash","Shrug It Off"],"picked":"Dark Embrace","floor":11},{"not_picked":["Armaments","Inflame"],"picked":"Clothesline+1","floor":13},{"not_picked":["Cleave+1","Exhume"],"picked":"Ghostly Armor","floor":14},{"not_picked":["Brutality","Impervious"],"picked":"Corruption","floor":16},{"not_picked":["Second Wind","Headbutt+1"],"picked":"Shockwave","floor":18},{"not_picked":["Warcry+1","Sword Boomerang+1"],"picked":"Shrug It Off","floor":22},{"not_picked":["Perfected Strike+1","Searing Blow+1"],"picked":"Feel No Pain","floor":23},{"not_picked":["Clash+1","Limit Break"],"picked":"Dual Wield","floor":28},{"not_picked":["Dark Embrace+1","Sentinel"],"picked":"Shrug It Off","floor":29},{"not_picked":["Intimidate+1","Warcry"],"picked":"Body Slam+1","floor":31},{"not_picked":["Reaper+1","Berserk"],"picked":"Limit Break","floor":33},{"not_picked":["Flex","Clash+1"],"picked":"Carnage+1","floor":35},{"not_picked":["Thunderclap+1","Pummel+1"],"picked":"Uppercut+1","floor":36},{"not_picked":["Havoc+1","Pommel Strike+1","Warcry"],"picked":"SKIP","floor":37},{"not_picked":["Cleave+1","Warcry","Headbutt+1"],"picked":"SKIP","floor":41},{"not_picked":["Spot Weakness","Dual Wield"],"picked":"Feel No Pain","floor":42},{"not_picked":["Clothesline+1","Thunderclap+1","Carnage+1"],"picked":"SKIP","floor":44},{"not_picked":["Anger+1","Dark Embrace","Wild Strike+1"],"picked":"SKIP","floor":46},{"not_picked":["Clothesline+1","Perfected Strike+1"],"picked":"Second Wind","floor":47},{"not_picked":["Carnage+1","Double Tap","Armaments"],"picked":"SKIP","floor":48},{"not_picked":["Wild Strike+1","Evolve+1"],"picked":"Second Wind","floor":54}],"player_experience":94714,"relics_obtained":[{"floor":6,"key":"Bag of Marbles"},{"floor":9,"key":"Dead Branch"},{"floor":12,"key":"Kunai"},{"floor":13,"key":"Molten Egg 2"},{"floor":23,"key":"InkBottle"},{"floor":26,"key":"Pen Nib"},{"floor":31,"key":"Red Mask"},{"floor":39,"key":"Lizard Tail"},{"floor":42,"key":"Eternal Feather"},{"floor":44,"key":"Mummified Hand"},{"floor":48,"key":"Pantograph"},{"floor":54,"key":"Orichalcum"}],"event_choices":[{"damage_healed":0,"gold_gain":0,"player_choice":"Success","damage_taken":18,"relics_obtained":["Bird Faced Urn"],"max_hp_gain":0,"max_hp_loss":0,"event_name":"Scrap Ooze","floor":2,"gold_loss":0},{"cards_removed":["Strike_R"],"damage_healed":0,"gold_gain":0,"player_choice":"Purged","damage_taken":0,"max_hp_gain":0,"max_hp_loss":0,"event_name":"Purifier","floor":7,"gold_loss":0},{"damage_healed":0,"gold_gain":0,"player_choice":"Simplicity","damage_taken":0,"max_hp_gain":0,"max_hp_loss":0,"event_name":"Back to Basics","floor":19,"gold_loss":0,"cards_upgraded":["Strike_R","Strike_R","Strike_R","Strike_R","Defend_R","Defend_R","Defend_R","Defend_R"]},{"damage_healed":0,"gold_gain":0,"player_choice":"Smashed Altar","damage_taken":0,"max_hp_gain":0,"max_hp_loss":0,"event_name":"Forgotten Altar","floor":20,"gold_loss":0,"cards_obtained":["Decay"]},{"cards_removed":["Decay"],"damage_healed":0,"gold_gain":0,"player_choice":"Gave Gold","damage_taken":0,"max_hp_gain":0,"max_hp_loss":0,"event_name":"Beggar","floor":21,"gold_loss":75},{"damage_healed":0,"gold_gain":0,"player_choice":"Fought Bandits","damage_taken":0,"max_hp_gain":0,"max_hp_loss":0,"event_name":"Masked Bandits","floor":31,"gold_loss":0},{"damage_healed":0,"gold_gain":222,"player_choice":"Wore Mask","damage_taken":0,"max_hp_gain":0,"max_hp_loss":0,"event_name":"Tomb of Lord Red Mask","floor":38,"gold_loss":0}],"is_beta":false,"boss_relics":[{"not_picked":["Coffee Dripper","Black Star"],"picked":"Philosopher\u0027s Stone"},{"not_picked":["Velvet Choker","Black Blood"],"picked":"Snecko Eye"}],"items_purged_floors":[5,45],"is_endless":false,"potions_floor_spawned":[1,6,11,18,22,28,36,41,46,48,54],"ascension_level":16}}