{"host":"jzehok24c0182h89","time":1608487933,"event":{"mods":["Bard","BaseMod","Colored Map","Colored Powertips","Downfall","Hermit","Marisa????????","Minty Spire (QoL Compilation)","Random Character Button","Shade Mod","StSLib","The Alterego","The Blackbeard","The Bug Knight","The Construct","The Cursed","The Disciple","The Hierophant","The Necromancer","The Servant 0.9.4"],"gold_per_floor":[113,131,131,206,53,53,53],"floor_reached":6,"playtime":241,"items_purged":["alterego_mod:Impale"],"score":39,"play_id":"8a80f3cc-23b7-4024-8052-25339882fabe","local_time":"20201220131213","is_ascension_mode":true,"campfire_choices":[],"circlet_count":0,"master_deck":["alterego_mod:Strike","alterego_mod:Strike","alterego_mod:Strike","alterego_mod:Strike","alterego_mod:Defend","alterego_mod:Defend","alterego_mod:Defend","alterego_mod:Defend","alterego_mod:BigMeatyClaws","alterego_mod:BrynhildrsRune","alterego_mod:Rake","alterego_mod:Mirror","alterego_mod:GoddessCore","alterego_mod:Clones"],"relics":["alterego_mod:MasochisticConstitution","Golden Idol"],"acts_visited":["Exordium"],"potions_floor_usage":[6],"damage_taken":[{"damage":5,"enemies":"Small Slimes","floor":1,"turns":3},{"damage":0,"enemies":"2 Louse","floor":2,"turns":4},{"damage":47,"enemies":"Gremlin Nob","floor":6,"turns":7}],"seed_played":"-8673543276401922917","potions_obtained":[{"floor":2,"key":"Fruit Juice"}],"is_trial":false,"path_per_floor":["M","M","?","?","$","E"],"character_chosen":"The_Alterego","items_purchased":["alterego_mod:Clones"],"campfire_rested":0,"item_purchase_floors":[5],"current_hp_per_floor":[59,64,48,37,37,0,0],"gold":53,"neow_bonus":"THREE_RARE_CARDS","is_daily":false,"chose_seed":false,"campfire_upgraded":0,"win_rate":0.0,"timestamp":1608487933,"path_taken":["M","M","?","?","$","E"],"items_purchased_type":["Card"],"build_version":"2020-12-13","purchased_purges":1,"victory":false,"max_hp_per_floor":[64,64,64,64,64,69,69],"card_choices":[{"not_picked":["alterego_mod:IdEs","alterego_mod:STier"],"picked":"alterego_mod:Rake","floor":0},{"not_picked":["alterego_mod:Jiggle","alterego_mod:Cooking"],"picked":"alterego_mod:Mirror","floor":1},{"not_picked":["alterego_mod:Birthday","alterego_mod:Table"],"picked":"alterego_mod:GoddessCore","floor":2}],"player_experience":830258,"relics_obtained":[],"event_choices":[{"damage_healed":0,"gold_gain":0,"player_choice":"Take Damage","damage_taken":16,"relics_obtained":["Golden Idol"],"max_hp_gain":0,"max_hp_loss":0,"event_name":"Golden Idol","floor":3,"gold_loss":0},{"damage_healed":0,"gold_gain":75,"player_choice":"Gather Gold","damage_taken":11,"max_hp_gain":0,"max_hp_loss":0,"event_name":"World of Goop","floor":4,"gold_loss":0}],"is_beta":false,"boss_relics":[],"items_purged_floors":[5],"is_endless":false,"potions_floor_spawned":[2],"killed_by":"Gremlin Nob","ascension_level":3}}