{"host":"sav7uxregyirlf69","time":1608463929,"event":{"mods":["AchievementEnabler","BaseMod","Colored Map","DeckTracker","Keyboard Shortcuts","Minty Spire (QoL Compilation)","READ ME - Guardian Mod","StSLib","SuperFastMode"],"gold_per_floor":[116,132,151,151,168,168,118,118,118,43,43,43,53,73,73,73,73],"floor_reached":16,"playtime":183,"items_purged":["Strike_R"],"score":92,"play_id":"04c586aa-f3c8-4914-bf62-38fb91cad025","local_time":"20201220203209","is_ascension_mode":false,"campfire_choices":[{"data":"Bash","floor":6,"key":"SMITH"},{"floor":12,"key":"REST"},{"data":"Defend_R","floor":15,"key":"SMITH"}],"circlet_count":0,"master_deck":["Strike_R","Strike_R+1","Strike_R","Defend_R+1","Defend_R+1","Bash+1"],"relics":["Burning Blood","Torii","Toxic Egg 2"],"acts_visited":["Exordium"],"potions_floor_usage":[16],"damage_taken":[{"damage":5,"enemies":"Cultist","floor":1,"turns":4},{"damage":2,"enemies":"2 Louse","floor":2,"turns":4},{"damage":13,"enemies":"Jaw Worm","floor":3,"turns":4},{"damage":14,"enemies":"Red Slaver","floor":5,"turns":3},{"damage":1,"enemies":"Blue Slaver","floor":13,"turns":4},{"damage":12,"enemies":"Large Slime","floor":14,"turns":6},{"damage":60,"enemies":"Hexaghost","floor":16,"turns":11}],"seed_played":"6331315563511517834","potions_obtained":[{"floor":3,"key":"SneckoOil"},{"floor":5,"key":"BloodPotion"},{"floor":13,"key":"DistilledChaos"}],"is_trial":false,"path_per_floor":["M","M","M","T","M","R","?","?","T","$","?","R","M","M","R","B"],"character_chosen":"IRONCLAD","items_purchased":[],"campfire_rested":1,"item_purchase_floors":[],"current_hp_per_floor":[57,61,54,54,46,46,46,51,51,51,34,59,64,58,58,0,0],"gold":73,"neow_bonus":"REMOVE_TWO","is_daily":false,"chose_seed":false,"campfire_upgraded":2,"win_rate":0.0,"timestamp":1608463929,"path_taken":["M","?","M","?","M","R","?","?","T","?","?","R","M","M","R","BOSS"],"items_purchased_type":[],"build_version":"2020-12-13","purchased_purges":1,"victory":false,"max_hp_per_floor":[80,80,80,80,80,80,80,85,85,85,85,85,85,85,85,85,85],"card_choices":[{"not_picked":["Perfected Strike","Headbutt","Pommel Strike"],"picked":"SKIP","floor":1},{"not_picked":["Reckless Charge","Flame Barrier","Headbutt"],"picked":"SKIP","floor":2},{"not_picked":["Blood for Blood","Armaments","Burning Pact"],"picked":"SKIP","floor":3},{"not_picked":["Warcry","Heavy Blade","Body Slam"],"picked":"SKIP","floor":5},{"not_picked":["Pommel Strike","Metallicize","Sword Boomerang"],"picked":"SKIP","floor":13},{"not_picked":["Shrug It Off+1","Headbutt","Wild Strike"],"picked":"SKIP","floor":14}],"player_experience":969049,"relics_obtained":[{"floor":4,"key":"Torii"},{"floor":9,"key":"Toxic Egg 2"}],"event_choices":[{"cards_removed":["Defend_R"],"damage_healed":0,"gold_gain":0,"player_choice":"Card Removal","damage_taken":0,"max_hp_gain":0,"max_hp_loss":0,"event_name":"The Cleric","floor":7,"gold_loss":50},{"damage_healed":0,"gold_gain":0,"player_choice":"Donut","damage_taken":0,"max_hp_gain":5,"max_hp_loss":0,"event_name":"Big Fish","floor":8,"gold_loss":0},{"damage_healed":0,"gold_gain":0,"player_choice":"Entered Light","damage_taken":17,"max_hp_gain":0,"max_hp_loss":0,"event_name":"Shining Light","floor":11,"gold_loss":0,"cards_upgraded":["Strike_R","Defend_R"]}],"is_beta":false,"boss_relics":[],"items_purged_floors":[10],"is_endless":false,"potions_floor_spawned":[3,5,13],"killed_by":"Hexaghost","ascension_level":0}}