{"host":"vb6wt0mawj2xz8v4","time":1608493843,"event":{"mods":["AchievementEnabler","Aspiration","BaseMod","Hermit","Highlight Path","Hubris","Jorbs\u0027s Wanderer Trilogy","Minty Spire (QoL Compilation)","Quick Restart","Replay The Spire","Shop Mod","StSLib","SuperFastMode","The Cursed","The Disciple","The Hierophant","The Jungle"],"gold_per_floor":[114,114,114,114,133,165,18,37,62,62,62,62,62,80,80,180,180,198,198,198,210,210,240,259,271,271,283,283,283,283,301,301,398,398,416,101,101,26,76,105,124,124,124],"floor_reached":42,"playtime":1164,"items_purged":["TheCursedMod:Strike_TheCursed"],"score":544,"play_id":"20aef35e-d8b2-4b10-bd61-3b2f88aba4fa","local_time":"20201220145043","is_ascension_mode":false,"campfire_choices":[{"data":"TheCursedMod:CircleOfCorruption","floor":10,"key":"SMITH"},{"data":"TheCursedMod:ReleasedStrength","floor":12,"key":"SMITH"},{"data":"hermit:Quickdraw","floor":15,"key":"SMITH"},{"data":"hermit:EyeOfTheStorm","floor":28,"key":"SMITH"},{"data":"TheCursedMod:NeowsMight","floor":30,"key":"SMITH"},{"floor":32,"key":"REST"}],"circlet_count":0,"master_deck":["TheCursedMod:Strike_TheCursed","TheCursedMod:Strike_TheCursed","TheCursedMod:Strike_TheCursed","TheCursedMod:Defend_TheCursed","TheCursedMod:Defend_TheCursed","TheCursedMod:Defend_TheCursed","TheCursedMod:Defend_TheCursed","TheCursedMod:CursedWand","TheCursedMod:CleanUpWorkshop","TheCursedMod:Dregs","TheCursedMod:CursedStaff","TheCursedMod:CursedBlade","TheCursedMod:ReleasedStrength+1","TheCursedMod:CircleOfCorruption+1","Pain","hermit:Quickdraw+1","TheCursedMod:NeowsMight+1","TheCursedMod:SurpriseAttack+1","hermit:EyeOfTheStorm+1","TheCursedMod:ReleasedStrength","TheCursedMod:DemonicPact+1","TheCursedMod:Wield+1","TheCursedMod:CursedShiv","TheCursedMod:VoidForm+1","TheCursedMod:CursedBlade","ReplayTheSpireMod:Brewmster+1","TheCursedMod:Hemoplague+1","TheCursedMod:CursedMace+1","hubris:Greed","TheCursedMod:WearCloak+1"],"relics":["TheCursedMod:BlackMagic101","NeowsBlessing","hubris:DisguiseKit","Kunai","Bag of Preparation","hubris:SphereOfDissonance","ReplayFunnel","Frozen Egg 2","ClockworkSouvenir","Simple Rune","WarpedTongs","ReplayTheSpireMod:DimensionalGlitch","hubris:Icosahedron","hubris:Towel","Oddly Smooth Stone","hubris:64BitClover","Cursed Key","Akabeko","hubris:GlazedTorus","aspiration:Lifesprig"],"acts_visited":["Exordium","Exordium","TheBeyond"],"potions_floor_usage":[16,33,40,40,42],"damage_taken":[{"damage":0,"enemies":"2 Louse","floor":1,"turns":1},{"damage":0,"enemies":"Jaw Worm","floor":5,"turns":1},{"damage":0,"enemies":"Lagavulin","floor":6,"turns":1},{"damage":0,"enemies":"Cultist","floor":8,"turns":2},{"damage":0,"enemies":"Lots of Slimes","floor":14,"turns":1},{"damage":26,"enemies":"The Guardian","floor":16,"turns":7},{"damage":4,"enemies":"theJungle:MUSHROOMGANG","floor":18,"turns":2},{"damage":18,"enemies":"theJungle:5_Spyders","floor":21,"turns":3},{"damage":9,"enemies":"theJungle:2_Phrogs","floor":23,"turns":5},{"damage":12,"enemies":"theJungle:JungleHuntersEncounter","floor":24,"turns":4},{"damage":2,"enemies":"theJungle:Lyon","floor":25,"turns":1},{"damage":0,"enemies":"Snake Plant","floor":27,"turns":2},{"damage":4,"enemies":"theJungle:2_Snecko_Cultists","floor":31,"turns":4},{"damage":6,"enemies":"theJungle:FunGuy","floor":33,"turns":5},{"damage":2,"enemies":"3 Darklings","floor":35,"turns":2},{"damage":18,"enemies":"Mind Bloom Boss Battle","floor":39,"turns":4},{"damage":45,"enemies":"Giant Head","floor":40,"turns":6},{"damage":2,"enemies":"3 Shapes","floor":41,"turns":3},{"damage":8,"enemies":"Reptomancer","floor":42,"turns":2}],"seed_played":"7447355779872635412","potions_obtained":[{"floor":5,"key":"Adrenaline Potion"},{"floor":6,"key":"Elixir"},{"floor":8,"key":"Explosive Potion"},{"floor":22,"key":"Dexterity Potion"},{"floor":25,"key":"Strength Potion"},{"floor":39,"key":"LiquidMemories"},{"floor":40,"key":"Strength Potion"}],"is_trial":false,"path_per_floor":["M","?","?","$","M","E","$","M","T","R","?","R","?","M","R","B",null,"M","?","?","M","?","E","M","M","T","M","R","?","R","M","R","B",null,"M","$","?","$","?","E","M","E"],"character_chosen":"THE_CURSED","items_purchased":["Bag of Preparation","hubris:SphereOfDissonance","ReplayFunnel","ClockworkSouvenir","Akabeko","ReplayTheSpireMod:Brewmster+1"],"campfire_rested":1,"item_purchase_floors":[4,4,4,7,36,36],"current_hp_per_floor":[75,75,63,28,28,28,28,28,28,28,53,53,53,53,53,27,75,71,71,71,53,53,44,32,30,30,30,30,30,30,26,48,42,75,73,73,73,73,55,10,8,0,0],"gold":124,"neow_bonus":"THREE_ENEMY_KILL","is_daily":false,"chose_seed":false,"campfire_upgraded":5,"win_rate":0.0,"timestamp":1608493843,"path_taken":["M","?","?","?","M","E","$","?","T","R","?","R","?","?","R","BOSS","M","?","?","M","?","E","?","M","T","M","R","?","R","M","R","BOSS","M","?","?","$","?","E","M","E"],"items_purchased_type":["Relic","Relic","Relic","Relic","Relic","Card"],"build_version":"2020-12-13","purchased_purges":1,"victory":false,"max_hp_per_floor":[75,75,75,75,75,75,75,75,75,75,75,75,75,75,75,75,75,75,75,75,75,75,75,75,75,75,75,75,75,75,75,75,75,75,75,75,75,75,75,75,75,75,75],"card_choices":[{"not_picked":["TheCursedMod:VitalStrike","TheCursedMod:CursedAmulet"],"picked":"TheCursedMod:CursedStaff","floor":1},{"not_picked":["TheCursedMod:CircleOfFlame","TheCursedMod:WearCloak","hermit:Headshot"],"picked":"TheCursedMod:CursedBlade","floor":5},{"not_picked":["TheCursedMod:SpitefulPray","TheCursedMod:SmokeScreen","hermit:TrackingShot"],"picked":"TheCursedMod:ReleasedStrength","floor":6},{"not_picked":["TheCursedMod:Obscuration","TheCursedMod:CircleOfAmplification","hermit:HoleUp"],"picked":"TheCursedMod:CircleOfCorruption","floor":8},{"not_picked":["TheCursedMod:Stigma","TheCursedMod:VitalStrike","TheCursedMod:Mangle"],"picked":"hermit:Quickdraw","floor":14},{"not_picked":["TheCursedMod:OutForBlood+1","TheCursedMod:Neurasthenia","hermit:FatalDesire"],"picked":"TheCursedMod:NeowsMight","floor":16},{"not_picked":["TheCursedMod:SmokeScreen+1","TheCursedMod:PrepareRite","hermit:Showdown"],"picked":"TheCursedMod:SurpriseAttack+1","floor":18},{"not_picked":["TheCursedMod:CircleOfCorruption","TheCursedMod:Wield","TheCursedMod:Obscuration"],"picked":"hermit:EyeOfTheStorm","floor":21},{"not_picked":["TheCursedMod:RavingStaff","TheCursedMod:CursedBlade","hermit:HoleUp"],"picked":"TheCursedMod:ReleasedStrength","floor":23},{"not_picked":["TheCursedMod:TroublousMinions+1","TheCursedMod:Obscuration","TheCursedMod:PrepareRite+1","hermit:LoneWolf"],"picked":"SKIP","floor":24},{"not_picked":["TheCursedMod:RavingStaff","TheCursedMod:Stigma","hermit:SprayPray"],"picked":"TheCursedMod:DemonicPact+1","floor":25},{"not_picked":["TheCursedMod:StingEye","TheCursedMod:SoulCrush","hermit:PistolWhip"],"picked":"TheCursedMod:Wield+1","floor":27},{"not_picked":["TheCursedMod:CursedBlade","TheCursedMod:NeowsMight","hermit:Horror"],"picked":"TheCursedMod:CursedShiv","floor":31},{"not_picked":["TheCursedMod:NeowsMight","TheCursedMod:UltimatePain","hermit:FromBeyond"],"picked":"TheCursedMod:VoidForm+1","floor":33},{"not_picked":["TheCursedMod:DoubleShield+1","TheCursedMod:TacticalStrike","hermit:Cheat"],"picked":"TheCursedMod:CursedBlade","floor":35},{"not_picked":["TheCursedMod:CursedArmor","TheCursedMod:BlessingInDisguise+1","hermit:HighCaliber"],"picked":"TheCursedMod:Hemoplague+1","floor":39},{"not_picked":["TheCursedMod:DemonicPact+1","TheCursedMod:DemonSword","hermit:HighCaliber"],"picked":"TheCursedMod:CursedMace+1","floor":40},{"not_picked":["TheCursedMod:Stigma","TheCursedMod:ReleasedStrength","hermit:Glare"],"picked":"TheCursedMod:WearCloak+1","floor":41}],"player_experience":443309,"relics_obtained":[{"floor":6,"key":"Frozen Egg 2"},{"floor":9,"key":"Simple Rune"},{"floor":23,"key":"Oddly Smooth Stone"},{"floor":26,"key":"hubris:64BitClover"},{"floor":39,"key":"hubris:GlazedTorus"},{"floor":40,"key":"aspiration:Lifesprig"}],"event_choices":[{"damage_healed":0,"gold_gain":0,"player_choice":"Success","damage_taken":12,"relics_obtained":["Kunai"],"max_hp_gain":0,"max_hp_loss":0,"event_name":"Scrap Ooze","floor":3,"gold_loss":0},{"damage_healed":25,"gold_gain":0,"player_choice":"Banana","damage_taken":0,"max_hp_gain":0,"max_hp_loss":0,"event_name":"Big Fish","floor":11,"gold_loss":0},{"damage_healed":0,"gold_gain":0,"player_choice":"Rummage","damage_taken":0,"relics_obtained":["WarpedTongs"],"max_hp_gain":0,"max_hp_loss":0,"event_name":"Accursed Blacksmith","floor":13,"gold_loss":0,"cards_obtained":["Pain"]},{"damage_healed":0,"gold_gain":0,"player_choice":"Got Potions","damage_taken":0,"max_hp_gain":0,"max_hp_loss":0,"event_name":"Lab","floor":22,"gold_loss":0},{"damage_healed":0,"gold_gain":0,"player_choice":"Gold","damage_taken":0,"max_hp_gain":0,"max_hp_loss":0,"event_name":"Wheel of Change","floor":29,"gold_loss":0},{"damage_healed":0,"gold_gain":0,"player_choice":"Memory 1","damage_taken":0,"max_hp_gain":0,"max_hp_loss":0,"event_name":"SensoryStone","floor":37,"gold_loss":0},{"damage_healed":0,"gold_gain":0,"player_choice":"Fight","damage_taken":0,"max_hp_gain":0,"max_hp_loss":0,"event_name":"MindBloom","floor":39,"gold_loss":0}],"is_beta":false,"boss_relics":[{"not_picked":["aspiration:SecretTechniqueScroll","Snecko Eye"],"picked":"ReplayTheSpireMod:DimensionalGlitch"},{"not_picked":["SlaversCollar","Replay:Grab Bag"],"picked":"Cursed Key"}],"items_purged_floors":[38],"is_endless":false,"potions_floor_spawned":[5,6,8,23,25,31,39,40],"killed_by":"Reptomancer","ascension_level":0}}