{"host":"ufl0k2so27eic2iy","time":1608489679,"event":{"mods":["BaseMod","Minty Spire (QoL Compilation)","StSLib","The Animator"],"gold_per_floor":[118,193,205,224,81,81,81,112,188,223,24,24,24,62,62,143,143,170,50,78,78,78,78,78],"floor_reached":23,"playtime":1159,"items_purged":["animator:Strike"],"score":341,"play_id":"3d1a49e4-0404-4dae-80c0-ea79dfc86a5b","local_time":"20201220184119","is_ascension_mode":true,"campfire_choices":[{"data":"animator:YuiTsuruno","floor":6,"key":"SMITH"},{"data":"animator:Arpeggio","floor":15,"key":"SMITH"}],"circlet_count":0,"master_deck":["AscendersBane","animator:Strike_MadokaMagica","animator:Defend_MadokaMagica","animator:Defend","animator:Defend","animator:Defend","animator:IrohaTamaki","animator:YuiTsuruno+1","animator:Priestess","animator:DolaStephanie","animator:YuiTsuruno","animator:Arpeggio+1","animator:KyokoSakura","animator:LizardPriest","animator:FielNirvalen","animator:GuildGirl","animator:Sonic","animator:YaoHaDucy","animator:YachiyoNanami","animator:PinaCoLada","animator:MetalKnight","animator:TukaLunaMarceau"],"relics":["animator:LivingPicture","animator:TheMissingPiece","animator:BattleDrones","Eternal Feather","Orichalcum","Coffee Dripper","animator:CerealBox","Red Mask"],"acts_visited":["Exordium","TheCity"],"potions_floor_usage":[8,20,20],"damage_taken":[{"damage":3,"enemies":"Jaw Worm","floor":1,"turns":5},{"damage":0,"enemies":"2 Louse","floor":3,"turns":2},{"damage":2,"enemies":"Small Slimes","floor":4,"turns":5},{"damage":17,"enemies":"Lagavulin","floor":8,"turns":8},{"damage":8,"enemies":"3 Sentries","floor":10,"turns":5},{"damage":0,"enemies":"2 Fungi Beasts","floor":14,"turns":4},{"damage":14,"enemies":"The Guardian","floor":16,"turns":8},{"damage":14,"enemies":"2 Thieves","floor":18,"turns":4},{"damage":43,"enemies":"Masked Bandits","floor":20,"turns":4},{"damage":21,"enemies":"Gremlin Leader","floor":23,"turns":6}],"seed_played":"-4330262662539496321","potions_obtained":[{"floor":1,"key":"SkillPotion"},{"floor":14,"key":"Explosive Potion"},{"floor":18,"key":"AttackPotion"}],"is_trial":false,"path_per_floor":["M","?","M","M","$","R","?","E","T","E","$","?","?","M","R","B",null,"M","$","?","?","?","E"],"character_chosen":"THE_ANIMATOR","items_purchased":["animator:Arpeggio","animator:GuildGirl","animator:Sonic","animator:YaoHaDucy","animator:CerealBox"],"campfire_rested":0,"item_purchase_floors":[5,11,11,11,19],"current_hp_per_floor":[57,46,46,44,44,44,44,27,27,19,19,24,24,24,33,19,58,44,44,1,1,1,0,0],"gold":78,"neow_bonus":"TEN_PERCENT_HP_BONUS","is_daily":false,"chose_seed":false,"campfire_upgraded":2,"win_rate":0.0,"timestamp":1608489679,"path_taken":["M","?","M","M","$","R","?","E","T","E","$","?","?","?","R","BOSS","M","$","?","?","?","E"],"items_purchased_type":["Card","Card","Card","Card","Relic"],"build_version":"2020-12-13","purchased_purges":1,"victory":false,"max_hp_per_floor":[66,66,66,66,66,66,66,66,66,66,66,71,71,71,71,71,71,71,71,71,71,71,71,71],"card_choices":[{"not_picked":["animator:Tet","animator:Kuribayashi"],"picked":"animator:Priestess","floor":1},{"not_picked":["animator:MumenRider","animator:YaoHaDucy"],"picked":"animator:DolaStephanie","floor":3},{"not_picked":["animator:Jibril","animator:YaoHaDucy"],"picked":"animator:YuiTsuruno","floor":4},{"not_picked":["animator:Witch","animator:HighElfArcher"],"picked":"animator:LizardPriest","floor":8},{"not_picked":["animator:ElricAlphonse","animator:HomuraAkemi"],"picked":"animator:FielNirvalen","floor":10},{"not_picked":["animator:DolaRiku","animator:Sloth"],"picked":"animator:YachiyoNanami","floor":14},{"not_picked":["animator:ItamiYouji","animator:Albedo"],"picked":"animator:PinaCoLada","floor":16},{"not_picked":["animator:Melzalgald","animator:LeleiLaLalena"],"picked":"animator:MetalKnight","floor":18},{"not_picked":["animator:ElricEdward","animator:MamiTomoe"],"picked":"animator:TukaLunaMarceau","floor":20}],"player_experience":2329886,"relics_obtained":[{"floor":8,"key":"animator:BattleDrones"},{"floor":9,"key":"Eternal Feather"},{"floor":10,"key":"Orichalcum"},{"floor":20,"key":"Red Mask"}],"event_choices":[{"damage_healed":0,"gold_gain":75,"player_choice":"Gather Gold","damage_taken":11,"max_hp_gain":0,"max_hp_loss":0,"event_name":"World of Goop","floor":2,"gold_loss":0},{"damage_healed":0,"gold_gain":0,"cards_transformed":["animator:Strike"],"player_choice":"Change","damage_taken":0,"max_hp_gain":0,"max_hp_loss":0,"event_name":"Living Wall","floor":7,"gold_loss":0,"cards_obtained":["animator:KyokoSakura"]},{"damage_healed":0,"gold_gain":0,"player_choice":"Donut","damage_taken":0,"max_hp_gain":5,"max_hp_loss":0,"event_name":"Big Fish","floor":12,"gold_loss":0},{"cards_removed":["animator:Strike"],"damage_healed":0,"gold_gain":0,"player_choice":"Purged","damage_taken":0,"max_hp_gain":0,"max_hp_loss":0,"event_name":"Purifier","floor":13,"gold_loss":0},{"damage_healed":0,"gold_gain":0,"player_choice":"Fought Bandits","damage_taken":0,"max_hp_gain":0,"max_hp_loss":0,"event_name":"Masked Bandits","floor":20,"gold_loss":0},{"damage_healed":0,"gold_gain":0,"player_choice":"Ignored","damage_taken":0,"max_hp_gain":0,"max_hp_loss":0,"event_name":"Cursed Tome","floor":22,"gold_loss":0}],"is_beta":false,"boss_relics":[{"not_picked":["Astrolabe","Velvet Choker"],"picked":"Coffee Dripper"}],"items_purged_floors":[5],"is_endless":false,"potions_floor_spawned":[1,14,18],"killed_by":"Gremlin Leader","ascension_level":15}}