{"host":"d61vkvf8c80cu18y","time":1608436843,"event":{"mods":["2.2 Compatiblity","AchievementEnabler","AlwaysNeverKeys","Aspiration","BaseMod","Better Altar","Better Note","Better Sensory Stone","Better Skull","Better Third Choice","BetterRewards","Challenge The Spire","Conspire","Custom Start","Downfall","Emptier Cage","Energized Spire","Force Act Four","GifTheSpireLib","Gremlin Mod","GungeonMod","Hermit","Highlight Path","Hubris","Infinite Spire","Ironclad Rager","Jess\u0027s Bottle","Marked Mod","Minty Spire (QoL Compilation)","Quick Restart","Rare Cards Sparkle","Relic Filter","Replay The Spire","Retaliation","Shade Mod","Shop Mod","Spicy Shops","Spikes Relics","StSLib","Stuff the Spire","Swap Starting Deck Mod","The Blue Laboratory","The Bug Knight","The Cursed","The Forsaken","The Marked","The Runesmith","The Sage","The Servant 0.9.4","TheVacant","Thieving Mod","Virulent Crown","thorton"],"gold_per_floor":[117,129,129,143,158,177,177,19,19,19,19,31,31,47,47,150,150,162,162,179,144,161,161,181,191,191,225,225,225,245,263,263,368,368,381,413,289,311,311,411,411],"floor_reached":40,"playtime":5390,"items_purged":[],"score":402,"play_id":"e0aa0e16-c763-4e3a-9684-40a15a4cd3c4","local_time":"20201219220043","is_ascension_mode":false,"campfire_choices":[{"data":"Gremlin:Rhythm","floor":7.0,"key":"SMITH"},{"data":"Gremlin:InfiniteBlocks","floor":10.0,"key":"SMITH"},{"floor":15.0,"key":"DIG"},{"data":"Gremlin:TagTeam","floor":23.0,"key":"SMITH"}],"circlet_count":0,"master_deck":["Gremlin:Strike","Gremlin:Strike","Gremlin:Strike","Gremlin:Strike","Gremlin:Defend","Gremlin:Defend","Gremlin:Defend","Gremlin:Defend","Gremlin:TagTeam+1","Gremlin:GremlinDance","Gremlin:ShankStone","Gremlin:Rhythm+1","Gremlin:ShankStone","Gremlin:ShankStone","Gremlin:Scatter","Gremlin:InfiniteBlocks+1","Gremlin:FairyDust","Gremlin:BubbleBarrier","Gremlin:CatScratch","Gremlin:Duplicate","Deflect","Envenom","StuffTheSpire:MirrorStance","Gremlin:Tricksy","Storm of Steel","StuffTheSpire:ReptileScales","StuffTheSpire:Shiver+1","Gremlin:ArmsTheft+1","Gremlin:SecondVolley","Blade Dance","Gremlin:InfiniteBlocks+1","Gremlin:Duplicate+1","Gremlin:Pinprick+1","Dagger Spray"],"relics":["Gremlin:GremlinKnob","hubris:Reverence","Gremlin:StolenMerchandise","Pet Ghost","aspiration:SilentSkillbook","conspire:DeflatedDodgeball","StuffTheSpire:SapphireSignet","sagemod:Flying_Carpet","HollowMod:StagPassRelic","hubris:Icosahedron"],"acts_visited":["Exordium","TheCity","TheBeyond"],"potions_floor_usage":[],"damage_taken":[{"damage":8.0,"enemies":"Small Slimes","floor":1.0,"turns":4.0},{"damage":4.0,"enemies":"conspire:RoseBush","floor":2.0,"turns":2.0},{"damage":1.0,"enemies":"Cultist","floor":4.0,"turns":4.0},{"damage":0.0,"enemies":"2 Fungi Beasts","floor":5.0,"turns":2.0},{"damage":6.0,"enemies":"Exordium Thugs","floor":6.0,"turns":4.0},{"damage":0.0,"enemies":"Gremlin Gang","floor":12.0,"turns":5.0},{"damage":1.0,"enemies":"2 Fungi Beasts","floor":14.0,"turns":3.0},{"damage":7.0,"enemies":"Hexaghost","floor":16.0,"turns":8.0},{"damage":0.0,"enemies":"Spheric Guardian","floor":18.0,"turns":3.0},{"damage":3.0,"enemies":"3 Byrds","floor":20.0,"turns":3.0},{"damage":12.0,"enemies":"Snake Plant","floor":22.0,"turns":6.0},{"damage":16.0,"enemies":"conspire:HollyBat","floor":24.0,"turns":6.0},{"damage":47.0,"enemies":"Centurion and Healer","floor":25.0,"turns":7.0},{"damage":10.0,"enemies":"Replay:Snechameleon","floor":27.0,"turns":6.0},{"damage":27.0,"enemies":"Snake Plant","floor":30.0,"turns":5.0},{"damage":11.0,"enemies":"Shelled Parasite and Fungi","floor":31.0,"turns":4.0},{"damage":21.0,"enemies":"Automaton","floor":33.0,"turns":9.0},{"damage":4.0,"enemies":"3 Shapes","floor":35.0,"turns":4.0},{"damage":2.0,"enemies":"conspire:MimicChest","floor":36.0,"turns":8.0},{"damage":6,"enemies":"Orb Walker","floor":38,"turns":3},{"damage":33,"enemies":"4 Shapes","floor":40,"turns":2}],"seed_played":"3867285925274219196","potions_obtained":[{"floor":2.0,"key":"BlessingOfTheForge"},{"floor":11.0,"key":"Strength Potion"},{"floor":11.0,"key":"conspire:TimeTravelPotion"},{"floor":14.0,"key":"champ:CounterPotion"},{"floor":18.0,"key":"Elixir"},{"floor":27.0,"key":"PowerPotion"},{"floor":33.0,"key":"blueLaboratory:LouseDecoction"},{"floor":35.0,"key":"DemoMod:LeadSkinPotion"},{"floor":38,"key":"ColorlessPotion"}],"is_trial":false,"path_per_floor":["M","M","?","M","M","M","R","$","T","R","?","M","$","M","R","B",null,"M","?","M","$","M","R","M","M","T","E","R","?","M","M","R","B",null,"M","?","$","M","?","M"],"character_chosen":"GREMLIN","items_purchased":["Gremlin:InfiniteBlocks","Gremlin:FairyDust","Gremlin:StolenMerchandise","StuffTheSpire:MirrorStance","Gremlin:Duplicate","Gremlin:Pinprick"],"campfire_rested":0,"item_purchase_floors":[8,8,13,21,37,37],"current_hp_per_floor":[13,9,9,20,21,15,15,15,15,15,15,21,21,17,17,10,21,21,21,21,21,18,18,20,12,12,8,8,8,4,3,3,13,13,9,7,7,13,13,0,0],"gold":411,"neow_bonus":"TEN_PERCENT_HP_BONUS","is_daily":false,"chose_seed":false,"campfire_upgraded":3,"win_rate":0.0,"timestamp":1608436843,"path_taken":["M","M","?","M","M","M","R","$","T","R","?","?","$","M","R","BOSS","M","?","M","$","M","R","M","?","T","E","R","?","M","M","R","BOSS","M","?","$","M","?","M"],"items_purchased_type":["Card","Card","Relic","Card","Card","Card"],"build_version":"2020-12-13","purchased_purges":0,"victory":false,"max_hp_per_floor":[21,21,21,21,21,21,21,21,21,21,21,21,21,21,21,21,21,21,21,21,21,21,21,21,21,21,22,21,14,14,14,13,13,13,13,13,13,13,13,13,13],"card_choices":[{"not_picked":["Gremlin:Mockery","Gremlin:Pinprick"],"picked":"Gremlin:ShankStone","floor":1.0},{"not_picked":["Gremlin:BulkUp","Gremlin:GremlinArms"],"picked":"Gremlin:Rhythm","floor":2.0},{"not_picked":["Gremlin:Pretaliation","Gremlin:Tricksy"],"picked":"Gremlin:ShankStone","floor":4.0},{"not_picked":["Gremlin:PourSalt","Gremlin:ToeStub"],"picked":"Gremlin:ShankStone","floor":5.0},{"not_picked":["Gremlin:Unforgiving","Gremlin:Glimmer"],"picked":"Gremlin:Scatter","floor":6.0},{"not_picked":["Gremlin:GremlinToss","Gremlin:GremlinArms"],"picked":"Gremlin:BubbleBarrier","floor":12.0},{"not_picked":["Gremlin:Mockery","Gremlin:Glimmer"],"picked":"Gremlin:CatScratch","floor":14.0},{"not_picked":["Gremlin:Necromancy","Gremlin:Erupt"],"picked":"Gremlin:Duplicate","floor":16.0},{"not_picked":["Gremlin:Pretaliation","Reflex","Dodge and Roll"],"picked":"Deflect","floor":18.0},{"not_picked":["Gremlin:Dazzle","hubris:TrickCloak","Poisoned Stab"],"picked":"Envenom","floor":20.0},{"not_picked":["Acrobatics","Sucker Punch","Blur","Fluid Movement"],"picked":"SKIP","floor":22.0},{"not_picked":["StuffTheSpire:Injection","Quick Slash","Dodge and Roll+1"],"picked":"Gremlin:Tricksy","floor":24.0},{"not_picked":["StuffTheSpire:Python","Gremlin:Jeer","Noxious Fumes"],"picked":"Storm of Steel","floor":25.0},{"not_picked":["PiercingWail","Gremlin:Tadah","Gremlin:GremlinOffensive"],"picked":"StuffTheSpire:ReptileScales","floor":27.0},{"not_picked":["Gremlin:Glimmer","Concentrate","Draining Mist"],"picked":"StuffTheSpire:Shiver+1","floor":30.0},{"not_picked":["Blur","Gremlin:Flurry","Gremlin:Stupend"],"picked":"Gremlin:ArmsTheft+1","floor":31.0},{"not_picked":["Venomology","Gremlin:Fury","Grand Finale"],"picked":"Gremlin:SecondVolley","floor":33.0},{"not_picked":["Draining Mist","Prepared+1","Gremlin:Scatter+1"],"picked":"Blade Dance","floor":35.0},{"not_picked":["Backflip+1","Slice+1","StuffTheSpire:BumpUp"],"picked":"Gremlin:InfiniteBlocks+1","floor":36.0},{"not_picked":["Flying Knee","Gremlin:Exacerbate","StuffTheSpire:Python"],"picked":"Dagger Spray","floor":38}],"player_experience":385446,"relics_obtained":[{"floor":9.0,"key":"hubris:Reverence"},{"floor":15.0,"key":"Pet Ghost"},{"floor":26.0,"key":"conspire:DeflatedDodgeball"},{"floor":27.0,"key":"StuffTheSpire:SapphireSignet"},{"floor":36.0,"key":"HollowMod:StagPassRelic"}],"event_choices":[{"damage_healed":0.0,"max_hp_gain":0.0,"max_hp_loss":0.0,"gold_gain":0.0,"event_name":"Golden Wing","player_choice":"Ignored","floor":3.0,"gold_loss":0.0,"damage_taken":0.0},{"damage_healed":0.0,"max_hp_gain":0.0,"max_hp_loss":0.0,"gold_gain":0.0,"event_name":"Lab","player_choice":"Got Potions","floor":11.0,"gold_loss":0.0,"damage_taken":0.0},{"cards_removed":["Gremlin:Duplicate"],"damage_healed":0.0,"max_hp_gain":0.0,"max_hp_loss":0.0,"gold_gain":0.0,"event_name":"betterNote:BetterNote","player_choice":"Give","floor":19.0,"gold_loss":0.0,"damage_taken":0.0,"cards_obtained":["SilverBlades"]}],"is_beta":false,"boss_relics":[{"not_picked":["hubris:TerracottaHorce","Replay:Ancient Bell"],"picked":"aspiration:SilentSkillbook"},{"not_picked":["ChewingGum","conspire:SeveredTorchhead","CosmicIsotope"]}],"items_purged_floors":[],"is_endless":false,"potions_floor_spawned":[2,12,14,18,22,27,33,35,38],"killed_by":"4 Shapes","ascension_level":0}}