{"host":"hjw1ay65n7jm40lc","time":1608435260,"event":{"mods":["AchievementEnabler","BaseMod","Block Reminder","Colored Map","Colored Powertips","Downfall","Googly Eyes","Highlight Path","Minty Spire (QoL Compilation)","Quick Restart","Relic Stats","StSLib"],"gold_per_floor":[99,109,25,25,57,77,128,156,156,187,187,202,215,315,329,424,424,424,452,463,481,481,511,511,525,525,375,394,253,253,273,289,388,388,388,417,269,269,285,16,41,41,70,70,90,90,108,119,129,129],"floor_reached":51,"playtime":8316,"items_purged":["Guardian:Strike_Guardian","Guardian:Defend_Guardian","Guardian:Strike_Guardian+1"],"score":917,"play_id":"df7dff3e-e0fb-4bcf-ba5f-b2313b667a7c","local_time":"20201219223420","is_ascension_mode":false,"campfire_choices":[{"data":"Guardian:TwinSlam","floor":1.0,"key":"SMITH"},{"data":"Guardian:EvasiveProtocol","floor":9.0,"key":"SMITH"},{"floor":18.0,"key":"RECALL"},{"data":"Guardian:ExploitGems","floor":27.0,"key":"SMITH"},{"data":"Guardian:CurlUp","floor":35.0,"key":"SMITH"},{"data":"Guardian:RevengeProtocol","floor":42,"key":"SMITH"},{"data":"Guardian:BronzeOrb","floor":44,"key":"SMITH"}],"circlet_count":0,"master_deck":["Guardian:Defend_Guardian+1","Guardian:Defend_Guardian+1","Guardian:CurlUp+1","Guardian:TwinSlam+1","Guardian:Recover+1","Guardian:RevengeProtocol+1","Guardian:EvasiveProtocol+1","Guardian:Reroute","Guardian:StasisField","Guardian:SpikerProtocol","Guardian:ExploitGems+1","Guardian:DonusPower+1","Guardian:DecasProtection+1","Guardian:ChargeCore+1","RitualDagger","Guardian:Gem_White","Guardian:StasisField","Guardian:BronzeOrb+1","Guardian:Gem_Blue","Guardian:Gem_Lightblue","Guardian:WalkerClaw+1","Guardian:TemporalStrike+1","Guardian:EvasiveProtocol+1"],"relics":["Guardian:ModeShifter","Centennial Puzzle","Akabeko","Bottled Tornado","War Paint","Letter Opener","Toy Ornithopter","Philosopher\u0027s Stone","Strawberry","Boot","Incense Burner","downfall:HeartBlessingGreen","downfall:HeartBlessingRed","Empty Cage","Guardian:PickAxe","Guardian:SackOfGems","Happy Flower","Bag of Preparation","Molten Egg 2"],"acts_visited":["TheCity","TheBeyond"],"potions_floor_usage":[50],"damage_taken":[{"damage":0.0,"enemies":"Jaw Worm","floor":2.0,"turns":5.0},{"damage":0.0,"enemies":"downfall:FleeingMerchant","floor":3.0,"turns":4.0},{"damage":29.0,"enemies":"Gremlin Nob","floor":5.0,"turns":5.0},{"damage":0.0,"enemies":"Small Slimes","floor":6.0,"turns":2.0},{"damage":5.0,"enemies":"3 Sentries","floor":8.0,"turns":8.0},{"damage":8.0,"enemies":"Gremlin Nob","floor":10.0,"turns":3.0},{"damage":0.0,"enemies":"Cultist","floor":12.0,"turns":3.0},{"damage":0.0,"enemies":"Red Slaver","floor":13.0,"turns":2.0},{"damage":0.0,"enemies":"downfall:LadyInBlue","floor":14.0,"turns":5.0},{"damage":1.0,"enemies":"Large Slime","floor":15.0,"turns":4.0},{"damage":10.0,"enemies":"downfall:Defect","floor":16.0,"turns":6.0},{"damage":9.0,"enemies":"Book of Stabbing","floor":19.0,"turns":5.0},{"damage":0.0,"enemies":"Shell Parasite","floor":20.0,"turns":4.0},{"damage":0.0,"enemies":"Spheric Guardian","floor":21.0,"turns":3.0},{"damage":12.0,"enemies":"Slavers","floor":23.0,"turns":5.0},{"damage":6.0,"enemies":"Centurion and Healer","floor":25.0,"turns":3.0},{"damage":6.0,"enemies":"Cultist and Chosen","floor":28.0,"turns":4.0},{"damage":14.0,"enemies":"downfall:FleeingMerchant","floor":29.0,"turns":4.0},{"damage":17.0,"enemies":"Snake Plant","floor":31.0,"turns":3.0},{"damage":0.0,"enemies":"Snecko","floor":32.0,"turns":3.0},{"damage":0.0,"enemies":"downfall:Watcher","floor":33.0,"turns":9.0},{"damage":0.0,"enemies":"Giant Head","floor":36.0,"turns":7.0},{"damage":1.0,"enemies":"downfall:FleeingMerchant","floor":37.0,"turns":4.0},{"damage":1,"enemies":"3 Shapes","floor":39,"turns":2},{"damage":0,"enemies":"Nemesis","floor":43,"turns":3},{"damage":0,"enemies":"Orb Walker","floor":45,"turns":3},{"damage":2,"enemies":"4 Shapes","floor":47,"turns":3},{"damage":0,"enemies":"3 Darklings","floor":48,"turns":3},{"damage":0,"enemies":"Maw","floor":49,"turns":6},{"damage":28,"enemies":"downfall:Silent","floor":50,"turns":5}],"seed_played":"-8031403261584695216","potions_obtained":[{"floor":6.0,"key":"AttackPotion"},{"floor":8.0,"key":"LiquidMemories"},{"floor":12.0,"key":"Guardian:AcceleratePotion"},{"floor":14.0,"key":"Regen Potion"},{"floor":14.0,"key":"SkillPotion"},{"floor":14.0,"key":"AttackPotion"},{"floor":16.0,"key":"Ancient Potion"},{"floor":19.0,"key":"SteroidPotion"},{"floor":25.0,"key":"PowerPotion"},{"floor":31.0,"key":"Ancient Potion"},{"floor":32.0,"key":"hexamod:EctoCoolerPotion"},{"floor":36.0,"key":"sneckomod:MuddlingPotion"},{"floor":43,"key":"ColorlessPotion"}],"is_trial":false,"path_per_floor":["R","M","$","?","E","M","T","E","R","E","?","M","M","?","M","B",null,"R","E","M","M","?","E","T","M","?","R","M","$","?","M","M","B",null,"R","E","?","?","M","$","T","R","E","R","M","?","M","M","M","B",null],"character_chosen":"GUARDIAN","items_purchased":["Guardian:EvasiveProtocol","SteroidPotion","Guardian:SackOfGems","Guardian:AcceleratePotion","Happy Flower"],"campfire_rested":0,"item_purchase_floors":[3,29,37,37,40],"current_hp_per_floor":[88,88,88,88,59,59,59,54,54,46,4,4,4,4,3,23,88,88,86,86,86,86,74,74,68,62,62,56,47,39,27,27,27,95,95,95,94,94,93,93,93,93,93,93,93,93,91,91,91,67],"gold":129,"neow_bonus":"TEN_PERCENT_HP_BONUS","is_daily":false,"chose_seed":false,"campfire_upgraded":6,"win_rate":0.0,"timestamp":1608435260,"path_taken":["R","M","$","?","E","M","T","E","R","E","?","M","M","?","M","BOSS","R","E","M","M","?","E","T","M","?","R","M","$","?","?","M","BOSS","R","E","?","?","M","$","T","R","E","R","M","?","M","M","M","BOSS"],"items_purchased_type":["Card","Potion","Relic","Potion","Relic"],"build_version":"2020-12-13","purchased_purges":3,"victory":true,"max_hp_per_floor":[88,88,88,88,88,88,88,88,88,88,88,88,88,88,88,88,88,88,95,95,95,95,95,95,95,95,95,95,95,95,95,95,95,95,95,95,95,95,95,95,95,95,95,95,95,95,95,95,95,95],"relic_stats":{"Centennial Puzzle":[42],"Happy Flower":[7],"counters":[30,126],"Bag of Preparation":[12],"Letter Opener":[324],"War Paint":["Guardian:Recover","Guardian:Defend_Guardian"],"Boot":[38],"obtain_stats":[{"downfall:HeartBlessingRed":27,"Happy Flower":40,"Guardian:ModeShifter":0,"downfall:HeartBlessingGreen":27,"Guardian:SackOfGems":37,"Incense Burner":23,"Bag of Preparation":41,"Letter Opener":11,"Bottled Tornado":8,"War Paint":10,"Boot":22,"Empty Cage":34,"Akabeko":7,"Guardian:PickAxe":36,"Centennial Puzzle":5,"Strawberry":19,"Philosopher\u0027s Stone":17,"Molten Egg 2":43,"Toy Ornithopter":14},{"downfall:HeartBlessingRed":16,"Happy Flower":24,"Guardian:ModeShifter":0,"downfall:HeartBlessingGreen":16,"Guardian:SackOfGems":23,"Incense Burner":15,"Bag of Preparation":24,"Letter Opener":6,"Bottled Tornado":5,"War Paint":6,"Boot":14,"Empty Cage":21,"Akabeko":4,"Guardian:PickAxe":22,"Centennial Puzzle":3,"Strawberry":12,"Philosopher\u0027s Stone":11,"Molten Egg 2":25,"Toy Ornithopter":9},{"downfall:HeartBlessingRed":67,"Happy Flower":103,"Guardian:ModeShifter":0,"downfall:HeartBlessingGreen":67,"Guardian:SackOfGems":101,"Incense Burner":64,"Bag of Preparation":103,"Letter Opener":27,"Bottled Tornado":24,"War Paint":27,"Boot":59,"Empty Cage":90,"Akabeko":16,"Guardian:PickAxe":97,"Centennial Puzzle":14,"Strawberry":52,"Philosopher\u0027s Stone":47,"Molten Egg 2":106,"Toy Ornithopter":37}],"Toy Ornithopter":29},"card_choices":[{"not_picked":["Guardian:Gem_Lightblue","Guardian:TimeBomb"],"picked":"Guardian:Recover","floor":2.0},{"not_picked":["Guardian:WalkerClaw","Guardian:SpikerProtocol"],"picked":"Guardian:RevengeProtocol","floor":3.0},{"not_picked":["Guardian:Recover","Guardian:Incinerate"],"picked":"Guardian:Reroute","floor":5.0},{"not_picked":["Guardian:WalkerClaw","Guardian:Reroute"],"picked":"Guardian:Gem_Fragmented","floor":6.0},{"not_picked":["Guardian:ArmoredProtocol","Guardian:Gem_Fragmented"],"picked":"Guardian:StasisField","floor":8.0},{"not_picked":["Guardian:VentSteam","Guardian:PrismaticBeam","Guardian:BronzeArmor"],"picked":"SKIP","floor":10.0},{"not_picked":["Guardian:Planning","Guardian:PrimingBeam"],"picked":"Guardian:Gem_White","floor":12.0},{"not_picked":["Guardian:DonusPower","Guardian:RollAttack"],"picked":"Guardian:SpikerProtocol","floor":13.0},{"not_picked":["Guardian:PrismaticBarrier","Guardian:RollAttack","Guardian:SpikerProtocol"],"picked":"SKIP","floor":15.0},{"not_picked":["Guardian:SphericShield","Guardian:ConstructionForm"],"picked":"Guardian:ExploitGems","floor":16.0},{"not_picked":["Guardian:Gem_Red","Guardian:RollAttack"],"picked":"Guardian:DonusPower+1","floor":19.0},{"not_picked":["Guardian:Preprogram","Guardian:CrystalBeam+1"],"picked":"Guardian:DecasProtection+1","floor":20.0},{"not_picked":["Guardian:CrystalBeam","Guardian:WalkerClaw"],"picked":"Guardian:ChargeCore+1","floor":21.0},{"not_picked":["Guardian:ConstructionForm","Guardian:TimeBomb"],"picked":"Guardian:Gem_Lightblue","floor":23.0},{"not_picked":["Guardian:Harden","Guardian:PrimingBeam"],"picked":"Guardian:Gem_Cyan","floor":25.0},{"not_picked":["Guardian:PrismaticBarrier","Guardian:Gem_Red"],"picked":"Guardian:Gem_White","floor":28.0},{"not_picked":["Guardian:ShieldSpikes","Guardian:Repulse"],"picked":"Guardian:StasisField","floor":29.0},{"not_picked":["Guardian:Gem_Cyan","Guardian:WalkerClaw"],"picked":"Guardian:Gem_White","floor":31.0},{"not_picked":["Guardian:Reroute+1","Guardian:PrimingBeam+1","Guardian:Clone"],"picked":"SKIP","floor":32.0},{"not_picked":["Guardian:StasisStrike","Guardian:ExploitGems"],"picked":"Guardian:Gem_Orange","floor":33.0},{"not_picked":["Guardian:Clone","Guardian:PrimingBeam+1"],"picked":"Guardian:Gem_Synthetic","floor":36.0},{"not_picked":["Guardian:WalkerClaw","Guardian:GuardianWhirl+1"],"picked":"Guardian:BronzeOrb","floor":37.0},{"not_picked":["Guardian:Suspension","Guardian:Reroute+1"],"picked":"Guardian:WalkerClaw+1","floor":39},{"not_picked":["Guardian:SphericShield","Guardian:BronzeArmor"],"picked":"Guardian:TemporalStrike+1","floor":43},{"not_picked":["Guardian:ChargeCore+1","Guardian:Gem_Crimson"],"picked":"Guardian:EvasiveProtocol+1","floor":45},{"not_picked":["Guardian:Gem_Cyan","Guardian:TemporalShield","Guardian:ShieldSpikes"],"picked":"SKIP","floor":47},{"not_picked":["Guardian:Gem_Lightblue","Guardian:Gem_Red","Guardian:PrimingBeam+1"],"picked":"SKIP","floor":48},{"not_picked":["Guardian:RollAttack+1","Guardian:PiercingHide+1","Guardian:Reroute+1"],"picked":"SKIP","floor":49}],"player_experience":389334,"relics_obtained":[{"floor":5.0,"key":"Centennial Puzzle"},{"floor":7.0,"key":"Akabeko"},{"floor":8.0,"key":"Bottled Tornado"},{"floor":10.0,"key":"War Paint"},{"floor":14.0,"key":"Toy Ornithopter"},{"floor":19.0,"key":"Strawberry"},{"floor":22.0,"key":"Boot"},{"floor":23.0,"key":"Incense Burner"},{"floor":36.0,"key":"Guardian:PickAxe"},{"floor":41,"key":"Bag of Preparation"},{"floor":43,"key":"Molten Egg 2"}],"event_choices":[{"damage_healed":0.0,"max_hp_gain":0.0,"max_hp_loss":0.0,"gold_gain":0.0,"event_name":"Scrap Ooze","player_choice":"Success","floor":11.0,"gold_loss":0.0,"damage_taken":42.0,"relics_obtained":["Letter Opener"]},{"damage_healed":0.0,"max_hp_gain":0.0,"max_hp_loss":0.0,"gold_gain":0.0,"event_name":"Wheel of Change","player_choice":"Relic","floor":22.0,"gold_loss":0.0,"damage_taken":0.0}],"is_beta":false,"boss_relics":[{"not_picked":["Guardian:StasisSlotReductionRelic","Cursed Key"],"picked":"Philosopher\u0027s Stone"},{"not_picked":["Snecko Eye","Fusion Hammer"],"picked":"Empty Cage"}],"items_purged_floors":[29,37,40],"is_endless":false,"potions_floor_spawned":[6,8,12,15,16,19,25,31,32,33,36,39,43,48],"ascension_level":0}}