{"host":"fdzt26oh6i4vaxrk","time":1608488781,"event":{"mods":["BaseMod","Colored Map","Minty Spire (QoL Compilation)"],"gold_per_floor":[114,114,132,148,166,195,207,207,207,71,88,88,88,119,119,190,190,210,225,243,243,243],"floor_reached":21,"playtime":1680,"items_purged":[],"score":367,"play_id":"b8253a60-393d-42ce-9a3c-5b65d85d660e","local_time":"20201220192621","is_ascension_mode":true,"campfire_choices":[{"floor":12.0,"key":"REST"},{"floor":15.0,"key":"REST"}],"circlet_count":0,"master_deck":["AscendersBane","Strike_B","Strike_B","Strike_B","Defend_B","Defend_B","Defend_B","Zap","Dualcast+1","Conserve Battery","Chaos","Static Discharge","FTL","Sweeping Beam","Go for the Eyes","Fusion+1","BootSequence","Ball Lightning","Undo","Stack","Creative AI","Sweeping Beam+1","Hologram","Fission"],"relics":["Cracked Core","Anchor","Sundial","Pantograph","MealTicket","Nuclear Battery"],"acts_visited":["Exordium","TheCity"],"potions_floor_usage":[],"damage_taken":[{"damage":0.0,"enemies":"Jaw Worm","floor":1.0,"turns":4.0},{"damage":0.0,"enemies":"2 Louse","floor":3.0,"turns":3.0},{"damage":0.0,"enemies":"Cultist","floor":4.0,"turns":3.0},{"damage":0.0,"enemies":"Gremlin Gang","floor":5.0,"turns":2.0},{"damage":9.0,"enemies":"3 Sentries","floor":6.0,"turns":12.0},{"damage":7.0,"enemies":"Exordium Thugs","floor":7.0,"turns":4.0},{"damage":8.0,"enemies":"3 Louse","floor":11.0,"turns":3.0},{"damage":18.0,"enemies":"Lagavulin","floor":14.0,"turns":6.0},{"damage":24.0,"enemies":"Hexaghost","floor":16.0,"turns":9.0},{"damage":15.0,"enemies":"Shell Parasite","floor":18.0,"turns":6.0},{"damage":13.0,"enemies":"Spheric Guardian","floor":19.0,"turns":5.0},{"damage":28,"enemies":"Chosen and Byrds","floor":20,"turns":5},{"damage":8,"enemies":"Snake Plant","floor":21,"turns":5}],"seed_played":"8160834891505274754","potions_obtained":[{"floor":1.0,"key":"Explosive Potion"},{"floor":4.0,"key":"EssenceOfSteel"},{"floor":6.0,"key":"Swift Potion"},{"floor":14.0,"key":"CultistPotion"}],"is_trial":false,"path_per_floor":["M","?","M","M","M","E","M","?","T","$","M","R","?","E","R","B",null,"M","M","M","M"],"character_chosen":"DEFECT","items_purchased":["BootSequence","Ball Lightning"],"campfire_rested":2,"item_purchase_floors":[10,10],"current_hp_per_floor":[64,57,57,57,57,48,41,41,41,41,33,54,33,15,36,37,63,48,35,7,0,0],"gold":243,"neow_bonus":"RANDOM_COMMON_RELIC","is_daily":false,"chose_seed":false,"campfire_upgraded":0,"win_rate":0.0,"timestamp":1608488781,"path_taken":["M","?","M","M","M","E","M","?","T","$","M","R","?","E","R","BOSS","M","M","M","M"],"items_purchased_type":["Card","Card"],"build_version":"2020-12-13","purchased_purges":0,"victory":false,"max_hp_per_floor":[71,71,71,71,71,71,71,71,71,71,71,71,71,71,71,71,71,71,71,71,71,71],"card_choices":[{"not_picked":["Doom and Gloom","Force Field"],"picked":"Conserve Battery","floor":1.0},{"not_picked":["Rebound","Darkness"],"picked":"Chaos","floor":3.0},{"not_picked":["Turbo","Cold Snap"],"picked":"Static Discharge","floor":4.0},{"not_picked":["Beam Cell","Recycle"],"picked":"FTL","floor":5.0},{"not_picked":["Gash","Beam Cell"],"picked":"Sweeping Beam","floor":6.0},{"not_picked":["Stack","Turbo"],"picked":"Go for the Eyes","floor":7.0},{"not_picked":["BootSequence","Meteor Strike"],"picked":"Undo","floor":11.0},{"not_picked":["Streamline","Redo"],"picked":"Stack","floor":14.0},{"not_picked":["Machine Learning","Meteor Strike"],"picked":"Creative AI","floor":16.0},{"not_picked":["Ball Lightning","Fusion"],"picked":"Sweeping Beam+1","floor":18.0},{"not_picked":["Conserve Battery","Cold Snap"],"picked":"Hologram","floor":19.0},{"not_picked":["Gash","Loop"],"picked":"Fission","floor":20}],"player_experience":544894,"relics_obtained":[{"floor":6.0,"key":"Sundial"},{"floor":9.0,"key":"Pantograph"},{"floor":14.0,"key":"MealTicket"}],"event_choices":[{"cards_removed":["Strike_B"],"damage_healed":0.0,"max_hp_gain":0.0,"max_hp_loss":0.0,"gold_gain":0.0,"event_name":"Golden Wing","player_choice":"Card Removal","floor":2.0,"gold_loss":0.0,"damage_taken":7.0},{"damage_healed":0.0,"max_hp_gain":0.0,"max_hp_loss":0.0,"gold_gain":0.0,"cards_transformed":["Defend_B"],"event_name":"Living Wall","player_choice":"Change","floor":8.0,"gold_loss":0.0,"damage_taken":0.0,"cards_obtained":["Fusion"]},{"damage_healed":0.0,"max_hp_gain":0.0,"max_hp_loss":0.0,"gold_gain":0.0,"event_name":"Shining Light","player_choice":"Entered Light","floor":13.0,"gold_loss":0.0,"damage_taken":21.0,"cards_upgraded":["Dualcast","Fusion"]}],"is_beta":false,"boss_relics":[{"not_picked":["SacredBark","Empty Cage"],"picked":"Nuclear Battery"}],"items_purged_floors":[],"is_endless":false,"potions_floor_spawned":[1,4,6,14],"killed_by":"Snake Plant","ascension_level":18}}