{"host":"h7xtspmc2x3i8s2i","time":1608495901,"event":{"mods":["2.2 Compatiblity","AchievementEnabler","Act Like it!","AlwaysNeverKeys","Aspiration","Astrologer","BaseMod","Beaked The Cultist","Better Match","Better Sensory Stone","Better Third Choice","Better Vampires","BetterRewards","Challenge The Spire","Colored Map","Colored Powertips","Colorless Booster Pack","Curses Come First","Defuse TimeMaze Blight","Dio Mod","Downfall","Duelist Mod","EXCEPTION","Energized Spire","Friendly Minions","GifTheSpireLib","Gold Saver","Gremlin Skip","Halation","Hubris","Jedi Mod","Key Reminder","Marked Mod","Minty Spire (QoL Compilation)","Pale of the Ancients","Permanent Neow","Random Character Button","Random Character Mod","Rare Cards Sparkle","Relic Filter","Relic Stats","Replay The Spire","SacredBarkPlus","Shop Mod","Somnambulant","Spicy Shops","Spikes Relics","Spire Birthday Party","StSLib","Steal the Spire","Stuff the Spire","SuperFastMode","The Awakened One except there are too many feathers","The Blue Laboratory","The Cursed","The Death Knight","The Dragon Tamer","The Edgeheg","The Hierophant","The Problem Sleuth","The Wild Card","Transform Curses","Unceasing Turn Reminder","everything is the same but u backflip on backflip","slay the spire mod where everything is the same but ironclad has a cowboy hat","vexMod"],"gold_per_floor":[1531,1531,1531,1456,51,65,92,120,130,55,55,69,19,30,49,153,153,153,153,153,165,165,178,178,207,132,164,178,191,44,44,58,161,161,161,177,177,191,222,222,222,232,251,281,281,8,8,30,54,72,72,108,72,72,90],"floor_reached":56,"playtime":3546,"items_purged":["DTMod:Strike"],"score":1622,"play_id":"1dbc6409-cdb8-4404-9618-d786f4143547","local_time":"20201220152501","is_ascension_mode":false,"metric_token":4243,"campfire_choices":[{"floor":1,"key":"RECALL"},{"data":"DTMod:SwitchingTactic","floor":4,"key":"SMITH"},{"data":"Pot Of Greed","floor":10,"key":"SMITH"},{"data":"Pot Of Greed","floor":18,"key":"SMITH"},{"data":"DTMod:CrossStep","floor":26,"key":"SMITH"},{"data":"Discovery","floor":35,"key":"SMITH"},{"floor":54,"key":"REST"}],"dtmod_dragon_data":[50,50,2,2,4,7],"circlet_count":0,"master_deck":["DTMod:Strike","DTMod:Strike","DTMod:DoubleHit","DTMod:TargetDefense","DTMod:TargetDefense","DTMod:TargetDefense","DTMod:TargetDefense","DTMod:SwitchingTactic+1","DTMod:Feint","Discovery+1","Pot Of Greed+1","Pot Of Greed+1","DTMod:Feint","DTMod:MagiciansMark","DTMod:CrossStep+1","DTMod:Training","DTMod:EchoTactic","DTMod:Haste","DTMod:Conduct","DTMod:CleansingStrike","DTMod:BalancedStrike","DTMod:CrossStep","Pot Of Greed","DTMod:MagiciansMark","DTMod:Training","DTMod:ComboAttack","DTMod:Threaten","DTMod:Multitask","DTMod:Training+1","DTMod:Training+1","DTMod:TauntingStrike","DTMod:QuickFly+1","DTMod:CleansingStrike","DTMod:CrossStep","DTMod:Threaten","Pot Of Greed","DTMod:InvisibleFlame"],"relics":["DTMod:PactStone","Toy Ornithopter","hubris:Icosahedron","downfall:HeartBlessingRed","Medical Kit","jedi:HeartOfTheCards","StuffTheSpire:HeavyRock","Grinning Jar","Anchor","Strange Spoon","MerchantsRug","Replay:Wax Seal","jedi:crownofsimplicity","downfall:HeartBlessingGreen","hubris:Stopwatch","jedi:angrymask","DTMod:BindingString","downfall:HeartBlessingBlue","Replay:Rubber Ducky","hubris:ScarierMask","halation:VictoryRuler","Blue Doll","Replay:Bandana","Toolbox","jedi:shrinkray","aspiration:SeaSaltIceCream","champ:ChampionCrown","StuffTheSpire:Wildfire"],"acts_visited":["Exordium","TheCity","TheBeyond","TheEnding"],"potions_floor_usage":[8,8,16,25,28,29,38,39,44,49,55],"damage_taken":[{"damage":0,"enemies":"downfall:FleeingMerchant","floor":5,"turns":4},{"damage":0,"enemies":"2 Louse","floor":6,"turns":1},{"damage":0,"enemies":"3 Sentries","floor":8,"turns":10},{"damage":0,"enemies":"Jaw Worm","floor":9,"turns":3},{"damage":0,"enemies":"Small Slimes","floor":12,"turns":2},{"damage":0,"enemies":"downfall:FleeingMerchant","floor":13,"turns":4},{"damage":0,"enemies":"Red Slaver","floor":14,"turns":2},{"damage":0,"enemies":"Large Slime","floor":15,"turns":2},{"damage":43,"enemies":"downfall:Silent","floor":16,"turns":6},{"damage":0,"enemies":"Chosen","floor":21,"turns":4},{"damage":0,"enemies":"Centurion and Healer","floor":23,"turns":8},{"damage":0,"enemies":"theDuelist:KaibaA2","floor":25,"turns":6},{"damage":0,"enemies":"Replay:Snechameleon","floor":27,"turns":7},{"damage":0,"enemies":"Cultist and Chosen","floor":28,"turns":6},{"damage":0,"enemies":"Shelled Parasite and Fungi","floor":29,"turns":4},{"damage":0,"enemies":"downfall:FleeingMerchant","floor":30,"turns":4},{"damage":0,"enemies":"Centurion and Healer","floor":32,"turns":6},{"damage":0,"enemies":"downfall:Ironclad","floor":33,"turns":5},{"damage":0,"enemies":"3 Shapes","floor":36,"turns":4},{"damage":0,"enemies":"3 Darklings","floor":38,"turns":1},{"damage":6,"enemies":"Reptomancer","floor":39,"turns":7},{"damage":0,"enemies":"Maw","floor":42,"turns":7},{"damage":0,"enemies":"Transient","floor":43,"turns":5},{"damage":0,"enemies":"beaked:SuperParasite","floor":44,"turns":6},{"damage":0,"enemies":"downfall:FleeingMerchant","floor":46,"turns":4},{"damage":0,"enemies":"Sphere and 2 Shapes","floor":48,"turns":2},{"damage":0,"enemies":"Writhing Mass","floor":49,"turns":4},{"damage":5,"enemies":"downfall:Defect","floor":50,"turns":7},{"damage":32,"enemies":"downfall:CharBossMerchant","floor":52,"turns":6},{"damage":0,"enemies":"downfall:NeowBoss","floor":55,"turns":17}],"seed_played":"6468626545000932531","potions_obtained":[{"floor":6,"key":"blueLaboratory:RecallPotion"},{"floor":9,"key":"jedi:wingpotion"},{"floor":12,"key":"LiquidMemories"},{"floor":16,"key":"Elixir"},{"floor":21,"key":"Cursed Concoction"},{"floor":23,"key":"Fire Potion"},{"floor":28,"key":"jedi:tentaclejuice"},{"floor":33,"key":"SkillPotion"},{"floor":38,"key":"Swift Potion"},{"floor":42,"key":"BlessingOfTheForge"},{"floor":48,"key":"Flashbang"},{"floor":52,"key":"blueLaboratory:BottledHope"}],"is_trial":false,"path_per_floor":["R","?","?","R","$","M","T","E","M","R","?","M","$","M","M","B",null,"R","?","T","M","?","M","T","E","R","E","M","M","$","?","M","B",null,"R_BF","M","?","M","E","?","T","M","M","E","?","$","?","M","M","B",null,"E","$","R","B",null],"character_chosen":"THE_DT","items_purchased":["Discovery","Medical Kit","jedi:HeartOfTheCards","StuffTheSpire:HeavyRock","Grinning Jar","Anchor","Strange Spoon","MerchantsRug","ColorlessPotion","DTMod:Training","DTMod:MagiciansMark","DTMod:Training","DTMod:ComboAttack","Toolbox","jedi:shrinkray","aspiration:SeaSaltIceCream","DTMod:Threaten","DTMod:InvisibleFlame"],"campfire_rested":1,"item_purchase_floors":[5,5,5,5,5,5,5,5,5,13,30,30,30,46,46,46,46,53],"current_hp_per_floor":[45,45,45,45,45,45,45,45,45,45,45,45,45,45,45,2,45,45,39,39,39,39,39,39,44,54,54,59,60,60,60,60,60,60,60,60,60,60,54,54,54,54,54,59,59,59,59,59,60,55,60,28,28,46,55],"gold":90,"neow_bonus":"RANDOM_COMMON_RELIC","is_daily":false,"chose_seed":false,"campfire_upgraded":5,"win_rate":0.0,"timestamp":1608495901,"path_taken":["R","?","?","R","$","?","T","E","M","R","?","?","$","M","M","BOSS","R","?","?","?","?","M","T","E","R","E","M","?","$","?","M","BOSS","R_BF","M","?","M","E","?","T","?","M","E","?","$","?","M","M","BOSS","E","$","R","BOSS"],"items_purchased_type":["Card","Relic","Relic","Relic","Relic","Relic","Relic","Relic","Potion","Card","Card","Card","Card","Relic","Relic","Relic","Card","Card"],"build_version":"2020-12-13","purchased_purges":1,"victory":true,"max_hp_per_floor":[45,45,45,45,45,45,45,45,45,45,45,45,45,45,45,45,45,45,50,50,50,50,50,50,50,60,60,60,60,60,60,60,60,60,60,60,60,60,60,60,60,60,60,60,60,60,60,60,60,60,60,60,60,60,60],"relic_stats":{"Strange Spoon":[83],"counters":[30,154],"Medical Kit":[15],"obtain_stats":[{"jedi:angrymask":20,"downfall:HeartBlessingGreen":10,"Blue Doll":41,"champ:ChampionCrown":46,"Replay:Rubber Ducky":27,"jedi:shrinkray":46,"Replay:Bandana":44,"hubris:Icosahedron":3,"downfall:HeartBlessingBlue":26,"StuffTheSpire:HeavyRock":5,"hubris:Stopwatch":17,"hubris:ScarierMask":34,"halation:VictoryRuler":39,"Toolbox":46,"DTMod:BindingString":25,"Replay:Wax Seal":7,"MerchantsRug":5,"downfall:HeartBlessingRed":4,"StuffTheSpire:Wildfire":52,"jedi:crownofsimplicity":8,"aspiration:SeaSaltIceCream":46,"Medical Kit":5,"jedi:HeartOfTheCards":5,"keyreminder:keyreminder":1,"Strange Spoon":5,"Anchor":5,"DTMod:PactStone":0,"Grinning Jar":5,"Toy Ornithopter":0},{"jedi:angrymask":9,"downfall:HeartBlessingGreen":4,"Blue Doll":21,"champ:ChampionCrown":25,"Replay:Rubber Ducky":13,"jedi:shrinkray":25,"Replay:Bandana":24,"hubris:Icosahedron":0,"downfall:HeartBlessingBlue":12,"StuffTheSpire:HeavyRock":1,"hubris:Stopwatch":9,"hubris:ScarierMask":18,"halation:VictoryRuler":21,"Toolbox":25,"DTMod:BindingString":12,"Replay:Wax Seal":2,"MerchantsRug":1,"downfall:HeartBlessingRed":0,"StuffTheSpire:Wildfire":29,"jedi:crownofsimplicity":3,"aspiration:SeaSaltIceCream":25,"Medical Kit":1,"jedi:HeartOfTheCards":1,"keyreminder:keyreminder":0,"Strange Spoon":1,"Anchor":1,"DTMod:PactStone":0,"Grinning Jar":1,"Toy Ornithopter":0},{"jedi:angrymask":34,"downfall:HeartBlessingGreen":18,"Blue Doll":96,"champ:ChampionCrown":118,"Replay:Rubber Ducky":59,"jedi:shrinkray":118,"Replay:Bandana":114,"hubris:Icosahedron":0,"downfall:HeartBlessingBlue":52,"StuffTheSpire:HeavyRock":4,"hubris:Stopwatch":34,"hubris:ScarierMask":84,"halation:VictoryRuler":96,"Toolbox":118,"DTMod:BindingString":52,"Replay:Wax Seal":5,"MerchantsRug":4,"downfall:HeartBlessingRed":0,"StuffTheSpire:Wildfire":137,"jedi:crownofsimplicity":15,"aspiration:SeaSaltIceCream":118,"Medical Kit":4,"jedi:HeartOfTheCards":4,"keyreminder:keyreminder":0,"Strange Spoon":4,"Anchor":4,"DTMod:PactStone":0,"Grinning Jar":4,"Toy Ornithopter":0}],"Toy Ornithopter":21},"card_choices":[{"not_picked":["DTMod:Dissolve","DTMod:BurningEnergy"],"picked":"DTMod:Feint","floor":5},{"not_picked":["DTMod:MasterPlan","DTMod:QuickFly"],"picked":"DTMod:Feint","floor":6},{"not_picked":["DTMod:Punisher","DTMod:QuickFly"],"picked":"DTMod:MagiciansMark","floor":8},{"not_picked":["DTMod:Hide","DTMod:Overwhelm"],"picked":"DTMod:CrossStep","floor":9},{"not_picked":["DTMod:BizarreTactic","DTMod:Hide","DTMod:BurningEnergy"],"picked":"SKIP","floor":12},{"not_picked":["DTMod:TauntingStrike","DTMod:HeatWave","DTMod:Cover"],"picked":"SKIP","floor":13},{"not_picked":["DTMod:Shift","DTMod:BurningEnergy","DTMod:Cover"],"picked":"SKIP","floor":14},{"not_picked":["DTMod:MaximumCharge","DTMod:BizarreTactic","DTMod:Cover"],"picked":"SKIP","floor":15},{"not_picked":["DTMod:StunTrap","DTMod:Safeguard"],"picked":"DTMod:EchoTactic","floor":16},{"not_picked":["DTMod:Punisher","DTMod:BurningForce"],"picked":"DTMod:Haste","floor":21},{"not_picked":["DTMod:QuickFly","DTMod:Punisher"],"picked":"DTMod:Feint","floor":23},{"not_picked":["DTMod:Cover","DTMod:FlameSlash"],"picked":"DTMod:Adaptation+1","floor":25},{"not_picked":["DTMod:BlueScale","DTMod:BurningEnergy+1"],"picked":"DTMod:CleansingStrike","floor":27},{"not_picked":["DTMod:Hide","DTMod:Inferno"],"picked":"DTMod:BalancedStrike","floor":28},{"not_picked":["DTMod:RecklessFlurry","DTMod:BizarreTactic+1","DTMod:Cover+1"],"picked":"SKIP","floor":29},{"not_picked":["DTMod:Weaken","DTMod:BreakAttack"],"picked":"DTMod:CrossStep","floor":30},{"not_picked":["DTMod:CleansingStrike","DTMod:BreakAttack"],"picked":"DTMod:Threaten","floor":32},{"not_picked":["DTMod:TriAttack","DTMod:Outburst"],"picked":"DTMod:Multitask","floor":33},{"not_picked":["DTMod:BizarreTactic+1","DTMod:Cover+1"],"picked":"DTMod:Training+1","floor":36},{"not_picked":["DTMod:MasterPlan","DTMod:StarRain","DTMod:Cover"],"picked":"SKIP","floor":38},{"not_picked":["DTMod:RepeatStrike","DTMod:CalculatedDefense"],"picked":"DTMod:Training+1","floor":39},{"not_picked":["DTMod:MagicField","DTMod:Cover+1"],"picked":"DTMod:QuickFly+1","floor":42},{"not_picked":["DTMod:BreakAttack+1","DTMod:MasterPlan+1","DTMod:Cover"],"picked":"SKIP","floor":43},{"not_picked":["DTMod:Punisher+1","DTMod:TauntingStrike"],"picked":"DTMod:CleansingStrike","floor":44},{"not_picked":["DTMod:Overwhelm","DTMod:BurningEnergy"],"picked":"DTMod:CrossStep","floor":46},{"not_picked":["DTMod:FlameSlash+1","DTMod:BizarreTactic+1","DTMod:Hide"],"picked":"SKIP","floor":48},{"not_picked":["DTMod:BizarreTactic","DTMod:Safeguard","DTMod:MasterPlan+1"],"picked":"SKIP","floor":49},{"not_picked":["DTMod:Shift","DTMod:CleansingStrike","DTMod:MaximumCharge"],"picked":"SKIP","floor":52}],"player_experience":537070,"relics_obtained":[{"floor":7,"key":"Replay:Wax Seal"},{"floor":8,"key":"jedi:crownofsimplicity"},{"floor":20,"key":"jedi:angrymask"},{"floor":25,"key":"DTMod:BindingString"},{"floor":27,"key":"Replay:Rubber Ducky"},{"floor":39,"key":"halation:VictoryRuler"},{"floor":41,"key":"Blue Doll"},{"floor":44,"key":"Replay:Bandana"},{"floor":52,"key":"StuffTheSpire:Wildfire"}],"event_choices":[{"damage_healed":0,"gold_gain":0,"player_choice":"Ignored","damage_taken":0,"max_hp_gain":0,"max_hp_loss":0,"event_name":"NoteForYourself","floor":11,"gold_loss":0},{"damage_healed":0,"gold_gain":0,"cards_transformed":["DTMod:Strike"],"player_choice":"Transformed","damage_taken":0,"max_hp_gain":0,"max_hp_loss":0,"event_name":"Transmorgrifier","floor":22,"gold_loss":0,"cards_obtained":["DTMod:Conduct"]},{"damage_healed":0,"gold_gain":0,"cards_transformed":["DTMod:Adaptation"],"player_choice":"Transformed","damage_taken":0,"max_hp_gain":0,"max_hp_loss":0,"event_name":"Transmorgrifier","floor":40,"gold_loss":0,"cards_obtained":["DTMod:TauntingStrike"]},{"cards_removed":["DTMod:Feint"],"damage_healed":0,"gold_gain":0,"player_choice":"Removed Attack","damage_taken":0,"max_hp_gain":0,"max_hp_loss":0,"event_name":"Falling","floor":45,"gold_loss":0}],"is_beta":false,"boss_relics":[{"not_picked":["vexMod:TanglingVine","aspiration:FutureDiary"],"picked":"hubris:Stopwatch"},{"not_picked":["jedi:hotpepper","halation:Yufonium"],"picked":"hubris:ScarierMask"}],"items_purged_floors":[5],"is_endless":false,"potions_floor_spawned":[6,9,12,16,21,23,28,33,38,42,48,52],"ascension_level":0}}