{"host":"4par9lyhj7bf4dsa","time":1608440762,"event":{"mods":["AchievementEnabler","BaseMod","Colored Map","Minty Spire (QoL Compilation)","Relic Stats","StSLib"],"gold_per_floor":[119,131,147,157,157,157,190,190,190,190,211,211,55,71,71,71,71],"floor_reached":16,"playtime":589,"items_purged":[],"score":155,"play_id":"ee633a04-0840-4bab-88ba-63d70ef30360","local_time":"20201220160602","is_ascension_mode":true,"campfire_choices":[{"data":"CutThroughFate","floor":6,"key":"SMITH"},{"floor":10,"key":"REST"},{"floor":15,"key":"REST"}],"circlet_count":0,"master_deck":["AscendersBane","Strike_P","Strike_P","Strike_P","Strike_P","Defend_P","Defend_P","Defend_P","Defend_P","Eruption","Vigilance","CutThroughFate+1","Consecrate+1","Tantrum","CrushJoints","FlyingSleeves","Writhe","Protect","Protect"],"relics":["Cursed Key","Matryoshka","Frozen Egg 2","Sundial","Odd Mushroom","Happy Flower"],"acts_visited":["Exordium"],"potions_floor_usage":[11,16,16],"damage_taken":[{"damage":3,"enemies":"Small Slimes","floor":1,"turns":5},{"damage":4,"enemies":"Jaw Worm","floor":2,"turns":4},{"damage":2,"enemies":"2 Louse","floor":3,"turns":3},{"damage":8,"enemies":"Large Slime","floor":4,"turns":3},{"damage":29,"enemies":"Lagavulin","floor":7,"turns":3},{"damage":26,"enemies":"The Mushroom Lair","floor":11,"turns":3},{"damage":9,"enemies":"Lots of Slimes","floor":14,"turns":3},{"damage":24,"enemies":"The Guardian","floor":16,"turns":10}],"seed_played":"5266888542495940567","potions_obtained":[{"floor":2,"key":"Explosive Potion"},{"floor":7,"key":"EntropicBrew"}],"is_trial":false,"path_per_floor":["M","M","M","M","?","R","E","?","T","R","?","?","$","M","R","B"],"character_chosen":"WATCHER","items_purchased":["Happy Flower"],"campfire_rested":2,"item_purchase_floors":[13],"current_hp_per_floor":[62,58,56,48,48,48,19,19,19,40,14,14,14,5,26,2,2],"gold":71,"neow_bonus":"BOSS_RELIC","is_daily":false,"chose_seed":false,"campfire_upgraded":1,"win_rate":0.0,"timestamp":1608440762,"path_taken":["M","M","M","M","?","R","E","?","T","R","?","?","?","M","R","BOSS"],"items_purchased_type":["Relic"],"build_version":"2020-12-13","purchased_purges":0,"victory":false,"max_hp_per_floor":[72,72,72,72,72,72,72,72,72,72,72,72,72,72,72,72,72],"relic_stats":{"Happy Flower":[4],"counters":[8,34],"Sundial":[2],"Cursed Key":1,"obtain_stats":[{"Matryoshka":7,"Happy Flower":13,"Sundial":9,"PureWater":0,"Frozen Egg 2":9,"Odd Mushroom":11,"Cursed Key":0},{"Matryoshka":5,"Happy Flower":6,"Sundial":5,"PureWater":0,"Frozen Egg 2":5,"Odd Mushroom":6,"Cursed Key":0},{"Matryoshka":18,"Happy Flower":21,"Sundial":18,"PureWater":0,"Frozen Egg 2":18,"Odd Mushroom":21,"Cursed Key":0}]},"card_choices":[{"not_picked":["SashWhip","CrushJoints"],"picked":"CutThroughFate","floor":1},{"not_picked":["PathToVictory","Swivel"],"picked":"Consecrate","floor":2},{"not_picked":["EmptyFist","Consecrate"],"picked":"Tantrum","floor":3},{"not_picked":["BowlingBash","Consecrate"],"picked":"CrushJoints","floor":4},{"not_picked":["EmptyFist","CutThroughFate"],"picked":"FlyingSleeves","floor":7},{"not_picked":["Vengeance","FlyingSleeves"],"picked":"Protect","floor":11},{"not_picked":["SashWhip","Brilliance"],"picked":"Protect","floor":14}],"player_experience":884459,"relics_obtained":[{"floor":7,"key":"Matryoshka"},{"floor":9,"key":"Frozen Egg 2"},{"floor":9,"key":"Sundial"},{"floor":11,"key":"Odd Mushroom"}],"event_choices":[{"damage_healed":0,"gold_gain":0,"player_choice":"Grow","damage_taken":0,"max_hp_gain":0,"max_hp_loss":0,"event_name":"Living Wall","floor":5,"gold_loss":0,"cards_upgraded":["Consecrate"]},{"damage_healed":0,"gold_gain":0,"player_choice":"Fled","damage_taken":0,"max_hp_gain":0,"max_hp_loss":0,"event_name":"Scrap Ooze","floor":8,"gold_loss":0},{"damage_healed":0,"gold_gain":0,"player_choice":"Fought Mushrooms","damage_taken":0,"max_hp_gain":0,"max_hp_loss":0,"event_name":"Mushrooms","floor":11,"gold_loss":0},{"damage_healed":0,"gold_gain":0,"player_choice":"Ignored","damage_taken":0,"max_hp_gain":0,"max_hp_loss":0,"event_name":"Golden Wing","floor":12,"gold_loss":0}],"is_beta":false,"boss_relics":[],"items_purged_floors":[],"is_endless":false,"potions_floor_spawned":[2,7],"killed_by":"The Guardian","ascension_level":11}}