{"host":"98bdbcgi2hhn2gyr","time":1608474666,"event":{"mods":["BaseMod","Colored Map","Minty Spire (QoL Compilation)","StSLib","The Servant 0.9.4"],"gold_per_floor":[113,2,2,16,27,27,27,27,52,52,52,383,397,428,428,530,530,544,560,560,256,270,300,215,215,215,215,265,278,278,291,291,394,394,406,417,417,212,232,262,262,122,148,161,187,187,213,225,225,225,225,225,19,45,45],"floor_reached":56,"playtime":4688,"items_purged":["Decay","Normality","Shame","Parasite"],"score":1334,"play_id":"80f3e6d3-9c27-4b51-b42b-ab10a565fd57","local_time":"20201220233106","is_ascension_mode":true,"campfire_choices":[{"data":"Snipe","floor":6.0,"key":"SMITH"},{"data":"Shuttle","floor":8.0,"key":"SMITH"},{"data":"BestPractice","floor":15.0,"key":"SMITH"},{"data":"Moondial","floor":25.0,"key":"SMITH"},{"data":"SurpressingFire","floor":27.0,"key":"SMITH"},{"data":"MurderousAura","floor":30.0,"key":"SMITH"},{"data":"Luminosity","floor":32.0,"key":"SMITH"},{"data":"TheWorld","floor":41,"key":"SMITH"},{"data":"Rearm","floor":46,"key":"SMITH"},{"floor":49,"key":"RECALL"},{"data":"WasteNot","floor":52,"key":"SMITH"}],"circlet_count":0,"master_deck":["Strike_S","Strike_S+1","Strike_S","Defend_S","Defend_S","Defend_S","Defend_S","KidneyShot","Exchange","Shuttle+1","Snipe+1","SurpressingFire+1","Moonlight","Moondial+1","Rearm+1","BestPractice+1","BottledTime","MurderousAura+1","Sabotage","WasteNot+1","Luminosity+1","GearUp+1","FanOfKnives+1","Desolation+1","TheWorld+1","BottledTime+1","InstantArmor+1","ShiftingGears+1","TimeTheft+1","FastForward+1"],"relics":["Uniform","NeowsBlessing","Strawberry","Vajra","Old Coin","HornCleat","Cursed Key","Bag of Preparation","Tiny Chest","Centennial Puzzle","Lantern","Sozu","Membership Card","Oddly Smooth Stone","Bronze Scales","Happy Flower","Nunchaku","PreservedInsect","Kunai","Whetstone"],"acts_visited":["Exordium","TheCity","TheBeyond","TheEnding"],"potions_floor_usage":[],"damage_taken":[{"damage":0.0,"enemies":"2 Louse","floor":1.0,"turns":1.0},{"damage":0.0,"enemies":"Small Slimes","floor":4.0,"turns":2.0},{"damage":0.0,"enemies":"Jaw Worm","floor":5.0,"turns":1.0},{"damage":8.0,"enemies":"3 Sentries","floor":12.0,"turns":9.0},{"damage":0.0,"enemies":"Looter","floor":13.0,"turns":4.0},{"damage":10.0,"enemies":"Gremlin Nob","floor":14.0,"turns":3.0},{"damage":5.0,"enemies":"The Guardian","floor":16.0,"turns":11.0},{"damage":16.0,"enemies":"2 Thieves","floor":18.0,"turns":4.0},{"damage":0.0,"enemies":"Chosen","floor":19.0,"turns":4.0},{"damage":5.0,"enemies":"Centurion and Healer","floor":22.0,"turns":5.0},{"damage":15.0,"enemies":"Slavers","floor":23.0,"turns":5.0},{"damage":0.0,"enemies":"Snecko","floor":29.0,"turns":3.0},{"damage":0.0,"enemies":"Cultist and Chosen","floor":31.0,"turns":3.0},{"damage":18.0,"enemies":"Champ","floor":33.0,"turns":7.0},{"damage":0.0,"enemies":"Orb Walker","floor":35.0,"turns":4.0},{"damage":1.0,"enemies":"3 Shapes","floor":36.0,"turns":6.0},{"damage":6,"enemies":"3 Darklings","floor":39,"turns":3},{"damage":3,"enemies":"Reptomancer","floor":40,"turns":4},{"damage":0,"enemies":"Maw","floor":44,"turns":5},{"damage":0,"enemies":"Nemesis","floor":45,"turns":5},{"damage":1,"enemies":"Reptomancer","floor":47,"turns":5},{"damage":0,"enemies":"Writhing Mass","floor":48,"turns":4},{"damage":5,"enemies":"Awakened One","floor":50,"turns":12},{"damage":1,"enemies":"Shield and Spear","floor":54,"turns":4},{"damage":52,"enemies":"The Heart","floor":55,"turns":7}],"seed_played":"2715882803969028906","potions_obtained":[{"floor":4.0,"key":"Dexterity Potion"},{"floor":12.0,"key":"AttackPotion"},{"floor":14.0,"key":"Fire Potion"},{"floor":18.0,"key":"Swift Potion"},{"floor":19.0,"key":"Swift Potion"},{"floor":33.0,"key":"Block Potion"}],"is_trial":false,"path_per_floor":["M","$","?","M","M","R","?","R","T","?","?","E","M","E","R","B",null,"M","M","?","$","M","E","?","R","T","R","?","M","R","M","R","B",null,"M","M","T","$","M","E","R","$","T","M","E","R","E","M","R","B",null,"R","$","E","B",null],"character_chosen":"THE_SERVANT","items_purchased":["Snipe","SurpressingFire","Bag of Preparation","Luminosity","Membership Card","Bronze Scales","Kunai"],"campfire_rested":0,"item_purchase_floors":[2,2,21,21,38,42,53],"current_hp_per_floor":[65,65,58,58,58,58,58,58,65,70,45,37,37,27,27,22,77,61,61,61,61,56,41,41,41,41,41,41,41,41,41,41,23,77,77,76,76,76,70,67,67,67,67,67,67,67,66,66,66,61,77,77,74,73,21],"gold":45,"neow_bonus":"THREE_ENEMY_KILL","is_daily":false,"chose_seed":false,"campfire_upgraded":10,"win_rate":0.0,"timestamp":1608474666,"path_taken":["M","$","?","M","M","R","?","R","T","?","?","E","?","E","R","BOSS","M","M","?","$","?","E","?","R","T","R","?","?","R","M","R","BOSS","M","M","?","$","M","E","R","$","T","M","E","R","E","M","R","BOSS","R","$","E","BOSS"],"items_purchased_type":["Card","Card","Relic","Card","Relic","Relic","Relic"],"build_version":"2020-12-13","purchased_purges":4,"victory":true,"max_hp_per_floor":[65,65,65,65,65,65,65,65,72,77,77,77,77,77,77,77,77,77,77,77,77,77,77,77,77,77,77,77,77,77,77,77,77,77,77,77,77,77,77,77,77,77,77,77,77,77,77,77,77,77,77,77,74,74,74],"card_choices":[{"not_picked":["FastForward","ReturningBlade"],"picked":"Shuttle","floor":1.0},{"not_picked":["ShatteredReality","ShiftingGears"],"picked":"Moonlight","floor":4.0},{"not_picked":["InstantArmor","Defy"],"picked":"Moondial","floor":5.0},{"not_picked":["Gouge","Hightail"],"picked":"Rearm","floor":12.0},{"not_picked":["Rearm","Replace"],"picked":"BestPractice","floor":13.0},{"not_picked":["DualDimension","TimeWarp"],"picked":"BottledTime","floor":14.0},{"not_picked":["Dilation","TrueSight"],"picked":"MurderousAura","floor":16.0},{"not_picked":["ShatteredReality","Potential+1"],"picked":"Sabotage","floor":18.0},{"not_picked":["Alleviate","ShatteredReality+1"],"picked":"WasteNot","floor":19.0},{"not_picked":["Unruled","Rearm"],"picked":"GearUp+1","floor":22.0},{"not_picked":["Defy","FastForward"],"picked":"FanOfKnives+1","floor":23.0},{"not_picked":["FlawlessForm","BottledTime"],"picked":"Desolation","floor":29.0},{"not_picked":["Shuttle","Rearm","Ricochet"],"picked":"SKIP","floor":31.0},{"not_picked":["PendulumOfEternity","FloweringNight"],"picked":"TheWorld","floor":33.0},{"not_picked":["Starlight","Revamp+1"],"picked":"BottledTime+1","floor":35.0},{"not_picked":["Replace+1","Starlight","Ricochet+1"],"picked":"SKIP","floor":36.0},{"not_picked":["TimeWarp+1","Snipe","Potential"],"picked":"SKIP","floor":39},{"not_picked":["Revamp+1","Spin"],"picked":"InstantArmor+1","floor":40},{"not_picked":["Duplication","Potential","TimeWarp+1"],"picked":"SKIP","floor":44},{"not_picked":["ShatteredReality+1","BottledTime+1"],"picked":"ShiftingGears+1","floor":45},{"not_picked":["TimeWarp+1","Starlight+1"],"picked":"TimeTheft+1","floor":47},{"not_picked":["FanOfKnives","TimeTheft","Solidify"],"picked":"SKIP","floor":48},{"not_picked":["Starlight+1","Defy"],"picked":"FastForward+1","floor":54}],"player_experience":360041,"relics_obtained":[{"floor":9.0,"key":"Strawberry"},{"floor":12.0,"key":"Old Coin"},{"floor":14.0,"key":"HornCleat"},{"floor":23.0,"key":"Tiny Chest"},{"floor":26.0,"key":"Lantern"},{"floor":40,"key":"Oddly Smooth Stone"},{"floor":43,"key":"Happy Flower"},{"floor":45,"key":"Nunchaku"},{"floor":47,"key":"PreservedInsect"},{"floor":54,"key":"Whetstone"}],"event_choices":[{"cards_removed":["Strike_S"],"damage_healed":0.0,"max_hp_gain":0.0,"max_hp_loss":0.0,"gold_gain":0.0,"event_name":"Golden Wing","player_choice":"Card Removal","floor":3.0,"gold_loss":0.0,"damage_taken":7.0},{"damage_healed":0.0,"max_hp_gain":0.0,"max_hp_loss":0.0,"gold_gain":0.0,"event_name":"Liars Game","player_choice":"Ignored","floor":7.0,"gold_loss":0.0,"damage_taken":0.0},{"damage_healed":0.0,"max_hp_gain":5.0,"max_hp_loss":0.0,"gold_gain":0.0,"event_name":"Big Fish","player_choice":"Donut","floor":10.0,"gold_loss":0.0,"damage_taken":0.0},{"damage_healed":0.0,"max_hp_gain":0.0,"max_hp_loss":0.0,"gold_gain":0.0,"event_name":"Scrap Ooze","player_choice":"Success","floor":11.0,"gold_loss":0.0,"damage_taken":25.0,"relics_obtained":["Vajra"]},{"damage_healed":0.0,"max_hp_gain":0.0,"max_hp_loss":0.0,"gold_gain":0.0,"event_name":"Wheel of Change","player_choice":"Cursed","floor":20.0,"gold_loss":0.0,"damage_taken":0.0,"cards_obtained":["Decay"]},{"damage_healed":0.0,"max_hp_gain":0.0,"max_hp_loss":0.0,"gold_gain":0.0,"event_name":"Addict","player_choice":"Obtained Relic","floor":24.0,"gold_loss":85.0,"damage_taken":0.0,"relics_obtained":["Centennial Puzzle"]},{"damage_healed":0.0,"max_hp_gain":0.0,"max_hp_loss":0.0,"gold_gain":100.0,"event_name":"The Joust","player_choice":"Bet on Murderer","floor":28.0,"gold_loss":50.0,"damage_taken":0.0}],"is_beta":false,"boss_relics":[{"not_picked":["Philosopher\u0027s Stone","Snecko Eye"],"picked":"Cursed Key"},{"not_picked":["Pandora\u0027s Box","MysterySword"],"picked":"Sozu"}],"items_purged_floors":[21,38,42,53],"is_endless":false,"potions_floor_spawned":[4,12,14,18,19,33,40,44,45,54],"ascension_level":2}}