{"host":"pjgcdp3h1plnbocs","time":1608502641,"event":{"mods":["AchievementEnabler","BaseMod","Colored Map","Highlight Path","Minty Spire (QoL Compilation)"],"gold_per_floor":[116,126,126,2,20,48,65,91,91,91,121,71,85,97,97,196,196,209,209,32,44,54,54,54],"floor_reached":23,"playtime":4780,"items_purged":["Regret"],"score":288,"play_id":"ee5070ba-d84e-44a2-9c13-98ae97fc84ef","local_time":"20201220231721","is_ascension_mode":true,"campfire_choices":[{"floor":10,"key":"DIG"},{"floor":15,"key":"DIG"}],"circlet_count":0,"master_deck":["Strike_G","Strike_G","Strike_G","Strike_G","Defend_G","Defend_G","Defend_G","Defend_G","Defend_G","Survivor","Neutralize","Acrobatics","Dagger Spray","Deadly Poison","Escape Plan","Bane","Bouncing Flask","Catalyst","Deadly Poison","Adrenaline","Apotheosis"],"relics":["Ring of the Snake","NeowsBlessing","Eternal Feather","Strawberry","Shovel","Prayer Wheel","MealTicket","Ornamental Fan","SacredBark"],"acts_visited":["Exordium","TheCity"],"potions_floor_usage":[8,8,16,23,23],"damage_taken":[{"damage":0,"enemies":"2 Louse","floor":1,"turns":1},{"damage":0,"enemies":"Jaw Worm","floor":2,"turns":1},{"damage":0,"enemies":"Cultist","floor":5,"turns":1},{"damage":30,"enemies":"Lagavulin","floor":6,"turns":8},{"damage":3,"enemies":"Lots of Slimes","floor":7,"turns":3},{"damage":21,"enemies":"Gremlin Nob","floor":8,"turns":4},{"damage":12,"enemies":"Lagavulin","floor":11,"turns":5},{"damage":3,"enemies":"Exordium Thugs","floor":13,"turns":10},{"damage":0,"enemies":"Blue Slaver","floor":14,"turns":5},{"damage":10,"enemies":"The Guardian","floor":16,"turns":6},{"damage":8,"enemies":"Shell Parasite","floor":18,"turns":5},{"damage":21,"enemies":"Spheric Guardian","floor":21,"turns":4},{"damage":26,"enemies":"Snecko","floor":22,"turns":5},{"damage":25,"enemies":"Book of Stabbing","floor":23,"turns":2}],"seed_played":"6829912599048549770","potions_obtained":[{"floor":5,"key":"Energy Potion"},{"floor":6,"key":"Energy Potion"},{"floor":13,"key":"BlessingOfTheForge"},{"floor":14,"key":"BlessingOfTheForge"},{"floor":16,"key":"Poison Potion"}],"is_trial":false,"path_per_floor":["M","M","?","$","M","E","M","E","T","R","E","?","M","M","R","B",null,"M","?","$","M","M","E"],"character_chosen":"THE_SILENT","items_purchased":["Deadly Poison","Apotheosis"],"campfire_rested":0,"item_purchase_floors":[4,20],"current_hp_per_floor":[63,63,63,63,63,40,37,16,16,25,13,13,10,10,19,9,60,52,38,53,32,6,0,0],"gold":54,"neow_bonus":"THREE_ENEMY_KILL","is_daily":false,"chose_seed":false,"campfire_upgraded":0,"win_rate":0.0,"timestamp":1608502641,"path_taken":["M","M","?","$","M","E","M","E","T","R","E","?","M","M","R","BOSS","M","?","$","M","M","E"],"items_purchased_type":["Card","Card"],"build_version":"2020-12-13","purchased_purges":1,"victory":false,"max_hp_per_floor":[70,70,70,70,70,77,77,77,77,77,77,77,77,77,77,77,77,77,82,82,82,82,82,82],"card_choices":[{"not_picked":["Deflect","Cloak And Dagger"],"picked":"Acrobatics","floor":1},{"not_picked":["Dodge and Roll","Crippling Poison"],"picked":"Dagger Spray","floor":2},{"not_picked":["Outmaneuver","Underhanded Strike","Prepared"],"picked":"SKIP","floor":5},{"not_picked":["Bouncing Flask","PiercingWail"],"picked":"Escape Plan","floor":6},{"not_picked":["Outmaneuver","Bane","Corpse Explosion"],"picked":"SKIP","floor":7},{"not_picked":["Outmaneuver","Corpse Explosion"],"picked":"Bane","floor":7},{"not_picked":["Outmaneuver","Backstab"],"picked":"Bouncing Flask","floor":8},{"not_picked":["Envenom","Dagger Throw"],"picked":"Catalyst","floor":11},{"not_picked":["Poisoned Stab","Quick Slash"],"picked":"Deadly Poison","floor":13},{"not_picked":["Dash","Bane","Riddle With Holes"],"picked":"SKIP","floor":13},{"not_picked":["Quick Slash","Calculated Gamble","Acrobatics"],"picked":"SKIP","floor":14},{"not_picked":["Slice","Bullet Time","Tactician"],"picked":"SKIP","floor":14},{"not_picked":["Glass Knife","Malaise"],"picked":"Adrenaline","floor":16},{"not_picked":["Dodge and Roll+1","Dagger Throw+1","Prepared"],"picked":"SKIP","floor":18},{"not_picked":["Calculated Gamble","Underhanded Strike+1","Quick Slash"],"picked":"SKIP","floor":18},{"not_picked":["Distraction","Underhanded Strike+1","Glass Knife"],"picked":"SKIP","floor":21},{"not_picked":["Dagger Throw","Blade Dance","Backstab"],"picked":"SKIP","floor":21},{"not_picked":["Leg Sweep","Dodge and Roll","Deadly Poison+1"],"picked":"SKIP","floor":22},{"not_picked":["Cloak And Dagger","Deflect+1","Crippling Poison"],"picked":"SKIP","floor":22}],"player_experience":122527,"relics_obtained":[{"floor":6,"key":"Strawberry"},{"floor":8,"key":"Shovel"},{"floor":10,"key":"Prayer Wheel"},{"floor":11,"key":"MealTicket"},{"floor":15,"key":"Ornamental Fan"}],"event_choices":[{"damage_healed":0,"gold_gain":0,"player_choice":"Box","damage_taken":0,"relics_obtained":["Eternal Feather"],"max_hp_gain":0,"max_hp_loss":0,"event_name":"Big Fish","floor":3,"gold_loss":0,"cards_obtained":["Regret"]},{"cards_removed":["Strike_G"],"damage_healed":0,"gold_gain":0,"player_choice":"Card Removal","damage_taken":0,"max_hp_gain":0,"max_hp_loss":0,"event_name":"The Cleric","floor":12,"gold_loss":50},{"damage_healed":0,"gold_gain":0,"player_choice":"Shed Blood","damage_taken":19,"max_hp_gain":5,"max_hp_loss":0,"event_name":"Forgotten Altar","floor":19,"gold_loss":0}],"is_beta":false,"boss_relics":[{"not_picked":["Snecko Eye","Calling Bell"],"picked":"SacredBark"}],"items_purged_floors":[4],"is_endless":false,"potions_floor_spawned":[5,6,13,14,16],"killed_by":"Book of Stabbing","ascension_level":7}}