{"host":"rmsq46plbpwfbxcc","time":1608481862,"event":{"mods":["AchievementEnabler","BaseMod","Colored Map","DeckTracker","Minty Spire (QoL Compilation)","Permanent Neow","SuperFastMode"],"gold_per_floor":[119,194,207,221,241,241,125,155,179,214,224,238,238,255,255,327,327,337,352,277,294,31,31,31,31],"floor_reached":24,"playtime":744,"items_purged":["Defend_G"],"score":378,"play_id":"1108a147-3ace-42ab-9f73-32b8b9e8bc96","local_time":"20201221013102","is_ascension_mode":true,"campfire_choices":[{"data":"Neutralize","floor":6.0,"key":"SMITH"},{"data":"Cloak And Dagger","floor":13.0,"key":"SMITH"},{"data":"Glass Knife","floor":15.0,"key":"SMITH"},{"data":"After Image","floor":23.0,"key":"SMITH"}],"circlet_count":0,"master_deck":["AscendersBane","Strike_G","Strike_G","Strike_G","Strike_G","Defend_G","Defend_G","Defend_G","Defend_G","Survivor","Neutralize+1","Backflip","Dash","Cloak And Dagger+1","Accuracy","PiercingWail","Dagger Spray","Glass Knife+1","Choke","Terror","After Image+1","Acrobatics"],"relics":["Coffee Dripper","Oddly Smooth Stone","Bag of Marbles","Toy Ornithopter","Black Star","Toxic Egg 2"],"acts_visited":["Exordium","TheCity"],"potions_floor_usage":[],"damage_taken":[{"damage":0.0,"enemies":"Cultist","floor":1.0,"turns":5.0},{"damage":0.0,"enemies":"Small Slimes","floor":3.0,"turns":5.0},{"damage":2.0,"enemies":"Jaw Worm","floor":4.0,"turns":4.0},{"damage":6.0,"enemies":"Blue Slaver","floor":5.0,"turns":6.0},{"damage":23.0,"enemies":"3 Sentries","floor":8.0,"turns":9.0},{"damage":2.0,"enemies":"Gremlin Nob","floor":10.0,"turns":4.0},{"damage":0.0,"enemies":"Large Slime","floor":11.0,"turns":7.0},{"damage":0.0,"enemies":"2 Fungi Beasts","floor":12.0,"turns":2.0},{"damage":0.0,"enemies":"Exordium Wildlife","floor":14.0,"turns":2.0},{"damage":3.0,"enemies":"Hexaghost","floor":16.0,"turns":6.0},{"damage":7.0,"enemies":"2 Thieves","floor":18.0,"turns":5.0},{"damage":2.0,"enemies":"3 Byrds","floor":19.0,"turns":5.0},{"damage":6.0,"enemies":"Cultist and Chosen","floor":21.0,"turns":5.0},{"damage":48,"enemies":"Gremlin Leader","floor":24,"turns":7}],"seed_played":"7660549328575584011","potions_obtained":[{"floor":1.0,"key":"Dexterity Potion"},{"floor":5.0,"key":"FearPotion"},{"floor":10.0,"key":"SmokeBomb"},{"floor":11.0,"key":"AttackPotion"},{"floor":14.0,"key":"CunningPotion"},{"floor":18.0,"key":"PowerPotion"}],"is_trial":false,"path_per_floor":["M","?","M","M","M","R","$","E","T","E","M","M","R","M","R","B",null,"M","M","?","M","$","R","E"],"character_chosen":"THE_SILENT","items_purchased":["Accuracy","Toxic Egg 2"],"campfire_rested":0,"item_purchase_floors":[7,22],"current_hp_per_floor":[59,48,48,46,40,40,40,17,17,15,15,15,15,15,15,22,55,48,51,51,45,45,45,0,0],"gold":31,"neow_bonus":"BOSS_RELIC","is_daily":false,"chose_seed":false,"campfire_upgraded":4,"win_rate":0.0,"timestamp":1608481862,"path_taken":["M","?","M","M","M","R","$","E","T","E","M","M","R","M","R","BOSS","M","M","?","M","$","R","E"],"items_purchased_type":["Card","Relic"],"build_version":"2020-12-13","purchased_purges":1,"victory":false,"max_hp_per_floor":[66,66,66,66,66,66,66,66,66,66,66,66,66,66,66,66,66,66,66,66,66,66,66,66,66],"card_choices":[{"not_picked":["Outmaneuver","Predator"],"picked":"Backflip","floor":1.0},{"not_picked":["Deflect","Skewer","Noxious Fumes"],"picked":"SKIP","floor":3.0},{"not_picked":["PiercingWail","Flying Knee"],"picked":"Dash","floor":4.0},{"not_picked":["Footwork","Quick Slash"],"picked":"Cloak And Dagger","floor":5.0},{"not_picked":["Flying Knee","Slice"],"picked":"PiercingWail","floor":8.0},{"not_picked":["Acrobatics","Outmaneuver"],"picked":"Dagger Spray","floor":10.0},{"not_picked":["Outmaneuver","Dagger Throw"],"picked":"Glass Knife","floor":11.0},{"not_picked":["Flying Knee","Slice"],"picked":"Choke","floor":12.0},{"not_picked":["Dagger Spray","Bouncing Flask"],"picked":"Terror","floor":14.0},{"not_picked":["Phantasmal Killer","Grand Finale"],"picked":"After Image","floor":16.0},{"not_picked":["Quick Slash","Dodge and Roll","Deadly Poison+1"],"picked":"SKIP","floor":18.0},{"not_picked":["Bane","Masterful Stab","Quick Slash"],"picked":"SKIP","floor":19.0},{"not_picked":["Quick Slash","Cloak And Dagger"],"picked":"Acrobatics","floor":21.0}],"player_experience":1348758,"relics_obtained":[{"floor":8.0,"key":"Oddly Smooth Stone"},{"floor":9.0,"key":"Bag of Marbles"},{"floor":10.0,"key":"Toy Ornithopter"}],"event_choices":[{"damage_healed":0.0,"max_hp_gain":0.0,"max_hp_loss":0.0,"gold_gain":75.0,"event_name":"World of Goop","player_choice":"Gather Gold","floor":2.0,"gold_loss":0.0,"damage_taken":11.0},{"cards_removed":["Strike_G"],"damage_healed":0.0,"max_hp_gain":0.0,"max_hp_loss":0.0,"gold_gain":0.0,"event_name":"Beggar","player_choice":"Gave Gold","floor":20.0,"gold_loss":75.0,"damage_taken":0.0}],"is_beta":false,"boss_relics":[{"not_picked":["Fusion Hammer","Empty Cage"],"picked":"Black Star"}],"items_purged_floors":[7],"is_endless":false,"potions_floor_spawned":[1,5,10,11,14,18],"killed_by":"Gremlin Leader","ascension_level":16}}