{"host":"b4asi0laiv85suj9","time":1608438332,"event":{"mods":["BaseMod","Minty Spire (QoL Compilation)","MostiFishMod","Relic Stats","StSLib","TestMod","noobMod"],"gold_per_floor":[111,111,127,52,70,95,23,52,52,52,76,76,29,57,57,181,181,200,200,200,120,139,171,191,216,241,274,274,289,320,333,333,460,460,475,258,275,275,294,294,326,326,353,365,378,133,0,29,29,29,29,29,29,56,56],"floor_reached":56,"playtime":2982,"items_purged":["Strike_G","Strike_G","Accuracy","Strike_G"],"score":2555,"play_id":"6be2d2f7-0eb6-4cd4-b5f0-5d3cd54c4617","local_time":"20201220122532","is_ascension_mode":true,"campfire_choices":[{"data":"Adrenaline","floor":10.0,"key":"SMITH"},{"data":"MostiFishMod:Dislodge","floor":12.0,"key":"SMITH"},{"data":"Defend_G","floor":15.0,"key":"PURGE"},{"data":"MostiFishMod:GrandStart","floor":28,"key":"SMITH"},{"data":"Acrobatics","floor":32,"key":"SMITH"},{"floor":40,"key":"RECALL"},{"data":"MostiFishMod:Culaccino","floor":42,"key":"SMITH"},{"data":"MostiFishMod:Opportunism","floor":49,"key":"SMITH"},{"data":"Defend_G","floor":52,"key":"PURGE"}],"circlet_count":0,"master_deck":["AscendersBane","Survivor","Neutralize","Pray","MostiFishMod:Dislodge+1","Adrenaline+1","Prepared+1","Grand Finale","DevaForm","MostiFishMod:Neptune","MostiFishMod:TheEndOfMoonlight+1","MostiFishMod:SparklingWater+1","MostiFishMod:FantasySummer","MostiFishMod:NightSea","MostiFishMod:GrandStart+1","MostiFishMod:Opportunism+1","After Image","Acrobatics+1","Wallop+1","MostiFishMod:Culaccino+1","MostiFishMod:UniGreen+1","Terror+1","MostiFishMod:HiddenBlade+1","MostiFishMod:Volcan","True Grit+1","MostiFishMod:WinterMarkForm+1"],"relics":["testmod-TestBox","DaveBox","ice","BloodWine","testmod-AscensionHeart","ArrowTower","Question Card","PrismaticShard","Ornamental Fan","Peace Pipe","Blood Vial","Dream Catcher","ImportantClient","MoonlightInvasionPlan","Ancient Tea Set","testmod-LifeArmor","Art of War","testmod-TurbochargingSystem","testmod-AssaultLearning","Astrolabe","OrangePellets","Potion Belt","Omamori","BrkXgEgg","Red Mask","Mummified Hand","Bag of Preparation"],"acts_visited":["Exordium","TheCity","TheBeyond","TheEnding"],"potions_floor_usage":[38,55,55,55],"damage_taken":[{"damage":2.0,"enemies":"Small Slimes","floor":1.0,"turns":3.0},{"damage":0.0,"enemies":"Cultist","floor":3.0,"turns":3.0},{"damage":0.0,"enemies":"Jaw Worm","floor":5.0,"turns":3.0},{"damage":32.0,"enemies":"Lagavulin","floor":6.0,"turns":6.0},{"damage":9.0,"enemies":"Gremlin Nob","floor":8.0,"turns":4.0},{"damage":19.0,"enemies":"Lagavulin","floor":14.0,"turns":5.0},{"damage":0.0,"enemies":"Hexaghost","floor":16.0,"turns":8.0},{"damage":0.0,"enemies":"Spheric Guardian","floor":18.0,"turns":1.0},{"damage":0,"enemies":"3 Byrds","floor":22,"turns":4},{"damage":0,"enemies":"Slavers","floor":23,"turns":5},{"damage":0,"enemies":"Sentry and Sphere","floor":24,"turns":3},{"damage":5,"enemies":"Gremlin Leader","floor":25,"turns":5},{"damage":5,"enemies":"Book of Stabbing","floor":27,"turns":2},{"damage":0,"enemies":"Snake Plant","floor":29,"turns":1},{"damage":8,"enemies":"Gremlin Leader","floor":30,"turns":3},{"damage":0,"enemies":"Snecko","floor":31,"turns":1},{"damage":0,"enemies":"Automaton","floor":33,"turns":4},{"damage":0,"enemies":"3 Darklings","floor":35,"turns":1},{"damage":0,"enemies":"Orb Walker","floor":37,"turns":1},{"damage":0,"enemies":"Transient","floor":38,"turns":1},{"damage":0,"enemies":"Sphere and 2 Shapes","floor":39,"turns":1},{"damage":0,"enemies":"Reptomancer","floor":41,"turns":3},{"damage":13,"enemies":"Spire Growth","floor":44,"turns":2},{"damage":0,"enemies":"Transient","floor":45,"turns":4},{"damage":0,"enemies":"Giant Head","floor":48,"turns":2},{"damage":6,"enemies":"Time Eater","floor":50,"turns":5},{"damage":0,"enemies":"Shield and Spear","floor":54,"turns":1},{"damage":3,"enemies":"The Heart","floor":55,"turns":4}],"seed_played":"3021472794141022552","potions_obtained":[{"floor":6.0,"key":"Block Potion"},{"floor":14.0,"key":"BlessingOfTheForge"},{"floor":27,"key":"Strength Potion"},{"floor":31,"key":"testmod-EscapePotion"},{"floor":41,"key":"CultistPotion"},{"floor":45,"key":"Strength Potion"}],"is_trial":false,"path_per_floor":["M","?","M","$","M","E","$","E","T","R","T","R","$","E","R","B",null,"M","?","?","$","M","E","M","E","T","E","R","M","E","M","R","B",null,"M","$","M","M","M","R","E","R","T","M","M","$","?","E","R","B",null,"R","$","E","B",null],"character_chosen":"THE_SILENT","items_purchased":["Accuracy","Prepared","OrangePellets","BrkXgEgg"],"campfire_rested":0,"item_purchase_floors":[7,13,36,46],"current_hp_per_floor":[62,62,63,63,64,33,33,25,25,25,25,25,25,9,9,56,70,73,73,73,73,75,75,75,70,70,68,68,71,71,74,74,80,80,80,80,80,80,80,80,80,80,80,67,70,70,70,73,73,85,85,85,85,85,89],"gold":56,"neow_bonus":"BOSS_RELIC","is_daily":false,"chose_seed":false,"campfire_upgraded":6,"win_rate":0.0,"timestamp":1608438332,"path_taken":["M","?","M","$","M","E","?","E","T","R","?","R","$","E","R","BOSS","M","?","?","$","M","E","M","E","T","E","R","M","E","M","R","BOSS","M","$","M","M","M","R","E","R","T","?","M","$","?","E","R","BOSS","R","$","E","BOSS"],"items_purchased_type":["Card","Card","Relic","Relic"],"build_version":"2020-12-13","purchased_purges":4,"victory":true,"max_hp_per_floor":[70,70,70,70,70,70,70,70,70,70,70,70,70,70,70,75,75,75,75,75,75,75,75,75,75,75,75,75,75,75,75,75,80,80,80,80,80,80,80,80,80,80,80,80,80,80,80,80,80,85,85,85,85,85,90],"relic_stats":{"Peace Pipe":3,"Blood Vial":21,"OrangePellets":[4],"Dream Catcher":0,"counters":[28,86],"Ornamental Fan":[104],"Mummified Hand":[9],"Astrolabe":["MostiFishMod:UniGreen","Terror","MostiFishMod:HiddenBlade"],"Art of War":[1],"Bag of Preparation":[2],"Question Card":25,"obtain_stats":[{"DaveBox":0,"BloodWine":0,"testmod-LifeArmor":25,"ice":0,"Bag of Preparation":54,"PrismaticShard":1,"Ancient Tea Set":23,"testmod-AscensionHeart":0,"Blood Vial":11,"Dream Catcher":14,"Mummified Hand":48,"Red Mask":47,"Ring of the Snake":0,"ImportantClient":16,"Potion Belt":41,"testmod-TestBox":0,"Astrolabe":34,"MoonlightInvasionPlan":17,"BrkXgEgg":46,"Omamori":43,"testmod-TurbochargingSystem":27,"Question Card":1,"Peace Pipe":8,"OrangePellets":36,"Ornamental Fan":6,"testmod-AssaultLearning":30,"Art of War":26,"ArrowTower":0},{"DaveBox":0,"BloodWine":0,"testmod-LifeArmor":12,"ice":0,"Bag of Preparation":27,"PrismaticShard":1,"Ancient Tea Set":10,"testmod-AscensionHeart":0,"Blood Vial":5,"Dream Catcher":6,"Mummified Hand":25,"Red Mask":24,"Ring of the Snake":0,"ImportantClient":7,"Potion Belt":22,"testmod-TestBox":0,"Astrolabe":17,"MoonlightInvasionPlan":7,"BrkXgEgg":24,"Omamori":22,"testmod-TurbochargingSystem":13,"Question Card":1,"Peace Pipe":5,"OrangePellets":18,"Ornamental Fan":4,"testmod-AssaultLearning":15,"Art of War":12,"ArrowTower":0},{"DaveBox":0,"BloodWine":0,"testmod-LifeArmor":50,"ice":0,"Bag of Preparation":82,"PrismaticShard":3,"Ancient Tea Set":42,"testmod-AscensionHeart":0,"Blood Vial":19,"Dream Catcher":24,"Mummified Hand":76,"Red Mask":74,"Ring of the Snake":0,"ImportantClient":32,"Potion Belt":68,"testmod-TestBox":0,"Astrolabe":61,"MoonlightInvasionPlan":32,"BrkXgEgg":74,"Omamori":68,"testmod-TurbochargingSystem":52,"Question Card":3,"Peace Pipe":19,"OrangePellets":62,"Ornamental Fan":15,"testmod-AssaultLearning":56,"Art of War":50,"ArrowTower":0}]},"card_choices":[{"not_picked":["Deflect","Outmaneuver","Slice"],"picked":"SKIP","floor":1.0},{"not_picked":["Evaluate","FlurryOfBlows","Perfected Strike"],"picked":"Pray","floor":3.0},{"not_picked":["Beam Cell","Ball Lightning","Crippling Poison","Cold Snap"],"picked":"SKIP","floor":5.0},{"not_picked":["MostiFishMod:SpreadingSpore","MostiFishMod:FlowState","MostiFishMod:Listen"],"picked":"MostiFishMod:Dislodge","floor":6.0},{"not_picked":["Malaise","Bullet Time","MostiFishMod:Neurotoxin"],"picked":"Adrenaline","floor":8.0},{"not_picked":["Wraith Form v2","MostiFishMod:STOP","Night Terror"],"picked":"Grand Finale","floor":14.0},{"not_picked":["Chrysalis","Fiend Fire","Bludgeon"],"picked":"DevaForm","floor":16.0},{"not_picked":["Swivel","Choke","Riddle With Holes","Trip"],"picked":"SKIP","floor":18.0},{"not_picked":["Anger","Enlightenment+1","WindmillStrike","CarveReality"],"picked":"SKIP","floor":22},{"not_picked":["Tools of the Trade","MostiFishMod:SpreadingSpore","Die Die Die"],"picked":"MostiFishMod:GrandStart","floor":23},{"not_picked":["Iron Wave","Bloodletting","PathToVictory","MostiFishMod:Kaleido"],"picked":"SKIP","floor":24},{"not_picked":["MostiFishMod:SpreadingSpore","Storm of Steel","Grand Finale"],"picked":"MostiFishMod:Opportunism","floor":25},{"not_picked":["Malaise","MostiFishMod:ScryFuture","MostiFishMod:Listen"],"picked":"After Image","floor":27},{"not_picked":["Disarm","Beam Cell+1","Double Energy"],"picked":"Acrobatics","floor":29},{"not_picked":["Envenom","Bullet Time","MostiFishMod:Dislodge","Doppelganger"],"picked":"SKIP","floor":30},{"not_picked":["Crescendo","testmod-Mystery","PiercingWail"],"picked":"Wallop","floor":31},{"not_picked":["testmod-RepeatForm","A Thousand Cuts","Wraith Form v2"],"picked":"MostiFishMod:Culaccino","floor":33},{"not_picked":["Halt","Cleave","Ball Lightning","JustLucky"],"picked":"SKIP","floor":35},{"not_picked":["Double Tap","Double Energy","Terror+1","Outmaneuver+1"],"picked":"SKIP","floor":37},{"not_picked":["Acrobatics+1","Crescendo","Flame Barrier","Outmaneuver"],"picked":"SKIP","floor":38},{"not_picked":["Pommel Strike","Beam Cell","Bane+1","Perfected Strike"],"picked":"SKIP","floor":39},{"not_picked":["Unload","MostiFishMod:VineMother","Limit Break"],"picked":"MostiFishMod:Volcan","floor":41},{"not_picked":["MostiFishMod:BrandingRite","SashWhip","Halt","Beam Cell"],"picked":"SKIP","floor":44},{"not_picked":["Clash+1","Blur","Slice+1"],"picked":"True Grit+1","floor":45},{"not_picked":["A Thousand Cuts","Doppelganger","MostiFishMod:Volcan","MostiFishMod:Volcan"],"picked":"SKIP","floor":48},{"not_picked":["MostiFishMod:Dislodge","Phantasmal Killer","Unload"],"picked":"MostiFishMod:WinterMarkForm","floor":54}],"player_experience":203703,"relics_obtained":[{"floor":1.0,"key":"Question Card"},{"floor":1.0,"key":"PrismaticShard"},{"floor":6.0,"key":"Ornamental Fan"},{"floor":8.0,"key":"Peace Pipe"},{"floor":11.0,"key":"Blood Vial"},{"floor":14.0,"key":"Dream Catcher"},{"floor":16.0,"key":"ImportantClient"},{"floor":23,"key":"Ancient Tea Set"},{"floor":25,"key":"testmod-LifeArmor"},{"floor":26,"key":"Art of War"},{"floor":27,"key":"testmod-TurbochargingSystem"},{"floor":30,"key":"testmod-AssaultLearning"},{"floor":41,"key":"Potion Belt"},{"floor":43,"key":"Omamori"},{"floor":48,"key":"Mummified Hand"},{"floor":54,"key":"Bag of Preparation"}],"event_choices":[{"cards_removed":["Defend_G"],"damage_healed":0.0,"max_hp_gain":0.0,"max_hp_loss":0.0,"gold_gain":0.0,"event_name":"Bonfire Elementals","player_choice":"Offered Basic","floor":2.0,"gold_loss":0.0,"damage_taken":0.0},{"cards_removed":["Strike_G"],"damage_healed":0.0,"max_hp_gain":0.0,"max_hp_loss":0.0,"gold_gain":0.0,"event_name":"Back to Basics","player_choice":"Elegance","floor":19.0,"gold_loss":0.0,"damage_taken":0.0},{"damage_healed":0.0,"max_hp_gain":0.0,"max_hp_loss":0.0,"gold_gain":0.0,"event_name":"Upgrade Shrine","player_choice":"Upgraded","floor":20.0,"gold_loss":0.0,"damage_taken":0.0,"cards_upgraded":["MostiFishMod:SparklingWater"]},{"damage_healed":0,"gold_gain":0,"player_choice":"Paid","damage_taken":0,"relics_obtained":["Red Mask"],"max_hp_gain":0,"max_hp_loss":0,"event_name":"Tomb of Lord Red Mask","floor":47,"gold_loss":133}],"is_beta":false,"boss_relics":[{"not_picked":["SynthV:MejaisSoulstealer","TimeKeys"],"picked":"MoonlightInvasionPlan"},{"not_picked":["testmod-BatchProcessingSystem","testmod-SaigiyounoYou"],"picked":"Astrolabe"}],"items_purged_floors":[4,21,36,46],"is_endless":false,"potions_floor_spawned":[6,14,16,22,27,29,30,31,33,39,41,45],"ascension_level":13}}