{"host":"kjehzzhcyp0nyrrl","time":1608462145,"event":{"mods":["AchievementEnabler","BaseMod","Custom Start","Hermit","Keyboard Shortcuts","Koishi","Minty Spire (QoL Compilation)","Replay The Spire","StSLib","SuperFastMode","The Dragon Tamer","The Gatherer","everything is the same but u backflip on backflip"],"gold_per_floor":[119,129,140,65,85,85,120,295,322,322,322,339,353,366,366,463,463,483,236,236,249,249,249],"floor_reached":22,"playtime":699,"items_purged":["Strike_R","Strike_R"],"score":244,"play_id":"bfcbe9b3-c93c-4250-87f5-a425ac22981e","local_time":"20201220200225","is_ascension_mode":true,"campfire_choices":[{"data":"Armaments","floor":6.0,"key":"SMITH"},{"floor":11.0,"key":"REST"},{"data":"Pommel Strike","floor":15.0,"key":"SMITH"}],"circlet_count":0,"master_deck":["Defend_R","Defend_R","Defend_R","Bash","Brutality","Uppercut","Blood for Blood","Armaments+1","Hemokinesis","Pommel Strike+1","Doubt","Feed","Shrug It Off","Hemogenesis","Searing Blow+1","Sword Boomerang+1","Clothesline+1","Flash of Steel"],"relics":["Burning Blood","Pet Ghost","King of Hearts","Astrolabe","Red Skull"],"acts_visited":["Exordium","TheCity"],"potions_floor_usage":[22],"damage_taken":[{"damage":11.0,"enemies":"Cultist","floor":1.0,"turns":4.0},{"damage":0.0,"enemies":"2 Louse","floor":2.0,"turns":4.0},{"damage":5.0,"enemies":"Jaw Worm","floor":3.0,"turns":3.0},{"damage":7.0,"enemies":"Red Slaver","floor":5.0,"turns":3.0},{"damage":33.0,"enemies":"Replay:BlueRogue","floor":7.0,"turns":4.0},{"damage":2.0,"enemies":"Exordium Wildlife","floor":12.0,"turns":3.0},{"damage":12.0,"enemies":"Gremlin Gang","floor":13.0,"turns":5.0},{"damage":16.0,"enemies":"Lots of Slimes","floor":14.0,"turns":5.0},{"damage":40.0,"enemies":"Slime Boss","floor":16.0,"turns":10.0},{"damage":35.0,"enemies":"3 Byrds","floor":18.0,"turns":7.0},{"damage":5.0,"enemies":"Chosen","floor":21.0,"turns":3.0},{"damage":23,"enemies":"Sentry and Sphere","floor":22,"turns":5}],"seed_played":"2163048123410775263","potions_obtained":[{"floor":5.0,"key":"Weak Potion"},{"floor":12.0,"key":"Languid Potion"},{"floor":13.0,"key":"Strength Potion"},{"floor":18.0,"key":"SkillPotion"}],"is_trial":false,"path_per_floor":["M","M","M","$","M","R","E","?","T","?","R","M","M","M","R","B",null,"M","$","?","M","M"],"character_chosen":"IRONCLAD","items_purchased":["Red Skull"],"campfire_rested":1,"item_purchase_floors":[19],"current_hp_per_floor":[67,73,74,74,73,73,46,46,46,28,52,56,53,46,46,12,68,43,43,43,44,21,21],"gold":249,"neow_bonus":"TRANSFORM_CARD","is_daily":false,"chose_seed":false,"campfire_upgraded":2,"win_rate":0.0,"timestamp":1608462145,"path_taken":["M","M","M","$","M","R","E","?","T","?","R","M","M","M","R","BOSS","M","$","?","?","M"],"items_purchased_type":["Relic"],"build_version":"2020-12-13","purchased_purges":2,"victory":false,"max_hp_per_floor":[80,80,80,80,80,80,80,80,80,80,80,80,83,86,86,86,86,90,90,90,90,90,90],"card_choices":[{"not_picked":["Sword Boomerang","Body Slam"],"picked":"Uppercut","floor":1.0},{"not_picked":["ReplayTheSpireMod:Stacked","Shrug It Off"],"picked":"Blood for Blood","floor":2.0},{"not_picked":["Burning Pact","Flex"],"picked":"Armaments","floor":3.0},{"not_picked":["Replay:Undeath\u0027s Touch","Entrench"],"picked":"Hemokinesis","floor":5.0},{"not_picked":["Reckless Charge","Clash"],"picked":"Pommel Strike","floor":7.0},{"not_picked":["Dark Embrace","Warcry"],"picked":"Feed","floor":12.0},{"not_picked":["Thunderclap","Iron Wave","Headbutt"],"picked":"SKIP","floor":13.0},{"not_picked":["Pommel Strike","Clothesline"],"picked":"Shrug It Off","floor":14.0},{"not_picked":["Barricade","Immolate"],"picked":"Hemogenesis","floor":16.0},{"not_picked":["Twin Strike","Cleave","Anger"],"picked":"SKIP","floor":18.0},{"not_picked":["AT_CaressingTears","Twin Strike","Flex"],"picked":"SKIP","floor":21.0}],"player_experience":369982,"relics_obtained":[{"floor":7.0,"key":"Pet Ghost"}],"event_choices":[{"damage_healed":0.0,"max_hp_gain":0.0,"max_hp_loss":0.0,"gold_gain":175.0,"event_name":"Liars Game","player_choice":"AGREE","floor":8.0,"gold_loss":0.0,"damage_taken":0.0,"cards_obtained":["Doubt"]},{"damage_healed":0.0,"max_hp_gain":0.0,"max_hp_loss":0.0,"gold_gain":0.0,"event_name":"Scrap Ooze","player_choice":"Success","floor":10.0,"gold_loss":0.0,"damage_taken":18.0,"relics_obtained":["King of Hearts"]},{"damage_healed":0.0,"max_hp_gain":0.0,"max_hp_loss":0.0,"gold_gain":0.0,"event_name":"Match and Keep!","player_choice":"1 cards matched","floor":20.0,"gold_loss":0.0,"damage_taken":0.0,"cards_obtained":["Flash of Steel"]}],"is_beta":false,"boss_relics":[{"not_picked":["ChewingGum","Replay:Drink Me"],"picked":"Astrolabe"}],"items_purged_floors":[4,19],"is_endless":false,"potions_floor_spawned":[5,12,13,14,18],"killed_by":"Sentry and Sphere","ascension_level":6}}