{"host":"yss19x4wvcyeircs","time":1608427143,"event":{"mods":["BaseMod","Custom Start","Minty Spire (QoL Compilation)","Replay The Spire","StSLib","The Bug Knight"],"gold_per_floor":[117,117,134,144,144,169,204,204,204,221,221,221,249,117,117,212,212,232,132,132,159,174,202,229,273,324,54,54,54,99,117,117],"floor_reached":31,"playtime":4793,"items_purged":["HollowMod:NailStrikeStart","HollowMod:NailStrikeStart","HollowMod:InfectedCysts+1"],"score":377,"play_id":"19350b38-239c-446a-80dc-4d93b33a5f60","local_time":"20201219201903","daily_mods":["Heirloom","Flight"],"is_ascension_mode":false,"campfire_choices":[{"data":"HollowMod:SoulShaman","floor":8,"key":"SMITH"},{"data":"HollowMod:SoulMaster","floor":11,"key":"SMITH"},{"data":"HollowMod:LifebloodCocoon","floor":29,"key":"SMITH"}],"circlet_count":0,"master_deck":["HollowMod:QuickDashStart","HollowMod:QuickDashStart","HollowMod:QuickDashStart","HollowMod:QuickDashStart","HollowMod:FocusHealStart+1","HollowMod:PogoStrike","HollowMod:NewJinnsSoul","HollowMod:InfectionAssault","HollowMod:SoulShaman+1","HollowMod:SoulMaster+1","HollowMod:CycloneSlash","HollowMod:MantisMark+1","Bite","Bite","Bite","Bite","Bite","HollowMod:LifebloodCocoon+1","HollowMod:ZotesMagnificence"],"relics":["HollowMod:VesselMask","Thread and Needle","Replay:Ringing Soul","StoneCalendar","Sundial","Replay:Kaleidoscope","ReplayTheSpireMod:Shallot","Busted Crown","Bag of Marbles","Question Card","Replay:Bandana","CeramicFish","Happy Flower","TheAbacus","Potion Belt"],"acts_visited":["Exordium","TheCity"],"potions_floor_usage":[16,16,30,30,31],"damage_taken":[{"damage":0,"enemies":"Jaw Worm","floor":1,"turns":3},{"damage":0,"enemies":"Cultist","floor":3,"turns":3},{"damage":0,"enemies":"2 Louse","floor":4,"turns":3},{"damage":4,"enemies":"Replay:BlueRogue","floor":6,"turns":7},{"damage":23,"enemies":"Lagavulin","floor":7,"turns":7},{"damage":1,"enemies":"HollowMod:HuskWarrior","floor":10,"turns":6},{"damage":9,"enemies":"3 Sentries","floor":13,"turns":7},{"damage":12,"enemies":"Fading Forest","floor":16,"turns":11},{"damage":0,"enemies":"Chosen","floor":18,"turns":4},{"damage":0,"enemies":"3 Byrds","floor":22,"turns":3},{"damage":17,"enemies":"Book of Stabbing","floor":23,"turns":5},{"damage":0,"enemies":"Gremlin Leader","floor":24,"turns":5},{"damage":34,"enemies":"Book of Stabbing","floor":25,"turns":7},{"damage":16,"enemies":"Replay:Snechameleon","floor":30,"turns":7},{"damage":82,"enemies":"Gremlin Leader","floor":31,"turns":6}],"seed_played":"1578053549533398789","potions_obtained":[{"floor":1,"key":"Energy Potion"},{"floor":10,"key":"Swift Potion"},{"floor":13,"key":"Fire Potion"},{"floor":24,"key":"SteroidPotion"},{"floor":25,"key":"LiquidMemories"},{"floor":28,"key":"Death Potion"},{"floor":28,"key":"Swift Potion"}],"is_trial":true,"path_per_floor":["M","?","M","M","?","E","E","R","T","M","R","?","E","$","R","B",null,"M","$","?","T","M","E","E","E","T","$","?","R","E","E"],"character_chosen":"THE_BUGKNIGHT","items_purchased":["HollowMod:MantisMark+1","TheAbacus"],"campfire_rested":0,"item_purchase_floors":[14,27],"current_hp_per_floor":[75,75,75,75,75,78,70,70,70,75,75,59,63,66,87,81,87,87,87,63,63,63,61,66,40,40,40,40,40,51,0,0],"gold":117,"neow_bonus":"","is_daily":false,"chose_seed":false,"campfire_upgraded":3,"win_rate":0.0,"timestamp":1608427143,"path_taken":["M","?","?","M","?","E","E","R","T","?","R","?","E","$","R","BOSS","M","$","?","?","M","E","E","E","T","$","?","R","E","E"],"items_purchased_type":["Card","Relic"],"build_version":"2020-12-13","purchased_purges":3,"victory":false,"max_hp_per_floor":[75,75,75,75,75,78,81,81,81,81,81,81,84,87,87,87,87,87,87,63,63,63,63,66,66,66,66,66,66,69,69,69],"card_choices":[{"not_picked":["HollowMod:CoiledNail","HollowMod:CornifersMapStart"],"picked":"HollowMod:NewJinnsSoul","floor":1},{"not_picked":["HollowMod:DungDefenderAura","HollowMod:FastStrike"],"picked":"HollowMod:InfectedCysts","floor":3},{"not_picked":["HollowMod:SoulStrike","HollowMod:DungDefenderAura"],"picked":"HollowMod:InfectionAssault","floor":4},{"not_picked":["HollowMod:ShapeofUnn","HollowMod:LifebloodCocoon"],"picked":"HollowMod:SoulShaman","floor":6},{"not_picked":["HollowMod:Weaversong","HollowMod:QuirrelsAssistance"],"picked":"HollowMod:SoulMaster","floor":7},{"not_picked":["HollowMod:InfectedCysts","HollowMod:DashSlash","HollowMod:DescendingDark"],"picked":"SKIP","floor":10},{"not_picked":["HollowMod:MonarchWings","HollowMod:HowlingWraiths"],"picked":"HollowMod:CycloneSlash","floor":13},{"not_picked":["HollowMod:InfectionAssault"],"picked":"SKIP","floor":18},{"not_picked":["HollowMod:CornifersMapStart"],"picked":"SKIP","floor":22},{"not_picked":["HollowMod:QuirrelsAssistance"],"picked":"SKIP","floor":23},{"not_picked":["HollowMod:Grubsong+1"],"picked":"HollowMod:LifebloodCocoon","floor":24},{"not_picked":["HollowMod:SiblingsSouls","HollowMod:TaintedHusks"],"picked":"SKIP","floor":25},{"not_picked":["HollowMod:LuriensSpire"],"picked":"HollowMod:ZotesMagnificence","floor":30}],"player_experience":263606,"relics_obtained":[{"floor":6,"key":"StoneCalendar"},{"floor":7,"key":"Sundial"},{"floor":9,"key":"Replay:Kaleidoscope"},{"floor":13,"key":"ReplayTheSpireMod:Shallot"},{"floor":21,"key":"Bag of Marbles"},{"floor":23,"key":"Question Card"},{"floor":24,"key":"Replay:Bandana"},{"floor":25,"key":"CeramicFish"},{"floor":26,"key":"Happy Flower"},{"floor":30,"key":"Potion Belt"}],"event_choices":[{"damage_healed":0,"gold_gain":0,"player_choice":"Forge","damage_taken":0,"max_hp_gain":0,"max_hp_loss":0,"event_name":"Accursed Blacksmith","floor":2,"gold_loss":0,"cards_upgraded":["HollowMod:FocusHealStart"]},{"damage_healed":0,"gold_gain":0,"player_choice":"Gave Potion","damage_taken":0,"relics_obtained":["Replay:Ringing Soul"],"max_hp_gain":0,"max_hp_loss":0,"event_name":"WeMeetAgain","floor":5,"gold_loss":0},{"damage_healed":0,"gold_gain":0,"player_choice":"Entered Light","damage_taken":16,"max_hp_gain":0,"max_hp_loss":0,"event_name":"Shining Light","floor":12,"gold_loss":0,"cards_upgraded":["HollowMod:NailStrikeStart","HollowMod:NailStrikeStart"]},{"damage_healed":0,"gold_gain":0,"player_choice":"Became a vampire","damage_taken":0,"max_hp_gain":0,"max_hp_loss":27,"event_name":"Vampires","floor":20,"gold_loss":0,"cards_obtained":["Bite","Bite","Bite","Bite","Bite"]},{"damage_healed":0,"gold_gain":0,"player_choice":"Got Potions","damage_taken":0,"max_hp_gain":0,"max_hp_loss":0,"event_name":"Lab","floor":28,"gold_loss":0}],"is_beta":false,"boss_relics":[{"not_picked":["SacredBark","Ring of Chaos"],"picked":"Busted Crown"}],"items_purged_floors":[14,19,27],"is_endless":false,"potions_floor_spawned":[1,10,13,24,25],"killed_by":"Gremlin Leader","ascension_level":0}}