{"host":"h5acbxt0wmjo1kpm","time":1608451329,"event":{"mods":["2.2 Compatiblity","Act Like it!","AlwaysNeverKeys","Aspiration","Bartender","BaseMod","Better Third Choice","Colored Map","Downfall","Elementarium","Gensokyo","GifTheSpireLib","Hallownest","Marisa????????","Minty Spire (QoL Compilation)","Permanent Neow","Potionbrewer","Relic Filter","Replay The Spire","Robot Space Explorer","RumiaBox-????????","Shade Mod","Spicy Shops","StSLib","The Blackbeard","The Dragon Tamer","The Forsaken","The Gatherer","The Problem Sleuth","The Servant 0.9.4","Wandering Minibosses","vexMod"],"gold_per_floor":[99,99,99,131,141,156,156,156,167,167,5,5,23,40,51,51,51],"floor_reached":16,"playtime":1059,"items_purged":[],"score":111,"play_id":"563ccdc4-78f2-45ec-80fe-f5fda37067df","local_time":"20201220000209","is_ascension_mode":true,"campfire_choices":[{"data":"champ:Taunt","floor":1,"key":"SMITH"},{"data":"champ:Execute","floor":3,"key":"SMITH"},{"data":"champ:FocusedBerserking","floor":8,"key":"SMITH"},{"floor":10,"key":"REST"}],"circlet_count":0,"master_deck":["champ:Strike","champ:Strike","champ:Strike+1","champ:Strike+1","champ:Defend","champ:Defend","champ:Defend","champ:Defend","champ:Execute+1","champ:Taunt+1","champ:RageSigil","champ:IronFortress","champ:FocusedBerserking+1","champ:FocusedGladiator","champ:StrikeOfGenius","champ:BerserkerStyle"],"relics":["champ:ChampionCrown","aspiration:Nostalgia","RobotSpaceExplorer:RoboCore","Anchor","GodSword1"],"acts_visited":["Hallownest:Greenpath"],"potions_floor_usage":[16],"damage_taken":[{"damage":31,"enemies":"Hallownest:eliteCrystalGuardian","floor":4,"turns":5},{"damage":12,"enemies":"Hallownest:monsterHuskGuard","floor":5,"turns":4},{"damage":56,"enemies":"Hallownest:2_Tiktiks_and_1_Crawlid","floor":6,"turns":8},{"damage":22,"enemies":"2_ Uuma","floor":9,"turns":3},{"damage":23,"enemies":"downfall:FleeingMerchant","floor":11,"turns":4},{"damage":21,"enemies":"Hallownest:monsterFoolEater","floor":13,"turns":4},{"damage":31,"enemies":"Hallownest:Wandering_and_Horned","floor":14,"turns":4},{"damage":40,"enemies":"Hallownest:MossCreep_and_Mosskin","floor":15,"turns":5},{"damage":65,"enemies":"downfall:Ironclad","floor":16,"turns":6}],"seed_played":"-8291152292287708997","potions_obtained":[{"floor":9,"key":"GamblersBrew"},{"floor":15,"key":"potionbrewer:DiscountPotion"}],"is_trial":false,"path_per_floor":["R","?","R","E","M","M","T","R","M","R","$","?","M","M","M","B"],"character_chosen":"THE_CHAMP","items_purchased":["champ:StrikeOfGenius"],"campfire_rested":1,"item_purchase_floors":[11],"current_hp_per_floor":[90,75,75,60,58,25,25,25,33,60,70,70,63,63,48,0,0],"gold":51,"neow_bonus":"NOSTALGIA","is_daily":false,"chose_seed":false,"campfire_upgraded":3,"win_rate":0.0,"timestamp":1608451329,"path_taken":["R","?","R","E","?","M","T","R","M","R","$","?","M","M","M","BOSS"],"items_purchased_type":["Card"],"build_version":"2020-12-13","purchased_purges":0,"victory":false,"max_hp_per_floor":[90,90,90,90,90,90,90,90,90,90,90,90,90,90,90,90,90],"card_choices":[{"not_picked":["champ:ShieldSigil","champ:PerfectedStrike"],"picked":"champ:RageSigil","floor":4},{"not_picked":["champ:ShieldWall","champ:BerserkersShout"],"picked":"champ:IronFortress","floor":5},{"not_picked":["champ:RecklessLeap","champ:FightOn"],"picked":"champ:FocusedBerserking","floor":6},{"not_picked":["champ:FlashCut","champ:RageSigil"],"picked":"champ:FocusedGladiator","floor":9},{"not_picked":["champ:ShieldSlam","champ:RageSigil","champ:GladiatorsShout"],"picked":"SKIP","floor":11},{"not_picked":["champ:GladiatorsShout","champ:SwordSigil"],"picked":"champ:BerserkerStyle","floor":13},{"not_picked":["champ:CalledShot","champ:ShieldWall","champ:BladeFlurry"],"picked":"SKIP","floor":14},{"not_picked":["champ:BladeFlurry","champ:EnGarde","champ:ShieldWall"],"picked":"SKIP","floor":15}],"player_experience":2285938,"relics_obtained":[{"floor":4,"key":"Anchor"},{"floor":7,"key":"GodSword1"}],"event_choices":[],"is_beta":false,"boss_relics":[],"items_purged_floors":[],"is_endless":false,"potions_floor_spawned":[9,15],"killed_by":"downfall:Ironclad","ascension_level":2}}