{"host":"zuc5xqvlhed5q6ad","time":1608492281,"event":{"mods":["BaseMod","Block Reminder","Colored Powertips","Halation","Highlight Path","Mimic Mod","Minty Spire (QoL Compilation)","Permanent Neow","Practice Mode","Quick Restart","Spikes Relics","StSLib","UnlockEverythingMod"],"gold_per_floor":[112,112,123,133,151,151,166,166,211,5,5,24,34,45,45,150,150,168,168,187,207,222,222,222],"floor_reached":23,"playtime":1987,"items_purged":[],"score":189,"play_id":"b2d48b17-6faa-4192-9f7b-56041da143b1","local_time":"20201220222441","is_ascension_mode":false,"campfire_choices":[{"data":"Prostrate","floor":6.0,"key":"SMITH"},{"data":"WindmillStrike","floor":8.0,"key":"SMITH"},{"data":"Alpha","floor":15,"key":"SMITH"}],"circlet_count":0,"master_deck":["Strike_P","Strike_P","Defend_P","Defend_P","Defend_P","Eruption","Vigilance","Halt","Pray","Prostrate+1","LikeWater","WindmillStrike+1","Prostrate","Alpha+1","Prostrate","PathToVictory","Omniscience","Conclude+1","FearNoEvil+1","WindmillStrike+1","Pain","Judgement"],"relics":["PureWater","NeowsBlessing","Strawberry","Blood Vial","Astrolabe","WarpedTongs"],"acts_visited":["Exordium","TheCity"],"potions_floor_usage":[12,16,16,16,21,22,23],"damage_taken":[{"damage":0.0,"enemies":"Cultist","floor":1.0,"turns":1.0},{"damage":0.0,"enemies":"2 Louse","floor":3.0,"turns":2.0},{"damage":0.0,"enemies":"Jaw Worm","floor":4.0,"turns":1.0},{"damage":0.0,"enemies":"Red Slaver","floor":5.0,"turns":6.0},{"damage":2.0,"enemies":"Blue Slaver","floor":7.0,"turns":7.0},{"damage":1,"enemies":"Gremlin Gang","floor":12,"turns":8},{"damage":19,"enemies":"Exordium Thugs","floor":13,"turns":7},{"damage":3,"enemies":"Blue Slaver","floor":14,"turns":3},{"damage":13,"enemies":"The Guardian","floor":16,"turns":8},{"damage":14,"enemies":"2 Thieves","floor":18,"turns":4},{"damage":31,"enemies":"Shell Parasite","floor":20,"turns":5},{"damage":28,"enemies":"Snake Plant","floor":21,"turns":4},{"damage":11,"enemies":"Snecko","floor":22,"turns":4},{"damage":32,"enemies":"Slavers","floor":23,"turns":1}],"seed_played":"6574854473468776984","potions_obtained":[{"floor":1.0,"key":"FearPotion"},{"floor":4.0,"key":"SkillPotion"},{"floor":13,"key":"EntropicBrew"},{"floor":16,"key":"FairyPotion"},{"floor":22,"key":"DuplicationPotion"}],"is_trial":false,"path_per_floor":["M","$","M","M","M","R","M","R","T","$","?","M","M","M","R","B",null,"M","?","M","M","M","E"],"character_chosen":"WATCHER","items_purchased":["Blood Vial","Prostrate"],"campfire_rested":0,"item_purchase_floors":[10,10],"current_hp_per_floor":[72,72,72,72,72,72,70,70,77,77,77,78,60,59,59,48,79,65,65,36,10,1,0,0],"gold":222,"neow_bonus":"THREE_ENEMY_KILL","is_daily":false,"chose_seed":false,"campfire_upgraded":3,"win_rate":0.0,"timestamp":1608492281,"path_taken":["M","$","?","M","?","R","M","R","T","$","?","M","M","?","R","BOSS","M","?","M","M","?","E"],"items_purchased_type":["Relic","Card"],"build_version":"2020-12-13","purchased_purges":0,"victory":false,"max_hp_per_floor":[72,72,72,72,72,72,72,72,79,79,79,79,79,79,79,79,79,79,79,79,79,79,79,79],"card_choices":[{"not_picked":["ClearTheMind","BattleHymn"],"picked":"Halt","floor":1.0},{"not_picked":["Wallop","BowlingBash"],"picked":"Pray","floor":3.0},{"not_picked":["CrushJoints","ClearTheMind"],"picked":"Prostrate","floor":4.0},{"not_picked":["ForeignInfluence","FlurryOfBlows"],"picked":"LikeWater","floor":5.0},{"not_picked":["Protect","FlyingSleeves"],"picked":"WindmillStrike","floor":7.0},{"not_picked":["PathToVictory","BowlingBash"],"picked":"Alpha","floor":12},{"not_picked":["EmptyBody","ForeignInfluence"],"picked":"Prostrate","floor":13},{"not_picked":["EmptyFist","Fasting2"],"picked":"PathToVictory","floor":14},{"not_picked":["Brilliance","Ragnarok"],"picked":"Omniscience","floor":16},{"not_picked":["FearNoEvil","FollowUp+1","Fasting2"],"picked":"SKIP","floor":18},{"not_picked":["ClearTheMind","CutThroughFate","Evaluate+1"],"picked":"SKIP","floor":20},{"not_picked":["Evaluate","DeceiveReality"],"picked":"Judgement","floor":21},{"not_picked":["FollowUp","SashWhip","FlurryOfBlows"],"picked":"SKIP","floor":22}],"player_experience":128863,"relics_obtained":[{"floor":9.0,"key":"Strawberry"}],"event_choices":[{"damage_healed":0.0,"max_hp_gain":0.0,"max_hp_loss":0.0,"gold_gain":0.0,"event_name":"Purifier","player_choice":"Ignored","floor":11.0,"gold_loss":0.0,"damage_taken":0.0},{"damage_healed":0,"gold_gain":0,"player_choice":"Rummage","damage_taken":0,"relics_obtained":["WarpedTongs"],"max_hp_gain":0,"max_hp_loss":0,"event_name":"Accursed Blacksmith","floor":19,"gold_loss":0,"cards_obtained":["Pain"]}],"is_beta":false,"boss_relics":[{"not_picked":["halation:Risk","halation:LoveArrow"],"picked":"Astrolabe"}],"items_purged_floors":[],"is_endless":false,"potions_floor_spawned":[1,4,13,16,18,22],"killed_by":"Slavers","ascension_level":0}}