{"host":"6pgtslebjnyv5xmi","time":1608471110,"event":{"mods":["AchievementEnabler","BaseMod","Colored Map","Minty Spire (QoL Compilation)","Rare Cards Sparkle","SuperFastMode","everything is the same but u backflip on backflip"],"gold_per_floor":[113,31,46,46,121,121,135,135,210,210,64,79,96,112,112,112,112],"floor_reached":16,"playtime":685,"items_purged":[],"score":101,"play_id":"ff0ed953-9445-4dba-a82b-80ca4c3b6dda","local_time":"20201220223150","is_ascension_mode":true,"campfire_choices":[{"data":"Dark Embrace","floor":6,"key":"SMITH"},{"data":"Dark Embrace","floor":8,"key":"SMITH"},{"data":"Intimidate","floor":10,"key":"SMITH"},{"floor":15,"key":"REST"}],"circlet_count":0,"master_deck":["Strike_R","Strike_R","Strike_R","Strike_R","Strike_R","Defend_R","Defend_R","Defend_R","Defend_R","Bash","Purity","Intimidate+1","Dark Embrace+1","Dark Embrace+1"],"relics":["Burning Blood","Vajra","Ginger","Ornamental Fan","ClockworkSouvenir"],"acts_visited":["Exordium"],"potions_floor_usage":[],"damage_taken":[{"damage":4,"enemies":"Small Slimes","floor":1,"turns":4},{"damage":1,"enemies":"Cultist","floor":3,"turns":3},{"damage":4,"enemies":"Jaw Worm","floor":7,"turns":3},{"damage":12,"enemies":"Looter","floor":12,"turns":4},{"damage":12,"enemies":"Lots of Slimes","floor":13,"turns":5},{"damage":16,"enemies":"Blue Slaver","floor":14,"turns":5},{"damage":71,"enemies":"The Guardian","floor":16,"turns":11}],"seed_played":"-3992495196234261066","potions_obtained":[{"floor":3,"key":"Swift Potion"},{"floor":13,"key":"ElixirPotion"}],"is_trial":false,"path_per_floor":["M","?","M","?","?","R","M","R","T","R","$","M","M","M","R","B"],"character_chosen":"IRONCLAD","items_purchased":["ClockworkSouvenir"],"campfire_rested":1,"item_purchase_floors":[11],"current_hp_per_floor":[80,80,80,73,65,65,67,67,67,67,67,61,55,45,69,0,0],"gold":112,"neow_bonus":"RANDOM_COLORLESS","is_daily":false,"chose_seed":false,"campfire_upgraded":3,"win_rate":0.0,"timestamp":1608471110,"path_taken":["M","?","?","?","?","R","M","R","T","R","$","M","M","?","R","BOSS"],"items_purchased_type":["Relic"],"build_version":"2020-12-13","purchased_purges":0,"victory":false,"max_hp_per_floor":[80,80,80,80,80,80,80,80,80,80,80,80,80,80,80,80,80],"card_choices":[{"not_picked":["Deep Breath","Mind Blast"],"picked":"Purity","floor":0},{"not_picked":["Body Slam","Blood for Blood"],"picked":"Intimidate","floor":1},{"not_picked":["Rampage","Inflame"],"picked":"Dark Embrace","floor":3},{"not_picked":["Armaments","Shrug It Off"],"picked":"Dark Embrace","floor":7},{"not_picked":["Thunderclap","Cleave","Pummel"],"picked":"SKIP","floor":12},{"not_picked":["Iron Wave","Rage","Havoc"],"picked":"SKIP","floor":13},{"not_picked":["True Grit","Blood for Blood","Entrench"],"picked":"SKIP","floor":14}],"player_experience":295295,"relics_obtained":[{"floor":9,"key":"Ornamental Fan"}],"event_choices":[{"damage_healed":0,"gold_gain":0,"player_choice":"Paid Gold","damage_taken":0,"relics_obtained":["Vajra"],"max_hp_gain":0,"max_hp_loss":0,"event_name":"WeMeetAgain","floor":2,"gold_loss":82},{"damage_healed":0,"gold_gain":0,"player_choice":"Success","damage_taken":7,"relics_obtained":["Ginger"],"max_hp_gain":0,"max_hp_loss":0,"event_name":"Scrap Ooze","floor":4,"gold_loss":0},{"damage_healed":0,"gold_gain":75,"player_choice":"Touch","damage_taken":8,"max_hp_gain":0,"max_hp_loss":0,"event_name":"FaceTrader","floor":5,"gold_loss":0}],"is_beta":false,"boss_relics":[],"items_purged_floors":[],"is_endless":false,"potions_floor_spawned":[3,13],"killed_by":"The Guardian","ascension_level":2}}