{"host":"xyexbe31ku0ov20l","time":1608438708,"event":{"mods":["AchievementEnabler","AlwaysNeverKeys","BaseMod","Bestiary","Block Reminder","Colored Map","Colored Powertips","Curses Come First","Displayed Cursed Tome","Minty Spire (QoL Compilation)","Permanent Neow","Quick Restart","Random Character Button","Rare Cards Sparkle","Relic Stats","StSLib"],"gold_per_floor":[113,129,129,129,94,94,126,143,143,143,178,178,189,202,202,202,202],"floor_reached":16,"playtime":637,"items_purged":[],"score":220,"play_id":"d1a44863-bfd8-445e-bf8e-53b34b7e712d","local_time":"20201219203148","is_ascension_mode":true,"campfire_choices":[{"data":"Neutralize","floor":6,"key":"SMITH"},{"data":"Catalyst","floor":10,"key":"SMITH"},{"data":"Predator","floor":15,"key":"SMITH"}],"circlet_count":0,"master_deck":["AscendersBane","Strike_G","Strike_G","Strike_G","Strike_G","Defend_G","Defend_G","Defend_G","Defend_G","Defend_G","Survivor","Neutralize+1","Deadly Poison","Blur","Bouncing Flask","Catalyst+1","Underhanded Strike","Caltrops","Predator+1","Reflex"],"relics":["Coffee Dripper","Ancient Tea Set","HornCleat","Gambling Chip","Dead Branch"],"acts_visited":["Exordium"],"potions_floor_usage":[7,11,16,16],"damage_taken":[{"damage":0,"enemies":"2 Louse","floor":1,"turns":3},{"damage":3,"enemies":"Small Slimes","floor":2,"turns":4},{"damage":39,"enemies":"Gremlin Nob","floor":7,"turns":4},{"damage":6,"enemies":"Jaw Worm","floor":8,"turns":4},{"damage":2,"enemies":"3 Sentries","floor":11,"turns":9},{"damage":0,"enemies":"Blue Slaver","floor":13,"turns":2},{"damage":0,"enemies":"Looter","floor":14,"turns":3},{"damage":26,"enemies":"Slime Boss","floor":16,"turns":6}],"seed_played":"-8490235268751035981","potions_obtained":[{"floor":1,"key":"Fire Potion"},{"floor":7,"key":"CunningPotion"},{"floor":11,"key":"Fire Potion"},{"floor":14,"key":"CunningPotion"}],"is_trial":false,"path_per_floor":["M","M","?","?","?","R","E","M","T","R","E","T","M","M","R","B"],"character_chosen":"THE_SILENT","items_purchased":[],"campfire_rested":0,"item_purchase_floors":[],"current_hp_per_floor":[59,56,56,56,66,66,27,21,21,21,19,19,19,19,19,0,0],"gold":202,"neow_bonus":"BOSS_RELIC","is_daily":false,"chose_seed":false,"campfire_upgraded":3,"win_rate":0.0,"timestamp":1608438708,"path_taken":["M","M","?","?","?","R","E","M","T","R","E","?","?","M","R","BOSS"],"items_purchased_type":[],"build_version":"2020-12-13","purchased_purges":0,"victory":false,"max_hp_per_floor":[66,66,66,66,66,66,66,66,66,66,66,66,66,66,66,66,66],"relic_stats":{"counters":[8,35],"Gambling Chip":[6],"Dead Branch":[10],"obtain_stats":[{"HornCleat":9,"Gambling Chip":11,"Dead Branch":12,"Coffee Dripper":0,"Ancient Tea Set":7,"Ring of the Snake":0},{"HornCleat":4,"Gambling Chip":5,"Dead Branch":5,"Coffee Dripper":0,"Ancient Tea Set":3,"Ring of the Snake":0},{"HornCleat":15,"Gambling Chip":24,"Dead Branch":24,"Coffee Dripper":0,"Ancient Tea Set":11,"Ring of the Snake":0}]},"card_choices":[{"not_picked":["Accuracy","PiercingWail"],"picked":"Deadly Poison","floor":1},{"not_picked":["Cloak And Dagger","Heel Hook"],"picked":"Blur","floor":2},{"not_picked":["Phantasmal Killer","Terror"],"picked":"Catalyst","floor":7},{"not_picked":["Deflect","Endless Agony"],"picked":"Underhanded Strike","floor":8},{"not_picked":["Dagger Throw","Slice"],"picked":"Caltrops","floor":11},{"not_picked":["Concentrate","Dagger Spray"],"picked":"Predator","floor":13},{"not_picked":["Sucker Punch","Distraction"],"picked":"Reflex","floor":14}],"player_experience":2220868,"relics_obtained":[{"floor":7,"key":"Ancient Tea Set"},{"floor":9,"key":"HornCleat"},{"floor":11,"key":"Gambling Chip"},{"floor":12,"key":"Dead Branch"}],"event_choices":[{"damage_healed":0,"gold_gain":0,"player_choice":"Ignored","damage_taken":0,"max_hp_gain":0,"max_hp_loss":0,"event_name":"Shining Light","floor":3,"gold_loss":0},{"damage_healed":0,"gold_gain":0,"cards_transformed":["Strike_G"],"player_choice":"Change","damage_taken":0,"max_hp_gain":0,"max_hp_loss":0,"event_name":"Living Wall","floor":4,"gold_loss":0,"cards_obtained":["Bouncing Flask"]},{"damage_healed":16,"gold_gain":0,"player_choice":"Healed","damage_taken":0,"max_hp_gain":0,"max_hp_loss":0,"event_name":"The Cleric","floor":5,"gold_loss":35}],"is_beta":false,"boss_relics":[],"items_purged_floors":[],"is_endless":false,"potions_floor_spawned":[1,7,11,14],"killed_by":"Slime Boss","ascension_level":20}}