{"host":"sav7uxregyirlf69","time":1608440813,"event":{"mods":["AchievementEnabler","BaseMod","Colored Map","DeckTracker","Keyboard Shortcuts","Minty Spire (QoL Compilation)","READ ME - Guardian Mod","StSLib","SuperFastMode"],"gold_per_floor":[118,43,63,13,25,25,125,125,125,141,141,141,159,5,5,102,102,115,214,89,89,89],"floor_reached":21,"playtime":284,"items_purged":["Strike_R","Defend_R","Strike_R"],"score":167,"play_id":"17b1f1ac-8e76-475c-9c8e-2278f0f73305","local_time":"20201220140653","is_ascension_mode":false,"campfire_choices":[{"data":"Sword Boomerang","floor":6,"key":"SMITH"},{"data":"Bash","floor":8,"key":"SMITH"},{"data":"Shrug It Off","floor":15,"key":"SMITH"}],"circlet_count":0,"master_deck":["Strike_R","Defend_R","Defend_R","Defend_R","Bash+1","Sword Boomerang+1","Shrug It Off+1","Anger","Body Slam+1","Dropkick+1"],"relics":["Burning Blood","Unceasing Top","Molten Egg 2","Runic Pyramid"],"acts_visited":["Exordium","TheCity"],"potions_floor_usage":[13],"damage_taken":[{"damage":0,"enemies":"2 Louse","floor":1,"turns":4},{"damage":6,"enemies":"Jaw Worm","floor":3,"turns":5},{"damage":6,"enemies":"Cultist","floor":5,"turns":3},{"damage":12,"enemies":"Looter","floor":10,"turns":3},{"damage":23,"enemies":"Exordium Thugs","floor":13,"turns":5},{"damage":52,"enemies":"The Guardian","floor":16,"turns":11},{"damage":18,"enemies":"Shell Parasite","floor":18,"turns":4},{"damage":0,"enemies":"2 Thieves","floor":21,"turns":1}],"seed_played":"-8587302090990899169","potions_obtained":[{"floor":1,"key":"SkillPotion"},{"floor":5,"key":"Explosive Potion"}],"is_trial":false,"path_per_floor":["M","$","M","?","M","R","?","R","T","M","$","?","M","$","R","B",null,"M","?","$","M"],"character_chosen":"IRONCLAD","items_purchased":["Body Slam+1"],"campfire_rested":0,"item_purchase_floors":[14],"current_hp_per_floor":[80,80,80,80,80,80,80,80,80,74,74,74,57,57,57,11,80,68,68,68,68,68],"gold":89,"neow_bonus":"REMOVE_CARD","is_daily":false,"chose_seed":false,"campfire_upgraded":3,"win_rate":0.0,"timestamp":1608440813,"path_taken":["M","$","M","?","M","R","?","R","T","?","$","?","M","?","R","BOSS","M","?","$","M"],"items_purchased_type":["Card"],"build_version":"2020-12-13","purchased_purges":3,"victory":false,"max_hp_per_floor":[80,80,80,80,80,80,80,80,80,80,80,80,80,80,80,80,80,80,80,80,80,80],"card_choices":[{"not_picked":["Entrench","Thunderclap","Havoc"],"picked":"SKIP","floor":1},{"not_picked":["Headbutt","Brutality"],"picked":"Sword Boomerang","floor":3},{"not_picked":["Thunderclap","Headbutt"],"picked":"Shrug It Off","floor":5},{"not_picked":["Corruption","Headbutt"],"picked":"Anger","floor":10},{"not_picked":["Dark Embrace","Anger+1","Havoc"],"picked":"SKIP","floor":13},{"not_picked":["Body Slam+1","True Grit+1"],"picked":"Dropkick+1","floor":18}],"player_experience":963308,"relics_obtained":[{"floor":9,"key":"Unceasing Top"}],"event_choices":[{"cards_removed":["Strike_R"],"damage_healed":0,"gold_gain":0,"player_choice":"Card Removal","damage_taken":0,"max_hp_gain":0,"max_hp_loss":0,"event_name":"The Cleric","floor":4,"gold_loss":50},{"damage_healed":0,"gold_gain":100,"player_choice":"Gold","damage_taken":0,"max_hp_gain":0,"max_hp_loss":0,"event_name":"Wheel of Change","floor":7,"gold_loss":0},{"damage_healed":0,"gold_gain":0,"player_choice":"Gave Potion","damage_taken":0,"relics_obtained":["Molten Egg 2"],"max_hp_gain":0,"max_hp_loss":0,"event_name":"WeMeetAgain","floor":12,"gold_loss":0},{"damage_healed":0,"gold_gain":99,"player_choice":"Stole From Cult","damage_taken":0,"max_hp_gain":0,"max_hp_loss":0,"event_name":"Nest","floor":19,"gold_loss":0}],"is_beta":false,"boss_relics":[{"not_picked":["Busted Crown","SacredBark"],"picked":"Runic Pyramid"}],"items_purged_floors":[2,14,20],"is_endless":false,"potions_floor_spawned":[1,5],"killed_by":"2 Thieves","ascension_level":0}}