{"host":"gbop6m4qugddaz18","time":1608426436,"event":{"mods":["2.2 Compatiblity","BaseMod","Better Third Choice","Block Reminder","Downfall","GifTheSpireLib","Highlight Path","Minty Spire (QoL Compilation)","Replay The Spire","StSLib"],"gold_per_floor":[99,133,144,144,164,164,188,223,238,238,1,1,20,20,34,34,34],"floor_reached":16,"playtime":679,"items_purged":[],"score":127,"play_id":"607fde5f-abea-4ce9-a064-6140c38b2f57","local_time":"20201219200716","is_ascension_mode":true,"campfire_choices":[{"data":"Bash","floor":1,"key":"SMITH"},{"floor":6,"key":"REST"},{"data":"Run Through","floor":10,"key":"SMITH"}],"circlet_count":0,"master_deck":["Strike_R","Strike_R","Strike_R","Strike_R","Strike_R","Defend_R","Defend_R+1","Defend_R+1","Defend_R","Bash+1","Guardian:Aged","Run Through+1","Thunderclap","Thunderclap","Feel No Pain","Replay:Undeath\u0027s Touch","Thunderclap+1","Shrug It Off+1","Fire Breathing","Twin Strike","Overencumbered","Exhume","Twin Strike"],"relics":["Burning Blood","Replay:Towering Pillar of Hats","FossilizedHelix","ReplayTheSpireMod:TigerMarble","Blue Doll","Membership Card"],"acts_visited":["Exordium"],"potions_floor_usage":[8,8,8,8,9,13,15],"damage_taken":[{"damage":37,"enemies":"Gremlin Nob","floor":2,"turns":5},{"damage":8,"enemies":"2 Louse","floor":3,"turns":4},{"damage":0,"enemies":"Cultist","floor":5,"turns":3},{"damage":20,"enemies":"Lagavulin","floor":8,"turns":6},{"damage":0,"enemies":"Jaw Worm","floor":9,"turns":2},{"damage":0,"enemies":"downfall:FleeingMerchant","floor":11,"turns":4},{"damage":0,"enemies":"Exordium Thugs","floor":13,"turns":4},{"damage":0,"enemies":"2 Fungi Beasts","floor":15,"turns":3},{"damage":79,"enemies":"Hexaghost","floor":16,"turns":12}],"seed_played":"-8350888293961370114","potions_obtained":[{"floor":2,"key":"sneckomod:MuddlingPotion"},{"floor":5,"key":"Languid Potion"},{"floor":8,"key":"Fire Potion"},{"floor":9,"key":"DuplicationPotion"}],"is_trial":false,"path_per_floor":["R","E","M","?","M","R","T","E","M","R","$","?","M","?","M","B"],"character_chosen":"IRONCLAD","items_purchased":["Membership Card","Shrug It Off+1","Fire Breathing","Twin Strike"],"campfire_rested":1,"item_purchase_floors":[11,11,11,11],"current_hp_per_floor":[80,49,47,31,37,61,61,47,57,57,63,63,69,69,75,0,0],"gold":34,"neow_bonus":"ONE_RARE_RELIC","is_daily":false,"chose_seed":false,"campfire_upgraded":2,"win_rate":0.0,"timestamp":1608426436,"path_taken":["R","E","M","?","M","R","T","E","M","R","$","?","?","?","M","BOSS"],"items_purchased_type":["Relic","Card","Card","Card"],"build_version":"2020-12-13","purchased_purges":0,"victory":false,"max_hp_per_floor":[80,80,80,80,80,80,80,80,80,80,80,80,80,80,80,80,80],"card_choices":[{"not_picked":["Bloodletting","Flame Barrier"],"picked":"Run Through","floor":2},{"not_picked":["Twin Strike","Shrug It Off"],"picked":"Thunderclap","floor":3},{"not_picked":["ReplayTheSpireMod:Muscle Training","ReplayTheSpireMod:LeadingStrike"],"picked":"Thunderclap","floor":5},{"not_picked":["Reaper","Flex"],"picked":"Feel No Pain","floor":8},{"not_picked":["Dark Embrace","Wild Strike"],"picked":"Replay:Undeath\u0027s Touch","floor":9},{"not_picked":["Clash","Rupture"],"picked":"Thunderclap","floor":11},{"not_picked":["Pommel Strike","Heavy Blade"],"picked":"Exhume","floor":13},{"not_picked":["Entrench","Replay:Undeath\u0027s Touch"],"picked":"Twin Strike","floor":15}],"player_experience":486047,"relics_obtained":[{"floor":2,"key":"FossilizedHelix"},{"floor":7,"key":"ReplayTheSpireMod:TigerMarble"},{"floor":8,"key":"Blue Doll"}],"event_choices":[{"damage_healed":47,"gold_gain":0,"player_choice":"Upgrade","damage_taken":16,"max_hp_gain":0,"max_hp_loss":80,"event_name":"betterThird:BetterShining","floor":4,"gold_loss":0,"cards_upgraded":["Defend_R","Defend_R"]},{"damage_healed":0,"gold_gain":0,"player_choice":"1 cards matched","damage_taken":0,"max_hp_gain":0,"max_hp_loss":0,"event_name":"Match and Keep!","floor":12,"gold_loss":0,"cards_obtained":["Overencumbered"]},{"damage_healed":0,"gold_gain":0,"player_choice":"Upgraded","damage_taken":0,"max_hp_gain":0,"max_hp_loss":0,"event_name":"Upgrade Shrine","floor":14,"gold_loss":0,"cards_upgraded":["Thunderclap"]}],"is_beta":false,"boss_relics":[],"items_purged_floors":[],"is_endless":false,"potions_floor_spawned":[2,5,8,9],"killed_by":"Hexaghost","ascension_level":3}}