{"host":"injjhdjhvwue88m1","time":1608501003,"event":{"mods":["AchievementEnabler","BaseMod","Downfall","Minty Spire (QoL Compilation)","Relic Stats","Spicy Shops","StSLib"],"gold_per_floor":[99,130,147,163,173,183,183,183,15,44,64,239,249,134,153,153,153],"floor_reached":16,"playtime":1361,"items_purged":["Slimebound:Strike_Slimebound","Doubt"],"score":120,"play_id":"7f4a0db7-75bf-4484-a670-f82cba599161","local_time":"20201220145003","is_ascension_mode":true,"campfire_choices":[{"data":"Slimebound:Split","floor":1,"key":"SMITH"},{"floor":8,"key":"REST"}],"circlet_count":0,"master_deck":["Slimebound:Strike_Slimebound","Slimebound:Strike_Slimebound","Slimebound:Tackle","Slimebound:Defend_Slimebound","Slimebound:Defend_Slimebound","Slimebound:Defend_Slimebound","Slimebound:Defend_Slimebound","Slimebound:Split+1","Slimebound:CorrosiveSpit","Slimebound:SplitBruiser","Slimebound:HungryTackle+1","Slimebound:SplitMire","Slimebound:RejuvenatingLick","Slimebound:MassRepurpose","Slimebound:LeechLife+1","Slimebound:SplitMire","Slimebound:PressTheAttack+1","Slimebound:GoopSpray","Slimebound:SplitLeeching"],"relics":["Slimebound:AbsorbEndCombat","Molten Egg 2","StoneCalendar","Blood Vial","Shovel"],"acts_visited":["Exordium"],"potions_floor_usage":[11,15],"damage_taken":[{"damage":46,"enemies":"Gremlin Nob","floor":2,"turns":4},{"damage":13,"enemies":"Cultist","floor":3,"turns":3},{"damage":14,"enemies":"Small Slimes","floor":4,"turns":3},{"damage":4,"enemies":"2 Louse","floor":5,"turns":2},{"damage":24,"enemies":"Blue Slaver","floor":6,"turns":3},{"damage":29,"enemies":"downfall:FleeingMerchant","floor":9,"turns":4},{"damage":45,"enemies":"3 Sentries","floor":10,"turns":5},{"damage":18,"enemies":"3 Louse","floor":11,"turns":3},{"damage":33,"enemies":"Exordium Wildlife","floor":13,"turns":4},{"damage":36,"enemies":"downfall:FleeingMerchant","floor":14,"turns":4},{"damage":26,"enemies":"Gremlin Gang","floor":15,"turns":3},{"damage":108,"enemies":"downfall:Defect","floor":16,"turns":6}],"seed_played":"104638149649413722","potions_obtained":[{"floor":4,"key":"Slimebound:ThreeZeroPotion"},{"floor":5,"key":"CultistPotion"},{"floor":6,"key":"Block Potion"},{"floor":13,"key":"Slimebound:ThreeZeroPotion"}],"is_trial":false,"path_per_floor":["R","E","M","M","M","M","T","R","$","E","M","?","M","$","M","B"],"character_chosen":"SLIMEBOUND","items_purchased":["Blood Vial"],"campfire_rested":1,"item_purchase_floors":[9],"current_hp_per_floor":[66,36,37,37,41,29,29,48,59,54,56,56,61,65,64,0,0],"gold":153,"neow_bonus":"TEN_PERCENT_HP_BONUS","is_daily":false,"chose_seed":false,"campfire_upgraded":1,"win_rate":0.0,"timestamp":1608501003,"path_taken":["R","E","M","M","M","M","T","R","$","E","M","?","M","$","M","BOSS"],"items_purchased_type":["Relic"],"build_version":"2020-12-13","purchased_purges":2,"victory":false,"max_hp_per_floor":[66,66,66,66,66,66,66,66,66,66,66,66,66,66,66,66,66],"relic_stats":{"Blood Vial":11,"Shovel":0,"counters":[12,43],"StoneCalendar":[0],"obtain_stats":[{"Blood Vial":9,"Shovel":10,"Molten Egg 2":2,"StoneCalendar":7,"Slimebound:AbsorbEndCombat":0},{"Blood Vial":6,"Shovel":7,"Molten Egg 2":1,"StoneCalendar":5,"Slimebound:AbsorbEndCombat":0},{"Blood Vial":18,"Shovel":23,"Molten Egg 2":4,"StoneCalendar":14,"Slimebound:AbsorbEndCombat":0}]},"card_choices":[{"not_picked":["Slimebound:Gluttony","Slimebound:FinishingTackle+1"],"picked":"Slimebound:SplitBruiser","floor":2},{"not_picked":["Slimebound:PressTheAttack+1","Slimebound:SplitBruiser"],"picked":"Slimebound:HungryTackle+1","floor":3},{"not_picked":["Slimebound:SplitLeeching","Slimebound:GoopSpray"],"picked":"Slimebound:SplitMire","floor":4},{"not_picked":["Slimebound:SlimeSpikes","Slimebound:Gluttony"],"picked":"Slimebound:RejuvenatingLick","floor":5},{"not_picked":["Slimebound:Nibble+1","Slimebound:Grow"],"picked":"Slimebound:MassRepurpose","floor":6},{"not_picked":["Slimebound:Schlurp","Slimebound:BestDefense"],"picked":"Slimebound:LeechLife+1","floor":9},{"not_picked":["Slimebound:AcidTongue","Slimebound:LevelUp"],"picked":"Slimebound:SplitMire","floor":10},{"not_picked":["Slimebound:GoopSpray","Slimebound:FirmFortitude"],"picked":"Slimebound:PressTheAttack+1","floor":11},{"not_picked":["Slimebound:Gluttony","Slimebound:FormOfPuddle"],"picked":"Slimebound:GoopSpray","floor":13},{"not_picked":["Slimebound:BestDefense","Slimebound:RollThrough+1"],"picked":"Slimebound:SplitLeeching","floor":14},{"not_picked":["Slimebound:SplitLeeching","Slimebound:PressTheAttack+1","Slimebound:SplitAcid"],"picked":"SKIP","floor":15}],"player_experience":223325,"relics_obtained":[{"floor":2,"key":"Molten Egg 2"},{"floor":7,"key":"StoneCalendar"},{"floor":10,"key":"Shovel"}],"event_choices":[],"is_beta":false,"boss_relics":[],"items_purged_floors":[9,14],"is_endless":false,"potions_floor_spawned":[4,5,6,13],"killed_by":"downfall:Defect","ascension_level":1}}