{"host":"95i1gxnztdrdyvhi","time":1608499855,"event":{"mods":["AchievementEnabler","Act Like it!","BaseMod","Minty Spire (QoL Compilation)","Quick Restart","StSLib","The Marked"],"gold_per_floor":[116,116,133,152,31,61,61,80,105,125,25,25,25,42,42,140,140,156,156,170,186,186,186,186],"floor_reached":23,"playtime":848,"items_purged":["theMarked:Strike","theMarked:Strike"],"score":193,"play_id":"f481a98f-f228-4272-8f39-31c82e68efe9","local_time":"20201220213055","is_ascension_mode":false,"campfire_choices":[{"data":"theMarked:GodGivenPower","floor":7,"key":"SMITH"},{"data":"theMarked:Static","floor":12,"key":"SMITH"},{"floor":15,"key":"RECALL"}],"circlet_count":0,"master_deck":["theMarked:Strike","theMarked:Strike","theMarked:Defend","theMarked:Defend","theMarked:Defend","theMarked:Defend","theMarked:SoldierOfQuellstein","theMarked:TakeOffHeels","theMarked:GodGivenPower+1","theMarked:Static+1","theMarked:RepellingDischarge","theMarked:TurnInvisible"],"relics":["theMarked:ArtifactOfAir","Black Star","Nloth\u0027s Gift"],"acts_visited":["Exordium","TheCity"],"potions_floor_usage":[6],"damage_taken":[{"damage":0,"enemies":"Small Slimes","floor":1,"turns":3},{"damage":2,"enemies":"Cultist","floor":3,"turns":4},{"damage":4,"enemies":"Jaw Worm","floor":4,"turns":4},{"damage":20,"enemies":"Gremlin Nob","floor":6,"turns":3},{"damage":0,"enemies":"Looter","floor":8,"turns":3},{"damage":8,"enemies":"Lots of Slimes","floor":10,"turns":4},{"damage":7,"enemies":"Exordium Wildlife","floor":14,"turns":4},{"damage":2,"enemies":"Hexaghost","floor":16,"turns":7},{"damage":14,"enemies":"2 Thieves","floor":18,"turns":4},{"damage":17,"enemies":"3 Byrds","floor":20,"turns":8},{"damage":17,"enemies":"Snecko","floor":21,"turns":5},{"damage":0,"enemies":"Slavers","floor":23,"turns":1}],"seed_played":"1385471690436903159","potions_obtained":[{"floor":3,"key":"Fire Potion"},{"floor":6,"key":"PowerPotion"},{"floor":10,"key":"SmokeBomb"},{"floor":21,"key":"Regen Potion"}],"is_trial":false,"path_per_floor":["M","?","M","M","$","E","R","M","T","M","$","R","$","M","R","B",null,"M","?","M","M","?","E"],"character_chosen":"THE_DEFAULT","items_purchased":["theMarked:Static"],"campfire_rested":0,"item_purchase_floors":[5],"current_hp_per_floor":[70,70,68,64,64,44,44,44,44,36,36,36,36,29,29,27,70,56,56,39,22,15,15,15],"gold":186,"neow_bonus":"ONE_RANDOM_RARE_CARD","is_daily":false,"chose_seed":false,"campfire_upgraded":2,"win_rate":0.0,"timestamp":1608499855,"path_taken":["M","?","M","?","?","E","R","M","T","M","$","R","$","M","R","BOSS","M","?","?","M","?","E"],"items_purchased_type":["Card"],"build_version":"2020-12-13","purchased_purges":2,"victory":false,"max_hp_per_floor":[70,70,70,70,70,70,70,70,70,70,70,70,70,70,70,70,70,70,70,70,70,70,70,70],"card_choices":[{"not_picked":["theMarked:WastefulAttack","theMarked:Convert","theMarked:ResourceFulStrike"],"picked":"SKIP","floor":1},{"not_picked":["theMarked:Electrocute","theMarked:SelfDefenseTraining","theMarked:TwofoldDefense"],"picked":"SKIP","floor":3},{"not_picked":["theMarked:Parkour","theMarked:HeritageOfTheMarked"],"picked":"theMarked:GodGivenPower","floor":4},{"not_picked":["theMarked:ElectricStrings","theMarked:UnarmedFury"],"picked":"theMarked:RepellingDischarge","floor":6},{"not_picked":["theMarked:WastefulAttack","theMarked:Parkour","theMarked:ContemptForTheProud"],"picked":"SKIP","floor":8},{"not_picked":["theMarked:ElectricStrings","theMarked:SwordAndMagic","theMarked:WastefulAttack"],"picked":"SKIP","floor":10},{"not_picked":["theMarked:RogueSparks","theMarked:Panic","theMarked:ContemptForTheProud"],"picked":"SKIP","floor":14},{"not_picked":["theMarked:BindingBlade","theMarked:ChannelForce"],"picked":"theMarked:TurnInvisible","floor":16},{"not_picked":["theMarked:RepellingDischarge","theMarked:ChainLightning","theMarked:Frustration"],"picked":"SKIP","floor":18},{"not_picked":["theMarked:TunnelVision+1","theMarked:Frustration+1","theMarked:KeepCalmAndFightOn"],"picked":"SKIP","floor":20},{"not_picked":["theMarked:ElectricStrings","theMarked:ResourceFulStrike","theMarked:TwofoldDefense+1"],"picked":"SKIP","floor":21}],"player_experience":653228,"relics_obtained":[{"floor":6,"key":"Lantern"}],"event_choices":[{"cards_removed":["theMarked:Strike"],"damage_healed":0,"gold_gain":0,"player_choice":"Offered Basic","damage_taken":0,"max_hp_gain":0,"max_hp_loss":0,"event_name":"Bonfire Elementals","floor":2,"gold_loss":0},{"damage_healed":0,"gold_gain":0,"player_choice":"Traded Relic","damage_taken":0,"relics_obtained":["Nloth\u0027s Gift"],"max_hp_gain":0,"max_hp_loss":0,"event_name":"N\u0027loth","floor":19,"relics_lost":["Lantern"],"gold_loss":0},{"damage_healed":0,"gold_gain":0,"player_choice":"Damaged","damage_taken":7,"max_hp_gain":0,"max_hp_loss":0,"event_name":"Wheel of Change","floor":22,"gold_loss":0}],"is_beta":false,"boss_relics":[{"not_picked":["SlaversCollar","Snecko Eye"],"picked":"Black Star"}],"items_purged_floors":[5,11],"is_endless":false,"potions_floor_spawned":[3,6,10,21],"killed_by":"Slavers","ascension_level":0}}