{"host":"a5e2zwd8c2ad7the","time":1608426681,"event":{"mods":["BaseMod","Colored Map","Colored Powertips","GungeonMod","Highlight Path","Minty Spire (QoL Compilation)","Quick Restart","Rare Cards Sparkle","StSLib"],"gold_per_floor":[110,110,126,140,140,172,184,214,241,241,270,290,290,290,290,290,290],"floor_reached":16,"playtime":733,"items_purged":[],"score":120,"play_id":"3c6a1bc6-a3c0-44dc-8c39-b1b769060e7c","local_time":"20201220091121","is_ascension_mode":false,"campfire_choices":[{"floor":10,"key":"REST"},{"floor":13,"key":"REST"},{"data":"DemoMod:ShadowBullets","floor":15,"key":"SMITH"}],"circlet_count":0,"master_deck":["DemoMod:Strike_Huntress","DemoMod:Strike_Huntress","DemoMod:Strike_Huntress","DemoMod:Defend_Huntress","DemoMod:Defend_Huntress","DemoMod:Defend_Huntress","DemoMod:Roll","DemoMod:ManualReload","DemoMod:RustySidearm","DemoMod:CrossBow","DemoMod:LifeOrb","DemoMod:PotionOfGunFriendShip","DemoMod:GunShield","DemoMod:Polaris","DemoMod:HuntsMan","DemoMod:ShadowBullets+1","DemoMod:CombinedRifle","DemoMod:HardPowerCard"],"relics":["DemoMod:Dog","NeowsBlessing","Ancient Tea Set","DemoMod:WeirdEgg","Blue Candle","Regal Pillow","CaptainsWheel"],"acts_visited":["Exordium"],"potions_floor_usage":[6],"damage_taken":[{"damage":0,"enemies":"Small Slimes","floor":1,"turns":1},{"damage":0,"enemies":"Cultist","floor":3,"turns":1},{"damage":0,"enemies":"Jaw Worm","floor":4,"turns":1},{"damage":37,"enemies":"3 Sentries","floor":6,"turns":11},{"damage":4,"enemies":"Exordium Thugs","floor":7,"turns":4},{"damage":20,"enemies":"Lagavulin","floor":8,"turns":6},{"damage":31,"enemies":"Gremlin Nob","floor":11,"turns":5},{"damage":7,"enemies":"2 Fungi Beasts","floor":12,"turns":4},{"damage":53,"enemies":"Hexaghost","floor":16,"turns":9}],"seed_played":"3227113440590141282","potions_obtained":[{"floor":4,"key":"PowerPotion"},{"floor":11,"key":"Energy Potion"},{"floor":12,"key":"SteroidPotion"}],"is_trial":false,"path_per_floor":["M","?","M","M","?","E","M","E","T","R","E","M","R","?","R","B"],"character_chosen":"HUNTRESS","items_purchased":[],"campfire_rested":2,"item_purchase_floors":[],"current_hp_per_floor":[70,70,70,70,75,38,34,14,14,51,20,13,50,50,50,0,0],"gold":290,"neow_bonus":"THREE_ENEMY_KILL","is_daily":false,"chose_seed":false,"campfire_upgraded":1,"win_rate":0.0,"timestamp":1608426681,"path_taken":["M","?","?","M","?","E","M","E","T","R","E","M","R","?","R","BOSS"],"items_purchased_type":[],"build_version":"2020-12-13","purchased_purges":0,"victory":false,"max_hp_per_floor":[70,70,70,70,75,75,75,75,75,75,75,75,75,75,75,75,75],"card_choices":[{"not_picked":["DemoMod:BattleInHaste","DemoMod:HardPowerCard"],"picked":"DemoMod:LifeOrb","floor":1},{"not_picked":["DemoMod:StickyCrossBow","DemoMod:Ejector"],"picked":"DemoMod:PotionOfGunFriendShip","floor":3},{"not_picked":["DemoMod:SAA","DemoMod:HungryBullets"],"picked":"DemoMod:GunShield","floor":4},{"not_picked":["DemoMod:SuppressiveFire","DemoMod:DoubleSwitch"],"picked":"DemoMod:Polaris","floor":6},{"not_picked":["DemoMod:HardPowerCard","DemoMod:GunstockTap"],"picked":"DemoMod:HuntsMan","floor":7},{"not_picked":["DemoMod:SniperShot","DemoMod:ConditionalReflex","DemoMod:PracticeMakesPerfect"],"picked":"SKIP","floor":8},{"not_picked":["DemoMod:AbyssalTentacle","DemoMod:Purify"],"picked":"DemoMod:ShadowBullets","floor":11},{"not_picked":["DemoMod:AC15","DemoMod:HungryBullets"],"picked":"DemoMod:CombinedRifle","floor":12}],"player_experience":26086,"relics_obtained":[{"floor":1,"key":"Ancient Tea Set"},{"floor":6,"key":"DemoMod:WeirdEgg"},{"floor":8,"key":"Blue Candle"},{"floor":9,"key":"Regal Pillow"},{"floor":11,"key":"CaptainsWheel"}],"event_choices":[{"cards_removed":["DemoMod:Defend_Huntress"],"damage_healed":0,"gold_gain":0,"player_choice":"Offered Basic","damage_taken":0,"max_hp_gain":0,"max_hp_loss":0,"event_name":"Bonfire Elementals","floor":2,"gold_loss":0},{"damage_healed":0,"gold_gain":0,"player_choice":"Donut","damage_taken":0,"max_hp_gain":5,"max_hp_loss":0,"event_name":"Big Fish","floor":5,"gold_loss":0},{"damage_healed":0,"gold_gain":0,"player_choice":"1 cards matched","damage_taken":0,"max_hp_gain":0,"max_hp_loss":0,"event_name":"Match and Keep!","floor":14,"gold_loss":0,"cards_obtained":["DemoMod:HardPowerCard"]}],"is_beta":false,"boss_relics":[],"items_purged_floors":[],"is_endless":false,"potions_floor_spawned":[4,11,12],"killed_by":"Hexaghost","ascension_level":0}}