{"host":"fne7yx97fnz7kq05","time":1608471312,"event":{"mods":["BaseMod","Colored Map","Colored Powertips","Highlight Path","Minty Spire (QoL Compilation)","Relic Stats"],"gold_per_floor":[114,126,139,139,139,139,173,188,188,217,217,235,235,268,268,268,268],"floor_reached":16,"playtime":642,"items_purged":[],"score":192,"play_id":"6ddb3122-f659-4f5f-b7c4-f87c1fe326f1","local_time":"20201220073512","is_ascension_mode":true,"campfire_choices":[{"data":"Shrug It Off","floor":6.0,"key":"SMITH"},{"floor":13,"key":"REST"},{"data":"1","floor":15,"key":"LIFT"}],"circlet_count":0,"master_deck":["AscendersBane","Strike_R","Strike_R","Strike_R","Strike_R","Strike_R","Defend_R","Defend_R","Defend_R","Defend_R","Bash","Carnage+1","Shrug It Off+1","Shrug It Off","Twin Strike","Armaments+1"],"relics":["Runic Cube","Bird Faced Urn","Toxic Egg 2","Pantograph","Matryoshka","Girya"],"acts_visited":["Exordium"],"potions_floor_usage":[10,10,14],"damage_taken":[{"damage":10.0,"enemies":"Small Slimes","floor":1.0,"turns":6.0},{"damage":1.0,"enemies":"Cultist","floor":2.0,"turns":3.0},{"damage":1.0,"enemies":"2 Louse","floor":3.0,"turns":3.0},{"damage":15.0,"enemies":"3 Sentries","floor":7.0,"turns":7.0},{"damage":3.0,"enemies":"Blue Slaver","floor":8.0,"turns":3.0},{"damage":13,"enemies":"Gremlin Nob","floor":10,"turns":3},{"damage":7,"enemies":"Large Slime","floor":12,"turns":5},{"damage":8,"enemies":"3 Sentries","floor":14,"turns":7},{"damage":48,"enemies":"Hexaghost","floor":16,"turns":13}],"seed_played":"1297299957165400042","potions_obtained":[{"floor":7.0,"key":"Swift Potion"},{"floor":8.0,"key":"LiquidMemories"},{"floor":12,"key":"BlessingOfTheForge"}],"is_trial":false,"path_per_floor":["M","M","M","?","?","R","E","M","T","E","?","M","R","E","R","B"],"character_chosen":"IRONCLAD","items_purchased":[],"campfire_rested":1,"item_purchase_floors":[],"current_hp_per_floor":[62,61,60,60,60,60,45,42,42,29,11,4,28,20,20,0,0],"gold":268,"neow_bonus":"BOSS_RELIC","is_daily":false,"chose_seed":false,"campfire_upgraded":1,"win_rate":0.0,"timestamp":1608471312,"path_taken":["M","M","M","?","?","R","E","M","T","E","?","M","R","E","R","BOSS"],"items_purchased_type":[],"build_version":"2020-12-13","purchased_purges":0,"victory":false,"max_hp_per_floor":[80,80,80,80,80,80,80,80,80,80,80,80,80,80,80,80,80],"relic_stats":{"counters":[9,50],"Bird Faced Urn":[0],"Pantograph":25,"obtain_stats":[{"Girya":14,"Matryoshka":11,"Bird Faced Urn":7,"Pantograph":10,"Toxic Egg 2":9,"Burning Blood":0,"Runic Cube":0},{"Girya":8,"Matryoshka":6,"Bird Faced Urn":4,"Pantograph":6,"Toxic Egg 2":5,"Burning Blood":0,"Runic Cube":0},{"Girya":37,"Matryoshka":25,"Bird Faced Urn":19,"Pantograph":25,"Toxic Egg 2":22,"Burning Blood":0,"Runic Cube":0}],"Runic Cube":[22]},"card_choices":[{"not_picked":["Sword Boomerang","Thunderclap"],"picked":"Carnage","floor":1.0},{"not_picked":["Body Slam","Dark Embrace"],"picked":"Shrug It Off","floor":2.0},{"not_picked":["Iron Wave","Rupture"],"picked":"Shrug It Off","floor":3.0},{"not_picked":["Sword Boomerang","True Grit"],"picked":"Twin Strike","floor":7.0},{"not_picked":["Warcry","Ghostly Armor","Iron Wave"],"picked":"SKIP","floor":8.0},{"not_picked":["Second Wind+1","Thunderclap"],"picked":"Armaments+1","floor":10},{"not_picked":["Body Slam","Bludgeon","Wild Strike"],"picked":"SKIP","floor":12},{"not_picked":["Perfected Strike","Carnage","Iron Wave"],"picked":"SKIP","floor":14}],"player_experience":72856,"relics_obtained":[{"floor":7.0,"key":"Bird Faced Urn"},{"floor":9.0,"key":"Toxic Egg 2"},{"floor":10,"key":"Pantograph"},{"floor":14,"key":"Girya"}],"event_choices":[{"damage_healed":0.0,"max_hp_gain":0.0,"max_hp_loss":0.0,"gold_gain":0.0,"event_name":"Liars Game","player_choice":"Ignored","floor":4.0,"gold_loss":0.0,"damage_taken":0.0},{"damage_healed":0.0,"max_hp_gain":0.0,"max_hp_loss":0.0,"gold_gain":0.0,"event_name":"Living Wall","player_choice":"Grow","floor":5.0,"gold_loss":0.0,"damage_taken":0.0,"cards_upgraded":["Carnage"]},{"damage_healed":0,"gold_gain":0,"player_choice":"Success","damage_taken":18,"relics_obtained":["Matryoshka"],"max_hp_gain":0,"max_hp_loss":0,"event_name":"Scrap Ooze","floor":11,"gold_loss":0}],"is_beta":false,"boss_relics":[],"items_purged_floors":[],"is_endless":false,"potions_floor_spawned":[7,8,12],"killed_by":"Hexaghost","ascension_level":12}}