{"host":"fjaupvxe7fzqrf4j","time":1608441489,"event":{"mods":["BaseMod","Minty Spire (QoL Compilation)","StSLib"],"gold_per_floor":[113,38,38,38,38,69,98,125,178,211,211,225,255,283,283,361,361,361,361,361,361,19,48,48,77,154,182,182,182,182,208,208,279,279,298,314,314,314,314,340,366,400,400,430,116,147,147,181,181,181,181,181,181,67,95,95],"floor_reached":57,"playtime":1183,"items_purged":["Underhanded Strike"],"score":4430,"play_id":"b21e939e-9fdd-4ddc-a854-14492344764b","local_time":"20201220131809","daily_mods":["SealedDeck","Heirloom","Time Dilation","Flight","Elite Swarm"],"is_ascension_mode":true,"campfire_choices":[{"data":"Acrobatics","floor":11.0,"key":"SMITH"},{"data":"Expertise","floor":15.0,"key":"SMITH"},{"data":"Adrenaline","floor":24.0,"key":"SMITH"},{"data":"1","floor":29,"key":"LIFT"},{"data":"2","floor":30,"key":"LIFT"},{"data":"3","floor":32,"key":"LIFT"},{"floor":47,"key":"RECALL"},{"data":"Well Laid Plans","floor":49,"key":"SMITH"},{"data":"Grand Finale","floor":53,"key":"SMITH"}],"circlet_count":0,"master_deck":["AscendersBane","Acrobatics+1","Expertise+1","Backflip","Tactician+1","Escape Plan+1","Well Laid Plans+1","Adrenaline+1","Grand Finale+1","Calculated Gamble+1","After Image","After Image"],"relics":["Ring of the Snake","Tingsha","Bag of Preparation","War Paint","Bottled Tornado","FossilizedHelix","Ginger","Tiny Chest","WristBlade","Calipers","Dream Catcher","Orichalcum","Bottled Flame","Girya","Paper Crane","Du-Vu Doll","Empty Cage","Molten Egg 2","Potion Belt","Shuriken","CeramicFish","Bag of Marbles","Pen Nib","Membership Card","Anchor","Peace Pipe","Tough Bandages","Vajra","Torii"],"acts_visited":["Exordium","TheCity","TheBeyond","TheEnding"],"potions_floor_usage":[56],"damage_taken":[{"damage":0.0,"enemies":"2 Louse","floor":1.0,"turns":1.0},{"damage":0.0,"enemies":"Lagavulin","floor":6.0,"turns":1.0},{"damage":0.0,"enemies":"Gremlin Nob","floor":7.0,"turns":1.0},{"damage":0.0,"enemies":"3 Sentries","floor":8.0,"turns":1.0},{"damage":0.0,"enemies":"Gremlin Nob","floor":10.0,"turns":1.0},{"damage":0.0,"enemies":"Small Slimes","floor":12.0,"turns":1.0},{"damage":0.0,"enemies":"3 Sentries","floor":13.0,"turns":1.0},{"damage":0.0,"enemies":"Lagavulin","floor":14.0,"turns":1.0},{"damage":0.0,"enemies":"Slime Boss","floor":16.0,"turns":1.0},{"damage":0.0,"enemies":"Spheric Guardian","floor":18.0,"turns":1.0},{"damage":0.0,"enemies":"Gremlin Leader","floor":23.0,"turns":1.0},{"damage":0.0,"enemies":"Book of Stabbing","floor":25.0,"turns":1.0},{"damage":0.0,"enemies":"Slavers","floor":27.0,"turns":1.0},{"damage":0,"enemies":"Gremlin Leader","floor":31,"turns":1},{"damage":0,"enemies":"Automaton","floor":33,"turns":1},{"damage":0,"enemies":"Orb Walker","floor":35,"turns":1},{"damage":0,"enemies":"3 Darklings","floor":36,"turns":1},{"damage":0,"enemies":"Giant Head","floor":40,"turns":1},{"damage":0,"enemies":"Nemesis","floor":41,"turns":1},{"damage":0,"enemies":"Reptomancer","floor":42,"turns":1},{"damage":0,"enemies":"Giant Head","floor":44,"turns":1},{"damage":0,"enemies":"Reptomancer","floor":46,"turns":1},{"damage":0,"enemies":"Nemesis","floor":48,"turns":1},{"damage":0,"enemies":"Time Eater","floor":50,"turns":2},{"damage":0,"enemies":"Awakened One","floor":51,"turns":2},{"damage":0,"enemies":"Shield and Spear","floor":55,"turns":1},{"damage":0,"enemies":"The Heart","floor":56,"turns":4}],"seed_played":"658734401464633874","potions_obtained":[{"floor":6.0,"key":"DistilledChaos"},{"floor":12.0,"key":"FearPotion"},{"floor":42,"key":"Regen Potion"},{"floor":44,"key":"LiquidMemories"}],"is_trial":true,"path_per_floor":["M","$","?","?","?","E","E","E","T","E","R","M","E","E","R","B",null,"M","?","?","?","$","E","R","E","T","E","T","R","R","E","R","B",null,"M","M","?","?","T","E","E","E","T","E","$","E","R","E","R","B","B",null,"R","$","E","B",null],"character_chosen":"THE_SILENT","items_purchased":["Calipers","Membership Card","Anchor","After Image","Vajra","Swift Potion"],"campfire_rested":0,"item_purchase_floors":[22,45,45,45,54,54],"current_hp_per_floor":[59,59,64,64,64,64,64,64,64,64,64,64,64,64,64,64,69,69,69,71,71,71,71,71,71,71,71,71,71,71,71,71,71,71,71,71,71,71,71,71,71,71,71,71,71,71,71,71,71,71,71,71,71,71,71,71],"gold":95,"neow_bonus":"","is_daily":false,"chose_seed":false,"campfire_upgraded":5,"win_rate":0.0,"timestamp":1608441489,"path_taken":["M","$","?","?","?","E","E","E","T","E","R","?","E","E","R","BOSS","M","?","?","?","$","E","R","E","T","E","?","R","R","E","R","BOSS","M","?","?","?","?","E","E","E","T","E","$","E","R","E","R","BOSS","BOSS","R","$","E","BOSS"],"items_purchased_type":["Relic","Relic","Relic","Card","Relic","Potion"],"build_version":"2020-12-13","purchased_purges":1,"victory":true,"max_hp_per_floor":[66,66,71,71,71,71,71,71,71,71,71,71,71,71,71,71,71,71,71,71,71,71,71,71,71,71,71,71,71,71,71,71,71,71,71,71,71,71,71,71,71,71,71,71,71,71,71,71,71,71,71,71,71,71,71,71],"card_choices":[{"not_picked":["Poisoned Stab","Setup","Tactician"],"picked":"SKIP","floor":1.0},{"not_picked":["Glass Knife","Corpse Explosion"],"picked":"Adrenaline","floor":6.0},{"not_picked":["Die Die Die","Tools of the Trade"],"picked":"After Image","floor":7.0},{"not_picked":["Die Die Die","Doppelganger"],"picked":"Grand Finale","floor":8.0},{"not_picked":["Glass Knife","Phantasmal Killer","Adrenaline"],"picked":"SKIP","floor":10.0},{"not_picked":["Blade Dance","Cloak And Dagger","Dagger Throw"],"picked":"SKIP","floor":12.0},{"not_picked":["Envenom","Unload","Wraith Form v2"],"picked":"SKIP","floor":13.0},{"not_picked":["Corpse Explosion","Burst","Grand Finale"],"picked":"SKIP","floor":14.0},{"not_picked":["Concentrate","Slice","Quick Slash"],"picked":"SKIP","floor":18.0},{"not_picked":["Glass Knife","Burst","Phantasmal Killer"],"picked":"SKIP","floor":23.0},{"not_picked":["Die Die Die","Corpse Explosion","Storm of Steel"],"picked":"SKIP","floor":25.0},{"not_picked":["Venomology","A Thousand Cuts","Envenom"],"picked":"SKIP","floor":27},{"not_picked":["Venomology","A Thousand Cuts","Envenom"],"picked":"SKIP","floor":27},{"not_picked":["Envenom","Unload","Grand Finale"],"picked":"SKIP","floor":31},{"not_picked":["Leg Sweep","Cloak And Dagger","PiercingWail+1"],"picked":"SKIP","floor":35},{"not_picked":["Blur","Outmaneuver"],"picked":"Calculated Gamble","floor":36},{"not_picked":["Wraith Form v2","Die Die Die+1","Night Terror"],"picked":"SKIP","floor":40},{"not_picked":["Adrenaline","Tools of the Trade","Wraith Form v2"],"picked":"SKIP","floor":41},{"not_picked":["Envenom","A Thousand Cuts","Burst"],"picked":"SKIP","floor":42},{"not_picked":["Burst","Glass Knife+1","Bullet Time"],"picked":"SKIP","floor":44},{"not_picked":["Phantasmal Killer","Corpse Explosion","Storm of Steel"],"picked":"SKIP","floor":46},{"not_picked":["Glass Knife+1","Doppelganger"],"picked":"After Image","floor":48},{"not_picked":["Grand Finale+1","Doppelganger","After Image"],"picked":"SKIP","floor":55}],"player_experience":205129,"relics_obtained":[{"floor":6.0,"key":"Bag of Preparation"},{"floor":7.0,"key":"War Paint"},{"floor":8.0,"key":"Bottled Tornado"},{"floor":10.0,"key":"FossilizedHelix"},{"floor":13.0,"key":"Ginger"},{"floor":14.0,"key":"Tiny Chest"},{"floor":23.0,"key":"Dream Catcher"},{"floor":25.0,"key":"Orichalcum"},{"floor":26.0,"key":"Bottled Flame"},{"floor":27,"key":"Girya"},{"floor":28,"key":"Paper Crane"},{"floor":31,"key":"Du-Vu Doll"},{"floor":39,"key":"Molten Egg 2"},{"floor":40,"key":"Potion Belt"},{"floor":41,"key":"Shuriken"},{"floor":42,"key":"CeramicFish"},{"floor":43,"key":"Bag of Marbles"},{"floor":44,"key":"Pen Nib"},{"floor":46,"key":"Peace Pipe"},{"floor":48,"key":"Tough Bandages"},{"floor":55,"key":"Torii"}],"event_choices":[{"damage_healed":0.0,"max_hp_gain":5.0,"max_hp_loss":0.0,"gold_gain":0.0,"event_name":"Big Fish","player_choice":"Donut","floor":3.0,"gold_loss":0.0,"damage_taken":0.0},{"damage_healed":0.0,"max_hp_gain":0.0,"max_hp_loss":0.0,"gold_gain":0.0,"event_name":"The Cleric","player_choice":"Leave","floor":4.0,"gold_loss":0.0,"damage_taken":0.0},{"cards_removed":["Quick Slash"],"damage_healed":0.0,"max_hp_gain":0.0,"max_hp_loss":0.0,"gold_gain":0.0,"event_name":"Purifier","player_choice":"Purged","floor":5.0,"gold_loss":0.0,"damage_taken":0.0},{"damage_healed":0.0,"max_hp_gain":0.0,"max_hp_loss":0.0,"gold_gain":0.0,"event_name":"Cursed Tome","player_choice":"Ignored","floor":19.0,"gold_loss":0.0,"damage_taken":0.0},{"damage_healed":14.0,"max_hp_gain":0.0,"max_hp_loss":0.0,"gold_gain":0.0,"event_name":"The Library","player_choice":"Heal","floor":20.0,"gold_loss":0.0,"damage_taken":0.0},{"damage_healed":0.0,"max_hp_gain":0.0,"max_hp_loss":0.0,"gold_gain":0.0,"event_name":"Ghosts","player_choice":"Ignored","floor":21.0,"gold_loss":0.0,"damage_taken":0.0},{"cards_removed":["After Image"],"damage_healed":0,"gold_gain":0,"player_choice":"Removed Power","damage_taken":0,"max_hp_gain":0,"max_hp_loss":0,"event_name":"Falling","floor":37,"gold_loss":0},{"damage_healed":0,"gold_gain":0,"player_choice":"Upgraded","damage_taken":0,"max_hp_gain":0,"max_hp_loss":0,"event_name":"Upgrade Shrine","floor":38,"gold_loss":0,"cards_upgraded":["Calculated Gamble"]}],"is_beta":false,"boss_relics":[{"not_picked":["Fusion Hammer","Snecko Eye"],"picked":"WristBlade"},{"not_picked":["Calling Bell","Coffee Dripper"],"picked":"Empty Cage"}],"items_purged_floors":[2],"is_endless":false,"potions_floor_spawned":[6,12,13,14,16,23,25,31,42,44,46,48,55],"ascension_level":20}}