{"host":"0cnf9zf1gia27zti","time":1608498357,"event":{"mods":["BaseMod","BetterRewards","Card Forge","Colored Map","Colored Powertips","Conspire","Downfall","Minty Spire (QoL Compilation)","Practice Mode","Quick Restart","Replay The Spire","Robot Space Explorer","Shade Mod","Spicy Shops","StSLib"],"gold_per_floor":[110,128,128,148,160,193,193,212,212,136,166,166,5,22,22,120,170,189,104,29,47,47,47,77,93,120,120,120,120,120,120],"floor_reached":30,"playtime":7768,"items_purged":["Strike_R"],"score":503,"play_id":"813f2b82-74ee-46c1-9421-ecb3af34535b","local_time":"20201220210557","is_ascension_mode":true,"campfire_choices":[{"data":"Inflame","floor":7,"key":"SMITH"},{"floor":15,"key":"REST"},{"data":"Iron Wave","floor":23,"key":"SMITH"},{"data":"conspire:Charge","floor":28,"key":"SMITH"}],"circlet_count":0,"master_deck":["AscendersBane","Strike_R","Strike_R","Strike_R","Strike_R","Defend_R","Defend_R","Defend_R","Defend_R","Bash","conspire:Charge+1","Inflame+1","Iron Wave+1","Shrug It Off","Impervious","Fire Breathing","Warcry","Feed+1","Brutality+1","Demon Form+1","Bludgeon","ReplayTheSpireMod:Muscle Training","Shrug It Off"],"relics":["Burning Blood","Hammer of Thor","Seething Fire","Anvil of the Gods","Replay:Wax Seal","TungstenRod","Mango","Torii","Sundial","Frozen Egg 2","Mercury Hourglass","Tiny House","Bird Faced Urn","ReplayTheSpireMod:Ninjato","Boot","Strawberry"],"acts_visited":["Exordium","TheCity"],"potions_floor_usage":[1,6,8,16,16,18,21,25],"damage_taken":[{"damage":16,"enemies":"Small Slimes","floor":1,"turns":4},{"damage":0,"enemies":"conspire:RoseBush","floor":2,"turns":4},{"damage":0,"enemies":"2 Louse","floor":4,"turns":3},{"damage":0,"enemies":"conspire:2 RoseBushes","floor":5,"turns":6},{"damage":0,"enemies":"Replay:BlueRogue","floor":6,"turns":10},{"damage":8,"enemies":"Looter","floor":8,"turns":4},{"damage":21,"enemies":"Gremlin Nob","floor":11,"turns":5},{"damage":9,"enemies":"2 Fungi Beasts","floor":14,"turns":4},{"damage":19,"enemies":"The Guardian","floor":16,"turns":11},{"damage":12,"enemies":"Shell Parasite","floor":18,"turns":7},{"damage":32,"enemies":"2 Thieves","floor":21,"turns":5},{"damage":32,"enemies":"Replay:Snechameleon","floor":24,"turns":8},{"damage":28,"enemies":"Snake Plant","floor":25,"turns":5},{"damage":69,"enemies":"Book of Stabbing","floor":30,"turns":8}],"seed_played":"3829072383078940747","potions_obtained":[{"floor":4,"key":"Energy Potion"},{"floor":5,"key":"Venom Potion"},{"floor":11,"key":"LifebloodPotion"},{"floor":14,"key":"Weak Potion"},{"floor":17,"key":"Block Potion"},{"floor":18,"key":"Regen Potion"},{"floor":24,"key":"Toxic Potion"}],"is_trial":false,"path_per_floor":["M","M","$","M","M","E","R","M","T","$","E","?","$","M","R","B",null,"M","?","$","M","$","R","E","M","T","?","R","$","E"],"character_chosen":"IRONCLAD","items_purchased":["Replay:Wax Seal","TungstenRod","Mango","conspire:Charge","Inflame","ColorlessPotion","Feed","Demon Form+1"],"campfire_rested":1,"item_purchase_floors":[0,0,0,0,0,0,10,13],"current_hp_per_floor":[40,46,46,52,58,64,64,62,62,62,47,47,47,47,76,66,97,91,91,91,89,89,89,75,57,57,64,64,64,1,1],"gold":120,"neow_bonus":"","is_daily":false,"chose_seed":false,"campfire_upgraded":3,"win_rate":0.0,"timestamp":1608498357,"path_taken":["M","M","$","M","M","E","R","M","T","$","E","?","$","M","R","BOSS","M","?","$","M","$","R","E","M","T","?","R","$","E"],"items_purchased_type":["Relic","Relic","Relic","Card","Card","Potion","Card","Card"],"build_version":"2020-12-13","purchased_purges":1,"victory":false,"max_hp_per_floor":[94,94,94,94,94,94,94,94,94,94,94,94,94,97,97,100,105,105,105,105,109,109,109,113,113,113,120,120,120,120,120],"card_choices":[{"not_picked":["Rampage","Shrug It Off"],"picked":"Iron Wave","floor":1},{"not_picked":["Armaments","Twin Strike"],"picked":"Shrug It Off","floor":2},{"not_picked":["Clash","Power Through"],"picked":"Impervious","floor":4},{"not_picked":["Armaments","conspire:ExplosiveBarrier"],"picked":"Fire Breathing","floor":5},{"not_picked":["Sword Boomerang","Wild Strike"],"picked":"Warcry","floor":6},{"not_picked":["Dual Wield","Twin Strike","Headbutt"],"picked":"SKIP","floor":8},{"not_picked":["Body Slam","Flame Barrier"],"picked":"Brutality+1","floor":11},{"not_picked":["conspire:ExplosiveBarrier","Clothesline","Armaments"],"picked":"SKIP","floor":14},{"not_picked":["Double Tap","Hemogenesis"],"picked":"Bludgeon","floor":16},{"not_picked":["Armaments","Shrug It Off"],"picked":"Rupture+1","floor":18},{"not_picked":["Clothesline","True Grit"],"picked":"ReplayTheSpireMod:Muscle Training","floor":21},{"not_picked":["Shockwave","Reckless Charge+1"],"picked":"Shrug It Off","floor":24},{"not_picked":["Entrench+1","ReplayTheSpireMod:Strike From Hell","True Grit"],"picked":"SKIP","floor":25}],"player_experience":2333285,"relics_obtained":[{"floor":6,"key":"Sundial"},{"floor":9,"key":"Frozen Egg 2"},{"floor":11,"key":"Mercury Hourglass"},{"floor":24,"key":"ReplayTheSpireMod:Ninjato"},{"floor":26,"key":"Boot"}],"event_choices":[{"damage_healed":0,"gold_gain":0,"player_choice":"Leave","damage_taken":0,"max_hp_gain":0,"max_hp_loss":0,"event_name":"conspire:Investor","floor":12,"gold_loss":0},{"damage_healed":0,"gold_gain":0,"player_choice":"Obtained Relic","damage_taken":0,"relics_obtained":["Bird Faced Urn"],"max_hp_gain":0,"max_hp_loss":0,"event_name":"Addict","floor":19,"gold_loss":85}],"is_beta":false,"boss_relics":[{"not_picked":["Pandora\u0027s Box","ReplayTheSpireMod:DimensionalGlitch"],"picked":"Tiny House"}],"items_purged_floors":[20],"is_endless":false,"potions_floor_spawned":[4,5,11,14,18,24],"killed_by":"Book of Stabbing","ascension_level":12}}