{"host":"vyt5ne9ydo1z9gg1","time":1608443700,"event":{"mods":["BaseMod","DeckTracker","GifTheSpireLib","Minty Spire (QoL Compilation)","Replay The Spire","StSLib","The Hierophant"],"gold_per_floor":[111,125,135,135,152,179,179,179,179,192,219,219,219,231,231,231,231],"floor_reached":16,"playtime":2929,"items_purged":[],"score":140,"play_id":"e5834f0e-6ba9-447b-9593-0495e3281bc4","local_time":"20201220165500","is_ascension_mode":true,"campfire_choices":[{"floor":8,"key":"REST"},{"data":"Survivor","floor":15,"key":"SMITH"}],"circlet_count":0,"master_deck":["Strike_G","Strike_G","Strike_G","Strike_G+1","Strike_G","Defend_G","Defend_G","Defend_G","Defend_G","Survivor+1","Neutralize+1","Cloak And Dagger","Poisoned Stab","Hidden Blade","Draining Mist","All Out Attack"],"relics":["Ring of the Snake","Replay:Mystery Machine","ReplayTheSpireMod:Shallot","Bag of Marbles","InkBottle"],"acts_visited":["Exordium"],"potions_floor_usage":[6,6,16],"damage_taken":[{"damage":16,"enemies":"Jaw Worm","floor":1,"turns":7},{"damage":1,"enemies":"Small Slimes","floor":2,"turns":3},{"damage":0,"enemies":"Cultist","floor":3,"turns":3},{"damage":6,"enemies":"2 Fungi Beasts","floor":5,"turns":3},{"damage":26,"enemies":"Gremlin Nob","floor":6,"turns":5},{"damage":0,"enemies":"3 Louse","floor":10,"turns":4},{"damage":7,"enemies":"3 Sentries","floor":11,"turns":9},{"damage":0,"enemies":"Exordium Thugs","floor":14,"turns":3},{"damage":86,"enemies":"Slime Boss","floor":16,"turns":11}],"seed_played":"-7446372629200324552","potions_obtained":[{"floor":2,"key":"EssenceOfSteel"},{"floor":5,"key":"Reflective Coating"},{"floor":14,"key":"Block Potion"}],"is_trial":false,"path_per_floor":["M","M","M","?","M","E","T","R","T","M","E","?","?","M","R","B"],"character_chosen":"THE_SILENT","items_purchased":[],"campfire_rested":1,"item_purchase_floors":[],"current_hp_per_floor":[61,60,60,60,54,28,28,51,51,51,44,29,77,77,77,0,0],"gold":231,"neow_bonus":"TEN_PERCENT_HP_BONUS","is_daily":false,"chose_seed":false,"campfire_upgraded":1,"win_rate":0.0,"timestamp":1608443700,"path_taken":["M","M","M","?","M","E","?","R","T","M","E","?","?","M","R","BOSS"],"items_purchased_type":[],"build_version":"2020-12-13","purchased_purges":0,"victory":false,"max_hp_per_floor":[77,77,77,77,77,77,77,77,77,77,77,77,77,77,77,77,77],"card_choices":[{"not_picked":["PiercingWail","Prepared"],"picked":"Cloak And Dagger","floor":1},{"not_picked":["Slice","Backflip"],"picked":"Poisoned Stab","floor":2},{"not_picked":["Concentrate","Poisoned Stab"],"picked":"Hidden Blade","floor":3},{"not_picked":["Hidden Blade","Slice"],"picked":"Draining Mist","floor":5},{"not_picked":["ReplayTheSpireMod:Speed Training","Blade Dance"],"picked":"All Out Attack","floor":6},{"not_picked":["Quick Slash","Cloak And Dagger","Catalyst"],"picked":"SKIP","floor":10},{"not_picked":["Outmaneuver","Hidden Blade","Tactician"],"picked":"SKIP","floor":11},{"not_picked":["Masterful Stab","Cloak And Dagger","Dagger Spray"],"picked":"SKIP","floor":14}],"player_experience":65401,"relics_obtained":[{"floor":6,"key":"Replay:Mystery Machine"},{"floor":7,"key":"ReplayTheSpireMod:Shallot"},{"floor":9,"key":"Bag of Marbles"},{"floor":11,"key":"InkBottle"}],"event_choices":[{"damage_healed":0,"gold_gain":0,"player_choice":"Entered Light","damage_taken":15,"max_hp_gain":0,"max_hp_loss":0,"event_name":"Shining Light","floor":12,"gold_loss":0,"cards_upgraded":["Neutralize","Strike_G"]},{"damage_healed":48,"gold_gain":0,"player_choice":"Full Heal","damage_taken":0,"max_hp_gain":0,"max_hp_loss":0,"event_name":"Wheel of Change","floor":13,"gold_loss":0}],"is_beta":false,"boss_relics":[],"items_purged_floors":[],"is_endless":false,"potions_floor_spawned":[2,5,14],"killed_by":"Slime Boss","ascension_level":5}}