{"host":"27cnk69rbdk9vsnt","time":1608477215,"event":{"mods":["BaseMod","CatGirl Mod","Ekko","Energized Spire","JesterMod","Mimic Mod","Minty Spire (QoL Compilation)","Shade Mod","Shop Mod","StSLib","The Spell Scribe","Thieving Mod"],"gold_per_floor":[114,114,64,44,67,67,107,107,152,34,77,98,137,137,137,260,260,276,291,31,50,71,106,106,106,178,178,217,241,284,284,284,408,408,437,457,24,40,60,60,100,100,147,147,162,197,197,233,233,233],"floor_reached":51,"playtime":3230,"items_purged":["ekkoTheBoyWhoShatteredTime:Defend","ekkoTheBoyWhoShatteredTime:ItemsAfterimage"],"score":925,"play_id":"3e59738b-4de4-4d46-93f8-56c26bb1f45c","local_time":"20201220161335","is_ascension_mode":true,"campfire_choices":[{"data":"ekkoTheBoyWhoShatteredTime:KeepingMomentum","floor":6,"key":"SMITH"},{"data":"ekkoTheBoyWhoShatteredTime:NeedlesslyLargeRod","floor":8,"key":"SMITH"},{"floor":15,"key":"REST"},{"floor":25,"key":"REST"},{"floor":27,"key":"REST"},{"floor":32,"key":"REST"},{"floor":40,"key":"REST"},{"data":"ekkoTheBoyWhoShatteredTime:SktSynergy","floor":42,"key":"SMITH"},{"data":"ekkoTheBoyWhoShatteredTime:AcademyAttraction","floor":44,"key":"SMITH"},{"floor":49,"key":"REST"}],"circlet_count":0,"master_deck":["ekkoTheBoyWhoShatteredTime:Strike+1","ekkoTheBoyWhoShatteredTime:Strike+1","ekkoTheBoyWhoShatteredTime:Strike+1","ekkoTheBoyWhoShatteredTime:Strike+1","ekkoTheBoyWhoShatteredTime:Strike+1","ekkoTheBoyWhoShatteredTime:Defend+1","ekkoTheBoyWhoShatteredTime:Defend+1","ekkoTheBoyWhoShatteredTime:Defend+1","ekkoTheBoyWhoShatteredTime:TimeMaster","ekkoTheBoyWhoShatteredTime:KeepingMomentum+1","ekkoTheBoyWhoShatteredTime:NeedlesslyLargeRod+1","ekkoTheBoyWhoShatteredTime:AfterimageBait","ekkoTheBoyWhoShatteredTime:WideSlice","ekkoTheBoyWhoShatteredTime:Dash+1","ekkoTheBoyWhoShatteredTime:NaggingBlow","ekkoTheBoyWhoShatteredTime:Unleashed+1","ekkoTheBoyWhoShatteredTime:AfterimageHit+1","ekkoTheBoyWhoShatteredTime:CommittedStrike","ekkoTheBoyWhoShatteredTime:BansheesVeil+1","ekkoTheBoyWhoShatteredTime:KeepingMomentum+1","ekkoTheBoyWhoShatteredTime:ComeAtMe","ekkoTheBoyWhoShatteredTime:RecallingPunch","ekkoTheBoyWhoShatteredTime:LevelUp+1","ekkoTheBoyWhoShatteredTime:SktSynergy+1","ekkoTheBoyWhoShatteredTime:TimeRecall+1","ekkoTheBoyWhoShatteredTime:Dash+1","ekkoTheBoyWhoShatteredTime:QuickBreak","ekkoTheBoyWhoShatteredTime:RecallingPunch","ekkoTheBoyWhoShatteredTime:AcademyAttraction+1","ekkoTheBoyWhoShatteredTime:AfterimageHit+1","ekkoTheBoyWhoShatteredTime:CalmingWaves+1","ekkoTheBoyWhoShatteredTime:WideSlice+1","Thinking Ahead","ekkoTheBoyWhoShatteredTime:PhaseDive+1","ekkoTheBoyWhoShatteredTime:CalmingWaves+1","ekkoTheBoyWhoShatteredTime:Leap+1","ekkoTheBoyWhoShatteredTime:Resocharge+1","ekkoTheBoyWhoShatteredTime:PhaseDive+1","ekkoTheBoyWhoShatteredTime:GuinsoosRageblade","ekkoTheBoyWhoShatteredTime:AfterimageTimeWrap","ekkoTheBoyWhoShatteredTime:KeepingMomentum+1"],"relics":["ekkoTheBoyWhoShatteredTime:zDriveResonance","Golden Idol","Lizard Tail","Potion Belt","Regal Pillow","Prayer Wheel","energizedSpire:DeadBattery","Oddly Smooth Stone","Singing Bowl","HornCleat","Orichalcum","Dead Branch","energizedSpire:RedRose","Toy Ornithopter","Vajra","War Paint","Shovel","Dream Catcher"],"acts_visited":["Exordium","TheCity","TheBeyond"],"potions_floor_usage":[7,11,11,12,16,18,18,18,19,23,28,30,35,38,39],"damage_taken":[{"damage":2,"enemies":"Cultist","floor":1,"turns":4},{"damage":3,"enemies":"2 Louse","floor":5,"turns":5},{"damage":17,"enemies":"Gremlin Nob","floor":7,"turns":4},{"damage":37,"enemies":"3 Sentries","floor":11,"turns":8},{"damage":0,"enemies":"Small Slimes","floor":12,"turns":2},{"damage":14,"enemies":"Gremlin Nob","floor":13,"turns":4},{"damage":32,"enemies":"Hexaghost","floor":16,"turns":9},{"damage":15,"enemies":"2 Thieves","floor":18,"turns":4},{"damage":15,"enemies":"Shell Parasite","floor":19,"turns":4},{"damage":31,"enemies":"Snake Plant","floor":21,"turns":4},{"damage":14,"enemies":"Centurion and Healer","floor":22,"turns":5},{"damage":0,"enemies":"Gremlin Leader","floor":23,"turns":6},{"damage":17,"enemies":"Book of Stabbing","floor":28,"turns":5},{"damage":0,"enemies":"3 Cultists","floor":29,"turns":6},{"damage":30,"enemies":"Slavers","floor":30,"turns":4},{"damage":16,"enemies":"Automaton","floor":33,"turns":6},{"damage":21,"enemies":"3 Shapes","floor":35,"turns":2},{"damage":30,"enemies":"3 Darklings","floor":36,"turns":5},{"damage":23,"enemies":"Sphere and 2 Shapes","floor":38,"turns":3},{"damage":6,"enemies":"Transient","floor":39,"turns":5},{"damage":3,"enemies":"Giant Head","floor":41,"turns":5},{"damage":0,"enemies":"Spire Growth","floor":45,"turns":4},{"damage":31,"enemies":"Nemesis","floor":46,"turns":5},{"damage":6,"enemies":"Giant Head","floor":48,"turns":4},{"damage":64,"enemies":"Awakened One","floor":50,"turns":8}],"seed_played":"-6960119969592171493","potions_obtained":[{"floor":1,"key":"Explosive Potion"},{"floor":4,"key":"LiquidMemories"},{"floor":11,"key":"DistilledChaos"},{"floor":13,"key":"Fire Potion"},{"floor":14,"key":"DistilledChaos"},{"floor":14,"key":"SkillPotion"},{"floor":14,"key":"Weak Potion"},{"floor":16,"key":"SteroidPotion"},{"floor":18,"key":"Swift Potion"},{"floor":19,"key":"Fruit Juice"},{"floor":22,"key":"Explosive Potion"},{"floor":28,"key":"Block Potion"},{"floor":36,"key":"Swift Potion"},{"floor":38,"key":"FearPotion"},{"floor":46,"key":"SpeedPotion"}],"is_trial":false,"path_per_floor":["M","?","?","?","M","R","E","R","T","$","E","M","E","?","R","B",null,"M","M","$","M","M","E","?","R","T","R","E","M","E","?","R","B",null,"M","M","$","M","M","R","E","R","T","R","M","E","?","E","R","B",null],"character_chosen":"EKKO_THE_BOY_WHO_SHATTERED_TIME","items_purchased":["CultistPotion","ekkoTheBoyWhoShatteredTime:AfterimageBait","Oddly Smooth Stone","ekkoTheBoyWhoShatteredTime:ComeAtMe","Toy Ornithopter","Thinking Ahead"],"campfire_rested":6,"item_purchase_floors":[10,10,20,20,37,37],"current_hp_per_floor":[83,83,83,83,80,80,63,63,63,63,26,26,12,12,52,20,85,70,60,60,29,15,17,17,59,59,92,75,77,47,47,90,74,94,76,48,48,32,33,78,77,77,77,77,77,46,46,40,87,23],"gold":233,"neow_bonus":"TEN_PERCENT_HP_BONUS","is_daily":false,"chose_seed":false,"campfire_upgraded":4,"win_rate":0.0,"timestamp":1608477215,"path_taken":["M","?","?","?","?","R","E","R","T","$","E","M","E","?","R","BOSS","M","M","$","?","?","E","?","R","T","R","E","M","E","?","R","BOSS","M","M","$","M","?","R","E","R","T","R","M","E","?","E","R","BOSS"],"items_purchased_type":["Potion","Card","Relic","Card","Relic","Card"],"build_version":"2020-12-13","purchased_purges":2,"victory":true,"max_hp_per_floor":[85,85,85,85,85,85,85,85,85,85,85,85,85,85,85,85,85,85,90,90,90,90,92,92,92,92,92,92,94,94,94,94,94,94,94,96,96,98,100,100,102,102,102,102,102,102,102,102,104,104],"card_choices":[{"not_picked":["ekkoTheBoyWhoShatteredTime:ParallelConvergence","ekkoTheBoyWhoShatteredTime:HauntingGuise"],"picked":"ekkoTheBoyWhoShatteredTime:ItemsAfterimage","floor":1},{"not_picked":["ekkoTheBoyWhoShatteredTime:PhaseDive","ekkoTheBoyWhoShatteredTime:HauntingGuise"],"picked":"ekkoTheBoyWhoShatteredTime:KeepingMomentum","floor":5},{"not_picked":["ekkoTheBoyWhoShatteredTime:AfterimageTimeWrap","ekkoTheBoyWhoShatteredTime:AfterimageHit"],"picked":"ekkoTheBoyWhoShatteredTime:NeedlesslyLargeRod","floor":7},{"not_picked":["ekkoTheBoyWhoShatteredTime:AfterimageBait","ekkoTheBoyWhoShatteredTime:Knowledge"],"picked":"ekkoTheBoyWhoShatteredTime:WideSlice","floor":11},{"not_picked":["ekkoTheBoyWhoShatteredTime:FeelIt","ekkoTheBoyWhoShatteredTime:SneakHit"],"picked":"ekkoTheBoyWhoShatteredTime:Dash","floor":12},{"not_picked":["ekkoTheBoyWhoShatteredTime:Leap","ekkoTheBoyWhoShatteredTime:HextechProtobelt"],"picked":"ekkoTheBoyWhoShatteredTime:NaggingBlow","floor":13},{"not_picked":["ekkoTheBoyWhoShatteredTime:PulsefirePooling","ekkoTheBoyWhoShatteredTime:ZhonyasHourglass"],"picked":"ekkoTheBoyWhoShatteredTime:Unleashed","floor":16},{"not_picked":["ekkoTheBoyWhoShatteredTime:SpHit","ekkoTheBoyWhoShatteredTime:WideSlice+1"],"picked":"ekkoTheBoyWhoShatteredTime:AfterimageHit+1","floor":18},{"not_picked":["ekkoTheBoyWhoShatteredTime:BansheesVeil","ekkoTheBoyWhoShatteredTime:WaitForKeyTiming"],"picked":"ekkoTheBoyWhoShatteredTime:CommittedStrike","floor":18},{"not_picked":["ekkoTheBoyWhoShatteredTime:CalmingWaves","ekkoTheBoyWhoShatteredTime:AfterimageTease"],"picked":"ekkoTheBoyWhoShatteredTime:BansheesVeil+1","floor":19},{"not_picked":["ekkoTheBoyWhoShatteredTime:HauntingGuise","ekkoTheBoyWhoShatteredTime:AfterimageTimeWrap+1"],"picked":"ekkoTheBoyWhoShatteredTime:KeepingMomentum+1","floor":19},{"not_picked":["ekkoTheBoyWhoShatteredTime:WideSlice","ekkoTheBoyWhoShatteredTime:AfterimageBait+1"],"picked":"ekkoTheBoyWhoShatteredTime:RecallingPunch","floor":21},{"not_picked":["ekkoTheBoyWhoShatteredTime:AfterimageTease","ekkoTheBoyWhoShatteredTime:HauntingGuise+1"],"picked":"ekkoTheBoyWhoShatteredTime:LevelUp+1","floor":21},{"not_picked":["ekkoTheBoyWhoShatteredTime:QuickBreak+1","ekkoTheBoyWhoShatteredTime:FeelIt"],"picked":"ekkoTheBoyWhoShatteredTime:SktSynergy","floor":22},{"not_picked":["ekkoTheBoyWhoShatteredTime:Timewinder","ekkoTheBoyWhoShatteredTime:AfterimageBait"],"picked":"ekkoTheBoyWhoShatteredTime:TimeRecall+1","floor":22},{"not_picked":["ekkoTheBoyWhoShatteredTime:WideSlice","ekkoTheBoyWhoShatteredTime:AfterimageTimeWrap+1","ekkoTheBoyWhoShatteredTime:Powered"],"picked":"Singing Bowl","floor":23},{"not_picked":["ekkoTheBoyWhoShatteredTime:AfterimageBait","ekkoTheBoyWhoShatteredTime:QuickBreak"],"picked":"ekkoTheBoyWhoShatteredTime:Dash+1","floor":28},{"not_picked":["ekkoTheBoyWhoShatteredTime:SneakHit+1","ekkoTheBoyWhoShatteredTime:Knowledge"],"picked":"ekkoTheBoyWhoShatteredTime:QuickBreak","floor":29},{"not_picked":["ekkoTheBoyWhoShatteredTime:LoadUp","ekkoTheBoyWhoShatteredTime:DefensiveStance","ekkoTheBoyWhoShatteredTime:CommittedStrike"],"picked":"Singing Bowl","floor":29},{"not_picked":["ekkoTheBoyWhoShatteredTime:CommittedStrike","ekkoTheBoyWhoShatteredTime:SpHit"],"picked":"ekkoTheBoyWhoShatteredTime:RecallingPunch","floor":30},{"not_picked":["ekkoTheBoyWhoShatteredTime:ZhonyasHourglass","ekkoTheBoyWhoShatteredTime:PulsefirePooling"],"picked":"ekkoTheBoyWhoShatteredTime:AcademyAttraction","floor":33},{"not_picked":["ekkoTheBoyWhoShatteredTime:HauntedAfterimage","ekkoTheBoyWhoShatteredTime:ParallelConvergence"],"picked":"ekkoTheBoyWhoShatteredTime:AfterimageHit+1","floor":35},{"not_picked":["ekkoTheBoyWhoShatteredTime:AfterimageHit+1","ekkoTheBoyWhoShatteredTime:AfterimageTease+1"],"picked":"ekkoTheBoyWhoShatteredTime:CalmingWaves+1","floor":35},{"not_picked":["ekkoTheBoyWhoShatteredTime:FeelIt+1","ekkoTheBoyWhoShatteredTime:AfterimageTease"],"picked":"ekkoTheBoyWhoShatteredTime:WideSlice+1","floor":36},{"not_picked":["ekkoTheBoyWhoShatteredTime:DefensiveStance","ekkoTheBoyWhoShatteredTime:CommittedStrike+1","ekkoTheBoyWhoShatteredTime:SktSynergy"],"picked":"Singing Bowl","floor":36},{"not_picked":["ekkoTheBoyWhoShatteredTime:SpHit","ekkoTheBoyWhoShatteredTime:FluidEnergy"],"picked":"ekkoTheBoyWhoShatteredTime:PhaseDive+1","floor":38},{"not_picked":["ekkoTheBoyWhoShatteredTime:QuickBreak","ekkoTheBoyWhoShatteredTime:HailOfBlades","ekkoTheBoyWhoShatteredTime:AfterimageTease+1"],"picked":"Singing Bowl","floor":38},{"not_picked":["ekkoTheBoyWhoShatteredTime:HauntingGuise+1","ekkoTheBoyWhoShatteredTime:Dash+1"],"picked":"ekkoTheBoyWhoShatteredTime:CalmingWaves+1","floor":39},{"not_picked":["ekkoTheBoyWhoShatteredTime:SpHit+1","ekkoTheBoyWhoShatteredTime:FeelIt+1","ekkoTheBoyWhoShatteredTime:TrickOrTreatTrend"],"picked":"Singing Bowl","floor":39},{"not_picked":["ekkoTheBoyWhoShatteredTime:WideSlice","ekkoTheBoyWhoShatteredTime:SpHit","ekkoTheBoyWhoShatteredTime:HauntingGuise"],"picked":"Singing Bowl","floor":41},{"not_picked":["ekkoTheBoyWhoShatteredTime:TimeRecall","ekkoTheBoyWhoShatteredTime:IceBreak"],"picked":"ekkoTheBoyWhoShatteredTime:Leap+1","floor":45},{"not_picked":["ekkoTheBoyWhoShatteredTime:VelocityConsuming","ekkoTheBoyWhoShatteredTime:NaggingBlow"],"picked":"ekkoTheBoyWhoShatteredTime:Resocharge+1","floor":45},{"not_picked":["ekkoTheBoyWhoShatteredTime:Process","ekkoTheBoyWhoShatteredTime:FeelIt+1"],"picked":"ekkoTheBoyWhoShatteredTime:PhaseDive+1","floor":46},{"not_picked":["ekkoTheBoyWhoShatteredTime:HauntingGuise+1","ekkoTheBoyWhoShatteredTime:ZhonyasHourglass"],"picked":"ekkoTheBoyWhoShatteredTime:KeepingMomentum+1","floor":48},{"not_picked":["ekkoTheBoyWhoShatteredTime:RecallingPunch","ekkoTheBoyWhoShatteredTime:HauntedAfterimage+1","ekkoTheBoyWhoShatteredTime:QuickBreak"],"picked":"Singing Bowl","floor":49}],"player_experience":459938,"relics_obtained":[{"floor":7,"key":"Lizard Tail"},{"floor":9,"key":"Potion Belt"},{"floor":11,"key":"Regal Pillow"},{"floor":13,"key":"Prayer Wheel"},{"floor":23,"key":"Singing Bowl"},{"floor":26,"key":"HornCleat"},{"floor":28,"key":"Orichalcum"},{"floor":30,"key":"Dead Branch"},{"floor":41,"key":"Vajra"},{"floor":43,"key":"War Paint"},{"floor":46,"key":"Shovel"},{"floor":48,"key":"Dream Catcher"}],"event_choices":[{"damage_healed":0,"gold_gain":0,"player_choice":"Take Wound","damage_taken":0,"relics_obtained":["Golden Idol"],"max_hp_gain":0,"max_hp_loss":0,"event_name":"Golden Idol","floor":2,"gold_loss":0,"cards_obtained":["Injury"]},{"cards_removed":["Injury"],"damage_healed":0,"gold_gain":0,"player_choice":"Card Removal","damage_taken":0,"max_hp_gain":0,"max_hp_loss":0,"event_name":"The Cleric","floor":3,"gold_loss":50},{"damage_healed":0,"gold_gain":0,"player_choice":"Bought 1 Potion","damage_taken":0,"max_hp_gain":0,"max_hp_loss":0,"event_name":"The Woman in Blue","floor":4,"gold_loss":0},{"damage_healed":0,"gold_gain":0,"player_choice":"Got Potions","damage_taken":0,"max_hp_gain":0,"max_hp_loss":0,"event_name":"Lab","floor":14,"gold_loss":0},{"damage_healed":0,"gold_gain":0,"player_choice":"Simplicity","damage_taken":0,"max_hp_gain":0,"max_hp_loss":0,"event_name":"Back to Basics","floor":24,"gold_loss":0,"cards_upgraded":["ekkoTheBoyWhoShatteredTime:Strike","ekkoTheBoyWhoShatteredTime:Strike","ekkoTheBoyWhoShatteredTime:Strike","ekkoTheBoyWhoShatteredTime:Strike","ekkoTheBoyWhoShatteredTime:Strike","ekkoTheBoyWhoShatteredTime:Defend","ekkoTheBoyWhoShatteredTime:Defend","ekkoTheBoyWhoShatteredTime:Defend"]},{"damage_healed":0,"gold_gain":0,"player_choice":"Ignored","damage_taken":0,"max_hp_gain":0,"max_hp_loss":0,"event_name":"N\u0027loth","floor":31,"gold_loss":0},{"damage_healed":0,"gold_gain":0,"player_choice":"2 cards matched","damage_taken":0,"max_hp_gain":0,"max_hp_loss":0,"event_name":"Match and Keep!","floor":47,"gold_loss":0,"cards_obtained":["ekkoTheBoyWhoShatteredTime:GuinsoosRageblade","ekkoTheBoyWhoShatteredTime:AfterimageTimeWrap"]}],"is_beta":false,"boss_relics":[{"not_picked":["energizedSpire:NeverEndingSparkler","Calling Bell"],"picked":"energizedSpire:DeadBattery"},{"not_picked":["Velvet Choker","jesterMod:MachoBrace"],"picked":"energizedSpire:RedRose"}],"items_purged_floors":[20,37],"is_endless":false,"potions_floor_spawned":[1,11,13,16,18,19,22,28,36,38,46],"ascension_level":1}}