{"host":"i3w38rq1z4slkels","time":1608453423,"event":{"mods":["2.2 Compatiblity","Act Like it!","BaseMod","Better Match","Better Vampires","BetterRewards","Conspire","Downfall","Infinite Spire","Minty Spire (QoL Compilation)","Rare Cards Sparkle","Replay The Spire","StSLib"],"gold_per_floor":[99,249,174,190,210,210,210,135,153,181,197,60,60,70,85,187,187,112,131,131,143,158,175,175,175,186,186,186,14,14,25,44,140,140,140,153,253,273,273,273,273,158,188,188,202,202,202,202,220,320,320,320,345,363,380,380,380,380,396,396,430,449,460,491,491,503,598,598,598,685,715,426,426,426,458,484,484,519,532,546,574,574,574,176,192,296,396,396,396,446,446,472,482,513,530,562,562,572,587,163,175,192,192,192],"floor_reached":103,"playtime":9502,"items_purged":["Slimebound:Icky","Guardian:Strike_Guardian","Guardian:Defend_Guardian","infinitespire:Menacing","Guardian:Strike_Guardian","Guardian:Defend_Guardian","Pot Of Greed"],"score":2298,"play_id":"01ef3412-c96c-49bd-a072-22667ef4cbdd","local_time":"20201220153703","is_ascension_mode":true,"campfire_choices":[{"floor":1.0,"key":"RECALL"},{"data":"Guardian:TwinSlam","floor":3.0,"key":"SMITH"},{"data":"Guardian:CurlUp","floor":8.0,"key":"SMITH"},{"data":"Guardian:PrismaticBeam","floor":18.0,"key":"SMITH"},{"data":"Guardian:PiercingHide","floor":25.0,"key":"SMITH"},{"data":"Guardian:SphericShield","floor":27.0,"key":"SMITH"},{"data":"Guardian:AncientConstruct","floor":35.0,"key":"SMITH"},{"floor":40,"key":"REST"},{"data":"Guardian:BaubleBeam","floor":44,"key":"SMITH"},{"floor":52,"key":"DIG"},{"data":"Guardian:VentSteam","floor":57,"key":"SMITH"},{"data":"infinitespire:FutureSight","floor":60,"key":"SMITH"},{"data":"Guardian:GemFinder","floor":69,"key":"SMITH"},{"data":"ReplayTheSpireMod:Haul","floor":88,"key":"SMITH"},{"data":"Pot Of Greed","floor":97,"key":"SMITH"}],"circlet_count":0,"master_deck":["Guardian:Strike_Guardian+1","Guardian:Strike_Guardian+1","Guardian:Defend_Guardian+1","Guardian:Defend_Guardian","Guardian:CurlUp+1","Guardian:TwinSlam+1","Guardian:PiercingHide+1","Guardian:PrismaticBeam+1","Guardian:SphericShield+1","Guardian:FloatingOrbs+1","Guardian:AncientConstruct+1","infinitespire:FutureSight+1","Guardian:BaubleBeam+1","Guardian:GemFinder+1","Guardian:VentSteam+1","Guardian:EvasiveProtocol+1","Guardian:Gem_Lightblue","Guardian:ExploitGems+1","Pot Of Greed+1","Guardian:FloatingOrbs+1","ReplayTheSpireMod:Haul+1","Pot Of Greed+1","Guardian:TemporalStrike+1","Guardian:WalkerClaw","Guardian:PrismaticBarrier+1","Guardian:Gem_Cyan","Guardian:Gem_Cyan","Guardian:PrismaticBeam"],"relics":["Guardian:ModeShifter","downfall:HeartBlessingRed","downfall:HeartBlessingBlue","conspire:TopHat","Blood Vial","Black Star","downfall:HeartBlessingGreen","Guardian:StasisCodex","Guardian:StasisSlotReductionRelic","infinitespire:Golems Mask","conspire:TreasureMap","FaceOfCleric","Shovel","GremlinMask","infinitespire:EmpoweringShard","conspire:GiftBox","Mercury Hourglass","Torii","Mirror","infinitespire:CheckeredPen","Anchor","Cursed Key","Vajra","conspire:DecoderRing","downfall:RedIOU","Grinning Jar","Iron Hammer","Replay:Wanted Poster","conspire:InfiniteJournal","Letter Opener"],"acts_visited":["Exordium","TheCity","TheBeyond","Exordium","TheCity","TheBeyond"],"potions_floor_usage":[50,53,62,64,78,86,86,92,92,93,102,102],"damage_taken":[{"damage":1.0,"enemies":"Cultist","floor":4.0,"turns":4.0},{"damage":0.0,"enemies":"conspire:RoseBush","floor":5.0,"turns":4.0},{"damage":0.0,"enemies":"2 Louse","floor":9.0,"turns":2.0},{"damage":19.0,"enemies":"Lagavulin","floor":10.0,"turns":6.0},{"damage":7.0,"enemies":"Lots of Slimes","floor":11.0,"turns":3.0},{"damage":1.0,"enemies":"downfall:FleeingMerchant","floor":12.0,"turns":4.0},{"damage":0.0,"enemies":"Blue Slaver","floor":14.0,"turns":3.0},{"damage":0.0,"enemies":"2 Fungi Beasts","floor":15.0,"turns":4.0},{"damage":64.0,"enemies":"downfall:Watcher","floor":16.0,"turns":20.0},{"damage":0.0,"enemies":"Chosen","floor":19.0,"turns":4.0},{"damage":5.0,"enemies":"Shell Parasite","floor":21.0,"turns":8.0},{"damage":4.0,"enemies":"Chosen and Byrds","floor":22.0,"turns":5.0},{"damage":2.0,"enemies":"3 Cultists","floor":23.0,"turns":7.0},{"damage":18.0,"enemies":"Cultist and Chosen","floor":26.0,"turns":6.0},{"damage":0.0,"enemies":"downfall:FleeingMerchant","floor":29.0,"turns":4.0},{"damage":0.0,"enemies":"Chosen and Byrds","floor":31.0,"turns":4.0},{"damage":0.0,"enemies":"3 Cultists","floor":32.0,"turns":4.0},{"damage":8.0,"enemies":"downfall:Defect","floor":33.0,"turns":8.0},{"damage":13.0,"enemies":"3 Darklings","floor":36.0,"turns":5.0},{"damage":12.0,"enemies":"infinitespire:Three Voidlings","floor":37.0,"turns":4.0},{"damage":62.0,"enemies":"Nightmare_Alpha","floor":37.0,"turns":11.0},{"damage":13,"enemies":"3 Shapes","floor":38,"turns":8},{"damage":0,"enemies":"downfall:FleeingMerchant","floor":42,"turns":4},{"damage":10,"enemies":"Nemesis","floor":43,"turns":7},{"damage":0,"enemies":"Spire Growth","floor":45,"turns":5},{"damage":20,"enemies":"Writhing Mass","floor":49,"turns":6},{"damage":13,"enemies":"downfall:Ironclad","floor":50,"turns":11},{"damage":6,"enemies":"Lagavulin","floor":53,"turns":5},{"damage":0,"enemies":"Cultist","floor":54,"turns":4},{"damage":0,"enemies":"2 Louse","floor":55,"turns":1},{"damage":0,"enemies":"conspire:RoseBush","floor":59,"turns":3},{"damage":0,"enemies":"3 Sentries","floor":61,"turns":4},{"damage":0,"enemies":"3 Louse","floor":62,"turns":2},{"damage":8,"enemies":"Lots of Slimes","floor":63,"turns":3},{"damage":8,"enemies":"Replay:BlueRogue","floor":64,"turns":4},{"damage":0,"enemies":"conspire:2 RoseBushes","floor":66,"turns":4},{"damage":7,"enemies":"Slime Boss","floor":67,"turns":6},{"damage":0,"enemies":"Book of Stabbing","floor":71,"turns":4},{"damage":0,"enemies":"downfall:FleeingMerchant","floor":72,"turns":3},{"damage":0,"enemies":"conspire:Head Lice","floor":75,"turns":5},{"damage":0,"enemies":"Slavers","floor":76,"turns":5},{"damage":23,"enemies":"conspire:Head Lice","floor":78,"turns":4},{"damage":18,"enemies":"conspire:FuzzyDice","floor":79,"turns":4},{"damage":20,"enemies":"Shell Parasite","floor":80,"turns":4},{"damage":20,"enemies":"conspire:MimicChest","floor":81,"turns":5},{"damage":0,"enemies":"3 Cultists","floor":85,"turns":3},{"damage":17,"enemies":"Champ","floor":86,"turns":7},{"damage":0,"enemies":"Mind Bloom Boss Battle","floor":90,"turns":3},{"damage":0,"enemies":"Nemesis","floor":92,"turns":5},{"damage":30,"enemies":"3 Darklings","floor":93,"turns":3},{"damage":6,"enemies":"R_Hoarder","floor":94,"turns":4},{"damage":0,"enemies":"3 Shapes","floor":95,"turns":2},{"damage":0,"enemies":"Giant Head","floor":96,"turns":3},{"damage":0,"enemies":"Writhing Mass","floor":98,"turns":2},{"damage":0,"enemies":"Maw","floor":99,"turns":4},{"damage":3,"enemies":"Sphere and 2 Shapes","floor":101,"turns":2},{"damage":24,"enemies":"Jaw Worm Horde","floor":102,"turns":3},{"damage":102,"enemies":"conspire:OrnateMirror","floor":103,"turns":4}],"seed_played":"-5793905809266288632","potions_obtained":[{"floor":4.0,"key":"Guardian:DefensiveModePotion"},{"floor":5.0,"key":"ColorlessPotion"},{"floor":15.0,"key":"EntropicBrew"},{"floor":16.0,"key":"Swift Potion"},{"floor":19.0,"key":"Adrenaline Potion"},{"floor":22.0,"key":"BlessingOfTheForge"},{"floor":26.0,"key":"Energy Potion"},{"floor":31.0,"key":"Regen Potion"},{"floor":37,"key":"Toxic Potion"},{"floor":49,"key":"champ:CounterPotion"},{"floor":50,"key":"Swift Potion"},{"floor":54,"key":"FearPotion"},{"floor":62,"key":"GamblersBrew"},{"floor":66,"key":"Swift Potion"},{"floor":78,"key":"Fire Potion"},{"floor":86,"key":"LiquidMemories"},{"floor":90,"key":"AttackPotion"},{"floor":95,"key":"SkillPotion"},{"floor":96,"key":"SteroidPotion"},{"floor":101,"key":"LiquidMemories"}],"is_trial":false,"path_per_floor":["R","?","R","M","M","?","T","R","M","E","M","$","?","M","M","B",null,"R","M","?","M","M","M","T","R","M","R","AVR","$","?","M","M","B",null,"R","M","?","M","?","R","T","$","E","R","M","?","?","AVR","M","B",null,"R","E","M","M","AVR","R","T","M","R","E","M","M","E","?","M","B",null,"R","?","E","$","?","?","E","E","?","E","M","M","?","PTL","PTL","$","M","B",null,"R","?","?","?","E","M","E","M","E","R","M","M","$","M","M","B"],"character_chosen":"GUARDIAN","items_purchased":["Guardian:Gem_Cyan","conspire:TreasureMap","Guardian:ExploitGems+1","Whetstone","conspire:DecoderRing","Iron Hammer","Letter Opener"],"campfire_rested":1,"item_purchase_floors":[12,29,72,72,72,84,100],"current_hp_per_floor":[88,88,88,87,87,87,87,97,97,78,71,70,70,72,74,12,98,98,98,98,93,91,91,91,91,75,75,75,77,77,80,83,78,101,101,89,41,31,31,62,62,65,58,58,61,61,61,61,44,34,110,110,105,108,111,111,111,111,114,114,115,116,109,104,104,107,103,120,120,72,75,78,78,78,81,84,84,64,49,32,15,15,15,15,18,4,130,130,130,131,123,126,99,96,99,102,102,105,108,108,108,87,0,0],"gold":192,"neow_bonus":"TEN_PERCENT_HP_BONUS","is_daily":false,"chose_seed":false,"campfire_upgraded":12,"win_rate":0.0,"timestamp":1608453423,"path_taken":["R","?","R","M","M","?","T","R","M","E","M","$","?","M","M","BOSS","R","M","?","?","M","M","T","R","M","R","AVR","$","?","?","M","BOSS","R","M","?","M","?","R","T","$","E","R","M","?","?","AVR","M","BOSS","R","?","M","M","AVR","R","T","M","R","E","M","M","?","?","M","BOSS","R","?","E","$","?","?","E","E","?","E","M","M","?","PTL","PTL","$","$","M","BOSS","R","?","?","?","E","M","E","M","E","R","M","M","$","?","M","BOSS"],"items_purchased_type":["Card","Relic","Card","Relic","Relic","Relic","Relic"],"build_version":"2020-12-13","purchased_purges":7,"victory":false,"max_hp_per_floor":[88,88,88,88,88,88,88,98,98,98,98,98,98,98,98,98,98,98,98,98,98,98,98,98,98,98,98,98,98,98,99,100,101,101,101,102,104,105,105,105,105,106,107,107,108,108,108,108,109,110,110,110,111,112,113,113,113,113,114,114,115,116,117,118,118,119,120,120,120,120,121,122,122,122,123,124,124,125,126,127,128,128,128,128,129,130,130,130,130,131,131,132,133,134,135,136,136,137,138,138,139,140,140,140],"card_choices":[{"not_picked":["Guardian:ChargeCore","Guardian:RollAttack"],"picked":"Guardian:Gem_Blue","floor":4.0},{"not_picked":["Guardian:MultiBeam","Guardian:CrystalBeam"],"picked":"Guardian:PiercingHide","floor":5.0},{"not_picked":["Guardian:Emergency","Guardian:Gem_Blue"],"picked":"Guardian:PrismaticBeam","floor":9.0},{"not_picked":["Guardian:MultiBeam","Guardian:Incinerate"],"picked":"Guardian:Gem_Crimson","floor":10.0},{"not_picked":["Guardian:PrimingBeam","Guardian:FierceBash","Guardian:TemporalStrike"],"picked":"SKIP","floor":11.0},{"not_picked":["Guardian:Reroute","Guardian:SphericShield"],"picked":"Guardian:Gem_Purple","floor":12.0},{"not_picked":["Guardian:Reroute","Guardian:Planning"],"picked":"Guardian:Gem_Red","floor":14.0},{"not_picked":["Guardian:Reroute","Guardian:ShieldCharger"],"picked":"Guardian:Gem_Green","floor":15.0},{"not_picked":["Guardian:CompilePackage","Guardian:RevengeProtocol"],"picked":"Guardian:SphericShield","floor":16.0},{"not_picked":["Guardian:PolyBeam+1","Guardian:RefractedBeam","Guardian:Gem_Yellow"],"picked":"SKIP","floor":19.0},{"not_picked":["Guardian:PrimingBeam","Guardian:ChargeCore+1","Guardian:TimeBomb"],"picked":"SKIP","floor":21.0},{"not_picked":["Guardian:TemporalStrike","Guardian:ChargeCore","Guardian:WalkerClaw"],"picked":"SKIP","floor":22.0},{"not_picked":["Guardian:PrimingBeam+1","Guardian:RollAttack"],"picked":"Guardian:FloatingOrbs+1","floor":23.0},{"not_picked":["Guardian:TimeCapacitor","Guardian:PrimingBeam","Guardian:CrystalBeam+1"],"picked":"SKIP","floor":26.0},{"not_picked":["Guardian:Reroute+1","Guardian:PolyBeam","Guardian:Incinerate"],"picked":"SKIP","floor":29.0},{"not_picked":["Guardian:Repulse","Guardian:Gem_Crimson"],"picked":"Guardian:AncientConstruct","floor":31.0},{"not_picked":["Guardian:Gem_Crimson","Guardian:Gem_Red","Guardian:VentSteam"],"picked":"SKIP","floor":32.0},{"not_picked":["Guardian:GemFire","Guardian:StasisStrike"],"picked":"Guardian:Gem_Orange","floor":33.0},{"not_picked":["Guardian:Gem_Green","Guardian:Planning","Guardian:Recover+1"],"picked":"SKIP","floor":36.0},{"not_picked":["infinitespire:Punishment","infinitespire:TheBestDefense"],"picked":"infinitespire:FutureSight","floor":37},{"not_picked":["Guardian:PiercingHide+1","Guardian:ChargeCore+1","Guardian:PrimingBeam+1"],"picked":"SKIP","floor":38},{"not_picked":["Guardian:ShieldSpikes+1","Guardian:HyperBeam_Guardian","Guardian:ChargeUp+1"],"picked":"SKIP","floor":42},{"not_picked":["Guardian:FierceBash","Guardian:SphericShield"],"picked":"Guardian:BaubleBeam","floor":43},{"not_picked":["Guardian:SentryBeam","Guardian:ChargeCore+1","Guardian:Gem_Blue"],"picked":"SKIP","floor":43},{"not_picked":["Guardian:Incinerate+1","Guardian:Suspension+1","Guardian:BronzeArmor+1"],"picked":"SKIP","floor":45},{"not_picked":["Guardian:Gem_Lightblue","Guardian:Gem_Green"],"picked":"Guardian:Gem_Cyan","floor":49},{"not_picked":["Guardian:MultiBeam+1","Guardian:DonusPower+1","Guardian:Planning+1"],"picked":"SKIP","floor":49},{"not_picked":["Guardian:ArmoredProtocol","Guardian:Repulse"],"picked":"Guardian:Gem_Fragmented","floor":53},{"not_picked":["Guardian:TemporalShield","Guardian:Gem_Red","Guardian:WalkerClaw"],"picked":"SKIP","floor":54},{"not_picked":["Guardian:EvasiveProtocol","Guardian:Preprogram"],"picked":"Guardian:VentSteam","floor":55},{"not_picked":["Guardian:Gem_Lightblue","Guardian:WalkerClaw","Guardian:Preprogram"],"picked":"SKIP","floor":59},{"not_picked":["Guardian:Gem_Green","Guardian:BronzeOrb","Guardian:Reroute"],"picked":"SKIP","floor":61},{"not_picked":["Guardian:Gem_Yellow","Guardian:Recover","Guardian:BronzeArmor"],"picked":"SKIP","floor":62},{"not_picked":["Guardian:Suspension","Guardian:Incinerate"],"picked":"Guardian:EvasiveProtocol","floor":63},{"not_picked":["Guardian:Gem_Green","Guardian:PrimingBeam","Guardian:Gem_Yellow"],"picked":"SKIP","floor":64},{"not_picked":["Guardian:Recover","Guardian:CrystalBeam","Guardian:TemporalShield"],"picked":"SKIP","floor":66},{"not_picked":["Guardian:SphericShield","Guardian:CompilePackage"],"picked":"Guardian:Gem_Synthetic","floor":67},{"not_picked":["Guardian:WalkerClaw+1","Guardian:Gem_Crimson"],"picked":"Guardian:Gem_White","floor":70},{"not_picked":["Guardian:Gem_Red","Guardian:Gem_Green"],"picked":"Guardian:Gem_Lightblue","floor":71},{"not_picked":["Guardian:ChargeCore","Guardian:RollAttack","Guardian:Emergency+1"],"picked":"SKIP","floor":71},{"not_picked":["Guardian:ChargeCore","Guardian:RollAttack","Guardian:Emergency+1"],"picked":"SKIP","floor":71},{"not_picked":["Guardian:Gem_Green","Guardian:GemFire","Guardian:Recover+1"],"picked":"SKIP","floor":72},{"not_picked":["Guardian:TimeSifter","Guardian:Emergency","Guardian:VentSteam"],"picked":"SKIP","floor":75},{"not_picked":["Guardian:DecasProtection","Guardian:Gem_Blue","Guardian:TemporalShield"],"picked":"SKIP","floor":76},{"not_picked":["Guardian:ChargeCore","Guardian:MultiBeam+1","Guardian:Gem_Lightblue"],"picked":"SKIP","floor":78},{"not_picked":["Guardian:PiercingHide","Guardian:Reroute+1","Guardian:StasisStrike"],"picked":"SKIP","floor":79},{"not_picked":["Guardian:RollAttack","Guardian:Reroute","Guardian:ChargeCore+1"],"picked":"SKIP","floor":80},{"not_picked":["Guardian:AncientConstruct","Guardian:Gem_Red"],"picked":"Guardian:FloatingOrbs+1","floor":85},{"not_picked":["Guardian:GemFire","Guardian:CompilePackage"],"picked":"Guardian:Gem_Orange","floor":86},{"not_picked":["infinitespire:DeathsTouch","infinitespire:Oblivion"],"picked":"ReplayTheSpireMod:Haul","floor":87},{"not_picked":["Guardian:HyperBeam_Guardian","Guardian:Clone"],"picked":"Guardian:TemporalStrike+1","floor":92},{"not_picked":["Guardian:Gem_Cyan","Guardian:ShieldCharger","Guardian:Planning"],"picked":"SKIP","floor":93},{"not_picked":["Guardian:Gem_Cyan","Guardian:Gem_Blue"],"picked":"Guardian:WalkerClaw","floor":94},{"not_picked":["Guardian:Gem_Red","Guardian:Gem_Lightblue","Guardian:Recover+1"],"picked":"SKIP","floor":95},{"not_picked":["Guardian:Gem_Green","Guardian:Gem_Red"],"picked":"Guardian:Gem_Cyan","floor":96},{"not_picked":["Guardian:CrystalBeam+1","Guardian:Reroute+1","Guardian:Gem_Red"],"picked":"SKIP","floor":96},{"not_picked":["Guardian:Reroute","Guardian:RollAttack","Guardian:StasisField"],"picked":"SKIP","floor":98},{"not_picked":["Guardian:WalkerClaw+1","Guardian:PrimingBeam+1","Guardian:Reroute"],"picked":"SKIP","floor":99},{"not_picked":["Guardian:Gem_Lightblue","Guardian:PrismaticBeam"],"picked":"Guardian:PrismaticBarrier+1","floor":101},{"not_picked":["Guardian:Gem_Lightblue","Guardian:Gem_Red"],"picked":"Guardian:Gem_Cyan","floor":101},{"not_picked":["Guardian:Gem_Red","Guardian:Gem_Lightblue"],"picked":"Guardian:Gem_Cyan","floor":102},{"not_picked":["Guardian:Suspension+1","Guardian:Incinerate+1"],"picked":"Guardian:PrismaticBeam","floor":102}],"player_experience":450813,"relics_obtained":[{"floor":10.0,"key":"conspire:TopHat"},{"floor":24.0,"key":"Guardian:StasisCodex"},{"floor":37,"key":"Shovel"},{"floor":41,"key":"infinitespire:EmpoweringShard"},{"floor":43,"key":"conspire:GiftBox"},{"floor":43,"key":"Mercury Hourglass"},{"floor":52,"key":"Mirror"},{"floor":58,"key":"Anchor"},{"floor":70,"key":"Vajra"},{"floor":81,"key":"Grinning Jar"},{"floor":90,"key":"conspire:InfiniteJournal"}],"event_choices":[{"damage_healed":0.0,"max_hp_gain":0.0,"max_hp_loss":0.0,"gold_gain":0.0,"event_name":"conspire:LoneGhost","player_choice":"Disagree","floor":6.0,"gold_loss":0.0,"damage_taken":0.0},{"damage_healed":0.0,"max_hp_gain":0.0,"max_hp_loss":0.0,"gold_gain":0.0,"event_name":"FaceTrader","player_choice":"Trade","floor":30.0,"gold_loss":0.0,"damage_taken":0.0,"relics_obtained":["FaceOfCleric"]},{"damage_healed":0,"gold_gain":0,"player_choice":"Trade","damage_taken":0,"relics_obtained":["GremlinMask"],"max_hp_gain":0,"max_hp_loss":0,"event_name":"FaceTrader","floor":37,"gold_loss":0},{"damage_healed":0,"gold_gain":0,"player_choice":"Ignored","damage_taken":0,"max_hp_gain":0,"max_hp_loss":0,"event_name":"Vampires","floor":73,"gold_loss":0},{"damage_healed":0,"gold_gain":0,"player_choice":"Ignored","damage_taken":0,"max_hp_gain":0,"max_hp_loss":0,"event_name":"Ghosts","floor":77,"gold_loss":0}],"is_beta":false,"boss_relics":[{"not_picked":["Coffee Dripper","SacredBark"],"picked":"Black Star"},{"not_picked":["infinitespire:Cupcake","Replay:Ancient Bell","Kintsugi"]},{"not_picked":["Honey Jar","conspire:RoyalGoblet","Ring of Chaos"]},{"not_picked":["ReplayTheSpireMod:SealedPack","infinitespire:Cupcake"],"picked":"Cursed Key"},{"not_picked":["SlaversCollar","Runic Dome"],"picked":"Replay:Wanted Poster"}],"items_purged_floors":[12,28,42,48,72,84,100],"is_endless":true,"potions_floor_spawned":[4,5,15,16,19,22,26,31,32,37,49,50,54,61,62,66,67,75,78,79,86,90,95,96,101],"killed_by":"conspire:OrnateMirror","ascension_level":4}}