{"host":"2wksfjtj8fwk6gfi","time":1608445915,"event":{"mods":["BaseMod","Minty Spire (QoL Compilation)","Quick Restart","StSLib"],"gold_per_floor":[119,138,213,224,224,258,258,258,309,340,340,351,376,394,394,497,497,507,261,271,271,271,271,271],"floor_reached":23,"playtime":1130,"items_purged":["Strike_G"],"score":257,"play_id":"8bdcf7d2-012b-4677-a6fb-1abb454a51a8","local_time":"20201220143155","is_ascension_mode":true,"campfire_choices":[{"floor":7.0,"key":"REST"},{"floor":11.0,"key":"REST"},{"floor":15.0,"key":"REST"}],"circlet_count":0,"master_deck":["Strike_G","Strike_G","Strike_G","Strike_G","Defend_G","Defend_G+1","Defend_G","Defend_G","Defend_G","Survivor","Neutralize","Deadly Poison","Catalyst+1","Catalyst","Bane+1","Footwork","Burst","All Out Attack+1","Flying Knee+1","Venomology","Terror","Distraction+1","After Image","Underhanded Strike+1","Madness"],"relics":["Philosopher\u0027s Stone","Molten Egg 2","Boot","War Paint","Blue Candle","Bird Faced Urn","Runic Pyramid","Membership Card"],"acts_visited":["TheCity"],"potions_floor_usage":[23,23],"damage_taken":[{"damage":2.0,"enemies":"Small Slimes","floor":1.0,"turns":5.0},{"damage":5.0,"enemies":"Jaw Worm","floor":2.0,"turns":4.0},{"damage":0.0,"enemies":"2 Louse","floor":4.0,"turns":2.0},{"damage":35.0,"enemies":"Gremlin Nob","floor":6.0,"turns":5.0},{"damage":29.0,"enemies":"3 Sentries","floor":10.0,"turns":10.0},{"damage":11.0,"enemies":"Red Slaver","floor":12.0,"turns":2.0},{"damage":0.0,"enemies":"Gremlin Nob","floor":13.0,"turns":3.0},{"damage":5.0,"enemies":"Looter","floor":14.0,"turns":4.0},{"damage":40.0,"enemies":"Slime Boss","floor":16.0,"turns":12.0},{"damage":5.0,"enemies":"Chosen","floor":18.0,"turns":3.0},{"damage":28.0,"enemies":"3 Byrds","floor":20.0,"turns":5.0},{"damage":47,"enemies":"Slavers","floor":23,"turns":2}],"seed_played":"4490419468312911712","potions_obtained":[{"floor":2.0,"key":"Explosive Potion"},{"floor":6.0,"key":"Swift Potion"},{"floor":12.0,"key":"CunningPotion"},{"floor":14.0,"key":"PowerPotion"},{"floor":16.0,"key":"SkillPotion"}],"is_trial":false,"path_per_floor":["M","M","?","M","T","E","R","T","T","E","R","M","E","M","R","B",null,"M","$","M","?","?","E"],"character_chosen":"THE_SILENT","items_purchased":["Membership Card","EntropicBrew"],"campfire_rested":3,"item_purchase_floors":[19,19],"current_hp_per_floor":[68,63,52,52,52,17,38,38,38,9,30,19,19,16,37,1,70,67,67,41,41,41,0,0],"gold":271,"neow_bonus":"BOSS_RELIC","is_daily":false,"chose_seed":false,"campfire_upgraded":0,"win_rate":0.0,"timestamp":1608445915,"path_taken":["M","M","?","M","?","E","R","?","T","E","R","M","E","?","R","BOSS","M","$","M","?","?","E"],"items_purchased_type":["Relic","Potion"],"build_version":"2020-12-13","purchased_purges":1,"victory":false,"max_hp_per_floor":[70,70,70,70,70,70,70,70,70,70,70,70,70,70,70,70,70,70,70,70,70,70,70,70],"card_choices":[{"not_picked":["Deflect","Cloak And Dagger"],"picked":"Deadly Poison","floor":1.0},{"not_picked":["Dagger Spray","Expertise"],"picked":"Catalyst","floor":2.0},{"not_picked":["Masterful Stab","Bane"],"picked":"Catalyst","floor":4.0},{"not_picked":["Flying Knee+1","Prepared"],"picked":"Bane+1","floor":6.0},{"not_picked":["Bane+1","Deflect"],"picked":"Footwork","floor":10.0},{"not_picked":["Blade Dance","Poisoned Stab+1"],"picked":"Burst","floor":12.0},{"not_picked":["Cloak And Dagger","Caltrops"],"picked":"All Out Attack+1","floor":13.0},{"not_picked":["Poisoned Stab+1","Heel Hook+1"],"picked":"Flying Knee+1","floor":14.0},{"not_picked":["Malaise","Die Die Die+1"],"picked":"Venomology","floor":16.0},{"not_picked":["Flechettes+1","Skewer+1"],"picked":"Terror","floor":18.0},{"not_picked":["Infinite Blades","Bouncing Flask"],"picked":"Distraction+1","floor":20.0}],"player_experience":164043,"relics_obtained":[{"floor":5.0,"key":"Molten Egg 2"},{"floor":6.0,"key":"Boot"},{"floor":9.0,"key":"War Paint"},{"floor":10.0,"key":"Blue Candle"},{"floor":13.0,"key":"Bird Faced Urn"}],"event_choices":[{"damage_healed":0.0,"max_hp_gain":0.0,"max_hp_loss":0.0,"gold_gain":75.0,"event_name":"World of Goop","player_choice":"Gather Gold","floor":3.0,"gold_loss":0.0,"damage_taken":11.0},{"damage_healed":0.0,"max_hp_gain":0.0,"max_hp_loss":0.0,"gold_gain":0.0,"event_name":"Vampires","player_choice":"Ignored","floor":21.0,"gold_loss":0.0,"damage_taken":0.0},{"damage_healed":0.0,"max_hp_gain":0.0,"max_hp_loss":0.0,"gold_gain":0.0,"event_name":"Match and Keep!","player_choice":"3 cards matched","floor":22.0,"gold_loss":0.0,"damage_taken":0.0,"cards_obtained":["After Image","Underhanded Strike","Madness"]}],"is_beta":false,"boss_relics":[{"not_picked":["Sozu","Empty Cage"],"picked":"Runic Pyramid"}],"items_purged_floors":[19],"is_endless":false,"potions_floor_spawned":[2,6,12,14,16,20],"killed_by":"Slavers","ascension_level":2}}