{"host":"nh1tx9wty0m9wedw","time":1608453938,"event":{"mods":["BaseMod","Colored Map","Colored Powertips","Minty Spire (QoL Compilation)"],"gold_per_floor":[117,67,42,42,117,144,144,319,344,373,220,297,329,207,207,309,309,324,177,177,197,197,197,230,94,94,94,94],"floor_reached":27,"playtime":1069,"items_purged":["Strike_R","Doubt"],"score":320,"play_id":"0bf993b1-9fa5-449f-bbf7-23332288866c","local_time":"20201220094538","is_ascension_mode":true,"campfire_choices":[{"data":"Metallicize","floor":7,"key":"SMITH"},{"data":"Armaments","floor":15,"key":"SMITH"},{"data":"RitualDagger","floor":23,"key":"SMITH"}],"circlet_count":0,"master_deck":["Strike_R","Strike_R","Strike_R","Defend_R","Defend_R","Defend_R","Defend_R+1","Bash+1","Metallicize+1","Iron Wave","Anger","Cleave","Armaments+1","Immolate","Ghostly Armor+1","Rampage+1","RitualDagger+1","Heavy Blade+1","Fire Breathing"],"relics":["Burning Blood","NeowsBlessing","Torii","Orichalcum","Bronze Scales","Toy Ornithopter","Juzu Bracelet","Regal Pillow","Bird Faced Urn","Vajra"],"acts_visited":["Exordium","TheCity"],"potions_floor_usage":[16,18,18,21],"damage_taken":[{"damage":0,"enemies":"2 Louse","floor":1,"turns":1},{"damage":0,"enemies":"Lagavulin","floor":6,"turns":1},{"damage":0,"enemies":"3 Sentries","floor":10,"turns":1},{"damage":2,"enemies":"Gremlin Nob","floor":13,"turns":5},{"damage":8,"enemies":"Hexaghost","floor":16,"turns":11},{"damage":8,"enemies":"2 Thieves","floor":18,"turns":3},{"damage":5,"enemies":"3 Byrds","floor":21,"turns":2},{"damage":58,"enemies":"Gremlin Leader","floor":24,"turns":7},{"damage":25,"enemies":"3 Cultists","floor":27,"turns":4}],"seed_played":"-8180867445744235381","potions_obtained":[{"floor":1,"key":"DuplicationPotion"},{"floor":13,"key":"Block Potion"},{"floor":16,"key":"Energy Potion"},{"floor":18,"key":"DuplicationPotion"}],"is_trial":false,"path_per_floor":["M","?","$","?","?","E","R","?","T","E","$","?","E","$","R","B",null,"M","$","?","M","?","R","E","$","T","M"],"character_chosen":"IRONCLAD","items_purchased":["Iron Wave","Toy Ornithopter","Armaments","Regal Pillow","Fire Breathing"],"campfire_rested":0,"item_purchase_floors":[3,11,14,19,25],"current_hp_per_floor":[80,80,80,64,53,59,59,59,59,65,65,65,69,69,69,72,80,80,80,80,80,74,74,22,22,22,0,0],"gold":94,"neow_bonus":"THREE_ENEMY_KILL","is_daily":false,"chose_seed":false,"campfire_upgraded":3,"win_rate":0.0,"timestamp":1608453938,"path_taken":["M","?","$","?","?","E","R","?","T","E","?","?","E","$","R","BOSS","M","$","?","M","?","R","E","?","T","M"],"items_purchased_type":["Card","Relic","Card","Relic","Card"],"build_version":"2020-12-13","purchased_purges":2,"victory":false,"max_hp_per_floor":[80,80,80,80,80,80,80,80,80,80,80,80,80,80,80,80,80,80,80,80,80,80,80,80,80,80,80,80],"card_choices":[{"not_picked":["Feel No Pain","Twin Strike"],"picked":"Metallicize","floor":1},{"not_picked":["Ghostly Armor","Perfected Strike"],"picked":"Anger","floor":6},{"not_picked":["Shrug It Off","Infernal Blade"],"picked":"Cleave","floor":10},{"not_picked":["Combust","Flex","Iron Wave"],"picked":"SKIP","floor":13},{"not_picked":["Fiend Fire","Offering"],"picked":"Immolate","floor":16},{"not_picked":["Heavy Blade","Dropkick"],"picked":"Ghostly Armor+1","floor":18},{"not_picked":["Shockwave","Warcry"],"picked":"Rampage+1","floor":21},{"not_picked":["Shrug It Off","Sentinel+1"],"picked":"Heavy Blade+1","floor":24}],"player_experience":569070,"relics_obtained":[{"floor":6,"key":"Torii"},{"floor":9,"key":"Orichalcum"},{"floor":10,"key":"Bronze Scales"},{"floor":13,"key":"Juzu Bracelet"},{"floor":24,"key":"Bird Faced Urn"},{"floor":26,"key":"Vajra"}],"event_choices":[{"cards_removed":["Strike_R"],"damage_healed":0,"gold_gain":0,"player_choice":"Card Removal","damage_taken":0,"max_hp_gain":0,"max_hp_loss":0,"event_name":"The Cleric","floor":2,"gold_loss":50},{"damage_healed":0,"gold_gain":0,"player_choice":"Entered Light","damage_taken":16,"max_hp_gain":0,"max_hp_loss":0,"event_name":"Shining Light","floor":4,"gold_loss":0,"cards_upgraded":["Bash","Defend_R"]},{"damage_healed":0,"gold_gain":75,"player_choice":"Gather Gold","damage_taken":11,"max_hp_gain":0,"max_hp_loss":0,"event_name":"World of Goop","floor":5,"gold_loss":0},{"damage_healed":0,"gold_gain":175,"player_choice":"AGREE","damage_taken":0,"max_hp_gain":0,"max_hp_loss":0,"event_name":"Liars Game","floor":8,"gold_loss":0,"cards_obtained":["Doubt"]},{"damage_healed":0,"gold_gain":77,"player_choice":"Gained Gold","damage_taken":0,"max_hp_gain":0,"max_hp_loss":0,"event_name":"Golden Wing","floor":12,"gold_loss":0},{"damage_healed":0,"gold_gain":0,"player_choice":"Ignored","damage_taken":0,"max_hp_gain":0,"max_hp_loss":0,"event_name":"Vampires","floor":20,"gold_loss":0},{"damage_healed":0,"gold_gain":0,"player_choice":"Joined the Cult","damage_taken":6,"max_hp_gain":0,"max_hp_loss":0,"event_name":"Nest","floor":22,"gold_loss":0,"cards_obtained":["RitualDagger"]}],"is_beta":false,"boss_relics":[{"not_picked":["Velvet Choker","Ectoplasm","Runic Pyramid"]}],"items_purged_floors":[14,25],"is_endless":false,"potions_floor_spawned":[1,13,16,18],"killed_by":"3 Cultists","ascension_level":2}}