{"host":"0cnf9zf1gia27zti","time":1608432432,"event":{"mods":["BaseMod","BetterRewards","Card Forge","Colored Map","Colored Powertips","Conspire","Downfall","Minty Spire (QoL Compilation)","Practice Mode","Quick Restart","Replay The Spire","Robot Space Explorer","Shade Mod","Spicy Shops","StSLib"],"gold_per_floor":[116,80,80,92,35,35,55,65,65,65,84,84,147,163,163,236,236,248,259,14,14,14,14,29,45,45,55,55,55,55,55,81,91,91,170,170,187,22,41,41,41,41,41,41,64,93,93,93,118,131,131,131],"floor_reached":53,"playtime":3144,"items_purged":["hexamod:Haunted","Strike_G","Strike_G"],"score":1325,"play_id":"cdec8917-87f1-418f-9b9e-a9071d9aa579","local_time":"20201220024712","is_ascension_mode":true,"campfire_choices":[{"data":"Noxious Fumes","floor":6,"key":"SMITH"},{"data":"Catalyst","floor":10,"key":"SMITH"},{"data":"Footwork","floor":12,"key":"SMITH"},{"floor":15,"key":"REST"},{"floor":23,"key":"REST"},{"floor":34,"key":"REST"},{"data":"Burst","floor":42,"key":"SMITH"},{"floor":44,"key":"REST"},{"floor":48,"key":"REST"},{"floor":51,"key":"REST"}],"circlet_count":0,"master_deck":["AscendersBane","Strike_G","Strike_G","Defend_G+1","Defend_G","Defend_G","Defend_G","Defend_G","Survivor+1","Neutralize+1","Noxious Fumes+1","Catalyst+1","Noxious Fumes+1","Noxious Fumes+1","Poison Darts+1","Footwork+1","Prepared+1","Noxious Fumes+1","Caltrops","Burst+1","Infinite Blades","Prepared","Noxious Fumes+1","Prepared","Burst+1","Prepared+1","Replay:Bag of Tricks","Madness","Madness+1","Eviscerate","Footwork"],"relics":["Ring of the Snake","Hammer of Thor","Seething Fire","Anvil of the Gods","Gremlin Food","Membership Card","Blue Doll","TwistedFunnel","Chemical X","ReplayTheSpireMod:CursedCoin","Lee\u0027s Waffle","Regal Pillow","Mummified Hand","Replay:Ringing Soul","WristBlade","Replay:Bottled Eggs","Guide Book","Replay:Baseball","conspire:DecoderRing","Replay:Wax Seal","Snake Skull","Centennial Puzzle","Replay:Kaleidoscope","TungstenRod"],"acts_visited":["Exordium","TheCity","TheBeyond"],"potions_floor_usage":[8,16,25,32,33,49,52,52],"damage_taken":[{"damage":0,"enemies":"Cultist","floor":1,"turns":5},{"damage":0,"enemies":"Jaw Worm","floor":4,"turns":5},{"damage":0,"enemies":"2 Louse","floor":7,"turns":2},{"damage":1,"enemies":"Looter","floor":8,"turns":3},{"damage":5,"enemies":"2 Fungi Beasts","floor":11,"turns":3},{"damage":6,"enemies":"Lagavulin Event","floor":13,"turns":3},{"damage":3,"enemies":"Blue Slaver","floor":14,"turns":3},{"damage":28,"enemies":"Hexaghost","floor":16,"turns":6},{"damage":0,"enemies":"Spheric Guardian","floor":18,"turns":3},{"damage":12,"enemies":"Chosen","floor":19,"turns":4},{"damage":18,"enemies":"Snecko","floor":24,"turns":4},{"damage":15,"enemies":"Sentry and Sphere","floor":25,"turns":4},{"damage":0,"enemies":"3 Cultists","floor":27,"turns":3},{"damage":11,"enemies":"Book of Stabbing","floor":32,"turns":4},{"damage":28,"enemies":"Snake Plant","floor":33,"turns":4},{"damage":34,"enemies":"Automaton","floor":35,"turns":5},{"damage":31,"enemies":"3 Darklings","floor":37,"turns":4},{"damage":11,"enemies":"3 Shapes","floor":39,"turns":3},{"damage":38,"enemies":"Nemesis","floor":46,"turns":7},{"damage":16,"enemies":"Reptomancer","floor":49,"turns":3},{"damage":7,"enemies":"Spire Growth","floor":50,"turns":4},{"damage":65,"enemies":"Awakened One","floor":52,"turns":11}],"seed_played":"-4305442228410988668","potions_obtained":[{"floor":1,"key":"Adrenaline Potion"},{"floor":7,"key":"Milkshake"},{"floor":16,"key":"Strength Potion"},{"floor":24,"key":"PowerPotion"},{"floor":25,"key":"Energy Potion"},{"floor":27,"key":"Block Potion"},{"floor":32,"key":"Poison Potion"},{"floor":39,"key":"Block Potion"},{"floor":46,"key":"DistilledChaos"},{"floor":50,"key":"GhostInAJar"}],"is_trial":false,"path_per_floor":["M","$","?","M","$","R","M","M","T","R","M","R","?","M","R","B",null,"M","M","$","?","$","R","M","M","T","M","$","PTL","PTL","?","E","M","R","B",null,"M","$","M","?","$","R","?","R","T","E","?","R","E","M","R","B",null],"character_chosen":"THE_SILENT","items_purchased":["Gremlin Food","Membership Card","Blue Doll","TwistedFunnel","Noxious Fumes","Chemical X","ReplayTheSpireMod:CursedCoin","Lee\u0027s Waffle","Regal Pillow","Noxious Fumes","Poison Darts","Replay:Bottled Eggs","Guide Book","Replay:Wax Seal","Snake Skull"],"campfire_rested":6,"item_purchase_floors":[0,0,0,0,0,0,0,0,2,5,5,20,20,38,38],"current_hp_per_floor":[73,73,69,69,69,69,69,68,68,68,63,63,60,60,79,54,75,78,69,69,64,64,88,73,58,58,61,61,61,61,61,53,28,73,42,88,57,57,46,84,84,84,72,87,87,49,52,90,74,70,93,28],"gold":131,"neow_bonus":"","is_daily":false,"chose_seed":false,"campfire_upgraded":4,"win_rate":0.0,"timestamp":1608432432,"path_taken":["M","$","?","?","$","R","M","M","T","R","M","R","?","M","R","BOSS","M","M","$","?","$","R","M","M","T","M","$","PTL","PTL","?","E","M","R","BOSS","M","$","M","?","$","R","?","R","T","E","?","R","E","M","R","BOSS"],"items_purchased_type":["Relic","Relic","Relic","Relic","Card","Relic","Relic","Relic","Relic","Card","Card","Relic","Relic","Relic","Relic"],"build_version":"2020-12-13","purchased_purges":3,"victory":true,"max_hp_per_floor":[73,73,73,73,73,73,73,73,73,73,73,73,76,79,79,82,82,85,88,88,88,88,88,91,91,91,94,94,94,94,94,97,100,100,103,103,103,103,103,84,84,84,87,87,87,87,90,90,90,93,93,93],"card_choices":[{"not_picked":["Endless Agony","Dagger Throw","Slice"],"picked":"SKIP","floor":1},{"not_picked":["PiercingWail","Dodge and Roll"],"picked":"Catalyst","floor":4},{"not_picked":["Backflip","Hidden Blade"],"picked":"Footwork","floor":7},{"not_picked":["Dodge and Roll","Acrobatics"],"picked":"Prepared","floor":8},{"not_picked":["Outmaneuver","Dagger Spray","Deflect"],"picked":"SKIP","floor":11},{"not_picked":["Poisoned Stab","Tools of the Trade"],"picked":"Noxious Fumes","floor":13},{"not_picked":["Outmaneuver","Dagger Spray"],"picked":"Caltrops","floor":14},{"not_picked":["Corpse Explosion","Unload"],"picked":"Burst","floor":16},{"not_picked":["Quick Slash","Blade Dance"],"picked":"Infinite Blades","floor":18},{"not_picked":["Underhanded Strike","Bouncing Flask"],"picked":"Prepared","floor":19},{"not_picked":["Deadly Poison","Dagger Throw"],"picked":"Noxious Fumes","floor":24},{"not_picked":["Quick Slash","Hidden Blade","conspire:PoisonWeapons"],"picked":"SKIP","floor":25},{"not_picked":["Dagger Spray","Dodge and Roll"],"picked":"Prepared","floor":27},{"not_picked":["Dodge and Roll","Toxin Wave"],"picked":"Burst","floor":32},{"not_picked":["Poisoned Stab","Dodge and Roll"],"picked":"Prepared+1","floor":33},{"not_picked":["Night Terror","Corpse Explosion"],"picked":"Replay:Bag of Tricks","floor":35},{"not_picked":["Bane","Outmaneuver","Sucker Punch+1"],"picked":"SKIP","floor":37},{"not_picked":["Acrobatics","Slice","Atom Bomb"],"picked":"SKIP","floor":39},{"not_picked":["Leg Sweep","Deflect+1","Backflip"],"picked":"SKIP","floor":46},{"not_picked":["ReplayTheSpireMod:The Works","Outmaneuver","Riddle With Holes+1"],"picked":"SKIP","floor":49},{"not_picked":["Sneak Up","Hidden Blade"],"picked":"Footwork","floor":50}],"player_experience":2330141,"relics_obtained":[{"floor":9,"key":"Mummified Hand"},{"floor":13,"key":"Replay:Ringing Soul"},{"floor":26,"key":"Replay:Baseball"},{"floor":32,"key":"conspire:DecoderRing"},{"floor":45,"key":"Centennial Puzzle"},{"floor":46,"key":"Replay:Kaleidoscope"},{"floor":49,"key":"TungstenRod"}],"event_choices":[{"damage_healed":0,"gold_gain":0,"player_choice":"Bought 0 Potions","damage_taken":0,"max_hp_gain":0,"max_hp_loss":0,"event_name":"The Woman in Blue","floor":3,"gold_loss":0},{"damage_healed":0,"gold_gain":0,"player_choice":"Searched \u00271\u0027 times","damage_taken":0,"max_hp_gain":0,"max_hp_loss":0,"event_name":"Dead Adventurer","floor":13,"gold_loss":0},{"damage_healed":0,"gold_gain":0,"player_choice":"Leave","damage_taken":0,"max_hp_gain":0,"max_hp_loss":0,"event_name":"conspire:Investor","floor":21,"gold_loss":0},{"damage_healed":0,"gold_gain":0,"player_choice":"Ignored","damage_taken":0,"max_hp_gain":0,"max_hp_loss":0,"event_name":"Ghosts","floor":31,"gold_loss":0},{"damage_healed":84,"gold_gain":0,"player_choice":"Heal","damage_taken":0,"max_hp_gain":0,"max_hp_loss":19,"event_name":"The Moai Head","floor":40,"gold_loss":0},{"damage_healed":0,"gold_gain":0,"player_choice":"Embrace Madness","damage_taken":15,"max_hp_gain":0,"max_hp_loss":0,"event_name":"Winding Halls","floor":43,"gold_loss":0,"cards_obtained":["Madness","Madness"]},{"damage_healed":0,"gold_gain":0,"cards_transformed":["Strike_G"],"player_choice":"Transformed","damage_taken":0,"max_hp_gain":0,"max_hp_loss":0,"event_name":"Transmorgrifier","floor":47,"gold_loss":0,"cards_obtained":["Eviscerate"]}],"is_beta":false,"boss_relics":[{"not_picked":["Velvet Choker","Runic Pyramid"],"picked":"WristBlade"},{"not_picked":["Snecko Heart","ReplayTheSpireMod:DimensionalGlitch","conspire:SlowCooker"]}],"items_purged_floors":[0,20,38],"is_endless":false,"potions_floor_spawned":[1,7,16,24,25,27,32,39,46,50],"ascension_level":15}}