{"host":"utqe55yv0jihe4d6","time":1608502744,"event":{"mods":["2.2 Compatiblity","AchievementEnabler","BaseMod","Block Reminder","Colored Map","Colored Powertips","Minty Spire (QoL Compilation)","Quick Restart","Rare Cards Sparkle","Relic Stats","SuperFastMode"],"gold_per_floor":[113,126,14,14,32,32,50,85,111,142,142,42,57,77,77,155,155,155,30,30,30,30,30,30,30,30,30,30,30,30,30,30],"floor_reached":31,"playtime":945,"items_purged":["Strike_R","Strike_R","Strike_R"],"score":559,"play_id":"1f60a013-8b29-4554-9257-4a8dd919826a","local_time":"20201220171904","is_ascension_mode":true,"campfire_choices":[{"data":"Carnage","floor":6.0,"key":"SMITH"},{"data":"Bash","floor":11.0,"key":"SMITH"},{"data":"Demon Form","floor":15.0,"key":"SMITH"},{"data":"Sword Boomerang","floor":24.0,"key":"SMITH"},{"data":"Dual Wield","floor":27.0,"key":"SMITH"},{"floor":30,"key":"REST"}],"circlet_count":0,"master_deck":["AscendersBane","Strike_R","Strike_R","Defend_R","Defend_R","Defend_R","Defend_R","Bash+1","Headbutt","Carnage+1","Carnage","Shrug It Off","Rage","Demon Form+1","Spot Weakness","Reaper","Entrench+1","Rage+1","Sword Boomerang+1","Shrug It Off","Dual Wield+1","Havoc+1"],"relics":["Burning Blood","FaceOfCleric","Anchor","Lantern","Art of War","Ectoplasm","Orichalcum","Girya"],"acts_visited":["Exordium","TheCity"],"potions_floor_usage":[29,29],"damage_taken":[{"damage":3.0,"enemies":"Small Slimes","floor":1.0,"turns":5.0},{"damage":7.0,"enemies":"Cultist","floor":2.0,"turns":4.0},{"damage":0.0,"enemies":"2 Louse","floor":5.0,"turns":2.0},{"damage":6.0,"enemies":"Looter","floor":7.0,"turns":3.0},{"damage":8.0,"enemies":"Gremlin Nob","floor":8.0,"turns":3.0},{"damage":14.0,"enemies":"3 Sentries","floor":10.0,"turns":6.0},{"damage":4.0,"enemies":"Large Slime","floor":13.0,"turns":4.0},{"damage":0.0,"enemies":"3 Louse","floor":14.0,"turns":3.0},{"damage":36.0,"enemies":"Slime Boss","floor":16.0,"turns":10.0},{"damage":16.0,"enemies":"Shell Parasite","floor":18.0,"turns":3.0},{"damage":19.0,"enemies":"Spheric Guardian","floor":21.0,"turns":4.0},{"damage":4.0,"enemies":"Centurion and Healer","floor":22.0,"turns":6.0},{"damage":18.0,"enemies":"Snecko","floor":23.0,"turns":4.0},{"damage":4.0,"enemies":"Snake Plant","floor":25.0,"turns":3.0},{"damage":90,"enemies":"Slavers","floor":29,"turns":8},{"damage":62,"enemies":"Gremlin Leader","floor":31,"turns":4}],"seed_played":"455590107801740671","potions_obtained":[{"floor":2.0,"key":"EntropicBrew"},{"floor":5.0,"key":"AttackPotion"},{"floor":10.0,"key":"SmokeBomb"},{"floor":13.0,"key":"Ancient Potion"},{"floor":16.0,"key":"Swift Potion"}],"is_trial":false,"path_per_floor":["M","M","$","?","M","R","M","E","T","E","R","$","M","M","R","B",null,"M","$","?","M","M","M","R","M","T","R","$","E","R","E"],"character_chosen":"IRONCLAD","items_purchased":["Carnage"],"campfire_rested":1,"item_purchase_floors":[3],"current_hp_per_floor":[78,77,77,77,83,83,84,83,83,76,76,76,79,86,86,57,81,72,72,72,60,92,81,81,84,84,84,84,19,47,0,0],"gold":30,"neow_bonus":"TEN_PERCENT_HP_BONUS","is_daily":false,"chose_seed":false,"campfire_upgraded":5,"win_rate":0.0,"timestamp":1608502744,"path_taken":["M","M","$","?","M","R","M","E","T","E","R","$","M","M","R","BOSS","M","?","?","M","M","M","R","M","T","R","$","E","R","E"],"items_purchased_type":["Card"],"build_version":"2020-12-13","purchased_purges":3,"victory":false,"max_hp_per_floor":[82,82,82,82,83,83,84,85,85,86,86,86,87,88,88,89,89,90,90,90,91,92,93,93,94,94,94,94,95,95,95,95],"relic_stats":{"FaceOfCleric":13,"counters":[16,72],"Ectoplasm":142,"Art of War":[6],"Orichalcum":[6],"obtain_stats":[{"Girya":29,"Anchor":8,"Lantern":9,"FaceOfCleric":4,"Ectoplasm":17,"Art of War":10,"Orichalcum":26,"Burning Blood":0},{"Girya":15,"Anchor":5,"Lantern":5,"FaceOfCleric":2,"Ectoplasm":9,"Art of War":6,"Orichalcum":14,"Burning Blood":0},{"Girya":68,"Anchor":17,"Lantern":17,"FaceOfCleric":9,"Ectoplasm":40,"Art of War":23,"Orichalcum":60,"Burning Blood":0}],"Burning Blood":83},"card_choices":[{"not_picked":["Flex","Sentinel"],"picked":"Headbutt","floor":1.0},{"not_picked":["Armaments","Flex"],"picked":"Carnage","floor":2.0},{"not_picked":["Dropkick","Cleave"],"picked":"Shrug It Off","floor":5.0},{"not_picked":["Twin Strike","Fire Breathing","Perfected Strike"],"picked":"SKIP","floor":7.0},{"not_picked":["Rampage","Perfected Strike"],"picked":"Rage","floor":8.0},{"not_picked":["Ghostly Armor","Clash","Sword Boomerang"],"picked":"SKIP","floor":10.0},{"not_picked":["Warcry","Armaments"],"picked":"Demon Form","floor":13.0},{"not_picked":["Wild Strike","Rage"],"picked":"Spot Weakness","floor":14.0},{"not_picked":["Bludgeon","Fiend Fire"],"picked":"Reaper","floor":16.0},{"not_picked":["True Grit","Sword Boomerang"],"picked":"Entrench+1","floor":18.0},{"not_picked":["Iron Wave","Cleave"],"picked":"Rage+1","floor":21.0},{"not_picked":["Pummel","Seeing Red"],"picked":"Sword Boomerang","floor":22.0},{"not_picked":["Twin Strike","Hemokinesis"],"picked":"Shrug It Off","floor":23.0},{"not_picked":["Evolve","Pommel Strike"],"picked":"Dual Wield","floor":25.0},{"not_picked":["Cleave","Ghostly Armor+1"],"picked":"Havoc+1","floor":29}],"player_experience":2816397,"relics_obtained":[{"floor":8.0,"key":"Anchor"},{"floor":9.0,"key":"Lantern"},{"floor":10.0,"key":"Art of War"},{"floor":26.0,"key":"Orichalcum"},{"floor":29,"key":"Girya"}],"event_choices":[{"damage_healed":0.0,"max_hp_gain":0.0,"max_hp_loss":0.0,"gold_gain":0.0,"event_name":"FaceTrader","player_choice":"Trade","floor":4.0,"gold_loss":0.0,"damage_taken":0.0,"relics_obtained":["FaceOfCleric"]},{"damage_healed":0.0,"max_hp_gain":0.0,"max_hp_loss":0.0,"gold_gain":0.0,"event_name":"Vampires","player_choice":"Ignored","floor":20.0,"gold_loss":0.0,"damage_taken":0.0}],"is_beta":false,"boss_relics":[{"not_picked":["SacredBark","SlaversCollar"],"picked":"Ectoplasm"}],"items_purged_floors":[3,12,19],"is_endless":false,"potions_floor_spawned":[2,5,10,13,16,22],"killed_by":"Gremlin Leader","ascension_level":20}}