{"host":"ac6e1xz8pi3qqstb","time":1608438505,"event":{"mods":["ATMod(°¢èªMod)","BaseMod","Minty Spire (QoL Compilation)","Relic Stats","StSLib","vexMod","¡¾ÒÅÎï¿¨ÅÆ¡¿REMEMod"],"gold_per_floor":[113,133,133,133,153,172,172,190,215,227,181,181,198,214,214,316,316,330,330,349,206,206,206,218,218,218],"floor_reached":25,"playtime":973,"items_purged":[],"score":197,"play_id":"a61ab2bd-1335-4ce7-9e66-af44b4935db4","local_time":"20201220122825","is_ascension_mode":false,"campfire_choices":[{"data":"Eviscerate","floor":7,"key":"SMITH"},{"data":"AT_WomanClash","floor":12,"key":"SMITH"},{"floor":15,"key":"REST"}],"circlet_count":0,"master_deck":["Strike_G","Strike_G","Strike_G","Strike_G","Strike_G","Defend_G","Defend_G","Defend_G+1","Defend_G","Defend_G","Survivor","Neutralize","AT_WomanClash+1","Deflect","Prepared+1","Eviscerate+1","REME_ShadowStrike","Backflip","Calculated Gamble","REME_SpectralBlade","Acrobatics","Outmaneuver+1","Concentrate+1"],"relics":["Ring of the Snake","AT_ATBox","vexMod:MemoryStick","Potion Belt","vexMod:DeviousBotling","Nloth\u0027s Gift","AT_ArchangelStaff","Toxic Egg 2"],"acts_visited":["Exordium","TheCity"],"potions_floor_usage":[],"damage_taken":[{"damage":3,"enemies":"Jaw Worm","floor":1,"turns":3},{"damage":0,"enemies":"Cultist","floor":2,"turns":2},{"damage":0,"enemies":"2 Louse","floor":5,"turns":2},{"damage":3,"enemies":"Red Slaver","floor":6,"turns":4},{"damage":2,"enemies":"Lots of Slimes","floor":8,"turns":5},{"damage":0,"enemies":"2 Fungi Beasts","floor":10,"turns":2},{"damage":0,"enemies":"Red Slaver","floor":13,"turns":1},{"damage":0,"enemies":"Blue Slaver","floor":14,"turns":2},{"damage":23,"enemies":"Hexaghost","floor":16,"turns":10},{"damage":14,"enemies":"Spheric Guardian","floor":18,"turns":5},{"damage":8,"enemies":"2 Thieves","floor":20,"turns":3},{"damage":25,"enemies":"Shelled Parasite and Fungi","floor":24,"turns":7},{"damage":25,"enemies":"Chosen and Byrds","floor":25,"turns":6}],"seed_played":"4904383189778064277","potions_obtained":[{"floor":1,"key":"Strength Potion"},{"floor":2,"key":"FearPotion"},{"floor":10,"key":"ColorlessPotion"},{"floor":13,"key":"AttackPotion"},{"floor":14,"key":"SteroidPotion"}],"is_trial":false,"path_per_floor":["M","M","?","?","M","M","R","M","T","M","$","R","M","M","R","B",null,"M","?","M","$","T","?","M","M"],"character_chosen":"THE_SILENT","items_purchased":["Backflip","AT_ArchangelStaff"],"campfire_rested":1,"item_purchase_floors":[11,21],"current_hp_per_floor":[67,67,53,53,53,50,50,48,48,48,48,48,48,48,69,46,70,56,56,48,48,48,48,23,0,0],"gold":218,"neow_bonus":"RANDOM_COMMON_RELIC","is_daily":false,"chose_seed":false,"campfire_upgraded":2,"win_rate":0.0,"timestamp":1608438505,"path_taken":["M","M","?","?","M","?","R","M","T","M","?","R","?","M","R","BOSS","M","?","M","$","?","?","M","M"],"items_purchased_type":["Card","Relic"],"build_version":"2020-12-13","purchased_purges":0,"victory":false,"max_hp_per_floor":[70,70,70,70,70,70,70,70,70,70,70,70,70,70,70,70,70,70,70,70,70,70,70,70,70,70],"relic_stats":{"counters":[13,52],"Nloth\u0027s Gift":0,"obtain_stats":[{"Potion Belt":9,"vexMod:MemoryStick":0,"AT_ATBox":0,"vexMod:DeviousBotling":17,"Nloth\u0027s Gift":19,"Toxic Egg 2":22,"AT_ArchangelStaff":21,"Ring of the Snake":0,"REME_ComplimentaryCards":0},{"Potion Belt":5,"vexMod:MemoryStick":0,"AT_ATBox":0,"vexMod:DeviousBotling":9,"Nloth\u0027s Gift":10,"Toxic Egg 2":11,"AT_ArchangelStaff":11,"Ring of the Snake":0,"REME_ComplimentaryCards":0},{"Potion Belt":16,"vexMod:MemoryStick":0,"AT_ATBox":0,"vexMod:DeviousBotling":31,"Nloth\u0027s Gift":36,"Toxic Egg 2":39,"AT_ArchangelStaff":39,"Ring of the Snake":0,"REME_ComplimentaryCards":0}],"Ring of the Snake":[26]},"card_choices":[{"not_picked":["Quick Slash","Poisoned Stab"],"picked":"Deflect","floor":1},{"not_picked":["Underhanded Strike","Setup"],"picked":"Prepared","floor":2},{"not_picked":["Blur","Deadly Poison"],"picked":"Eviscerate","floor":5},{"not_picked":["Infinite Blades","Skewer","Predator"],"picked":"SKIP","floor":6},{"not_picked":["Dagger Spray","Footwork","AT_WomanClash"],"picked":"SKIP","floor":8},{"not_picked":["Slice","Deadly Poison"],"picked":"REME_ShadowStrike","floor":10},{"not_picked":["Eviscerate","Masterful Stab"],"picked":"Calculated Gamble","floor":13},{"not_picked":["Catalyst","Cloak And Dagger","Crippling Poison"],"picked":"SKIP","floor":14},{"not_picked":["Burst","A Thousand Cuts"],"picked":"REME_SpectralBlade","floor":16},{"not_picked":["Quick Slash","Eviscerate"],"picked":"Acrobatics","floor":18},{"not_picked":["Poisoned Stab+1","Quick Slash"],"picked":"Outmaneuver+1","floor":20},{"not_picked":["Expertise+1","Deadly Poison+1"],"picked":"Concentrate+1","floor":24}],"player_experience":383236,"relics_obtained":[{"floor":9,"key":"Potion Belt"},{"floor":22,"key":"Toxic Egg 2"}],"event_choices":[{"damage_healed":0,"gold_gain":0,"player_choice":"Entered Light","damage_taken":14,"max_hp_gain":0,"max_hp_loss":0,"event_name":"Shining Light","floor":3,"gold_loss":0,"cards_upgraded":["Prepared","Defend_G"]},{"damage_healed":0,"gold_gain":0,"player_choice":"Ignored","damage_taken":0,"max_hp_gain":0,"max_hp_loss":0,"event_name":"NoteForYourself","floor":4,"gold_loss":0},{"damage_healed":0,"gold_gain":0,"player_choice":"Traded Relic","damage_taken":0,"relics_obtained":["Nloth\u0027s Gift"],"max_hp_gain":0,"max_hp_loss":0,"event_name":"N\u0027loth","floor":19,"relics_lost":["REME_ComplimentaryCards"],"gold_loss":0},{"damage_healed":0,"gold_gain":0,"player_choice":"Ignored","damage_taken":0,"max_hp_gain":0,"max_hp_loss":0,"event_name":"Beggar","floor":23,"gold_loss":0}],"is_beta":false,"boss_relics":[{"not_picked":["vexMod:MegatonBomb","Velvet Choker"],"picked":"vexMod:DeviousBotling"}],"items_purged_floors":[],"is_endless":false,"potions_floor_spawned":[1,2,10,13,14,24],"killed_by":"Chosen and Byrds","ascension_level":0}}