{"host":"ny0ruk04d4jvzm3a","time":1608426169,"event":{"mods":["BaseMod","Better Match","Better Sensory Stone","Better Skull","BetterRewards","Colored Map","Colored Powertips","GifTheSpireLib","Hermit","Minty Spire (QoL Compilation)","Quick Restart","Relic Stats","StSLib","Transform Curses"],"gold_per_floor":[115,115,190,190,205,205,237,249,284,296,325,612,636,131,131,226,226,239,260,260,260],"floor_reached":20,"playtime":695,"items_purged":["Regret"],"score":247,"play_id":"c9e75f76-5e89-41c6-9e10-742a1614b256","local_time":"20201219200249","is_ascension_mode":false,"campfire_choices":[{"data":"PathToVictory","floor":6,"key":"SMITH"},{"data":"ReachHeaven","floor":8,"key":"SMITH"},{"data":"Prostrate","floor":10,"key":"SMITH"},{"data":"PathToVictory","floor":15,"key":"SMITH"}],"circlet_count":0,"master_deck":["Strike_P","Strike_P","Strike_P","Strike_P","Defend_P","Defend_P","Defend_P","Defend_P","Eruption","Vigilance","Prostrate+1","PathToVictory+1","ReachHeaven+1","FlyingSleeves","Regret","Worship","PathToVictory+1","Vault","Nirvana"],"relics":["PureWater","NeowsBlessing","Happy Flower","MawBank","Bag of Marbles","Yang","Omamori","Calling Bell","CeramicFish","Mummified Hand","Peace Pipe"],"acts_visited":["Exordium","TheCity"],"potions_floor_usage":[13,19],"damage_taken":[{"damage":0,"enemies":"Cultist","floor":1,"turns":1},{"damage":1,"enemies":"Small Slimes","floor":5,"turns":2},{"damage":0,"enemies":"Gremlin Nob","floor":7,"turns":1},{"damage":4,"enemies":"Jaw Worm","floor":11,"turns":3},{"damage":11,"enemies":"Exordium Thugs","floor":13,"turns":3},{"damage":3,"enemies":"Slime Boss","floor":16,"turns":3},{"damage":16,"enemies":"Shell Parasite","floor":18,"turns":6},{"damage":20,"enemies":"Spheric Guardian","floor":19,"turns":3},{"damage":0,"enemies":"Centurion and Healer","floor":20,"turns":1}],"seed_played":"-3644111015570564218","potions_obtained":[{"floor":1,"key":"BlessingOfTheForge"},{"floor":5,"key":"AttackPotion"},{"floor":16,"key":"GamblersBrew"}],"is_trial":false,"path_per_floor":["M","?","?","?","M","R","E","R","T","R","M","?","M","$","R","B",null,"M","M","M"],"character_chosen":"WATCHER","items_purchased":["Yang","Omamori","PathToVictory"],"campfire_rested":0,"item_purchase_floors":[14,14,14],"current_hp_per_floor":[72,72,61,65,64,64,64,64,64,64,60,60,49,49,49,46,72,56,36,36,36],"gold":260,"neow_bonus":"THREE_ENEMY_KILL","is_daily":false,"chose_seed":false,"campfire_upgraded":4,"win_rate":0.0,"timestamp":1608426169,"path_taken":["M","?","?","?","?","R","E","R","T","R","M","?","M","$","R","BOSS","M","M","?"],"items_purchased_type":["Relic","Relic","Card"],"build_version":"2020-12-13","purchased_purges":1,"victory":false,"max_hp_per_floor":[72,72,72,72,72,72,72,72,72,72,72,72,72,72,72,72,72,72,72,72,72],"relic_stats":{"Peace Pipe":0,"Happy Flower":[7],"counters":[9,23],"Mummified Hand":[0],"CeramicFish":9,"Yang":[19],"MawBank":84,"obtain_stats":[{"Calling Bell":17,"Peace Pipe":17,"NeowsBlessing":0,"Happy Flower":2,"Mummified Hand":17,"CeramicFish":17,"Yang":14,"Bag of Marbles":9,"Omamori":14,"PureWater":0,"MawBank":7},{"Calling Bell":6,"Peace Pipe":6,"NeowsBlessing":0,"Happy Flower":1,"Mummified Hand":6,"CeramicFish":6,"Yang":5,"Bag of Marbles":3,"Omamori":5,"PureWater":0,"MawBank":3},{"Calling Bell":13,"Peace Pipe":13,"NeowsBlessing":0,"Happy Flower":1,"Mummified Hand":13,"CeramicFish":13,"Yang":10,"Bag of Marbles":4,"Omamori":10,"PureWater":0,"MawBank":4}]},"card_choices":[{"not_picked":["FearNoEvil","FollowUp"],"picked":"Prostrate","floor":1},{"not_picked":["CrushJoints","Study"],"picked":"PathToVictory","floor":5},{"not_picked":["WreathOfFlame","FlurryOfBlows"],"picked":"ReachHeaven","floor":7},{"not_picked":["ThirdEye","FlurryOfBlows"],"picked":"FlyingSleeves","floor":11},{"not_picked":["WheelKick","Crescendo"],"picked":"Worship","floor":13},{"not_picked":["LessonLearned","Scrawl"],"picked":"Vault","floor":16},{"not_picked":["Consecrate","CrushJoints+1","CarveReality"],"picked":"SKIP","floor":18},{"not_picked":["Protect","EmptyBody"],"picked":"Nirvana","floor":19}],"player_experience":2053766,"relics_obtained":[{"floor":7,"key":"MawBank"},{"floor":9,"key":"Bag of Marbles"},{"floor":17,"key":"CeramicFish"},{"floor":17,"key":"Mummified Hand"},{"floor":17,"key":"Peace Pipe"}],"event_choices":[{"damage_healed":0,"gold_gain":0,"player_choice":"Box","damage_taken":0,"relics_obtained":["Happy Flower"],"max_hp_gain":0,"max_hp_loss":0,"event_name":"Big Fish","floor":2,"gold_loss":0,"cards_obtained":["Regret"]},{"damage_healed":0,"gold_gain":75,"player_choice":"Gather Gold","damage_taken":11,"max_hp_gain":0,"max_hp_loss":0,"event_name":"World of Goop","floor":3,"gold_loss":0},{"damage_healed":4,"gold_gain":0,"player_choice":"LEAVE ","damage_taken":0,"relics_obtained":[],"max_hp_gain":0,"max_hp_loss":0,"event_name":"betterSkull:BetterSkull","floor":4,"gold_loss":0,"cards_upgraded":[]},{"damage_healed":0,"gold_gain":275,"player_choice":"Desecrate","damage_taken":0,"max_hp_gain":0,"max_hp_loss":0,"event_name":"Golden Shrine","floor":12,"gold_loss":0,"cards_obtained":["Regret"]}],"is_beta":false,"boss_relics":[{"not_picked":["Fusion Hammer","Astrolabe"],"picked":"Calling Bell"}],"items_purged_floors":[14],"is_endless":false,"potions_floor_spawned":[1,5,16],"killed_by":"Centurion and Healer","ascension_level":0}}