{"host":"qzcrkuyonb3ec1ca","time":1608423628,"event":{"mods":["BaseMod","Better Third Choice","Colored Powertips","Downfall","Koishi","Marisa????????","Minty Spire (QoL Compilation)","Quick Restart","Relic Stats","Spicy Shops","StSLib","The Animator","The Cursed","The Hierophant","The Servant 0.9.4","Uncapped"],"gold_per_floor":[109,125,125,125,143,143,156,186,257,257,270,284,298,325,325,428,428,447,23,23,23,23,51,69,101,101,101,101],"floor_reached":27,"playtime":4460,"items_purged":["Strike_G"],"score":288,"play_id":"7a19fa73-9442-4cb3-8b3c-3975f59ed1f7","local_time":"20201219182028","is_ascension_mode":false,"campfire_choices":[{"floor":6,"key":"RECALL"},{"data":"Neutralize","floor":10,"key":"SMITH"},{"floor":15,"key":"REST"}],"circlet_count":0,"master_deck":["Strike_G","Strike_G","Strike_G","Strike_G","Defend_G","Defend_G","Defend_G","Defend_G","Survivor","Neutralize+1","Backflip","Escape Plan","Eviscerate","Dagger Throw","Dodge and Roll","Backflip","Infinite Blades","Tools of the Trade","After Image","CurseOfTheBell","Calculated Gamble","Catalyst","Noxious Fumes","Bouncing Flask","Decay","Blade Dance","Reflex"],"relics":["Philosopher\u0027s Stone","Calipers","Anchor","Kunai","Question Card","Calling Bell","Bag of Marbles","Paper Crane","The Specimen","Frozen Eye","Snake Skull","Pocketwatch","Boot","Ornamental Fan"],"acts_visited":["Exordium","TheCity"],"potions_floor_usage":[8,14,23,23,23],"damage_taken":[{"damage":1,"enemies":"Jaw Worm","floor":1,"turns":4},{"damage":0,"enemies":"Small Slimes","floor":2,"turns":3},{"damage":0,"enemies":"Cultist","floor":5,"turns":3},{"damage":0,"enemies":"2 Fungi Beasts","floor":7,"turns":3},{"damage":23,"enemies":"Lagavulin","floor":8,"turns":6},{"damage":2,"enemies":"Exordium Thugs","floor":11,"turns":4},{"damage":1,"enemies":"Looter","floor":12,"turns":4},{"damage":5,"enemies":"Large Slime","floor":13,"turns":7},{"damage":0,"enemies":"3 Sentries","floor":14,"turns":6},{"damage":8,"enemies":"Hexaghost","floor":16,"turns":12},{"damage":2,"enemies":"Chosen","floor":18,"turns":6},{"damage":17,"enemies":"Slavers","floor":23,"turns":5},{"damage":3,"enemies":"Shell Parasite","floor":24,"turns":6},{"damage":35,"enemies":"Gremlin Leader","floor":25,"turns":7},{"damage":18,"enemies":"Slavers","floor":27,"turns":1}],"seed_played":"7049388841824533400","potions_obtained":[{"floor":1,"key":"SmokeBomb"},{"floor":7,"key":"GamblersBrew"},{"floor":8,"key":"SpeedPotion"},{"floor":12,"key":"Explosive Potion"},{"floor":16,"key":"Block Potion"},{"floor":18,"key":"Slimebound:ThreeZeroPotion"}],"is_trial":false,"path_per_floor":["M","M","?","?","M","R","M","E","T","R","M","M","M","E","R","B",null,"M","$","?","?","?","E","M","E","T","E"],"character_chosen":"THE_SILENT","items_purchased":["Frozen Eye","Snake Skull","Catalyst","Noxious Fumes"],"campfire_rested":1,"item_purchase_floors":[19,19,19,19],"current_hp_per_floor":[69,69,57,50,50,50,50,27,27,27,25,24,19,19,40,32,70,68,68,68,68,68,51,48,13,13,0,0],"gold":101,"neow_bonus":"BOSS_RELIC","is_daily":false,"chose_seed":false,"campfire_upgraded":1,"win_rate":0.0,"timestamp":1608423628,"path_taken":["M","M","?","?","M","R","M","E","T","R","M","M","M","E","R","BOSS","M","$","?","?","?","E","M","E","T","E"],"items_purchased_type":["Relic","Relic","Card","Card"],"build_version":"2020-12-13","purchased_purges":1,"victory":false,"max_hp_per_floor":[70,70,70,70,70,70,70,70,70,70,70,70,70,70,70,70,70,70,70,70,70,70,70,70,70,70,70,70],"relic_stats":{"counters":[15,77],"Ornamental Fan":[4],"Snake Skull":[35],"Kunai":[29],"Question Card":6,"Boot":[0],"obtain_stats":[{"Calipers":3,"The Specimen":17,"Snake Skull":19,"Paper Crane":17,"Question Card":14,"Boot":25,"Calling Bell":17,"Frozen Eye":19,"Anchor":8,"Ornamental Fan":26,"Philosopher\u0027s Stone":0,"Bag of Marbles":17,"Kunai":9,"Ring of the Snake":0,"Pocketwatch":23},{"Calipers":2,"The Specimen":10,"Snake Skull":11,"Paper Crane":10,"Question Card":9,"Boot":14,"Calling Bell":10,"Frozen Eye":11,"Anchor":5,"Ornamental Fan":14,"Philosopher\u0027s Stone":0,"Bag of Marbles":10,"Kunai":5,"Ring of the Snake":0,"Pocketwatch":12},{"Calipers":7,"The Specimen":52,"Snake Skull":58,"Paper Crane":52,"Question Card":40,"Boot":76,"Calling Bell":52,"Frozen Eye":58,"Anchor":19,"Ornamental Fan":76,"Philosopher\u0027s Stone":0,"Bag of Marbles":52,"Kunai":19,"Ring of the Snake":0,"Pocketwatch":63}],"Pocketwatch":[1]},"card_choices":[{"not_picked":["Dagger Throw","PiercingWail"],"picked":"Backflip","floor":1},{"not_picked":["Deflect","Finisher"],"picked":"Escape Plan","floor":2},{"not_picked":["Quick Slash","Phantasmal Killer","Deflect"],"picked":"SKIP","floor":5},{"not_picked":["Blade Dance","Predator","Eviscerate"],"picked":"SKIP","floor":7},{"not_picked":["Blade Dance","Predator"],"picked":"Eviscerate","floor":7},{"not_picked":["Predator","Deflect"],"picked":"Dagger Throw","floor":8},{"not_picked":["Flying Knee","Predator"],"picked":"Dodge and Roll","floor":11},{"not_picked":["Bane","Deadly Poison"],"picked":"Backflip","floor":12},{"not_picked":["PiercingWail","Acrobatics"],"picked":"Infinite Blades","floor":13},{"not_picked":["Underhanded Strike","Noxious Fumes"],"picked":"Tools of the Trade","floor":14},{"not_picked":["A Thousand Cuts","Envenom","Burst"],"picked":"After Image","floor":16},{"not_picked":["Caltrops","Deflect","Terror"],"picked":"Calculated Gamble","floor":18},{"not_picked":["Backstab","Deadly Poison","Flying Knee"],"picked":"Blade Dance","floor":23},{"not_picked":["Bane+1","PiercingWail+1","Underhanded Strike","Wraith Form v2"],"picked":"SKIP","floor":24},{"not_picked":["Flechettes","Finisher","Heel Hook"],"picked":"Reflex","floor":25}],"player_experience":40847,"relics_obtained":[{"floor":8,"key":"Anchor"},{"floor":9,"key":"Kunai"},{"floor":14,"key":"Question Card"},{"floor":17,"key":"Bag of Marbles"},{"floor":17,"key":"Paper Crane"},{"floor":17,"key":"The Specimen"},{"floor":23,"key":"Pocketwatch"},{"floor":25,"key":"Boot"},{"floor":26,"key":"Ornamental Fan"}],"event_choices":[{"damage_healed":0,"gold_gain":0,"player_choice":"Relic ","damage_taken":12,"max_hp_gain":0,"max_hp_loss":0,"event_name":"betterThird:BetterScrap","floor":3,"gold_loss":0,"cards_obtained":["Corruption"]},{"cards_removed":["Defend_G"],"damage_healed":0,"gold_gain":0,"player_choice":"Card Removal","damage_taken":7,"max_hp_gain":0,"max_hp_loss":0,"event_name":"Golden Wing","floor":4,"gold_loss":0},{"damage_healed":0,"gold_gain":0,"player_choice":"Ignored","damage_taken":0,"max_hp_gain":0,"max_hp_loss":0,"event_name":"Ghosts","floor":20,"gold_loss":0},{"damage_healed":0,"gold_gain":0,"player_choice":"Read","damage_taken":0,"max_hp_gain":0,"max_hp_loss":0,"event_name":"The Library","floor":21,"gold_loss":0,"cards_obtained":["Bouncing Flask"]},{"damage_healed":0,"gold_gain":0,"player_choice":"Cursed","damage_taken":0,"max_hp_gain":0,"max_hp_loss":0,"event_name":"Wheel of Change","floor":22,"gold_loss":0,"cards_obtained":["Decay"]}],"is_beta":false,"boss_relics":[{"not_picked":["Runic Dome","Tiny House"],"picked":"Calling Bell"}],"items_purged_floors":[19],"is_endless":false,"potions_floor_spawned":[1,7,8,12,16,18],"killed_by":"Slavers","ascension_level":0}}