{"host":"rihxvzvzrfpivboj","time":1608501895,"event":{"mods":["Act Like it!","BaseMod","Better Third Choice","Block Reminder","Colored Map","Colored Powertips","Duelist Mod","Gensokyo","GifTheSpireLib","Googly Eyes","Keyboard Shortcuts","KomeijiMod","Minty Spire (QoL Compilation)","Quick Restart","Relic Sorter","StSLib","The Jungle","The Runesmith","Unceasing Turn Reminder","Waifu the Spire"],"gold_per_floor":[136,155,175,175,175,175,175],"floor_reached":6,"playtime":1402,"items_purged":[],"score":40,"play_id":"4518e9fc-214a-4cf4-a715-11f0992a6bb8","local_time":"20201220230455","is_ascension_mode":true,"campfire_choices":[],"circlet_count":0,"master_deck":["theDuelist:SevenColoredFish","theDuelist:SevenColoredFish","theDuelist:IslandTurtle","theDuelist:IslandTurtle","theDuelist:RevivalJam","theDuelist:Sparks","Madness","theDuelist:MermailAbyssalacia","theDuelist:KoakiMeiruIce","theDuelist:SharkStickers"],"relics":["theDuelist:MillenniumPuzzle","theDuelist:CardPoolRelic","theDuelist:CardPoolBasicRelic","theDuelist:BoosterPackPoolRelic","theDuelist:CardPoolAddRelic","theDuelist:CardPoolMinusRelic","theDuelist:CardPoolSaveRelic","theDuelist:CardPoolOptionsRelic","Happy Flower"],"acts_visited":["Exordium"],"potions_floor_usage":[],"damage_taken":[{"damage":2,"enemies":"Gensokyo:2_Kodama","floor":1,"turns":4},{"damage":2,"enemies":"Gensokyo:Gryphon","floor":2,"turns":5},{"damage":0,"enemies":"Gensokyo:3_Fairies","floor":3,"turns":5},{"damage":47,"enemies":"Gensokyo:Cirno","floor":6,"turns":14}],"seed_played":"8620744788761368704","potions_obtained":[],"is_trial":false,"path_per_floor":["M","M","M","?","?","E"],"character_chosen":"THE_DUELIST","items_purchased":[],"campfire_rested":0,"item_purchase_floors":[],"current_hp_per_floor":[78,76,76,76,44,0,0],"gold":175,"neow_bonus":"RANDOM_COLORLESS","is_daily":false,"chose_seed":false,"campfire_upgraded":0,"win_rate":0.0,"timestamp":1608501895,"path_taken":["M","M","M","?","?","E"],"items_purchased_type":[],"build_version":"2020-12-13","purchased_purges":0,"victory":false,"max_hp_per_floor":[80,80,80,80,80,80,80],"card_choices":[{"not_picked":["Deep Breath","Dramatic Entrance"],"picked":"Madness","floor":0},{"not_picked":["theDuelist:CorrodingShark","theDuelist:AquaSnake","theDuelist:AmphibiousBugroth","theDuelist:DewlorenTigerKing"],"picked":"theDuelist:MermailAbyssalacia","floor":1},{"not_picked":["theDuelist:HydraViper","theDuelist:GraydleEagle","theDuelist:EnchantingMermaid","theDuelist:RelinquishedFusion"],"picked":"theDuelist:KoakiMeiruIce","floor":2},{"not_picked":["theDuelist:AncientGearFist","theDuelist:LegendHeart","theDuelist:VampireHunter","theDuelist:GhostrickNight"],"picked":"theDuelist:SharkStickers","floor":3}],"player_experience":962928,"relics_obtained":[],"event_choices":[],"is_beta":false,"boss_relics":[],"items_purged_floors":[],"is_endless":false,"potions_floor_spawned":[],"killed_by":"Gensokyo:Cirno","ascension_level":2}}