{"host":"yo9wwslrag05lh37","time":1608430874,"event":{"mods":["AchievementEnabler","BaseMod","Block Reminder","Colored Map","Colored Powertips","GifTheSpireLib","HexUI Lib","Highlight Path","Minty Spire (QoL Compilation)","Rare Cards Sparkle","Relic Stats","StSLib","everything is the same but u backflip on backflip"],"gold_per_floor":[112,112,112,37,55,55,55,55,130,148,148,165,200,200,200,271,271,284,259,309,15,32,32,32,52,75,75,75],"floor_reached":27,"playtime":974,"items_purged":["Regret","Strike_R"],"score":422,"play_id":"d8c9feec-77ae-4220-8dba-f4e969e93270","local_time":"20201220032114","is_ascension_mode":true,"campfire_choices":[{"data":"Bash","floor":6.0,"key":"SMITH"},{"data":"Inflame","floor":8.0,"key":"SMITH"},{"data":"Strike_R","floor":11.0,"key":"PURGE"},{"data":"Armaments","floor":15.0,"key":"SMITH"},{"floor":23.0,"key":"REST"}],"circlet_count":0,"master_deck":["AscendersBane","Strike_R","Defend_R","Defend_R","Defend_R","Bash+1","Brutality","Inflame+1","Flame Barrier","Battle Trance","Armaments+1","Cleave","Feed","Wild Strike","Burning Pact","Limit Break","Sword Boomerang","Shockwave","Feel No Pain+1"],"relics":["Burning Blood","Peace Pipe","CultistMask","StrikeDummy","The Courier","Philosopher\u0027s Stone","Toy Ornithopter"],"acts_visited":["Exordium","TheCity"],"potions_floor_usage":[27,27],"damage_taken":[{"damage":13.0,"enemies":"2 Louse","floor":1.0,"turns":4.0},{"damage":12.0,"enemies":"Small Slimes","floor":5.0,"turns":4.0},{"damage":4.0,"enemies":"Cultist","floor":10.0,"turns":4.0},{"damage":7.0,"enemies":"Blue Slaver","floor":12.0,"turns":5.0},{"damage":9.0,"enemies":"Gremlin Nob","floor":13.0,"turns":3.0},{"damage":41.0,"enemies":"The Guardian","floor":16.0,"turns":12.0},{"damage":18.0,"enemies":"3 Byrds","floor":18.0,"turns":3.0},{"damage":15.0,"enemies":"2 Thieves","floor":19.0,"turns":4.0},{"damage":39.0,"enemies":"Cultist and Chosen","floor":22.0,"turns":5.0},{"damage":29.0,"enemies":"3 Cultists","floor":25.0,"turns":5.0},{"damage":30,"enemies":"Slavers","floor":27,"turns":3}],"seed_played":"-8345963810026518788","potions_obtained":[{"floor":1.0,"key":"BlessingOfTheForge"},{"floor":10.0,"key":"Explosive Potion"},{"floor":13.0,"key":"SneckoOil"},{"floor":22.0,"key":"Ancient Potion"}],"is_trial":false,"path_per_floor":["M","?","?","$","M","R","?","R","T","M","R","M","E","?","R","B",null,"M","M","?","$","M","R","?","M","T","E"],"character_chosen":"IRONCLAD","items_purchased":["Limit Break","SteroidPotion","Sword Boomerang"],"campfire_rested":1,"item_purchase_floors":[21,21,21],"current_hp_per_floor":[61,54,54,54,48,48,48,48,48,50,50,49,46,46,46,11,59,51,45,45,45,12,36,36,16,16,0,0],"gold":75,"neow_bonus":"TRANSFORM_CARD","is_daily":false,"chose_seed":false,"campfire_upgraded":3,"win_rate":0.0,"timestamp":1608430874,"path_taken":["M","?","?","$","M","R","?","R","T","M","R","?","E","?","R","BOSS","M","M","?","$","M","R","?","M","T","E"],"items_purchased_type":["Card","Potion","Card"],"build_version":"2020-12-13","purchased_purges":2,"victory":false,"max_hp_per_floor":[75,75,75,75,75,75,75,75,75,75,75,75,75,75,75,75,75,79,82,82,82,82,82,82,85,85,85,85],"relic_stats":{"Peace Pipe":1,"counters":[11,52],"obtain_stats":[{"Peace Pipe":3,"Philosopher\u0027s Stone":17,"CultistMask":7,"The Courier":13,"StrikeDummy":9,"Burning Blood":0,"Toy Ornithopter":26},{"Peace Pipe":1,"Philosopher\u0027s Stone":6,"CultistMask":2,"The Courier":5,"StrikeDummy":2,"Burning Blood":0,"Toy Ornithopter":10},{"Peace Pipe":4,"Philosopher\u0027s Stone":32,"CultistMask":8,"The Courier":20,"StrikeDummy":8,"Burning Blood":0,"Toy Ornithopter":49}],"Burning Blood":60,"Toy Ornithopter":10},"card_choices":[{"not_picked":["Wild Strike","Dropkick"],"picked":"Inflame","floor":1.0},{"not_picked":["Thunderclap","Burning Pact"],"picked":"Flame Barrier","floor":5.0},{"not_picked":["Flex","Iron Wave","Perfected Strike"],"picked":"SKIP","floor":10.0},{"not_picked":["Flame Barrier","Heavy Blade"],"picked":"Battle Trance","floor":12.0},{"not_picked":["Intimidate","Clothesline"],"picked":"Armaments","floor":13.0},{"not_picked":["Demon Form","Reaper"],"picked":"Feed","floor":16.0},{"not_picked":["Bloodletting","Sentinel"],"picked":"Wild Strike","floor":18.0},{"not_picked":["Perfected Strike+1","Pommel Strike"],"picked":"Burning Pact","floor":19.0},{"not_picked":["Twin Strike","Pummel"],"picked":"Shockwave","floor":22.0},{"not_picked":["Inflame","Perfected Strike+1"],"picked":"Feel No Pain+1","floor":25.0}],"player_experience":1356606,"relics_obtained":[{"floor":9.0,"key":"StrikeDummy"},{"floor":13.0,"key":"The Courier"},{"floor":26.0,"key":"Toy Ornithopter"}],"event_choices":[{"cards_removed":["Defend_R"],"damage_healed":0.0,"max_hp_gain":0.0,"max_hp_loss":0.0,"gold_gain":0.0,"event_name":"Golden Wing","player_choice":"Card Removal","floor":2.0,"gold_loss":0.0,"damage_taken":7.0},{"damage_healed":0.0,"max_hp_gain":0.0,"max_hp_loss":0.0,"gold_gain":0.0,"event_name":"Big Fish","player_choice":"Box","floor":3.0,"gold_loss":0.0,"damage_taken":0.0,"relics_obtained":["Peace Pipe"],"cards_obtained":["Regret"]},{"damage_healed":0.0,"max_hp_gain":0.0,"max_hp_loss":0.0,"gold_gain":0.0,"event_name":"FaceTrader","player_choice":"Trade","floor":7.0,"gold_loss":0.0,"damage_taken":0.0,"relics_obtained":["CultistMask"]},{"damage_healed":0.0,"max_hp_gain":0.0,"max_hp_loss":0.0,"gold_gain":0.0,"cards_transformed":["Strike_R"],"event_name":"Living Wall","player_choice":"Change","floor":14.0,"gold_loss":0.0,"damage_taken":0.0,"cards_obtained":["Cleave"]},{"damage_healed":0.0,"max_hp_gain":0.0,"max_hp_loss":0.0,"gold_gain":50.0,"event_name":"Nest","player_choice":"Stole From Cult","floor":20.0,"gold_loss":0.0,"damage_taken":0.0}],"is_beta":false,"boss_relics":[{"not_picked":["Ectoplasm","Coffee Dripper"],"picked":"Philosopher\u0027s Stone"}],"items_purged_floors":[4,21],"is_endless":false,"potions_floor_spawned":[1,10,13,22],"killed_by":"Slavers","ascension_level":20}}