{"host":"mal0jdk4f6ubgyb8","time":1608455685,"event":{"mods":["BaseMod","Koishi","Luminous","Marisa（F雨　魔理沙）","Minty Spire (QoL Compilation)","Quick Restart","Reimu（博丽灵梦）","Relic Stats","Remilia（蕾米莉亚）","StSLib","WarShipGirlsR/战舰少女R mod","Youmu（魂魄妖梦）","Yuri Mod","Yuyuko","【东方二次创作】八云紫mod"],"gold_per_floor":[112,37,53,53,72,84,84,84],"floor_reached":7,"playtime":401,"items_purged":["Strike_Lin:ReiMu"],"score":45,"play_id":"0dfa3a4e-1db5-486b-a780-bd7cbbab5da2","local_time":"20201220171444","is_ascension_mode":true,"campfire_choices":[],"circlet_count":0,"master_deck":["Strike_Lin:ReiMu","Strike_Lin:ReiMu","Strike_Lin:ReiMu","Defend_Lin:ReiMu","Defend_Lin:ReiMu","Stagnation:ReiMu","AlertArray:ReiMu+1","KyokaiOfKami:ReiMu+1","HakureiPhantom:ReiMu+1","SpringWay:ReiMu","SpringWay:ReiMu","HakureiPhantom:ReiMu","SpiritualOutbreak2:ReiMu","Gathering:ReiMu"],"relics":["Astrolabe"],"acts_visited":["Exordium"],"potions_floor_usage":[5,7],"damage_taken":[{"damage":1,"enemies":"Cultist","floor":1,"turns":4},{"damage":0,"enemies":"Jaw Worm","floor":3,"turns":4},{"damage":5,"enemies":"Small Slimes","floor":5,"turns":4},{"damage":8,"enemies":"Red Slaver","floor":6,"turns":4},{"damage":19,"enemies":"3 Sentries","floor":7,"turns":8}],"seed_played":"-7716466369058441894","potions_obtained":[{"floor":1,"key":"PinkPotion:ReiMu"},{"floor":6,"key":"EssenceOfSteel"}],"is_trial":false,"path_per_floor":["M","$","M","?","M","M","E"],"character_chosen":"REIMU","items_purchased":[],"campfire_rested":0,"item_purchase_floors":[],"current_hp_per_floor":[64,64,64,64,59,51,32,32],"gold":84,"neow_bonus":"BOSS_RELIC","is_daily":false,"chose_seed":false,"campfire_upgraded":0,"win_rate":0.0,"timestamp":1608455684,"path_taken":["M","?","M","?","M","M","E"],"items_purchased_type":[],"build_version":"2020-12-13","purchased_purges":1,"victory":false,"max_hp_per_floor":[65,65,65,65,65,65,65,65],"relic_stats":{"counters":[5,24],"Astrolabe":["AlertArray:ReiMu","KyokaiOfKami:ReiMu","HakureiPhantom:ReiMu"],"obtain_stats":[{"Astrolabe":0,"FlyPower:ReiMu":0},{"Astrolabe":0,"FlyPower:ReiMu":0},{"Astrolabe":0,"FlyPower:ReiMu":0}]},"card_choices":[{"not_picked":["Intuition:ReiMu","Amulet:ReiMu","AlertArray:ReiMu"],"picked":"SKIP","floor":1},{"not_picked":["SubcavityInstant:ReiMu","ForcedLanding:ReiMu"],"picked":"SpringWay:ReiMu","floor":3},{"not_picked":["RainPray2:ReiMu","SealNeedle:ReiMu"],"picked":"SpiritualOutbreak2:ReiMu","floor":5},{"not_picked":["Intuition:ReiMu","EmergencyTakeOff:ReiMu"],"picked":"Gathering:ReiMu","floor":6}],"player_experience":257682,"relics_obtained":[],"event_choices":[{"damage_healed":0,"gold_gain":0,"player_choice":"2 cards matched","damage_taken":0,"max_hp_gain":0,"max_hp_loss":0,"event_name":"Match and Keep!","floor":4,"gold_loss":0,"cards_obtained":["SpringWay:ReiMu","HakureiPhantom:ReiMu"]}],"is_beta":false,"boss_relics":[],"items_purged_floors":[2],"is_endless":false,"potions_floor_spawned":[1,6],"killed_by":"3 Sentries","ascension_level":1}}