{"host":"ovxa65d68iy9l57e","time":1608468954,"event":{"mods":["AchievementEnabler","BaseMod","Better Vampires","Colored Map","Curses Come First","Minty Spire (QoL Compilation)","Relic Stats","StSLib","The Alterego"],"gold_per_floor":[109,184,198,211,221,221,221],"floor_reached":6,"playtime":731,"items_purged":[],"score":42,"play_id":"7b4e4f68-a430-4f56-8e12-e9f2220caa4e","local_time":"20201220135554","is_ascension_mode":true,"campfire_choices":[],"circlet_count":0,"master_deck":["Strike_G","Strike_G","Strike_G","Strike_G","Strike_G","Defend_G","Defend_G","Defend_G","Defend_G","Defend_G","Survivor","Neutralize","Doubt","Prepared","Flying Knee","Dagger Spray","Footwork"],"relics":["Ring of the Snake","Thread and Needle"],"acts_visited":["Exordium"],"potions_floor_usage":[5],"damage_taken":[{"damage":0.0,"enemies":"Small Slimes","floor":1.0,"turns":6.0},{"damage":0,"enemies":"Jaw Worm","floor":3,"turns":7},{"damage":1,"enemies":"Cultist","floor":4,"turns":5},{"damage":14,"enemies":"Gremlin Gang","floor":5,"turns":3},{"damage":58,"enemies":"Lagavulin","floor":6,"turns":12}],"seed_played":"4657293289396667244","potions_obtained":[{"floor":1.0,"key":"Dexterity Potion"},{"floor":3,"key":"LiquidMemories"}],"is_trial":false,"path_per_floor":["M","?","M","M","M","E"],"character_chosen":"THE_SILENT","items_purchased":[],"campfire_rested":0,"item_purchase_floors":[],"current_hp_per_floor":[70,59,59,58,44,0,0],"gold":221,"neow_bonus":"ONE_RARE_RELIC","is_daily":false,"chose_seed":false,"campfire_upgraded":0,"win_rate":0.0,"timestamp":1608468954,"path_taken":["M","?","M","M","M","E"],"items_purchased_type":[],"build_version":"2020-12-13","purchased_purges":0,"victory":false,"max_hp_per_floor":[70,70,70,70,70,70,70],"relic_stats":{"counters":[5,33],"obtain_stats":[{"Thread and Needle":0,"Ring of the Snake":0},{"Thread and Needle":0,"Ring of the Snake":0},{"Thread and Needle":0,"Ring of the Snake":0}],"Ring of the Snake":[10]},"card_choices":[{"not_picked":["Slice","Calculated Gamble"],"picked":"Prepared","floor":1.0},{"not_picked":["Slice","Skewer"],"picked":"Flying Knee","floor":3},{"not_picked":["Cloak And Dagger","Outmaneuver"],"picked":"Dagger Spray","floor":4},{"not_picked":["Outmaneuver","Distraction"],"picked":"Footwork","floor":5}],"player_experience":222838,"relics_obtained":[],"event_choices":[{"damage_healed":0,"gold_gain":75,"player_choice":"Gather Gold","damage_taken":11,"max_hp_gain":0,"max_hp_loss":0,"event_name":"World of Goop","floor":2,"gold_loss":0}],"is_beta":false,"boss_relics":[],"items_purged_floors":[],"is_endless":false,"potions_floor_spawned":[1,3],"killed_by":"Lagavulin","ascension_level":2}}