{"host":"fne7yx97fnz7kq05","time":1608428392,"event":{"mods":["BaseMod","Colored Map","Colored Powertips","Highlight Path","Minty Spire (QoL Compilation)","Relic Stats"],"gold_per_floor":[114,127,137,8,8,40,40,75,145,179,179,210,222,254,266,383,395,419,431,53,53,67,67,93,93,144,158,175,175,175,204,204,300,300,314,16,16,35,35,70,70,104,104,104,135,147,147,176,176,176,176,176,29,57,57],"floor_reached":56,"playtime":3223,"items_purged":[],"score":2188,"play_id":"d7d65cc0-a4e0-4324-a6ed-f3bb0c7bc47d","local_time":"20201219193952","is_ascension_mode":true,"campfire_choices":[{"data":"Immolate","floor":7,"key":"SMITH"},{"data":"Uppercut","floor":15,"key":"SMITH"},{"data":"Dark Embrace","floor":23,"key":"SMITH"},{"data":"Corruption","floor":25,"key":"SMITH"},{"data":"Ghostly","floor":29,"key":"SMITH"},{"data":"Ghostly","floor":32,"key":"SMITH"},{"floor":41,"key":"RECALL"},{"data":"Barricade","floor":44,"key":"SMITH"},{"data":"Whirlwind","floor":47,"key":"SMITH"},{"data":"Impervious","floor":49,"key":"SMITH"},{"data":"Impervious","floor":52,"key":"SMITH"}],"circlet_count":0,"master_deck":["AscendersBane","Strike_R","Defend_R","Defend_R","Defend_R","Defend_R","Bash","Immolate+1","Spot Weakness","Shockwave","Uppercut+1","Corruption+1","Pommel Strike","Impervious+1","Armaments+1","Feel No Pain+1","Uppercut+1","Ghostly+1","Ghostly+1","Ghostly","Ghostly","Ghostly","Impervious+1","Dark Embrace+1","Shrug It Off","Sentinel+1","Double Tap","Whirlwind+1","Barricade+1","Rage+1","Feel No Pain+1","Exhume","Flex+1","Inflame","Shrug It Off"],"relics":["Burning Blood","FossilizedHelix","Gremlin Horn","Ice Cream","MawBank","Astrolabe","DollysMirror","Bottled Tornado","Nloth\u0027s Gift","Orichalcum","Nunchaku","Pear","Runic Pyramid","OrangePellets","Bronze Scales","Letter Opener","Red Skull","Pen Nib","Kunai","Medical Kit","Vajra"],"acts_visited":["Exordium","TheCity","TheBeyond","TheEnding"],"potions_floor_usage":[6,31],"damage_taken":[{"damage":9,"enemies":"Jaw Worm","floor":1,"turns":3},{"damage":7,"enemies":"Small Slimes","floor":2,"turns":3},{"damage":1,"enemies":"Cultist","floor":3,"turns":3},{"damage":12,"enemies":"3 Sentries","floor":6,"turns":4},{"damage":8,"enemies":"Lagavulin","floor":8,"turns":6},{"damage":11,"enemies":"Gremlin Nob","floor":10,"turns":4},{"damage":5,"enemies":"3 Sentries","floor":12,"turns":4},{"damage":0,"enemies":"Blue Slaver","floor":14,"turns":2},{"damage":39,"enemies":"The Guardian","floor":16,"turns":9},{"damage":15,"enemies":"Spheric Guardian","floor":18,"turns":6},{"damage":0,"enemies":"Shell Parasite","floor":22,"turns":7},{"damage":0,"enemies":"Gremlin Leader","floor":24,"turns":5},{"damage":8,"enemies":"Snake Plant","floor":27,"turns":4},{"damage":0,"enemies":"3 Cultists","floor":28,"turns":7},{"damage":33,"enemies":"Book of Stabbing","floor":31,"turns":10},{"damage":20,"enemies":"Collector","floor":33,"turns":10},{"damage":0,"enemies":"Orb Walker","floor":35,"turns":8},{"damage":0,"enemies":"3 Shapes","floor":38,"turns":5},{"damage":0,"enemies":"Reptomancer","floor":40,"turns":4},{"damage":0,"enemies":"Nemesis","floor":42,"turns":7},{"damage":0,"enemies":"Giant Head","floor":45,"turns":12},{"damage":0,"enemies":"Transient","floor":46,"turns":5},{"damage":0,"enemies":"Reptomancer","floor":48,"turns":4},{"damage":13,"enemies":"Awakened One","floor":50,"turns":9},{"damage":12,"enemies":"Shield and Spear","floor":54,"turns":8},{"damage":0,"enemies":"The Heart","floor":55,"turns":9}],"seed_played":"8080777039476624202","potions_obtained":[{"floor":1,"key":"BlessingOfTheForge"},{"floor":6,"key":"BlessingOfTheForge"},{"floor":10,"key":"Weak Potion"},{"floor":33,"key":"Fire Potion"},{"floor":38,"key":"SteroidPotion"},{"floor":45,"key":"FairyPotion"},{"floor":54,"key":"LiquidBronze"}],"is_trial":false,"path_per_floor":["M","M","M","$","?","E","R","E","T","E","?","E","?","M","R","B",null,"M","?","$","?","M","R","E","R","T","M","M","R","?","E","R","B",null,"M","$","?","M","$","E","R","E","T","R","E","M","R","E","R","B",null,"R","$","E","B",null],"character_chosen":"IRONCLAD","items_purchased":["Uppercut","Dexterity Potion","DollysMirror","Bottled Tornado","OrangePellets","Bronze Scales","Medical Kit"],"campfire_rested":0,"item_purchase_floors":[4,4,20,20,36,36,53],"current_hp_per_floor":[69,68,72,72,77,71,71,69,69,64,64,65,58,64,64,31,66,57,38,38,38,38,38,38,38,38,36,38,38,38,21,21,7,38,44,44,44,48,48,48,48,48,48,48,48,48,48,48,48,41,46,46,46,40,46],"gold":57,"neow_bonus":"THREE_RARE_CARDS","is_daily":false,"chose_seed":false,"campfire_upgraded":10,"win_rate":0.0,"timestamp":1608428392,"path_taken":["M","M","M","$","?","E","R","E","T","E","?","E","?","M","R","BOSS","M","?","$","?","M","R","E","R","T","?","M","R","?","E","R","BOSS","M","$","?","?","?","E","R","E","T","R","E","M","R","E","R","BOSS","R","$","E","BOSS"],"items_purchased_type":["Card","Potion","Relic","Relic","Relic","Relic","Relic"],"build_version":"2020-12-13","purchased_purges":0,"victory":true,"max_hp_per_floor":[72,72,72,72,77,77,77,77,77,77,77,77,77,77,77,77,77,77,38,38,38,38,38,38,38,38,38,38,38,38,48,48,48,48,48,48,48,48,48,48,48,48,48,48,48,48,48,48,48,48,48,48,48,48,48],"relic_stats":{"Gremlin Horn":[19,19],"counters":[26,158],"Astrolabe":["Armaments","Feel No Pain","Uppercut"],"Pen Nib":[3],"Letter Opener":[170],"Orichalcum":[78],"MawBank":96,"Medical Kit":[15],"Burning Blood":107,"OrangePellets":[8],"Nunchaku":[9],"Bronze Scales":[340],"Nloth\u0027s Gift":3,"Kunai":[3],"obtain_stats":[{"Ice Cream":10,"Regal Pillow":8,"Pear":31,"Gremlin Horn":9,"Astrolabe":17,"Vajra":54,"Pen Nib":45,"Letter Opener":40,"Bottled Tornado":20,"Orichalcum":24,"MawBank":12,"Medical Kit":53,"Burning Blood":0,"OrangePellets":36,"Nunchaku":26,"DollysMirror":20,"Bronze Scales":36,"Nloth\u0027s Gift":21,"Kunai":48,"FossilizedHelix":6,"Red Skull":42,"Runic Pyramid":34},{"Ice Cream":6,"Regal Pillow":5,"Pear":15,"Gremlin Horn":5,"Astrolabe":9,"Vajra":25,"Pen Nib":21,"Letter Opener":19,"Bottled Tornado":10,"Orichalcum":12,"MawBank":7,"Medical Kit":24,"Burning Blood":0,"OrangePellets":17,"Nunchaku":12,"DollysMirror":10,"Bronze Scales":17,"Nloth\u0027s Gift":10,"Kunai":23,"FossilizedHelix":4,"Red Skull":20,"Runic Pyramid":16},{"Ice Cream":23,"Regal Pillow":19,"Pear":77,"Gremlin Horn":19,"Astrolabe":38,"Vajra":149,"Pen Nib":123,"Letter Opener":104,"Bottled Tornado":44,"Orichalcum":56,"MawBank":27,"Medical Kit":141,"Burning Blood":0,"OrangePellets":95,"Nunchaku":56,"DollysMirror":44,"Bronze Scales":95,"Nloth\u0027s Gift":44,"Kunai":132,"FossilizedHelix":13,"Red Skull":111,"Runic Pyramid":87}]},"card_choices":[{"not_picked":["Feed","Reaper"],"picked":"Immolate","floor":0},{"not_picked":["Searing Blow","Headbutt","Havoc"],"picked":"SKIP","floor":1},{"not_picked":["Cleave","Feel No Pain"],"picked":"Spot Weakness","floor":2},{"not_picked":["Heavy Blade","Body Slam"],"picked":"Shockwave","floor":3},{"not_picked":["Warcry","Flex","Dual Wield"],"picked":"SKIP","floor":6},{"not_picked":["Cleave","Whirlwind","Armaments"],"picked":"SKIP","floor":8},{"not_picked":["Feel No Pain","Thunderclap","Combust"],"picked":"SKIP","floor":10},{"not_picked":["True Grit","Infernal Blade"],"picked":"Corruption","floor":12},{"not_picked":["Clothesline","Havoc"],"picked":"Pommel Strike","floor":14},{"not_picked":["Corruption","Reaper"],"picked":"Impervious","floor":16},{"not_picked":["Fire Breathing","Sword Boomerang","Burning Pact"],"picked":"SKIP","floor":18},{"not_picked":["Intimidate+1","Warcry"],"picked":"Dark Embrace","floor":22},{"not_picked":["Battle Trance","Dual Wield"],"picked":"Shrug It Off","floor":24},{"not_picked":["Anger+1","Flex","Blood for Blood"],"picked":"SKIP","floor":27},{"not_picked":["Berserk","Thunderclap+1"],"picked":"Sentinel+1","floor":28},{"not_picked":["Flex","Heavy Blade"],"picked":"Whirlwind","floor":31},{"not_picked":["Fiend Fire","Impervious"],"picked":"Barricade","floor":33},{"not_picked":["Headbutt","Heavy Blade"],"picked":"Rage+1","floor":35},{"not_picked":["Pommel Strike","Twin Strike","Headbutt+1"],"picked":"SKIP","floor":38},{"not_picked":["Brutality","Feel No Pain+1","Sword Boomerang"],"picked":"SKIP","floor":40},{"not_picked":["Sword Boomerang","Feed","Headbutt"],"picked":"SKIP","floor":42},{"not_picked":["Iron Wave+1","Twin Strike"],"picked":"Exhume","floor":45},{"not_picked":["Flex+1","Thunderclap","Cleave"],"picked":"SKIP","floor":46},{"not_picked":["Thunderclap","Cleave"],"picked":"Flex+1","floor":46},{"not_picked":["Iron Wave+1","Double Tap"],"picked":"Inflame","floor":48},{"not_picked":["Anger","Spot Weakness"],"picked":"Shrug It Off","floor":54}],"player_experience":53454,"relics_obtained":[{"floor":6,"key":"FossilizedHelix"},{"floor":8,"key":"Regal Pillow"},{"floor":9,"key":"Gremlin Horn"},{"floor":10,"key":"Ice Cream"},{"floor":12,"key":"MawBank"},{"floor":24,"key":"Orichalcum"},{"floor":26,"key":"Nunchaku"},{"floor":31,"key":"Pear"},{"floor":40,"key":"Letter Opener"},{"floor":42,"key":"Red Skull"},{"floor":45,"key":"Pen Nib"},{"floor":48,"key":"Kunai"},{"floor":54,"key":"Vajra"}],"event_choices":[{"damage_healed":0,"gold_gain":0,"player_choice":"Donut","damage_taken":0,"max_hp_gain":5,"max_hp_loss":0,"event_name":"Big Fish","floor":5,"gold_loss":0},{"damage_healed":0,"gold_gain":0,"player_choice":"Ignored","damage_taken":0,"max_hp_gain":0,"max_hp_loss":0,"event_name":"Liars Game","floor":11,"gold_loss":0},{"damage_healed":0,"gold_gain":0,"player_choice":"Damaged","damage_taken":7,"max_hp_gain":0,"max_hp_loss":0,"event_name":"Wheel of Change","floor":13,"gold_loss":0},{"damage_healed":0,"gold_gain":0,"player_choice":"Became a Ghost","damage_taken":0,"max_hp_gain":0,"max_hp_loss":39,"event_name":"Ghosts","floor":19,"gold_loss":0,"cards_obtained":["Ghostly","Ghostly","Ghostly","Ghostly","Ghostly"]},{"damage_healed":0,"gold_gain":0,"player_choice":"Traded Relic","damage_taken":0,"relics_obtained":["Nloth\u0027s Gift"],"max_hp_gain":0,"max_hp_loss":0,"event_name":"N\u0027loth","floor":21,"relics_lost":["Regal Pillow"],"gold_loss":0},{"damage_healed":0,"gold_gain":0,"cards_transformed":["Strike_R"],"player_choice":"Transformed","damage_taken":0,"max_hp_gain":0,"max_hp_loss":0,"event_name":"Transmorgrifier","floor":30,"gold_loss":0,"cards_obtained":["Double Tap"]},{"damage_healed":0,"gold_gain":0,"player_choice":"Copied","damage_taken":0,"max_hp_gain":0,"max_hp_loss":0,"event_name":"Duplicator","floor":37,"gold_loss":0,"cards_obtained":["Feel No Pain"]}],"is_beta":false,"boss_relics":[{"not_picked":["Runic Dome","Runic Cube"],"picked":"Astrolabe"},{"not_picked":["SacredBark","Black Blood"],"picked":"Runic Pyramid"}],"items_purged_floors":[],"is_endless":false,"potions_floor_spawned":[1,6,10,28,33,38,45,54],"ascension_level":11}}