{"host":"12lfxc1tw806cwlx","time":1608453471,"event":{"mods":["Aspiration","BaseMod","Beaked The Cultist","Block Reminder","Colored Map","Colored Powertips","Downfall","Highlight Path","Infinite Spire","Jedi Mod","Minty Spire (QoL Compilation)","Relic Stats","Replay The Spire","StSLib","The Jungle"],"gold_per_floor":[113,113,213,231,242,242,57,57,109,109,109,109,121,44,44,144,144,158,176,190,200,200,40,53,53,134,134,149,226,226,243,243,243,243],"floor_reached":33,"playtime":4182,"items_purged":[],"score":237,"play_id":"bbb612d4-ffcd-4a13-92fd-a9bce1634ee0","local_time":"20201220033751","daily_mods":["Draft","Red Cards","Flight"],"is_ascension_mode":false,"campfire_choices":[{"data":"ReplayTheSpireMod:System Scan","floor":6.0,"key":"SMITH"},{"data":"Pommel Strike","floor":8.0,"key":"SMITH"},{"data":"Beam Cell","floor":10.0,"key":"SMITH"},{"data":"Pommel Strike","floor":11.0,"key":"SMITH"},{"data":"Conserve Battery","floor":15.0,"key":"SMITH"},{"floor":25,"key":"REST"},{"floor":30,"key":"REST"},{"floor":32,"key":"REST"}],"circlet_count":0,"master_deck":["Barrage","ReplayTheSpireMod:Stacked","Recycle","Panic Button","Sweeping Beam","Conserve Battery+1","jedi:BurstFrost","Beam Cell+1","Leap","Cleave","Pommel Strike+1","Heavy Blade","Life Link","Shrug It Off","Flex","Pommel Strike+1","Injury","ReplayTheSpireMod:System Scan+1","Hemogenesis+1","FIFO Queue","Conserve Battery","Flex","Steam","Double Tap","Streamline+1","Capacitor+1","aspiration:Polymerization","Hemogenesis+1","Echo Form","Headbutt+1","infinitespire:OneForAll+1","Time Bomb"],"relics":["Cracked Core","Molten Egg 2","DataDisk","Toy Ornithopter","Painkiller Herb","infinitespire:FocusingShard","Letter Opener"],"acts_visited":["Exordium","theJungle:Jungle"],"potions_floor_usage":[],"damage_taken":[{"damage":0.0,"enemies":"Cultist","floor":1.0,"turns":1.0},{"damage":0.0,"enemies":"Jaw Worm","floor":4.0,"turns":3.0},{"damage":0.0,"enemies":"2 Louse","floor":5.0,"turns":2.0},{"damage":5.0,"enemies":"Exordium Wildlife","floor":13.0,"turns":4.0},{"damage":35,"enemies":"Slime Boss","floor":16,"turns":9},{"damage":15,"enemies":"theJungle:Flameango_and_Byrd","floor":18,"turns":7},{"damage":0,"enemies":"theJungle:5_Spyders","floor":19,"turns":10},{"damage":36,"enemies":"theJungle:2_Flameangoes","floor":20,"turns":6},{"damage":24,"enemies":"theJungle:2_Snecko_Cultists","floor":21,"turns":6},{"damage":12,"enemies":"theJungle:JungleHuntersEncounter","floor":24,"turns":8},{"damage":44,"enemies":"theJungle:2_Flameangoes","floor":28,"turns":6},{"damage":26,"enemies":"Snake Plant","floor":31,"turns":5},{"damage":29,"enemies":"theJungle:TotemBoss","floor":33,"turns":4}],"seed_played":"-6869584539198535431","potions_obtained":[{"floor":5.0,"key":"Languid Potion"},{"floor":13.0,"key":"Adrenaline Potion"},{"floor":16,"key":"Explosive Potion"},{"floor":20,"key":"sneckomod:MuddlingPotion"},{"floor":21,"key":"Weak Potion"}],"is_trial":true,"path_per_floor":["M","?","?","M","M","R","$","R","T","R","R","WH","M","$","R","B",null,"?","?","?","?","AVR","T","?","T","T","?","?","T","T","?","T","B"],"character_chosen":"DEFECT","items_purchased":["DataDisk","FIFO Queue","Flex","Steam","Echo Form"],"campfire_rested":3,"item_purchase_floors":[7,7,14,14,23],"current_hp_per_floor":[75,75,75,75,75,75,75,75,75,75,75,82,77,77,77,42,82,67,75,39,23,23,23,19,43,43,43,7,7,31,5,29,0,0],"gold":243,"neow_bonus":"TEN_PERCENT_HP_BONUS","is_daily":false,"chose_seed":false,"campfire_upgraded":5,"win_rate":0.0,"timestamp":1608453471,"path_taken":["M","?","?","?","M","R","$","R","T","R","R","WH","?","?","R","BOSS","?","?","?","?","AVR","T","?","T","T","?","?","?","T","?","T","BOSS"],"items_purchased_type":["Relic","Card","Card","Card","Card"],"build_version":"2020-12-13","purchased_purges":0,"victory":false,"max_hp_per_floor":[75,75,75,75,75,75,75,75,75,75,75,82,82,82,82,82,82,82,82,82,82,82,82,82,82,82,82,82,82,82,82,82,82,82],"relic_stats":{"counters":[13,71],"Letter Opener":[10],"obtain_stats":[{"DataDisk":7,"Molten Egg 2":2,"Painkiller Herb":17,"infinitespire:FocusingShard":26,"Letter Opener":29,"Cracked Core":0,"Toy Ornithopter":9},{"DataDisk":3,"Molten Egg 2":1,"Painkiller Herb":5,"infinitespire:FocusingShard":10,"Letter Opener":11,"Cracked Core":0,"Toy Ornithopter":3},{"DataDisk":6,"Molten Egg 2":1,"Painkiller Herb":19,"infinitespire:FocusingShard":56,"Letter Opener":62,"Cracked Core":0,"Toy Ornithopter":6}],"Toy Ornithopter":0},"card_choices":[{"not_picked":["Sever Soul","jedi:BurstFrost"],"picked":"Barrage","floor":0.0},{"not_picked":["Flex","Combust"],"picked":"ReplayTheSpireMod:Stacked","floor":0.0},{"not_picked":["Perfected Strike","jedi:MakeshiftSword"],"picked":"Recycle","floor":0.0},{"not_picked":["Perfected Strike","Havoc"],"picked":"Panic Button","floor":0.0},{"not_picked":["Double Energy","Recycle"],"picked":"Sweeping Beam","floor":0.0},{"not_picked":["Combust","ReplayGash"],"picked":"Conserve Battery","floor":0.0},{"not_picked":["True Grit","Perfected Strike"],"picked":"jedi:BurstFrost","floor":0.0},{"not_picked":["Rampage","Replay:Undeath\u0027s Touch"],"picked":"Beam Cell","floor":0.0},{"not_picked":["Sweeping Beam","Rebound"],"picked":"Leap","floor":0.0},{"not_picked":["Panic Button","ReplayTheSpireMod:LeadingStrike"],"picked":"Cleave","floor":0.0},{"not_picked":["Panic Button","Sword Boomerang"],"picked":"Pommel Strike","floor":0.0},{"not_picked":["True Grit","ReplayTheSpireMod:GoodbyeWorld"],"picked":"Heavy Blade","floor":0.0},{"not_picked":["jedi:BurstFrost","Sweeping Beam"],"picked":"Life Link","floor":0.0},{"not_picked":["Replay:Undeath\u0027s Touch","Fusion"],"picked":"Shrug It Off","floor":0.0},{"not_picked":["Bloodletting","White Noise"],"picked":"Flex","floor":0.0},{"not_picked":["Power Through","True Grit"],"picked":"Pommel Strike","floor":1.0},{"not_picked":["Undo","Barrage+1"],"picked":"ReplayTheSpireMod:System Scan","floor":4.0},{"not_picked":["Panic Button","jedi:blockon"],"picked":"Hemogenesis+1","floor":5.0},{"not_picked":["Havoc","jedi:BurstFrost"],"picked":"Conserve Battery","floor":13.0},{"not_picked":["ReplayTheSpireMod:Omega Cannon+1","Seek"],"picked":"Double Tap","floor":16},{"not_picked":["ReplayTheSpireMod:Reroute Power","Pommel Strike+1"],"picked":"Streamline+1","floor":18},{"not_picked":["Run Through+1","Sword Boomerang+1"],"picked":"Capacitor+1","floor":19},{"not_picked":["Cold Snap+1","Rebound+1"],"picked":"aspiration:Polymerization","floor":20},{"not_picked":["Coolheaded","Steam Power+1"],"picked":"Hemogenesis+1","floor":21},{"not_picked":["ReplayTheSpireMod:Reroute Power","Twin Strike+1"],"picked":"Headbutt+1","floor":24},{"not_picked":["jedi:suffering+1","Run Through+1"],"picked":"infinitespire:OneForAll+1","floor":28},{"not_picked":["Perfected Strike+1","Warcry"],"picked":"Time Bomb","floor":31}],"player_experience":270803,"relics_obtained":[{"floor":9.0,"key":"Toy Ornithopter"},{"floor":26,"key":"infinitespire:FocusingShard"},{"floor":29,"key":"Letter Opener"}],"event_choices":[{"damage_healed":0.0,"max_hp_gain":0.0,"max_hp_loss":0.0,"gold_gain":100.0,"event_name":"Golden Shrine","player_choice":"Pray","floor":3.0,"gold_loss":0.0,"damage_taken":0.0}],"is_beta":false,"boss_relics":[{"not_picked":["aspiration:Stellarator","Tiny House"],"picked":"Painkiller Herb"}],"items_purged_floors":[],"is_endless":false,"potions_floor_spawned":[5,13,16,20,21,28],"killed_by":"theJungle:TotemBoss","ascension_level":0}}