{"host":"yo9wwslrag05lh37","time":1608474016,"event":{"mods":["AchievementEnabler","BaseMod","Block Reminder","Colored Map","Colored Powertips","GifTheSpireLib","HexUI Lib","Highlight Path","Minty Spire (QoL Compilation)","Rare Cards Sparkle","Relic Stats","StSLib","everything is the same but u backflip on backflip"],"gold_per_floor":[119,38,51,126,145,145,145,155,155,190,190,36,36,70,70,145,145,158,158,83,83,33,58,58,71,71,88,88,88,121,71,71,145,145,160,176,176,39,39,71,71,101,101,116,149,166,191,201,201,201],"floor_reached":49,"playtime":3091,"items_purged":["Strike_G","Strike_G+1"],"score":1323,"play_id":"57c21a95-5446-47f3-b714-30438e978f37","local_time":"20201220152016","is_ascension_mode":true,"campfire_choices":[{"data":"Dagger Spray","floor":7.0,"key":"SMITH"},{"data":"Corpse Explosion","floor":11.0,"key":"SMITH"},{"data":"Dash","floor":15.0,"key":"SMITH"},{"data":"Bouncing Flask","floor":24.0,"key":"SMITH"},{"floor":29.0,"key":"REST"},{"data":"Ghostly","floor":32.0,"key":"SMITH"},{"data":"Ghostly","floor":41,"key":"SMITH"},{"data":"Crippling Poison","floor":49,"key":"SMITH"}],"circlet_count":0,"master_deck":["AscendersBane","Strike_G+1","Strike_G+1","Defend_G+1","Defend_G+1","Defend_G+1","Defend_G+1","Defend_G+1","Survivor","Neutralize","Dagger Spray+1","Skewer+1","Dash+1","Corpse Explosion+1","Bouncing Flask+1","PiercingWail","Adrenaline","Crippling Poison+1","Predator","Ghostly","Ghostly+1","Ghostly+1","Dodge and Roll+1","Malaise","Night Terror","Predator","Ghostly+1","Ghostly+1","Crippling Poison+1","Crippling Poison+1","Backflip","Tools of the Trade"],"relics":["Ring of the Snake","Pear","Prayer Wheel","Blue Candle","Velvet Choker","Enchiridion","Nunchaku","The Courier","Smiling Mask","Snecko Eye","DollysMirror","StoneCalendar","HornCleat","Ancient Tea Set","Snake Skull","Turnip"],"acts_visited":["Exordium","TheCity","TheBeyond"],"potions_floor_usage":[40,44],"damage_taken":[{"damage":0.0,"enemies":"Cultist","floor":1.0,"turns":4.0},{"damage":6.0,"enemies":"Jaw Worm","floor":3.0,"turns":3.0},{"damage":0.0,"enemies":"2 Louse","floor":5.0,"turns":3.0},{"damage":0.0,"enemies":"Exordium Wildlife","floor":8.0,"turns":3.0},{"damage":20.0,"enemies":"Lagavulin","floor":10.0,"turns":7.0},{"damage":2.0,"enemies":"3 Sentries","floor":14.0,"turns":2.0},{"damage":58.0,"enemies":"Slime Boss","floor":16.0,"turns":8.0},{"damage":4.0,"enemies":"Chosen","floor":18.0,"turns":4.0},{"damage":5.0,"enemies":"Book of Stabbing","floor":23.0,"turns":5.0},{"damage":4.0,"enemies":"2 Thieves","floor":25.0,"turns":3.0},{"damage":1.0,"enemies":"Centurion and Healer","floor":27.0,"turns":4.0},{"damage":4.0,"enemies":"Slavers","floor":30.0,"turns":4.0},{"damage":12.0,"enemies":"Automaton","floor":33.0,"turns":11.0},{"damage":1.0,"enemies":"Orb Walker","floor":35.0,"turns":5.0},{"damage":0.0,"enemies":"3 Darklings","floor":36.0,"turns":4.0},{"damage":12,"enemies":"Giant Head","floor":40,"turns":9},{"damage":0,"enemies":"Nemesis","floor":42,"turns":7},{"damage":1,"enemies":"Transient","floor":44,"turns":6},{"damage":0,"enemies":"Reptomancer","floor":45,"turns":7},{"damage":5,"enemies":"Writhing Mass","floor":46,"turns":6},{"damage":2,"enemies":"Giant Head","floor":47,"turns":8},{"damage":0,"enemies":"Spire Growth","floor":48,"turns":5}],"seed_played":"7435998168698152925","potions_obtained":[{"floor":3.0,"key":"BlessingOfTheForge"},{"floor":8.0,"key":"Fire Potion"},{"floor":16.0,"key":"Poison Potion"},{"floor":18.0,"key":"Poison Potion"},{"floor":30.0,"key":"Swift Potion"},{"floor":36.0,"key":"Poison Potion"},{"floor":42,"key":"Regen Potion"},{"floor":45,"key":"SteroidPotion"},{"floor":46,"key":"Swift Potion"}],"is_trial":false,"path_per_floor":["M","$","M","?","M","?","R","M","T","E","R","$","?","E","R","B",null,"M","?","$","?","?","E","R","M","T","M","?","R","E","$","R","B",null,"M","M","?","$","?","E","R","E","T","M","E","M","E","M","R"],"character_chosen":"THE_SILENT","items_purchased":["Skewer","FairyPotion","Bouncing Flask","DollysMirror"],"campfire_rested":1,"item_purchase_floors":[2,12,12,38],"current_hp_per_floor":[65,65,59,48,48,48,48,48,58,38,38,38,27,25,25,4,63,59,41,41,20,20,15,15,11,11,10,10,22,18,18,18,6,32,31,31,31,31,31,19,19,19,19,33,33,28,26,26,26,26],"gold":201,"neow_bonus":"TEN_PERCENT_HP_BONUS","is_daily":false,"chose_seed":false,"campfire_upgraded":7,"win_rate":0.0,"timestamp":1608474016,"path_taken":["M","?","M","?","M","?","R","?","T","E","R","$","?","E","R","BOSS","M","?","$","?","?","E","R","?","T","M","?","R","E","$","R","BOSS","M","M","?","$","?","E","R","E","T","M","E","M","E","?","R"],"items_purchased_type":["Card","Potion","Card","Relic"],"build_version":"2020-12-13","purchased_purges":2,"victory":false,"max_hp_per_floor":[72,72,72,72,72,72,72,72,82,82,82,82,82,82,82,82,82,82,41,41,41,41,41,41,41,41,41,41,41,41,41,41,41,41,41,41,41,41,41,41,41,41,41,41,41,41,41,41,41,41],"relic_stats":{"Nunchaku":[10],"counters":[22,118],"Blue Candle":[0],"Snecko Eye":[103,103,106,106],"Prayer Wheel":8,"StoneCalendar":[164],"Snake Skull":[40],"Turnip":[0],"Smiling Mask":30,"obtain_stats":[{"Pear":9,"Blue Candle":14,"Velvet Choker":17,"Enchiridion":21,"StoneCalendar":40,"The Courier":26,"Snake Skull":45,"Smiling Mask":30,"Ancient Tea Set":43,"Nunchaku":23,"HornCleat":42,"DollysMirror":38,"Snecko Eye":34,"Prayer Wheel":10,"Turnip":47,"Ring of the Snake":0},{"Pear":4,"Blue Candle":6,"Velvet Choker":7,"Enchiridion":8,"StoneCalendar":16,"The Courier":10,"Snake Skull":19,"Smiling Mask":12,"Ancient Tea Set":17,"Nunchaku":9,"HornCleat":17,"DollysMirror":15,"Snecko Eye":13,"Prayer Wheel":5,"Turnip":21,"Ring of the Snake":0},{"Pear":13,"Blue Candle":22,"Velvet Choker":30,"Enchiridion":34,"StoneCalendar":79,"The Courier":42,"Snake Skull":99,"Smiling Mask":50,"Ancient Tea Set":86,"Nunchaku":39,"HornCleat":86,"DollysMirror":70,"Snecko Eye":61,"Prayer Wheel":20,"Turnip":113,"Ring of the Snake":0}],"Ring of the Snake":[44]},"card_choices":[{"not_picked":["Slice","Underhanded Strike"],"picked":"Dagger Spray","floor":1.0},{"not_picked":["Dodge and Roll","Dagger Spray"],"picked":"Dash","floor":3.0},{"not_picked":["Dagger Throw","Blade Dance","Distraction"],"picked":"SKIP","floor":5.0},{"not_picked":["Poisoned Stab","Quick Slash"],"picked":"Corpse Explosion","floor":8.0},{"not_picked":["Prepared","Reflex","Poisoned Stab"],"picked":"SKIP","floor":10.0},{"not_picked":["Cloak And Dagger","Skewer"],"picked":"PiercingWail","floor":14.0},{"not_picked":["Unload","Corpse Explosion"],"picked":"Adrenaline","floor":16.0},{"not_picked":["Caltrops+1","Underhanded Strike"],"picked":"Crippling Poison","floor":18.0},{"not_picked":["Outmaneuver","Slice"],"picked":"Predator","floor":18.0},{"not_picked":["A Thousand Cuts","Accuracy","Dagger Spray"],"picked":"SKIP","floor":23.0},{"not_picked":["Masterful Stab","Bane","Blade Dance"],"picked":"SKIP","floor":25.0},{"not_picked":["Dodge and Roll+1","Poisoned Stab","Dagger Throw"],"picked":"SKIP","floor":25.0},{"not_picked":["Poisoned Stab","Dagger Throw"],"picked":"Dodge and Roll+1","floor":25.0},{"not_picked":["Masterful Stab","Bane","Blade Dance"],"picked":"SKIP","floor":25.0},{"not_picked":["Deadly Poison","Backflip"],"picked":"Malaise","floor":27.0},{"not_picked":["Dagger Spray","Masterful Stab","Endless Agony"],"picked":"SKIP","floor":27.0},{"not_picked":["Poisoned Stab","Outmaneuver","Doppelganger"],"picked":"SKIP","floor":30.0},{"not_picked":["Storm of Steel","Corpse Explosion"],"picked":"Night Terror","floor":33.0},{"not_picked":["Deflect+1","Dagger Throw+1","Acrobatics"],"picked":"SKIP","floor":35.0},{"not_picked":["Dagger Throw+1","Glass Knife","Underhanded Strike"],"picked":"SKIP","floor":35.0},{"not_picked":["Terror","Backstab"],"picked":"Predator","floor":36.0},{"not_picked":["Outmaneuver","Dodge and Roll","Dagger Throw"],"picked":"SKIP","floor":36.0},{"not_picked":["Cloak And Dagger","Deadly Poison"],"picked":"Crippling Poison","floor":40},{"not_picked":["Dagger Throw","Quick Slash+1","Flying Knee"],"picked":"SKIP","floor":42},{"not_picked":["Reflex","Dodge and Roll+1"],"picked":"Crippling Poison+1","floor":44},{"not_picked":["Accuracy","Choke","Skewer"],"picked":"SKIP","floor":44},{"not_picked":["Bouncing Flask","PiercingWail","Concentrate"],"picked":"SKIP","floor":45},{"not_picked":["Corpse Explosion","Setup"],"picked":"Backflip","floor":46},{"not_picked":["Dagger Throw","Deflect","Dash+1"],"picked":"SKIP","floor":46},{"not_picked":["Acrobatics","Setup","Bouncing Flask"],"picked":"SKIP","floor":47},{"not_picked":["Sucker Punch","Dodge and Roll+1"],"picked":"Tools of the Trade","floor":48},{"not_picked":["Sucker Punch","Riddle With Holes","Prepared"],"picked":"SKIP","floor":48}],"player_experience":1360391,"relics_obtained":[{"floor":9.0,"key":"Pear"},{"floor":10.0,"key":"Prayer Wheel"},{"floor":14.0,"key":"Blue Candle"},{"floor":21.0,"key":"Enchiridion"},{"floor":23.0,"key":"Nunchaku"},{"floor":26.0,"key":"The Courier"},{"floor":30.0,"key":"Smiling Mask"},{"floor":40,"key":"StoneCalendar"},{"floor":42,"key":"HornCleat"},{"floor":43,"key":"Ancient Tea Set"},{"floor":45,"key":"Snake Skull"},{"floor":47,"key":"Turnip"}],"event_choices":[{"damage_healed":0.0,"max_hp_gain":0.0,"max_hp_loss":0.0,"gold_gain":75.0,"event_name":"World of Goop","player_choice":"Gather Gold","floor":4.0,"gold_loss":0.0,"damage_taken":11.0},{"damage_healed":0.0,"max_hp_gain":0.0,"max_hp_loss":0.0,"gold_gain":0.0,"event_name":"Living Wall","player_choice":"Grow","floor":6.0,"gold_loss":0.0,"damage_taken":0.0,"cards_upgraded":["Skewer"]},{"damage_healed":0.0,"max_hp_gain":0.0,"max_hp_loss":0.0,"gold_gain":0.0,"event_name":"Scrap Ooze","player_choice":"Fled","floor":13.0,"gold_loss":0.0,"damage_taken":11.0},{"damage_healed":0.0,"max_hp_gain":0.0,"max_hp_loss":41.0,"gold_gain":0.0,"event_name":"Ghosts","player_choice":"Became a Ghost","floor":19.0,"gold_loss":0.0,"damage_taken":0.0,"cards_obtained":["Ghostly","Ghostly","Ghostly"]},{"damage_healed":0.0,"max_hp_gain":0.0,"max_hp_loss":0.0,"gold_gain":0.0,"event_name":"Cursed Tome","player_choice":"Obtained Book","floor":21.0,"gold_loss":0.0,"damage_taken":21.0},{"damage_healed":0.0,"max_hp_gain":0.0,"max_hp_loss":0.0,"gold_gain":0.0,"event_name":"Designer","player_choice":"Upgrade","floor":22.0,"gold_loss":50.0,"damage_taken":0.0,"cards_upgraded":["Crippling Poison"]},{"damage_healed":0.0,"max_hp_gain":0.0,"max_hp_loss":0.0,"gold_gain":0.0,"event_name":"Back to Basics","player_choice":"Simplicity","floor":28.0,"gold_loss":0.0,"damage_taken":0.0,"cards_upgraded":["Strike_G","Strike_G","Strike_G","Strike_G","Defend_G","Defend_G","Defend_G","Defend_G","Defend_G"]},{"cards_removed":["Strike_G"],"damage_healed":0.0,"max_hp_gain":0.0,"max_hp_loss":0.0,"gold_gain":0.0,"event_name":"Falling","player_choice":"Removed Attack","floor":37.0,"gold_loss":0.0,"damage_taken":0.0},{"damage_healed":0.0,"max_hp_gain":0.0,"max_hp_loss":0.0,"gold_gain":0.0,"event_name":"Duplicator","player_choice":"Copied","floor":39.0,"gold_loss":0.0,"damage_taken":0.0,"cards_obtained":["Ghostly"]}],"is_beta":false,"boss_relics":[{"not_picked":["Coffee Dripper","Ring of the Serpent"],"picked":"Velvet Choker"},{"not_picked":["Black Star","Astrolabe"],"picked":"Snecko Eye"}],"items_purged_floors":[20,31],"is_endless":false,"potions_floor_spawned":[3,8,16,18,30,36,42,45,46,48],"ascension_level":20}}