{"host":"a5lz0e76zb3fcwkm","time":1608484775,"event":{"mods":["AchievementEnabler","BaseMod","Colored Map","Colored Powertips","Minty Spire (QoL Compilation)","StSLib","SuperFastMode"],"gold_per_floor":[112,112,129,147,167,167,194,194,194,229,229,229,247,247,247,318,318,337,352,352,352],"floor_reached":20,"playtime":544,"items_purged":[],"score":368,"play_id":"7b64cbbf-a142-457c-9242-902d4187901c","local_time":"20201221021935","is_ascension_mode":true,"campfire_choices":[{"data":"Bludgeon","floor":6.0,"key":"SMITH"},{"floor":8.0,"key":"REST"},{"data":"Evolve","floor":12.0,"key":"SMITH"},{"floor":15.0,"key":"REST"}],"circlet_count":0,"master_deck":["AscendersBane","Strike_R","Strike_R","Strike_R","Strike_R","Strike_R","Defend_R","Defend_R","Defend_R","Defend_R","Bash","Metamorphosis","Shrug It Off","Bludgeon+1","Second Wind","Power Through","Evolve+1","Body Slam"],"relics":["Burning Blood","Akabeko","Toxic Egg 2","Centennial Puzzle","SlaversCollar"],"acts_visited":["Exordium","TheCity"],"potions_floor_usage":[20],"damage_taken":[{"damage":1.0,"enemies":"Cultist","floor":1.0,"turns":3.0},{"damage":16.0,"enemies":"Jaw Worm","floor":3.0,"turns":4.0},{"damage":6.0,"enemies":"2 Louse","floor":4.0,"turns":3.0},{"damage":15.0,"enemies":"Exordium Wildlife","floor":5.0,"turns":4.0},{"damage":32.0,"enemies":"3 Sentries","floor":7.0,"turns":8.0},{"damage":45.0,"enemies":"Gremlin Nob","floor":10.0,"turns":5.0},{"damage":18.0,"enemies":"Large Slime","floor":13.0,"turns":5.0},{"damage":20.0,"enemies":"Slime Boss","floor":16.0,"turns":9.0},{"damage":31.0,"enemies":"3 Byrds","floor":18.0,"turns":8.0},{"damage":4.0,"enemies":"Chosen","floor":19.0,"turns":5.0},{"damage":40,"enemies":"Masked Bandits","floor":20,"turns":3}],"seed_played":"2506383134933897972","potions_obtained":[{"floor":1.0,"key":"SkillPotion"},{"floor":3.0,"key":"Regen Potion"},{"floor":18.0,"key":"Block Potion"}],"is_trial":false,"path_per_floor":["M","?","M","M","M","R","E","R","T","E","?","R","M","?","R","B",null,"M","M","?"],"character_chosen":"IRONCLAD","items_purchased":[],"campfire_rested":2,"item_purchase_floors":[],"current_hp_per_floor":[68,73,63,63,54,54,43,64,64,25,25,25,13,8,29,15,59,34,36,0,0],"gold":352,"neow_bonus":"RANDOM_COLORLESS_2","is_daily":false,"chose_seed":false,"campfire_upgraded":2,"win_rate":0.0,"timestamp":1608484775,"path_taken":["M","?","M","M","M","R","E","R","T","E","?","R","?","?","R","BOSS","M","M","?"],"items_purchased_type":[],"build_version":"2020-12-13","purchased_purges":0,"victory":false,"max_hp_per_floor":[68,73,73,73,73,73,73,73,73,73,73,73,73,73,73,73,73,73,73,73,73],"card_choices":[{"not_picked":["Sadistic Nature","Thinking Ahead"],"picked":"Metamorphosis","floor":0.0},{"not_picked":["Clash","Burning Pact"],"picked":"Shrug It Off","floor":1.0},{"not_picked":["True Grit","Havoc"],"picked":"Bludgeon","floor":3.0},{"not_picked":["Body Slam","Cleave"],"picked":"Second Wind","floor":4.0},{"not_picked":["Body Slam","Iron Wave"],"picked":"Power Through","floor":5.0},{"not_picked":["Twin Strike","Metallicize","Intimidate"],"picked":"SKIP","floor":7.0},{"not_picked":["Clothesline","Dark Embrace"],"picked":"Evolve","floor":10.0},{"not_picked":["Pommel Strike","Pummel","Clash"],"picked":"SKIP","floor":13.0},{"not_picked":["Anger","Iron Wave"],"picked":"Body Slam","floor":18.0},{"not_picked":["Pommel Strike","Clash","Armaments+1"],"picked":"SKIP","floor":19.0}],"player_experience":1626674,"relics_obtained":[{"floor":7.0,"key":"Akabeko"},{"floor":10.0,"key":"Toxic Egg 2"}],"event_choices":[{"damage_healed":0.0,"max_hp_gain":5.0,"max_hp_loss":0.0,"gold_gain":0.0,"event_name":"Big Fish","player_choice":"Donut","floor":2.0,"gold_loss":0.0,"damage_taken":0.0},{"damage_healed":0.0,"max_hp_gain":0.0,"max_hp_loss":0.0,"gold_gain":0.0,"event_name":"Match and Keep!","player_choice":"0 cards matched","floor":11.0,"gold_loss":0.0,"damage_taken":0.0,"cards_obtained":[]},{"damage_healed":0.0,"max_hp_gain":0.0,"max_hp_loss":0.0,"gold_gain":0.0,"event_name":"Match and Keep!","player_choice":"0 cards matched","floor":11.0,"gold_loss":0.0,"damage_taken":0.0,"cards_obtained":[]},{"damage_healed":0.0,"max_hp_gain":0.0,"max_hp_loss":0.0,"gold_gain":0.0,"event_name":"Scrap Ooze","player_choice":"Success","floor":14.0,"gold_loss":0.0,"damage_taken":5.0,"relics_obtained":["Centennial Puzzle"]},{"damage_healed":0,"gold_gain":0,"player_choice":"Fought Bandits","damage_taken":0,"max_hp_gain":0,"max_hp_loss":0,"event_name":"Masked Bandits","floor":20,"gold_loss":0}],"is_beta":false,"boss_relics":[{"not_picked":["Runic Dome","Philosopher\u0027s Stone"],"picked":"SlaversCollar"}],"items_purged_floors":[],"is_endless":false,"potions_floor_spawned":[1,3,4,18],"killed_by":"Masked Bandits","ascension_level":20}}