{"host":"l2dnabsh5e0fsksb","time":1608452866,"event":{"mods":["2.2 Compatiblity","BaseMod","Downfall","Minty Spire (QoL Compilation)","Quick Restart","StSLib"],"gold_per_floor":[349,15,27,12,31,31,31,62,62,87,87,87,98,109,122,122,122],"floor_reached":16,"playtime":748,"items_purged":[],"score":204,"play_id":"0af9bf3a-ba16-4832-8696-7673298c9bc8","local_time":"20201220185746","is_ascension_mode":true,"campfire_choices":[{"floor":1.0,"key":"RECALL"},{"data":"Slimebound:Split","floor":6.0,"key":"SMITH"},{"floor":9.0,"key":"REST"}],"circlet_count":0,"master_deck":["AscendersBane","Slimebound:Strike_Slimebound","Slimebound:Strike_Slimebound","Slimebound:Strike_Slimebound","Slimebound:Tackle","Slimebound:Defend_Slimebound","Slimebound:Defend_Slimebound","Slimebound:Defend_Slimebound+1","Slimebound:Defend_Slimebound","Slimebound:Split+1","Slimebound:CorrosiveSpit+1","Slimebound:SplitLeeching","Slimebound:SplitMire","Slimebound:SplitAcid","Slimebound:Nibble","Slimebound:LeechEnergy","Slimebound:MegaLick","Slimebound:ProtectTheBoss","Slimebound:HauntingLick","Slimebound:GoopSpray","Slimebound:LeechEnergy"],"relics":["Slimebound:AbsorbEndCombat","Blue Candle","WingedGreaves","Darkstone Periapt","Slimebound:ScrapOozeRelic","Calipers"],"acts_visited":["Exordium"],"potions_floor_usage":[16],"damage_taken":[{"damage":7.0,"enemies":"downfall:FleeingMerchant","floor":2.0,"turns":4.0},{"damage":15.0,"enemies":"Cultist","floor":3.0,"turns":4.0},{"damage":23.0,"enemies":"downfall:FleeingMerchant","floor":4.0,"turns":4.0},{"damage":30.0,"enemies":"Small Slimes","floor":5.0,"turns":4.0},{"damage":47.0,"enemies":"Lagavulin","floor":8.0,"turns":5.0},{"damage":25.0,"enemies":"3 Sentries","floor":10.0,"turns":4.0},{"damage":24.0,"enemies":"Jaw Worm","floor":13.0,"turns":2.0},{"damage":27.0,"enemies":"Lots of Slimes","floor":14.0,"turns":3.0},{"damage":4.0,"enemies":"Blue Slaver","floor":15.0,"turns":3.0},{"damage":42,"enemies":"downfall:Ironclad","floor":16,"turns":5}],"seed_played":"-3730970868219662176","potions_obtained":[{"floor":3.0,"key":"Slimebound:SlimyTonguePotion"},{"floor":5.0,"key":"Slimebound:SpawnSlimePotion"},{"floor":8.0,"key":"AttackPotion"},{"floor":13.0,"key":"DuplicationPotion"}],"is_trial":false,"path_per_floor":["R","$","M","$","M","R","T","E","R","E","?","?","M","M","M","B"],"character_chosen":"SLIMEBOUND","items_purchased":["Blue Candle","Slimebound:SplitMire"],"campfire_rested":1,"item_purchase_floors":[2,2],"current_hp_per_floor":[37,40,43,42,32,32,32,15,31,34,34,34,24,17,21,0,0],"gold":122,"neow_bonus":"TWO_FIFTY_GOLD","is_daily":false,"chose_seed":false,"campfire_upgraded":1,"win_rate":0.0,"timestamp":1608452866,"path_taken":["R","$","?","$","M","R","T","E","R","E","?","?","?","M","M","BOSS"],"items_purchased_type":["Relic","Card"],"build_version":"2020-12-13","purchased_purges":0,"victory":false,"max_hp_per_floor":[54,54,54,54,54,54,54,54,54,54,54,54,54,54,54,54,54],"card_choices":[{"not_picked":["Slimebound:Schlurp","Slimebound:AcidTongue"],"picked":"Slimebound:SplitLeeching","floor":2.0},{"not_picked":["Slimebound:SplitMire","Slimebound:LivingWall"],"picked":"Slimebound:SplitAcid","floor":3.0},{"not_picked":["Slimebound:SlimeSpikes","Slimebound:Teamwork"],"picked":"Slimebound:Nibble","floor":4.0},{"not_picked":["Slimebound:RollThrough","Slimebound:SplitSpecialist"],"picked":"Slimebound:LeechEnergy","floor":5.0},{"not_picked":["Slimebound:Dissolve","Slimebound:GoopSpray"],"picked":"Slimebound:MegaLick","floor":8.0},{"not_picked":["Slimebound:ViciousTackle","Slimebound:Grow"],"picked":"Slimebound:ProtectTheBoss","floor":10.0},{"not_picked":["Slimebound:LeechEnergy","Slimebound:PressTheAttack"],"picked":"Slimebound:HauntingLick","floor":13.0},{"not_picked":["Slimebound:SplitAcid","Slimebound:SlimeSpikes"],"picked":"Slimebound:GoopSpray","floor":14.0},{"not_picked":["Slimebound:SlimeBarrage","Slimebound:Equalize"],"picked":"Slimebound:LeechEnergy","floor":15.0}],"player_experience":1695562,"relics_obtained":[{"floor":7.0,"key":"WingedGreaves"},{"floor":8.0,"key":"Darkstone Periapt"},{"floor":10.0,"key":"War Paint"},{"floor":12.0,"key":"Calipers"}],"event_choices":[{"damage_healed":0.0,"max_hp_gain":0.0,"max_hp_loss":0.0,"gold_gain":0.0,"event_name":"Wheel of Change","player_choice":"Relic","floor":12.0,"gold_loss":0.0,"damage_taken":0.0}],"is_beta":false,"boss_relics":[],"items_purged_floors":[],"is_endless":false,"potions_floor_spawned":[3,5,8,13],"killed_by":"downfall:Ironclad","ascension_level":17}}