{"host":"mi0eibewekhugwl1","time":1608481309,"event":{"mods":["AchievementEnabler","BaseMod","Colored Map","Colored Powertips","DeckTracker","Keyboard Shortcuts","Minty Spire (QoL Compilation)","Quick Restart","Rare Cards Sparkle","Relic Stats","StSLib","SuperFastMode","everything is the same but u backflip on backflip"],"gold_per_floor":[112,37,57,57,67,67,84,99,99,0,14,14,32,62,62,62,62],"floor_reached":16,"playtime":380,"items_purged":["Defend_G"],"score":208,"play_id":"92c40615-7db3-4ffb-a4e6-6e659771a7a9","local_time":"20201221012149","is_ascension_mode":true,"campfire_choices":[{"data":"Dagger Throw","floor":6,"key":"SMITH"},{"data":"Cloak And Dagger","floor":12,"key":"SMITH"},{"floor":15,"key":"REST"}],"circlet_count":0,"master_deck":["AscendersBane","Strike_G","Strike_G+1","Strike_G","Defend_G","Defend_G","Defend_G","Survivor","Neutralize","Catalyst","Blur","Dagger Throw+1","Blade Dance","Backstab+1","Cloak And Dagger+1","Dagger Spray","PiercingWail"],"relics":["Ring of the Snake","Whetstone"],"acts_visited":["Exordium"],"potions_floor_usage":[3,16],"damage_taken":[{"damage":0,"enemies":"2 Louse","floor":1,"turns":5},{"damage":0,"enemies":"Jaw Worm","floor":3,"turns":6},{"damage":0,"enemies":"Cultist","floor":5,"turns":4},{"damage":11,"enemies":"Gremlin Gang","floor":7,"turns":7},{"damage":0,"enemies":"Looter","floor":8,"turns":2},{"damage":3,"enemies":"Blue Slaver","floor":11,"turns":4},{"damage":16,"enemies":"Exordium Wildlife","floor":13,"turns":4},{"damage":23,"enemies":"3 Sentries","floor":14,"turns":12},{"damage":30,"enemies":"Hexaghost","floor":16,"turns":9}],"seed_played":"-5096289982570169506","potions_obtained":[{"floor":1,"key":"Fire Potion"},{"floor":11,"key":"Weak Potion"}],"is_trial":false,"path_per_floor":["M","?","M","?","M","R","M","M","T","$","M","R","M","E","R","B"],"character_chosen":"THE_SILENT","items_purchased":["Cloak And Dagger"],"campfire_rested":1,"item_purchase_floors":[10],"current_hp_per_floor":[59,59,59,59,59,59,48,48,48,48,45,45,29,6,25,0,0],"gold":62,"neow_bonus":"TRANSFORM_CARD","is_daily":false,"chose_seed":false,"campfire_upgraded":2,"win_rate":0.0,"timestamp":1608481309,"path_taken":["M","?","M","?","M","R","M","M","T","$","M","R","?","E","R","BOSS"],"items_purchased_type":["Card"],"build_version":"2020-12-13","purchased_purges":1,"victory":false,"max_hp_per_floor":[66,66,66,66,66,66,66,66,66,66,66,66,66,66,66,66,66],"relic_stats":{"counters":[9,53],"Whetstone":["Strike_G","Backstab"],"obtain_stats":[{"Whetstone":14,"Ring of the Snake":0},{"Whetstone":8,"Ring of the Snake":0},{"Whetstone":44,"Ring of the Snake":0}],"Ring of the Snake":[18]},"card_choices":[{"not_picked":["Riddle With Holes","Outmaneuver"],"picked":"Blur","floor":1},{"not_picked":["Outmaneuver","Skewer"],"picked":"Dagger Throw","floor":3},{"not_picked":["Dodge and Roll","PiercingWail"],"picked":"Blade Dance","floor":5},{"not_picked":["Outmaneuver","Underhanded Strike"],"picked":"Backstab","floor":7},{"not_picked":["Setup","Dodge and Roll","Backflip"],"picked":"SKIP","floor":8},{"not_picked":["Underhanded Strike","PiercingWail"],"picked":"Dagger Spray","floor":11},{"not_picked":["Poisoned Stab","Heel Hook"],"picked":"PiercingWail","floor":13},{"not_picked":["Burst","PiercingWail","Dagger Throw"],"picked":"SKIP","floor":14}],"player_experience":1694085,"relics_obtained":[{"floor":14,"key":"Whetstone"}],"event_choices":[{"cards_removed":["Defend_G"],"damage_healed":0,"gold_gain":0,"player_choice":"Card Removal","damage_taken":0,"max_hp_gain":0,"max_hp_loss":0,"event_name":"The Cleric","floor":2,"gold_loss":75},{"cards_removed":["Strike_G"],"damage_healed":0,"gold_gain":0,"player_choice":"Offered Basic","damage_taken":0,"max_hp_gain":0,"max_hp_loss":0,"event_name":"Bonfire Elementals","floor":4,"gold_loss":0}],"is_beta":false,"boss_relics":[],"items_purged_floors":[10],"is_endless":false,"potions_floor_spawned":[1,11],"killed_by":"Hexaghost","ascension_level":20}}