{"host":"eil9x6nly2al6731","time":1608457992,"event":{"mods":["Aspiration","BaseMod","Better Third Choice","Colored Powertips","Conspire","Energized Spire","Friendly Minions","Halation","Hubris","Infinite Spire","Minty Spire (QoL Compilation)","Random Character Button","Replay The Spire","Robot Space Explorer","Shop Mod","StSLib","The Druid","The Factory","The Jungle","The Mystic","The Servant 0.9.4","TheBandit"],"gold_per_floor":[116,116,29,43,43,69,69,85,85,113,132,132,151,161,161,237,237,256,256,256,25,35,35,66,78,78,91,160,160,178,208,208,285,285,301,315,315,315],"floor_reached":37,"playtime":1512,"items_purged":[],"score":842,"play_id":"64f1f58f-14bb-4323-9542-672d77e5d6fa","local_time":"20201220175312","is_ascension_mode":true,"campfire_choices":[{"floor":7,"key":"REST"},{"data":"Go for the Eyes","floor":12,"key":"SMITH"},{"data":"Dualcast","floor":15,"key":"SMITH"},{"floor":23,"key":"REST"},{"floor":29,"key":"REST"},{"floor":32,"key":"REST"}],"circlet_count":0,"master_deck":["AscendersBane","Strike_B","Strike_B","Strike_B","Strike_B","Defend_B","Defend_B","Defend_B","Defend_B","Zap+1","Dualcast+1","Coolheaded","FIFO Queue+1","Conserve Battery","Compile Driver","Electrodynamics","BootSequence","Go for the Eyes+1","Creative AI","Stack+1","Glacier","Glacier","Poisoned Strike","Enlightenment","ReplayUltimateDefense","Ball Lightning+1","Self Repair","Lockon+1","Cold Snap","BasicCrystalCard+1","Seek","Replay:BluntJabs+1","Redo+1"],"relics":["Cracked Core","hubris:Towel","aspiration:EnhancedActuators","Emotion Chip","Blue Doll","MutagenicStrength","MerchantsRug","ReplayTheSpireMod:ShopPack","hubris:ToyBattleship","aspiration:HummingbirdHeart","Blood Vial","Replay:Grab Bag","hubris:VirtuousBlindfold","Replay:Fungal Core","aspiration:Stellarator","aspiration:WatcherSkillbook"],"acts_visited":["Exordium","TheCity","TheBeyond"],"potions_floor_usage":[25,25,31,33],"damage_taken":[{"damage":9,"enemies":"Jaw Worm","floor":1,"turns":4},{"damage":3,"enemies":"Small Slimes","floor":4,"turns":3},{"damage":25,"enemies":"Lagavulin","floor":6,"turns":9},{"damage":0,"enemies":"Cultist","floor":8,"turns":4},{"damage":11,"enemies":"3 Sentries","floor":10,"turns":3},{"damage":0,"enemies":"3 Louse","floor":11,"turns":2},{"damage":1,"enemies":"Blue Slaver","floor":13,"turns":4},{"damage":0,"enemies":"Lots of Slimes","floor":14,"turns":1},{"damage":32,"enemies":"Hexaghost","floor":16,"turns":10},{"damage":11,"enemies":"Shell Parasite","floor":18,"turns":8},{"damage":21,"enemies":"Chosen","floor":22,"turns":7},{"damage":9,"enemies":"Nightmare","floor":24,"turns":10},{"damage":11,"enemies":"Snake Plant","floor":25,"turns":4},{"damage":4,"enemies":"Snecko","floor":27,"turns":4},{"damage":14,"enemies":"Chosen and Byrds","floor":30,"turns":6},{"damage":26,"enemies":"Slavers","floor":31,"turns":6},{"damage":22,"enemies":"Automaton","floor":33,"turns":13},{"damage":4,"enemies":"Orb Walker","floor":35,"turns":5},{"damage":39,"enemies":"3 Darklings","floor":36,"turns":5},{"damage":55,"enemies":"Transient","floor":37,"turns":6}],"seed_played":"2458305073903087555","potions_obtained":[{"floor":1,"key":"Elixir"},{"floor":8,"key":"PowerPotion"},{"floor":18,"key":"Adrenaline Potion"},{"floor":25,"key":"Block Potion"},{"floor":30,"key":"Dexterity Potion"},{"floor":33,"key":"AttackPotion"},{"floor":36,"key":"ColorlessPotion"}],"is_trial":false,"path_per_floor":["M","?","$","M","?","E","R","M","T","E","M","R","M","M","R","B",null,"M","?","?","$","M","R","NM","M","T","M","T","R","M","E","R","B",null,"M","M","M"],"character_chosen":"DEFECT","items_purchased":["FIFO Queue","Glacier","MerchantsRug","ReplayTheSpireMod:ShopPack"],"campfire_rested":4,"item_purchase_floors":[3,21,21,21],"current_hp_per_floor":[55,55,55,52,52,27,48,48,48,37,37,37,36,36,36,4,54,43,43,23,23,2,24,15,11,11,14,14,36,29,10,32,26,64,69,39,0,0],"gold":315,"neow_bonus":"UPGRADE_CARD","is_daily":false,"chose_seed":false,"campfire_upgraded":2,"win_rate":0.0,"timestamp":1608457992,"path_taken":["M","?","$","M","?","E","R","M","T","E","M","R","M","M","R","BOSS","M","?","?","$","M","R","NM","M","T","M","?","R","?","E","R","BOSS","M","M","M"],"items_purchased_type":["Card","Card","Relic","Relic"],"build_version":"2020-12-13","purchased_purges":0,"victory":false,"max_hp_per_floor":[71,71,71,71,71,71,71,71,71,71,71,71,71,71,71,71,71,71,71,76,76,76,76,76,76,76,76,76,76,76,76,76,76,76,76,76,76,76],"card_choices":[{"not_picked":["Turbo","Beam Cell"],"picked":"Coolheaded","floor":1},{"not_picked":["Doom and Gloom","Steam Power"],"picked":"Conserve Battery","floor":4},{"not_picked":["Biased Cognition","Turbo"],"picked":"Compile Driver","floor":6},{"not_picked":["Rebound","Scrape"],"picked":"Electrodynamics","floor":8},{"not_picked":["Leap","Ball Lightning"],"picked":"BootSequence","floor":10},{"not_picked":["Leap","Sweeping Beam"],"picked":"Go for the Eyes","floor":11},{"not_picked":["BasicCrystalCard","Compile Driver","Creative AI"],"picked":"SKIP","floor":13},{"not_picked":["Panic Button","Stack","Go for the Eyes"],"picked":"SKIP","floor":14},{"not_picked":["Buffer","Biased Cognition"],"picked":"Creative AI","floor":16},{"not_picked":["Compile Driver","Cold Snap"],"picked":"Stack+1","floor":18},{"not_picked":["Metamorphosis","Sadistic Nature"],"picked":"Poisoned Strike","floor":21},{"not_picked":["Purity","Survey Options"],"picked":"Enlightenment","floor":21},{"not_picked":["Apotheosis","hubris:Insight"],"picked":"ReplayUltimateDefense","floor":21},{"not_picked":["Barrage+1","Beam Cell"],"picked":"Ball Lightning+1","floor":22},{"not_picked":["Aggregate","Coolheaded"],"picked":"Self Repair","floor":24},{"not_picked":["Cold Snap","Rebound","Streamline"],"picked":"SKIP","floor":25},{"not_picked":["FIFO Queue","Reprogram+1"],"picked":"Lockon+1","floor":27},{"not_picked":["conspire:Rain","Go for the Eyes"],"picked":"Cold Snap","floor":30},{"not_picked":["Ball Lightning","Coolheaded"],"picked":"BasicCrystalCard+1","floor":31},{"not_picked":["Meteor Strike","hubris:SpecializedCircuitry"],"picked":"Seek","floor":33},{"not_picked":["Replay:AtTheReady","WheelKick","WreathOfFlame"],"picked":"Replay:BluntJabs+1","floor":35},{"not_picked":["FlyingSleeves","EmptyFist+1","Skim"],"picked":"Redo+1","floor":36}],"player_experience":1462066,"relics_obtained":[{"floor":6,"key":"aspiration:EnhancedActuators"},{"floor":9,"key":"Emotion Chip"},{"floor":10,"key":"Blue Doll"},{"floor":24,"key":"hubris:ToyBattleship"},{"floor":26,"key":"aspiration:HummingbirdHeart"},{"floor":31,"key":"Blood Vial"}],"event_choices":[{"damage_healed":0,"gold_gain":0,"player_choice":"Forge","damage_taken":0,"max_hp_gain":0,"max_hp_loss":0,"event_name":"Accursed Blacksmith","floor":5,"gold_loss":0,"cards_upgraded":["FIFO Queue"]},{"damage_healed":0,"gold_gain":0,"player_choice":"Inject Mutagens","damage_taken":0,"relics_obtained":["MutagenicStrength"],"max_hp_gain":0,"max_hp_loss":0,"event_name":"Drug Dealer","floor":19,"gold_loss":0},{"damage_healed":0,"gold_gain":0,"player_choice":"Shed Blood","damage_taken":25,"max_hp_gain":5,"max_hp_loss":0,"event_name":"Forgotten Altar","floor":20,"gold_loss":0}],"is_beta":false,"boss_relics":[{"not_picked":["energizedSpire:DeadBattery","conspire:RoyalGoblet"],"picked":"Replay:Bronze Core"},{"not_picked":["Coffee Dripper","Honey Jar"],"picked":"Replay:Grab Bag"},{"not_picked":["halation:SmartPhone","Abe\u0027s Treasure"],"picked":"hubris:VirtuousBlindfold"},{"not_picked":["hubris:GrandSneckoEye","energizedSpire:MagnifyingGlass"],"picked":"Replay:Fungal Core"},{"not_picked":["Calling Bell","SlaversCollar"],"picked":"aspiration:Stellarator"},{"not_picked":["Kintsugi","Ring of Chaos"],"picked":"aspiration:WatcherSkillbook"}],"items_purged_floors":[],"is_endless":false,"potions_floor_spawned":[1,8,13,14,18,25,30,33,35,36],"killed_by":"Transient","ascension_level":20}}