{"host":"rt0td7aa3g170xdl","time":1608438167,"event":{"mods":["2.2 Compatiblity","AchievementEnabler","BaseMod","Colored Map","DeckTracker","Keyboard Shortcuts","Minty Spire (QoL Compilation)","Permanent Neow","Quick Restart","SuperFastMode","everything is the same but u backflip on backflip"],"gold_per_floor":[110,124,124,138,63,63,98,98,98,98,173,200,200,214,214,313,313,328,328,328,348,348,364,379,379,379,410,410,310,310,185,185,283,283,303,353,369,422,125,125,0,30,30,30,44,44,64,74,74,74],"floor_reached":51,"playtime":2490,"items_purged":["Strike_G","Strike_G+1","Defend_G+1","Night Terror"],"score":849,"play_id":"fdd68083-d10c-43ac-9e4a-1ce812691264","local_time":"20201220132247","is_ascension_mode":true,"campfire_choices":[{"data":"Neutralize","floor":6.0,"key":"SMITH"},{"data":"Corpse Explosion","floor":10.0,"key":"SMITH"},{"data":"Dash","floor":15.0,"key":"SMITH"},{"floor":25.0,"key":"REST"},{"data":"Malaise","floor":30.0,"key":"SMITH"},{"data":"Burst","floor":32.0,"key":"SMITH"},{"data":"Terror","floor":40.0,"key":"SMITH"},{"floor":44,"key":"REST"},{"data":"Bouncing Flask","floor":46,"key":"SMITH"},{"floor":49,"key":"REST"}],"circlet_count":0,"master_deck":["Strike_G+1","Defend_G+1","Defend_G+1","Defend_G+1","Survivor","Neutralize+1","Corpse Explosion+1","PiercingWail","Backflip","Dash+1","Poisoned Stab","Backflip","Bane","Burst+1","Terror+1","Malaise+1","Backflip+1","Bouncing Flask+1"],"relics":["Ring of the Snake","Girya","Juzu Bracelet","Dead Branch","Odd Mushroom","Philosopher\u0027s Stone","Matryoshka","Lantern","Tough Bandages","Snake Skull","Black Star","Pocketwatch","Du-Vu Doll","TwistedFunnel","Red Mask","Happy Flower","InkBottle","Potion Belt","Toxic Egg 2"],"acts_visited":["Exordium","TheCity","TheBeyond"],"potions_floor_usage":[42,50,50,50,50,50],"damage_taken":[{"damage":1.0,"enemies":"Small Slimes","floor":1.0,"turns":3.0},{"damage":3.0,"enemies":"Jaw Worm","floor":2.0,"turns":5.0},{"damage":1.0,"enemies":"Cultist","floor":4.0,"turns":3.0},{"damage":8.0,"enemies":"Gremlin Nob","floor":7.0,"turns":5.0},{"damage":12.0,"enemies":"The Mushroom Lair","floor":12.0,"turns":3.0},{"damage":0.0,"enemies":"2 Fungi Beasts","floor":14.0,"turns":2.0},{"damage":32.0,"enemies":"The Guardian","floor":16.0,"turns":10.0},{"damage":6.0,"enemies":"Shell Parasite","floor":18.0,"turns":6.0},{"damage":23.0,"enemies":"3 Byrds","floor":21.0,"turns":3.0},{"damage":6.0,"enemies":"Centurion and Healer","floor":23.0,"turns":3.0},{"damage":34.0,"enemies":"Sentry and Sphere","floor":24.0,"turns":6.0},{"damage":4.0,"enemies":"Gremlin Leader","floor":27.0,"turns":9.0},{"damage":19.0,"enemies":"Collector","floor":33.0,"turns":7.0},{"damage":2.0,"enemies":"Orb Walker","floor":35.0,"turns":3.0},{"damage":10.0,"enemies":"Mind Bloom Boss Battle","floor":36.0,"turns":6.0},{"damage":0.0,"enemies":"3 Shapes","floor":37.0,"turns":1.0},{"damage":12.0,"enemies":"2 Orb Walkers","floor":38.0,"turns":3.0},{"damage":24,"enemies":"Reptomancer","floor":42,"turns":7},{"damage":8,"enemies":"Jaw Worm Horde","floor":45,"turns":3},{"damage":3,"enemies":"Transient","floor":47,"turns":5},{"damage":0,"enemies":"Maw","floor":48,"turns":5},{"damage":14,"enemies":"Donu and Deca","floor":50,"turns":6}],"seed_played":"-3558188923908686719","potions_obtained":[{"floor":1.0,"key":"Dexterity Potion"},{"floor":12.0,"key":"Regen Potion"},{"floor":16.0,"key":"Energy Potion"},{"floor":24.0,"key":"LiquidMemories"},{"floor":27.0,"key":"Weak Potion"},{"floor":33.0,"key":"Strength Potion"},{"floor":37.0,"key":"CultistPotion"},{"floor":38.0,"key":"AttackPotion"},{"floor":42,"key":"FearPotion"},{"floor":45,"key":"CunningPotion"},{"floor":47,"key":"Strength Potion"}],"is_trial":false,"path_per_floor":["M","M","?","M","$","R","E","$","T","R","?","?","?","M","R","B",null,"M","?","?","M","?","M","M","R","T","E","?","$","R","$","R","B",null,"M","?","M","?","$","R","?","E","T","R","M","R","M","M","R","B",null],"character_chosen":"THE_SILENT","items_purchased":["TwistedFunnel"],"campfire_rested":3,"item_purchase_floors":[39],"current_hp_per_floor":[69,66,41,40,40,40,32,32,32,32,21,9,70,70,70,38,70,64,64,64,41,41,47,13,34,34,30,30,30,30,30,30,11,70,68,58,58,46,46,46,46,22,22,43,35,35,32,32,53,39],"gold":74,"neow_bonus":"TRANSFORM_CARD","is_daily":false,"chose_seed":false,"campfire_upgraded":7,"win_rate":0.0,"timestamp":1608438167,"path_taken":["M","M","?","M","$","R","E","$","T","R","?","?","?","M","R","BOSS","M","?","?","M","?","M","M","R","T","E","?","$","R","$","R","BOSS","M","?","M","?","$","R","?","E","T","R","M","R","M","M","R","BOSS"],"items_purchased_type":["Relic"],"build_version":"2020-12-13","purchased_purges":4,"victory":true,"max_hp_per_floor":[70,70,70,70,70,70,70,70,70,70,70,70,70,70,70,70,70,70,70,70,70,70,70,70,70,70,70,70,70,70,70,70,70,70,70,70,70,70,70,70,70,70,70,70,70,70,70,70,70,70],"card_choices":[{"not_picked":["Flechettes","Eviscerate"],"picked":"PiercingWail","floor":1.0},{"not_picked":["Dagger Spray","Outmaneuver"],"picked":"Backflip","floor":2.0},{"not_picked":["Slice","Dagger Spray"],"picked":"Dash","floor":4.0},{"not_picked":["Quick Slash","Leg Sweep"],"picked":"Poisoned Stab","floor":7.0},{"not_picked":["Outmaneuver","Well Laid Plans"],"picked":"Backflip","floor":12.0},{"not_picked":["Prepared","Tactician"],"picked":"Bane","floor":14.0},{"not_picked":["Glass Knife","Night Terror"],"picked":"Burst","floor":16.0},{"not_picked":["Bane+1","Underhanded Strike","Quick Slash"],"picked":"SKIP","floor":18.0},{"not_picked":["Prepared","Setup","Grand Finale"],"picked":"SKIP","floor":21.0},{"not_picked":["Dodge and Roll","Blade Dance","PiercingWail"],"picked":"SKIP","floor":23.0},{"not_picked":["Eviscerate","Bane","Leg Sweep+1"],"picked":"SKIP","floor":24.0},{"not_picked":["Dodge and Roll+1","Cloak And Dagger","Unload"],"picked":"SKIP","floor":27.0},{"not_picked":["Phantasmal Killer","Die Die Die"],"picked":"Night Terror","floor":33.0},{"not_picked":["PiercingWail","Dagger Spray","Backflip"],"picked":"SKIP","floor":35.0},{"not_picked":["Prepared","Cloak And Dagger+1"],"picked":"Backflip+1","floor":36.0},{"not_picked":["Cloak And Dagger","Endless Agony","Dagger Throw+1"],"picked":"SKIP","floor":37.0},{"not_picked":["Sucker Punch+1","Flying Knee"],"picked":"Bouncing Flask","floor":42},{"not_picked":["Accuracy+1","Dash+1","Terror+1"],"picked":"SKIP","floor":45},{"not_picked":["Poisoned Stab","Underhanded Strike","Deflect+1"],"picked":"SKIP","floor":47},{"not_picked":["Unload","Prepared+1","Backstab+1"],"picked":"SKIP","floor":48}],"player_experience":285781,"relics_obtained":[{"floor":7.0,"key":"Juzu Bracelet"},{"floor":9.0,"key":"Dead Branch"},{"floor":12.0,"key":"Odd Mushroom"},{"floor":26.0,"key":"Lantern"},{"floor":26.0,"key":"Tough Bandages"},{"floor":27.0,"key":"Snake Skull"},{"floor":36.0,"key":"Pocketwatch"},{"floor":38.0,"key":"Du-Vu Doll"},{"floor":42,"key":"Happy Flower"},{"floor":42,"key":"InkBottle"},{"floor":43,"key":"Potion Belt"},{"floor":43,"key":"Toxic Egg 2"}],"event_choices":[{"damage_healed":0.0,"max_hp_gain":0.0,"max_hp_loss":0.0,"gold_gain":0.0,"event_name":"Scrap Ooze","player_choice":"Success","floor":3.0,"gold_loss":0.0,"damage_taken":25.0,"relics_obtained":["Girya"]},{"damage_healed":0.0,"max_hp_gain":0.0,"max_hp_loss":0.0,"gold_gain":75.0,"event_name":"World of Goop","player_choice":"Gather Gold","floor":11.0,"gold_loss":0.0,"damage_taken":11.0},{"damage_healed":0.0,"max_hp_gain":0.0,"max_hp_loss":0.0,"gold_gain":0.0,"event_name":"Mushrooms","player_choice":"Fought Mushrooms","floor":12.0,"gold_loss":0.0,"damage_taken":0.0},{"damage_healed":61.0,"max_hp_gain":0.0,"max_hp_loss":0.0,"gold_gain":0.0,"event_name":"Wheel of Change","player_choice":"Full Heal","floor":13.0,"gold_loss":0.0,"damage_taken":0.0},{"damage_healed":0.0,"max_hp_gain":0.0,"max_hp_loss":0.0,"gold_gain":0.0,"cards_transformed":["Strike_G","Defend_G"],"event_name":"Drug Dealer","player_choice":"Became Test Subject","floor":19.0,"gold_loss":0.0,"damage_taken":0.0,"cards_obtained":["Terror","Malaise"]},{"damage_healed":0.0,"max_hp_gain":0.0,"max_hp_loss":0.0,"gold_gain":0.0,"event_name":"WeMeetAgain","player_choice":"Gave Potion","floor":20.0,"gold_loss":0.0,"damage_taken":0.0,"relics_obtained":["Matryoshka"]},{"damage_healed":0.0,"max_hp_gain":0.0,"max_hp_loss":0.0,"gold_gain":0.0,"event_name":"The Woman in Blue","player_choice":"Bought 0 Potions","floor":22.0,"gold_loss":0.0,"damage_taken":0.0},{"damage_healed":0.0,"max_hp_gain":0.0,"max_hp_loss":0.0,"gold_gain":0.0,"event_name":"Back to Basics","player_choice":"Simplicity","floor":28.0,"gold_loss":0.0,"damage_taken":0.0,"cards_upgraded":["Strike_G","Strike_G","Defend_G","Defend_G","Defend_G","Defend_G"]},{"damage_healed":0.0,"max_hp_gain":0.0,"max_hp_loss":0.0,"gold_gain":0.0,"event_name":"MindBloom","player_choice":"Fight","floor":36.0,"gold_loss":0.0,"damage_taken":0.0},{"damage_healed":0.0,"max_hp_gain":0.0,"max_hp_loss":0.0,"gold_gain":0.0,"event_name":"Mysterious Sphere","player_choice":"Fight","floor":38.0,"gold_loss":0.0,"damage_taken":0.0},{"damage_healed":0.0,"max_hp_gain":0.0,"max_hp_loss":0.0,"gold_gain":0.0,"event_name":"Tomb of Lord Red Mask","player_choice":"Paid","floor":41.0,"gold_loss":125.0,"damage_taken":0.0,"relics_obtained":["Red Mask"]}],"is_beta":false,"boss_relics":[{"not_picked":["WristBlade","Ectoplasm"],"picked":"Philosopher\u0027s Stone"},{"not_picked":["Empty Cage","Calling Bell"],"picked":"Black Star"}],"items_purged_floors":[5,29,31,39],"is_endless":false,"potions_floor_spawned":[1,12,16,24,27,33,37,38,42,45,47],"ascension_level":4}}