{"host":"ufl0k2so27eic2iy","time":1608491148,"event":{"mods":["BaseMod","Minty Spire (QoL Compilation)","StSLib","The Animator"],"gold_per_floor":[114,114,26,44,65,65,109,129,129,129,174,174,174,188,188,281,281,281,53,8,8,8,8,8],"floor_reached":23,"playtime":1136,"items_purged":[],"score":348,"play_id":"324d3864-7d0a-479b-845c-9f7572e6fbbf","local_time":"20201220190548","is_ascension_mode":true,"campfire_choices":[{"data":"animator:Mikaela","floor":6,"key":"SMITH"},{"data":"animator:Noda","floor":10,"key":"SMITH"},{"floor":12,"key":"REST"},{"data":"animator:Shigure","floor":15,"key":"SMITH"}],"circlet_count":0,"master_deck":["AscendersBane","animator:Strike_OwariNoSeraph+1","animator:Defend_OwariNoSeraph+1","animator:Shinoa","animator:Mikaela+1","animator:Chaa","animator:Strike_TenSura+1","animator:Strike_OwariNoSeraph+1","animator:Defend_AngelBeats+1","animator:Defend_FullmetalAlchemist+1","animator:Defend_Elsword+1","animator:Yusa","animator:TohkaYatogami","animator:Yui","animator:Noda+1","animator:CrowleyEusford","animator:Shigure+1","animator:YuriNakamura","animator:Guren+1","animator:ReineMurasame+1","animator:Emilia+1","animator:Yusa+1"],"relics":["animator:LivingPicture","animator:TheMissingPiece","Golden Idol","Toy Ornithopter","Toxic Egg 2","Art of War","Ectoplasm"],"acts_visited":["Exordium","TheCity"],"potions_floor_usage":[16,16,23],"damage_taken":[{"damage":0.0,"enemies":"2 Louse","floor":1.0,"turns":4.0},{"damage":0,"enemies":"Small Slimes","floor":4,"turns":3},{"damage":0,"enemies":"Cultist","floor":5,"turns":4},{"damage":17,"enemies":"3 Sentries","floor":7,"turns":8},{"damage":0,"enemies":"2 Fungi Beasts","floor":8,"turns":4},{"damage":34,"enemies":"Gremlin Nob","floor":11,"turns":6},{"damage":7,"enemies":"Large Slime","floor":14,"turns":6},{"damage":15,"enemies":"Slime Boss","floor":16,"turns":8},{"damage":2,"enemies":"Shell Parasite","floor":18,"turns":6},{"damage":18,"enemies":"2 Thieves","floor":20,"turns":4},{"damage":30,"enemies":"animator:HornedBat","floor":23,"turns":5}],"seed_played":"-5767106431888986368","potions_obtained":[{"floor":4,"key":"PowerPotion"},{"floor":11,"key":"SpeedPotion"},{"floor":14,"key":"LiquidMemories"},{"floor":20,"key":"animator:FalseLifePotion"}],"is_trial":false,"path_per_floor":["M","?","?","M","M","R","E","M","T","R","E","R","?","M","R","B",null,"M","$","M","?","$","E"],"character_chosen":"THE_ANIMATOR","items_purchased":["animator:ReineMurasame+1","animator:Emilia+1"],"campfire_rested":1,"item_purchase_floors":[19,19],"current_hp_per_floor":[54,54,54,54,54,54,37,37,37,37,3,19,19,13,13,8,43,41,41,23,23,23,0,0],"gold":8,"neow_bonus":"REMOVE_CARD","is_daily":false,"chose_seed":true,"campfire_upgraded":3,"win_rate":0.0,"timestamp":1608491148,"path_taken":["M","?","?","M","M","R","E","M","T","R","E","R","?","M","R","BOSS","M","$","?","?","$","E"],"items_purchased_type":["Card","Card"],"build_version":"2020-12-13","purchased_purges":0,"victory":false,"max_hp_per_floor":[60,54,54,54,54,54,54,54,54,54,54,54,54,55,55,55,55,55,55,55,55,55,55,55],"card_choices":[{"not_picked":["animator:YamaiSisters","animator:Shinoa"],"picked":"animator:Chaa","floor":1.0},{"not_picked":["animator:Pride","animator:Verdia"],"picked":"animator:Yusa","floor":4},{"not_picked":["animator:Priestess","animator:Mitsuba"],"picked":"animator:TohkaYatogami","floor":5},{"not_picked":["animator:Yusa","animator:Godan"],"picked":"animator:Yui","floor":7},{"not_picked":["animator:MaesHughes","animator:YunYun"],"picked":"animator:Noda","floor":8},{"not_picked":["animator:YamaiSisters","animator:LizardPriest+1"],"picked":"animator:CrowleyEusford","floor":11},{"not_picked":["animator:Sloth","animator:DwarfShaman"],"picked":"animator:Shigure","floor":14},{"not_picked":["animator:Envy","animator:Wiz+1"],"picked":"animator:YuriNakamura","floor":16},{"not_picked":["animator:Yoichi+1","animator:Mikaela"],"picked":"animator:Guren+1","floor":18},{"not_picked":["animator:Chaa+1","animator:Spearman"],"picked":"animator:Yusa+1","floor":20}],"player_experience":2331329,"relics_obtained":[{"floor":7,"key":"Toy Ornithopter"},{"floor":9,"key":"Toxic Egg 2"},{"floor":11,"key":"Art of War"}],"event_choices":[{"damage_healed":0,"gold_gain":0,"player_choice":"Lose Max HP","damage_taken":0,"relics_obtained":["Golden Idol"],"max_hp_gain":0,"max_hp_loss":6,"event_name":"Golden Idol","floor":2,"gold_loss":0},{"damage_healed":0,"gold_gain":0,"player_choice":"0 cards matched","damage_taken":0,"max_hp_gain":0,"max_hp_loss":0,"event_name":"Match and Keep!","floor":13,"gold_loss":0,"cards_obtained":[]},{"damage_healed":0,"gold_gain":0,"player_choice":"Simplicity","damage_taken":0,"max_hp_gain":0,"max_hp_loss":0,"event_name":"Back to Basics","floor":21,"gold_loss":0,"cards_upgraded":["animator:Strike_OwariNoSeraph","animator:Defend_OwariNoSeraph","animator:Strike_TenSura","animator:Strike_OwariNoSeraph","animator:Defend_AngelBeats","animator:Defend_FullmetalAlchemist","animator:Defend_Elsword"]}],"is_beta":false,"boss_relics":[{"not_picked":["Black Star","Velvet Choker"],"picked":"Ectoplasm"}],"items_purged_floors":[],"is_endless":false,"potions_floor_spawned":[4,11,14,20],"killed_by":"animator:HornedBat","ascension_level":15}}