{"host":"07tcb8n8jdavk3gs","time":1608447528,"event":{"mods":["BaseMod","Colored Map","Hermit","Marisa????????","Minty Spire (QoL Compilation)","StSLib","The Animator","The Cursed","The Servant 0.9.4"],"gold_per_floor":[259,275,306,331,356,392,392,428,454,464,464],"floor_reached":10,"playtime":1011,"items_purged":[],"score":140,"play_id":"12c4a518-978f-4903-9f58-90e5ae3e1ca2","local_time":"20201220005848","is_ascension_mode":true,"campfire_choices":[{"floor":7,"key":"REST"}],"circlet_count":0,"master_deck":["AscendersBane","animator:Strike_Kancolle","animator:Defend_Kancolle","animator:Strike","animator:Strike","animator:Strike","animator:Defend","animator:Defend","animator:Defend","animator:Shimakaze","animator:DolaRiku","animator:IzunaHatsuse","animator:Entoma+3","animator:Guy","animator:Bozes","animator:Ainz"],"relics":["animator:LivingPicture","animator:TheMissingPiece","NeowsBlessing","Pocketwatch","Bag of Marbles","Centennial Puzzle"],"acts_visited":["Exordium"],"potions_floor_usage":[4,6,8,10],"damage_taken":[{"damage":0,"enemies":"Cultist","floor":1,"turns":1},{"damage":0,"enemies":"Jaw Worm","floor":2,"turns":1},{"damage":0,"enemies":"2 Louse","floor":3,"turns":1},{"damage":0,"enemies":"Looter","floor":4,"turns":4},{"damage":9,"enemies":"2 Fungi Beasts","floor":5,"turns":6},{"damage":31,"enemies":"Lagavulin","floor":6,"turns":14},{"damage":32,"enemies":"Gremlin Nob","floor":8,"turns":5},{"damage":17,"enemies":"Lagavulin","floor":10,"turns":3}],"seed_played":"5023488238694918358","potions_obtained":[{"floor":1,"key":"DistilledChaos"},{"floor":3,"key":"Energy Potion"},{"floor":4,"key":"PowerPotion"},{"floor":8,"key":"LiquidBronze"}],"is_trial":false,"path_per_floor":["M","M","M","M","M","E","R","E","T","E"],"character_chosen":"THE_ANIMATOR","items_purchased":[],"campfire_rested":1,"item_purchase_floors":[],"current_hp_per_floor":[54,54,54,54,47,16,34,9,9,0,0],"gold":464,"neow_bonus":"THREE_ENEMY_KILL","is_daily":false,"chose_seed":false,"campfire_upgraded":0,"win_rate":0.0,"timestamp":1608447528,"path_taken":["M","M","?","M","M","E","R","E","T","E"],"items_purchased_type":[],"build_version":"2020-12-13","purchased_purges":0,"victory":false,"max_hp_per_floor":[60,60,60,60,62,62,62,65,65,65,65],"card_choices":[{"not_picked":["animator:SuzuneAmano","animator:Tet"],"picked":"animator:DolaRiku","floor":1},{"not_picked":["animator:Tyuule","animator:Laby"],"picked":"animator:IzunaHatsuse","floor":2},{"not_picked":["animator:MaesHughes","animator:Gillette"],"picked":"animator:Entoma","floor":3},{"not_picked":["animator:Cocytus","animator:Evileye"],"picked":"animator:Entoma","floor":4},{"not_picked":["animator:Ara","animator:DolaCouronne"],"picked":"animator:Guy","floor":5},{"not_picked":["animator:MaesHughes","animator:TukaLunaMarceau"],"picked":"animator:Bozes","floor":6},{"not_picked":["animator:Shalltear","animator:Ara"],"picked":"animator:Ainz","floor":8}],"player_experience":890225,"relics_obtained":[{"floor":6,"key":"Pocketwatch"},{"floor":8,"key":"Bag of Marbles"},{"floor":9,"key":"Centennial Puzzle"}],"event_choices":[],"is_beta":false,"boss_relics":[],"items_purged_floors":[],"is_endless":false,"potions_floor_spawned":[1,3,4,5,8],"killed_by":"Lagavulin","ascension_level":15}}