{"host":"26mrfot5w7uj2ebc","time":1608445926,"event":{"mods":["AchievementEnabler","BaseMod","Colored Map","Minty Spire (QoL Compilation)"],"gold_per_floor":[119,131,56,75,86,86,106,106,154,154,183,193,212,231,231,332,332,343,343,359,27,38,38,72,72,72,82,99,99,110,110,110],"floor_reached":31,"playtime":1003,"items_purged":["Parasite","WaveOfTheHand"],"score":313,"play_id":"5b3dfc57-e0e1-4696-a838-e1f4ef682416","local_time":"20201220153206","is_ascension_mode":false,"campfire_choices":[{"data":"Eruption","floor":6.0,"key":"SMITH"},{"data":"Consecrate","floor":8.0,"key":"SMITH"},{"floor":10.0,"key":"REST"},{"data":"Prostrate","floor":15.0,"key":"SMITH"},{"floor":23.0,"key":"REST"},{"floor":25.0,"key":"REST"},{"floor":29,"key":"REST"}],"circlet_count":0,"master_deck":["Eruption+1","Vigilance","Evaluate","PathToVictory","Consecrate+1","FlurryOfBlows","BowlingBash","Prostrate+1","DeusExMachina","BowlingBash","ReachHeaven","Wish+1","SignatureMove","Tantrum","FlyingSleeves","Establishment","Vengeance","BattleHymn","WaveOfTheHand","Consecrate","BowlingBash","Vault","Collect+1","Consecrate+1","EmptyBody","Halt","FlyingSleeves+1"],"relics":["PureWater","Unceasing Top","Shuriken","Pandora\u0027s Box","Vajra","Potion Belt","Lantern"],"acts_visited":["Exordium","TheCity"],"potions_floor_usage":[28,31],"damage_taken":[{"damage":0.0,"enemies":"Cultist","floor":1.0,"turns":3.0},{"damage":0.0,"enemies":"Small Slimes","floor":2.0,"turns":3.0},{"damage":3.0,"enemies":"Jaw Worm","floor":4.0,"turns":4.0},{"damage":13.0,"enemies":"Exordium Wildlife","floor":5.0,"turns":6.0},{"damage":16.0,"enemies":"Exordium Thugs","floor":7.0,"turns":4.0},{"damage":12.0,"enemies":"Lagavulin","floor":11.0,"turns":5.0},{"damage":0.0,"enemies":"Large Slime","floor":12.0,"turns":4.0},{"damage":0.0,"enemies":"Gremlin Gang","floor":13.0,"turns":1.0},{"damage":2.0,"enemies":"Exordium Wildlife","floor":14.0,"turns":3.0},{"damage":0.0,"enemies":"Slime Boss","floor":16.0,"turns":3.0},{"damage":9.0,"enemies":"3 Byrds","floor":18.0,"turns":3.0},{"damage":10.0,"enemies":"Chosen","floor":20.0,"turns":3.0},{"damage":12.0,"enemies":"3 Cultists","floor":22.0,"turns":3.0},{"damage":51.0,"enemies":"Book of Stabbing","floor":24.0,"turns":4.0},{"damage":20.0,"enemies":"Cultist and Chosen","floor":27.0,"turns":4.0},{"damage":0,"enemies":"Centurion and Healer","floor":28,"turns":3},{"damage":20,"enemies":"Sentry and Sphere","floor":30,"turns":4},{"damage":9,"enemies":"Snake Plant","floor":31,"turns":2}],"seed_played":"2380239572100401148","potions_obtained":[{"floor":1.0,"key":"Fire Potion"},{"floor":11.0,"key":"StancePotion"},{"floor":12.0,"key":"SpeedPotion"},{"floor":14.0,"key":"LiquidBronze"},{"floor":18.0,"key":"PowerPotion"},{"floor":22.0,"key":"EssenceOfSteel"},{"floor":27.0,"key":"Strength Potion"}],"is_trial":false,"path_per_floor":["M","M","$","M","M","R","M","R","T","R","E","M","M","M","R","B",null,"M","?","M","$","M","R","E","R","T","M","M","R","M","M"],"character_chosen":"WATCHER","items_purchased":["Vajra","Vault"],"campfire_rested":4,"item_purchase_floors":[21,21],"current_hp_per_floor":[72,72,69,66,53,53,37,37,37,57,45,45,45,43,43,43,69,60,60,50,50,38,58,7,27,27,7,7,27,7,0,0],"gold":110,"neow_bonus":"ONE_RARE_RELIC","is_daily":false,"chose_seed":false,"campfire_upgraded":3,"win_rate":0.0,"timestamp":1608445926,"path_taken":["M","?","$","M","M","R","M","R","T","R","E","?","M","M","R","BOSS","M","?","M","$","?","R","E","R","T","M","M","R","M","M"],"items_purchased_type":["Relic","Card"],"build_version":"2020-12-13","purchased_purges":2,"victory":false,"max_hp_per_floor":[72,72,69,69,69,69,69,69,69,69,69,69,69,69,69,69,69,69,69,69,69,69,69,69,69,69,69,69,69,69,69,69],"card_choices":[{"not_picked":["Swivel","Protect"],"picked":"Evaluate","floor":1.0},{"not_picked":["Prostrate","JustLucky"],"picked":"PathToVictory","floor":2.0},{"not_picked":["ThirdEye","BowlingBash"],"picked":"Consecrate","floor":4.0},{"not_picked":["Collect","Sanctity"],"picked":"FlurryOfBlows","floor":5.0},{"not_picked":["SashWhip","CarveReality"],"picked":"BowlingBash","floor":7.0},{"not_picked":["Fasting2","Swivel"],"picked":"Prostrate","floor":11.0},{"not_picked":["CarveReality","ThirdEye"],"picked":"DeusExMachina","floor":12.0},{"not_picked":["ReachHeaven","Pray"],"picked":"BowlingBash","floor":13.0},{"not_picked":["Crescendo","ThirdEye"],"picked":"ReachHeaven","floor":14.0},{"not_picked":["Judgement","DeusExMachina"],"picked":"Wish","floor":16.0},{"not_picked":["Fasting2","CutThroughFate"],"picked":"Consecrate","floor":18.0},{"not_picked":["Prostrate","CutThroughFate"],"picked":"BowlingBash","floor":20.0},{"not_picked":["Halt","CutThroughFate"],"picked":"Collect+1","floor":22.0},{"not_picked":["SashWhip","EmptyFist"],"picked":"Consecrate+1","floor":24.0},{"not_picked":["FlyingSleeves","ClearTheMind"],"picked":"EmptyBody","floor":27.0},{"not_picked":["SignatureMove","JustLucky"],"picked":"Halt","floor":28},{"not_picked":["FlurryOfBlows","Crescendo+1"],"picked":"FlyingSleeves+1","floor":30}],"player_experience":196850,"relics_obtained":[{"floor":11.0,"key":"Shuriken"},{"floor":24.0,"key":"Potion Belt"},{"floor":26.0,"key":"Lantern"}],"event_choices":[{"damage_healed":0.0,"max_hp_gain":0.0,"max_hp_loss":0.0,"gold_gain":0.0,"event_name":"Upgrade Shrine","player_choice":"Upgraded","floor":19.0,"gold_loss":0.0,"damage_taken":0.0,"cards_upgraded":["Wish"]}],"is_beta":false,"boss_relics":[{"not_picked":["SacredBark","Runic Dome"],"picked":"Pandora\u0027s Box"}],"items_purged_floors":[3,21],"is_endless":false,"potions_floor_spawned":[1,11,12,14,18,22,27],"killed_by":"Snake Plant","ascension_level":0}}