{"host":"nsvh1q2jrp2m1ip1","time":1608439708,"event":{"mods":["BaseMod","Downfall","Googly Eyes","Hermit","Highlight Path","Minty Spire (QoL Compilation)","StSLib","The Bug Knight","The Cursed","The Hierophant","The Jungle"],"gold_per_floor":[115,129,304,321,396,396,425,441,468,507,535,85,95,95,95,200,200,222,147,156,176,192,192,192],"floor_reached":23,"playtime":2312,"items_purged":["Doubt"],"score":203,"play_id":"071ae6d0-0205-4c8f-8a4f-e5594e18045d","local_time":"20201219234828","is_ascension_mode":false,"campfire_choices":[{"data":"hermit:Snapshot","floor":6,"key":"SMITH"},{"floor":15,"key":"REST"}],"circlet_count":0,"master_deck":["hermit:Strike_Hermit","hermit:Strike_Hermit","hermit:Defend_Hermit","hermit:Defend_Hermit","hermit:Defend_Hermit","hermit:Defend_Hermit","hermit:Snapshot+1","hermit:Covet","hermit:Deadeye","hermit:CalledShot","hermit:Quickdraw","hermit:Magnum","hermit:Vantage","hermit:Horror","hermit:Gestalt","hermit:GhostlyPresence","hermit:BigShot","hermit:HeroicBravado","hermit:CursedWeapon+1","hermit:ShadowCloak","hermit:Dive+1"],"relics":["hermit:Momento","NeowsBlessing","hermit:RyeStalk","CeramicFish","Strawberry","Singing Bowl","Runic Pyramid"],"acts_visited":["Exordium","TheCity"],"potions_floor_usage":[7,11,23],"damage_taken":[{"damage":0,"enemies":"Small Slimes","floor":1,"turns":1},{"damage":0,"enemies":"Jaw Worm","floor":2,"turns":1},{"damage":0,"enemies":"Cultist","floor":4,"turns":1},{"damage":25,"enemies":"Gremlin Nob","floor":7,"turns":4},{"damage":10,"enemies":"Large Slime","floor":8,"turns":8},{"damage":24,"enemies":"3 Sentries","floor":10,"turns":10},{"damage":7,"enemies":"2 Fungi Beasts","floor":11,"turns":4},{"damage":7,"enemies":"3 Louse","floor":13,"turns":3},{"damage":35,"enemies":"Hexaghost","floor":16,"turns":11},{"damage":17,"enemies":"3 Byrds","floor":18,"turns":5},{"damage":3,"enemies":"Chosen","floor":21,"turns":5},{"damage":26,"enemies":"Snecko","floor":22,"turns":6},{"damage":43,"enemies":"Slavers","floor":23,"turns":3}],"seed_played":"8384189563438870173","potions_obtained":[{"floor":2,"key":"Fire Potion"},{"floor":7,"key":"sneckomod:MuddlingPotion"},{"floor":10,"key":"Regen Potion"},{"floor":16,"key":"Explosive Potion"},{"floor":21,"key":"champ:CounterPotion"}],"is_trial":false,"path_per_floor":["M","M","?","M","?","R","E","M","T","E","M","$","M","?","R","B",null,"M","?","?","M","M","E"],"character_chosen":"HERMIT","items_purchased":["Singing Bowl","hermit:GhostlyPresence","hermit:BigShot"],"campfire_rested":1,"item_purchase_floors":[12,12,12],"current_hp_per_floor":[75,75,75,75,64,64,39,29,29,12,17,17,12,12,37,2,84,67,67,67,64,40,0,0],"gold":192,"neow_bonus":"THREE_ENEMY_KILL","is_daily":false,"chose_seed":false,"campfire_upgraded":1,"win_rate":0.0,"timestamp":1608439708,"path_taken":["M","M","?","M","?","R","E","M","T","E","?","$","M","?","R","BOSS","M","?","?","?","M","E"],"items_purchased_type":["Relic","Card","Card"],"build_version":"2020-12-13","purchased_purges":1,"victory":false,"max_hp_per_floor":[75,75,75,75,75,75,75,75,75,82,82,82,84,84,84,84,84,84,84,84,84,86,86,86],"card_choices":[{"not_picked":["hermit:ItchyTrigger","hermit:Manifest"],"picked":"hermit:Deadeye","floor":1},{"not_picked":["hermit:Maintenance","hermit:Glare"],"picked":"hermit:CalledShot","floor":2},{"not_picked":["hermit:Dive","hermit:LuckOfTheDraw"],"picked":"hermit:Quickdraw","floor":4},{"not_picked":["hermit:Maintenance","hermit:Snipe"],"picked":"hermit:Magnum","floor":7},{"not_picked":["hermit:LowProfile","hermit:Coalescence"],"picked":"hermit:Vantage","floor":8},{"not_picked":["hermit:Maintenance","hermit:Dive"],"picked":"hermit:Horror","floor":10},{"not_picked":["hermit:Dive","hermit:Snipe"],"picked":"hermit:Gestalt","floor":11},{"not_picked":["hermit:Headshot","hermit:TakeCover","hermit:NoHoldsBarred"],"picked":"Singing Bowl","floor":13},{"not_picked":["hermit:Magnum","hermit:BlackWind"],"picked":"hermit:HeroicBravado","floor":16},{"not_picked":["hermit:Vantage+1","hermit:Glare"],"picked":"hermit:CursedWeapon+1","floor":18},{"not_picked":["hermit:HighCaliber","hermit:Combo"],"picked":"hermit:Dive+1","floor":21},{"not_picked":["hermit:ShadowCloak+1","hermit:Grudge","hermit:Roulette"],"picked":"Singing Bowl","floor":22}],"player_experience":331893,"relics_obtained":[{"floor":7,"key":"hermit:RyeStalk"},{"floor":9,"key":"CeramicFish"},{"floor":10,"key":"Strawberry"}],"event_choices":[{"damage_healed":0,"gold_gain":175,"player_choice":"AGREE","damage_taken":0,"max_hp_gain":0,"max_hp_loss":0,"event_name":"Liars Game","floor":3,"gold_loss":0,"cards_obtained":["Doubt"]},{"damage_healed":0,"gold_gain":75,"player_choice":"Gather Gold","damage_taken":11,"max_hp_gain":0,"max_hp_loss":0,"event_name":"World of Goop","floor":5,"gold_loss":0},{"damage_healed":0,"gold_gain":0,"player_choice":"Ignored","damage_taken":0,"max_hp_gain":0,"max_hp_loss":0,"event_name":"NoteForYourself","floor":14,"gold_loss":0},{"cards_removed":["hermit:Strike_Hermit"],"damage_healed":0,"gold_gain":0,"player_choice":"Gave Gold","damage_taken":0,"max_hp_gain":0,"max_hp_loss":0,"event_name":"Beggar","floor":19,"gold_loss":75},{"damage_healed":0,"gold_gain":0,"cards_transformed":["hermit:Strike_Hermit"],"player_choice":"Transformed","damage_taken":0,"max_hp_gain":0,"max_hp_loss":0,"event_name":"Transmorgrifier","floor":20,"gold_loss":0,"cards_obtained":["hermit:ShadowCloak"]}],"is_beta":false,"boss_relics":[{"not_picked":["hermit:DentedPlate","Astrolabe"],"picked":"Runic Pyramid"}],"items_purged_floors":[12],"is_endless":false,"potions_floor_spawned":[2,7,10,16,21],"killed_by":"Slavers","ascension_level":0}}