{"host":"jtxptf9isiqyc7jm","time":1608487214,"event":{"mods":["Act Like it!","BaseMod","Bestiary","BetterRewards","Colored Powertips","Custom Start","Downfall","Friendly Minions","Hermit","Hubris","Infinite Spire","Jorbs\u0027s Wanderer Trilogy","Kiyohime????","Koishi","Lobotomy","Marisa????????","Minty Spire (QoL Compilation)","Prisma Mod","Remilia??????","Replay The Spire","Shop Mod","StSLib","The Construct","The Cursed","The Disciple","The Hierophant","The Jungle","The Runesmith","The Senshi","The Servant 0.9.4"],"gold_per_floor":[114,114,114,114,128,128,42,74,97,130,147,166,166,166],"floor_reached":13,"playtime":491,"items_purged":[],"score":118,"play_id":"dbea128c-5bed-4841-9d29-951fbe0fa496","local_time":"20201220180014","is_ascension_mode":false,"campfire_choices":[{"data":"construct:ModeShift","floor":6,"key":"SMITH"}],"circlet_count":0,"master_deck":["construct:Strike_Gold","construct:Strike_Gold","construct:Strike_Gold","construct:Strike_Gold","construct:Strike_Gold","construct:Defend_Gold","construct:Defend_Gold","construct:Defend_Gold","construct:Defend_Gold","construct:Defend_Gold","construct:AttackMode","construct:DefenseMode","construct:ModeShift+1","construct:Backup","construct:Failsafe","Specialist","construct:Accumulate","construct:GuardCore","construct:PowerUp","construct:Tumble"],"relics":["construct:Cogwheel","NeowsBlessing","ScarletDevilRocket","FaceOfCleric","Bottled Lightning","Dream Catcher","Bag of Marbles"],"acts_visited":["Exordium"],"potions_floor_usage":[13],"damage_taken":[{"damage":0,"enemies":"Jaw Worm","floor":1,"turns":1},{"damage":0,"enemies":"Cultist","floor":5,"turns":1},{"damage":0,"enemies":"Gremlin Nob","floor":8,"turns":1},{"damage":17,"enemies":"Replay:BlueRogue","floor":10,"turns":6},{"damage":0,"enemies":"2 Louse","floor":11,"turns":4},{"damage":23,"enemies":"Lots of Slimes","floor":12,"turns":6},{"damage":20,"enemies":"Gremlin Nob","floor":13,"turns":5}],"seed_played":"2654107293589170007","potions_obtained":[{"floor":8,"key":"Ancient Potion"},{"floor":10,"key":"Elixir"}],"is_trial":false,"path_per_floor":["M","?","?","?","M","R","$","E","T","E","M","M","E"],"character_chosen":"THE_CONSTRUCT_MOD","items_purchased":["Specialist"],"campfire_rested":0,"item_purchase_floors":[7],"current_hp_per_floor":[85,73,73,73,74,74,74,75,75,59,60,38,18,18],"gold":166,"neow_bonus":"THREE_ENEMY_KILL","is_daily":false,"chose_seed":false,"campfire_upgraded":1,"win_rate":0.0,"timestamp":1608487214,"path_taken":["M","?","?","?","M","R","$","E","T","E","M","M","E"],"items_purchased_type":["Card"],"build_version":"2020-12-13","purchased_purges":0,"victory":false,"max_hp_per_floor":[85,85,85,85,86,86,86,87,87,88,89,90,90,90],"card_choices":[{"not_picked":["construct:HeavyBolt","construct:Versatility"],"picked":"construct:ModeShift","floor":1},{"not_picked":["construct:Accumulate","construct:Construct_Overclock"],"picked":"construct:Failsafe","floor":5},{"not_picked":["construct:HastyRepair","construct:SweepLaser"],"picked":"construct:Accumulate","floor":8},{"not_picked":["construct:SweepLaser","construct:Disrupt"],"picked":"construct:GuardCore","floor":10},{"not_picked":["construct:SweepLaser","construct:OmegaCannon"],"picked":"construct:PowerUp","floor":11},{"not_picked":["construct:Accumulate","construct:FlakBarrage"],"picked":"construct:Tumble","floor":12}],"player_experience":115765,"relics_obtained":[{"floor":8,"key":"Bottled Lightning"},{"floor":9,"key":"Dream Catcher"},{"floor":10,"key":"Bag of Marbles"}],"event_choices":[{"damage_healed":0,"gold_gain":0,"player_choice":"Success","damage_taken":12,"relics_obtained":["ScarletDevilRocket"],"max_hp_gain":0,"max_hp_loss":0,"event_name":"Scrap Ooze","floor":2,"gold_loss":0},{"damage_healed":0,"gold_gain":0,"player_choice":"Trade","damage_taken":0,"relics_obtained":["FaceOfCleric"],"max_hp_gain":0,"max_hp_loss":0,"event_name":"FaceTrader","floor":4,"gold_loss":0}],"is_beta":false,"boss_relics":[],"items_purged_floors":[],"is_endless":false,"potions_floor_spawned":[8,10],"killed_by":"Gremlin Nob","ascension_level":0}}