{"host":"cz3p2o9n3b1gdmkz","time":1608439922,"event":{"mods":["AchievementEnabler","BaseMod","CapriCore","GungeonMod","Hermit","Lobotomy","Minty Spire (QoL Compilation)","Replay The Spire","Shop Mod","StSLib","SuperFastMode","The Cursed","The Dragon Tamer","The Gatherer","The Jungle","The Poker Player","The Runesmith"],"gold_per_floor":[123,123,0,22,22,67,174,220,220,220,242,242,312,339,339,521,521,552,552,590,590,689,739,739,778,778,726,726,575,598,637,637,738,838,871,871,871,871,902,963,1008,565,636,636,670,697,723,816,816,860,860],"floor_reached":52,"playtime":2106,"items_purged":[],"score":1959,"play_id":"5ebae82b-e72f-4392-a00e-e7d1d9fa2d60","local_time":"20201220135202","is_ascension_mode":true,"campfire_choices":[{"data":"Metamorphosis","floor":10,"key":"SMITH"},{"floor":12,"key":"REST"},{"data":"hermit:Ricochet","floor":15,"key":"SMITH"},{"data":"hermit:Grudge","floor":24,"key":"SMITH"},{"data":"hermit:Vantage","floor":32,"key":"SMITH"},{"data":"hermit:Strike_Hermit","floor":49,"key":"SMITH"}],"circlet_count":0,"master_deck":["AscendersBane","hermit:Strike_Hermit+2","hermit:Strike_Hermit","hermit:Strike_Hermit","hermit:Strike_Hermit","hermit:Defend_Hermit","hermit:Defend_Hermit","hermit:Defend_Hermit","hermit:Defend_Hermit","hermit:Snapshot","hermit:Covet","hermit:Ricochet+1","Metamorphosis+1","Violence","hermit:CursedWeapon","ReplayTheSpireMod:Splinters","hermit:NoHoldsBarred","hermit:Grudge+1","hermit:FinalCanter","Decay","hermit:Quickdraw","hermit:Gambit","Overencumbered","hermit:Vantage+1","hermit:Magnum","hermit:Deadeye+1","Writhe","ReplayTheSpireMod:Private Reserves","Discovery","Finesse","hermit:Misfire+1","hermit:SprayPray+1"],"relics":["hermit:Momento","Replay:Bandana","ReplayTheSpireMod:ShopPack","Thread and Needle","Darkstone Periapt","hermit:Horseshoe","Iron Hammer","DemoMod:WaxWing","ReplayFunnel","Chameleon Ring","ReplayTheSpireMod:CursedCoin","DemoMod:ClearGuonStone","Simple Rune","Replay:Wanted Poster","Du-Vu Doll","DemoMod:GlassGuonStoneRelic","Sling","DemoMod:WhiteGuonStone","Blood Vial","Bottled Lightning","Orichalcum","hermit:Spyglass"],"acts_visited":["Exordium","TheCity","TheBeyond"],"potions_floor_usage":[6,16,33,33,40,50],"damage_taken":[{"damage":12,"enemies":"Small Slimes","floor":1,"turns":4},{"damage":11,"enemies":"Jaw Worm","floor":4,"turns":2},{"damage":1,"enemies":"Gremlin Nob","floor":6,"turns":4},{"damage":15,"enemies":"Lagavulin","floor":8,"turns":5},{"damage":2,"enemies":"2 Louse","floor":11,"turns":2},{"damage":2,"enemies":"Exordium Wildlife","floor":14,"turns":3},{"damage":2,"enemies":"Slime Boss","floor":16,"turns":4},{"damage":3,"enemies":"Chosen","floor":18,"turns":3},{"damage":4,"enemies":"Shell Parasite","floor":20,"turns":3},{"damage":9,"enemies":"Book of Stabbing","floor":23,"turns":5},{"damage":2,"enemies":"Centurion and Healer","floor":25,"turns":4},{"damage":0,"enemies":"Snecko","floor":30,"turns":6},{"damage":2,"enemies":"Cultist and Chosen","floor":31,"turns":4},{"damage":40,"enemies":"Pondfish","floor":33,"turns":8},{"damage":0,"enemies":"Orb Walker","floor":35,"turns":3},{"damage":2,"enemies":"3 Darklings","floor":39,"turns":4},{"damage":5,"enemies":"Reptomancer","floor":40,"turns":5},{"damage":2,"enemies":"Maw","floor":41,"turns":6},{"damage":0,"enemies":"4 Shapes","floor":45,"turns":3},{"damage":0,"enemies":"Transient","floor":46,"turns":5},{"damage":2,"enemies":"Spire Growth","floor":47,"turns":4},{"damage":2,"enemies":"R_Hoarder","floor":48,"turns":5},{"damage":2,"enemies":"Donu and Deca","floor":50,"turns":8}],"seed_played":"4306566096561043234","potions_obtained":[{"floor":1,"key":"SpeedPotion"},{"floor":4,"key":"LifebloodPotion"},{"floor":6,"key":"Explosive Potion"},{"floor":30,"key":"DemoMod:LeadSkinPotion"},{"floor":39,"key":"Adrenaline Potion"},{"floor":41,"key":"AttackPotion"},{"floor":46,"key":"Adrenaline Potion"}],"is_trial":false,"path_per_floor":["M","?","$","M","T","E","?","E","T","R","M","R","?","M","R","B",null,"M","?","M","?","?","E","R","M","T","$","?","$","M","M","R","B",null,"M","?","?","?","M","E","M","$","T","?","M","M","M","E","R","B",null,null],"character_chosen":"HERMIT","items_purchased":["ReplayTheSpireMod:ShopPack","PowerPotion","ReplayTheSpireMod:CursedCoin","DemoMod:ClearGuonStone","Simple Rune","Sling","DemoMod:WhiteGuonStone","Blood Vial"],"campfire_rested":1,"item_purchase_floors":[3,27,29,29,29,42,42,42],"current_hp_per_floor":[56,56,56,45,45,44,50,35,35,35,33,57,57,55,55,53,74,71,77,73,73,73,64,64,62,62,62,62,68,68,66,66,26,76,76,99,89,89,87,82,80,80,80,80,82,84,84,84,84,84,84],"gold":860,"neow_bonus":"RANDOM_COMMON_RELIC","is_daily":false,"chose_seed":false,"campfire_upgraded":5,"win_rate":0.0,"timestamp":1608439922,"path_taken":["M","?","$","M","?","E","?","E","T","R","M","R","?","M","R","BOSS","M","?","M","?","?","E","R","M","T","$","?","$","M","?","R","BOSS","M","?","?","?","?","E","M","$","T","?","M","?","M","E","R","BOSS"],"items_purchased_type":["Relic","Potion","Relic","Relic","Relic","Relic","Relic","Relic"],"build_version":"2020-12-13","purchased_purges":0,"victory":true,"max_hp_per_floor":[75,75,75,75,75,75,81,81,81,81,81,81,81,81,81,81,81,81,87,87,87,87,87,87,87,87,87,87,93,93,93,93,93,93,93,99,99,99,99,99,99,99,99,99,99,99,99,99,99,99,99],"card_choices":[{"not_picked":["hermit:HoleUp","hermit:Coalescence"],"picked":"hermit:Ricochet","floor":1},{"not_picked":["Sadistic Nature","DemoMod:Deposit"],"picked":"Metamorphosis","floor":3},{"not_picked":["ReplayTheSpireMod:Private Reserves","Purity"],"picked":"Violence","floor":3},{"not_picked":["hermit:LowProfile","hermit:Coalescence","hermit:HighCaliber"],"picked":"SKIP","floor":4},{"not_picked":["hermit:Grudge","hermit:GoldenBullet"],"picked":"hermit:CursedWeapon","floor":6},{"not_picked":["hermit:Dive","hermit:Snipe"],"picked":"hermit:NoHoldsBarred","floor":7},{"not_picked":["hermit:Brawl","hermit:HighCaliber"],"picked":"hermit:Grudge","floor":8},{"not_picked":["hermit:Showdown","hermit:CursedWeapon","hermit:WideOpen"],"picked":"SKIP","floor":11},{"not_picked":["hermit:GhostlyPresence","hermit:Misfire","hermit:FlashPowder"],"picked":"SKIP","floor":14},{"not_picked":["hermit:Adapt","hermit:Magnum"],"picked":"hermit:FinalCanter","floor":16},{"not_picked":["hermit:Roulette","hermit:Feint","hermit:Maintenance"],"picked":"SKIP","floor":18},{"not_picked":["hermit:TrackingShot","hermit:Spite"],"picked":"hermit:Quickdraw","floor":20},{"not_picked":["hermit:Headshot","hermit:SprayPray","hermit:Desperado"],"picked":"SKIP","floor":23},{"not_picked":["hermit:Dive","hermit:FromBeyond","hermit:Headshot"],"picked":"SKIP","floor":25},{"not_picked":["hermit:Deadeye","hermit:Enervate"],"picked":"hermit:Vantage","floor":30},{"not_picked":["hermit:Purgatory","hermit:Manifest","hermit:Roulette+1"],"picked":"SKIP","floor":31},{"not_picked":["hermit:Purgatory","hermit:EternalForm"],"picked":"hermit:Magnum","floor":33},{"not_picked":["hermit:ShadowCloak","hermit:HighCaliber"],"picked":"hermit:Deadeye+1","floor":35},{"not_picked":["Replay:Bootleg Shield Generator","Jack Of All Trades"],"picked":"ReplayTheSpireMod:Private Reserves","floor":37},{"not_picked":["Purity","Crow Ritual"],"picked":"Discovery","floor":37},{"not_picked":["Replay:Sssssssssshield","Chrysalis"],"picked":"Finesse","floor":37},{"not_picked":["hermit:WideOpen","hermit:SprayPray"],"picked":"hermit:Misfire+1","floor":39},{"not_picked":["hermit:PistolWhip","hermit:Combo"],"picked":"hermit:SprayPray+1","floor":40},{"not_picked":["hermit:BigShot+1","hermit:HoleUp","hermit:HighCaliber"],"picked":"SKIP","floor":41},{"not_picked":["hermit:Determination+1","hermit:Scavenge","hermit:Showdown"],"picked":"SKIP","floor":45},{"not_picked":["hermit:Headshot+1","hermit:SprayPray","hermit:GhostlyPresence"],"picked":"SKIP","floor":46},{"not_picked":["hermit:ShadowCloak","hermit:Coalescence","hermit:Snipe"],"picked":"SKIP","floor":47},{"not_picked":["hermit:Showdown","hermit:HighCaliber","hermit:WideOpen"],"picked":"SKIP","floor":48}],"player_experience":981589,"relics_obtained":[{"floor":5,"key":"Thread and Needle"},{"floor":6,"key":"Darkstone Periapt"},{"floor":8,"key":"hermit:Horseshoe"},{"floor":9,"key":"Iron Hammer"},{"floor":23,"key":"ReplayFunnel"},{"floor":26,"key":"Chameleon Ring"},{"floor":40,"key":"Du-Vu Doll"},{"floor":43,"key":"Bottled Lightning"},{"floor":44,"key":"Orichalcum"},{"floor":48,"key":"hermit:Spyglass"}],"event_choices":[{"damage_healed":0,"gold_gain":70,"player_choice":"Gained Gold","damage_taken":0,"max_hp_gain":0,"max_hp_loss":0,"event_name":"Golden Wing","floor":13,"gold_loss":0},{"damage_healed":0,"gold_gain":0,"player_choice":"Smashed Altar","damage_taken":0,"max_hp_gain":0,"max_hp_loss":0,"event_name":"Forgotten Altar","floor":19,"gold_loss":0,"cards_obtained":["Decay"]},{"damage_healed":0,"gold_gain":0,"player_choice":"Ignored","damage_taken":0,"max_hp_gain":0,"max_hp_loss":0,"event_name":"Beggar","floor":21,"gold_loss":0},{"damage_healed":0,"gold_gain":99,"player_choice":"Stole From Cult","damage_taken":0,"max_hp_gain":0,"max_hp_loss":0,"event_name":"Nest","floor":22,"gold_loss":0},{"damage_healed":0,"gold_gain":0,"player_choice":"1 cards matched","damage_taken":0,"max_hp_gain":0,"max_hp_loss":0,"event_name":"Match and Keep!","floor":28,"gold_loss":0,"cards_obtained":["hermit:Gambit"]},{"damage_healed":23,"gold_gain":0,"player_choice":"Writhe","damage_taken":0,"max_hp_gain":0,"max_hp_loss":0,"event_name":"Winding Halls","floor":36,"gold_loss":0,"cards_obtained":["Writhe"]},{"damage_healed":0,"gold_gain":0,"player_choice":"Memory 3","damage_taken":10,"max_hp_gain":0,"max_hp_loss":0,"event_name":"SensoryStone","floor":37,"gold_loss":0},{"damage_healed":0,"gold_gain":0,"player_choice":"Ignored","damage_taken":0,"max_hp_gain":0,"max_hp_loss":0,"event_name":"Tomb of Lord Red Mask","floor":38,"gold_loss":0},{"damage_healed":0,"gold_gain":0,"player_choice":"Relic","damage_taken":0,"max_hp_gain":0,"max_hp_loss":0,"event_name":"Wheel of Change","floor":44,"gold_loss":0}],"is_beta":false,"boss_relics":[{"not_picked":["Fusion Hammer","Honey Jar"],"picked":"DemoMod:WaxWing"},{"not_picked":["Empty Cage","Runic Dome"],"picked":"Replay:Wanted Poster"}],"items_purged_floors":[],"is_endless":false,"potions_floor_spawned":[1,4,6,11,30,31,39,41,46],"ascension_level":13}}