{"host":"k4e6oxvdzzmkrew5","time":1608434043,"event":{"mods":["AchievementEnabler","BaseMod","BetterRewards","Clawfect","Colored Map","Custom Start","Highlight Path","Minty Spire (QoL Compilation)","Permanent Neow","Remove Card Discount Mod","Replay The Spire","Shop Mod","StSLib","Unceasing Turn Reminder"],"gold_per_floor":[119,5073,5089,4611,4611,4611,4611,4611,4637,4650,4663,4663,4663],"floor_reached":12,"playtime":1119,"items_purged":["Eruption","Strike_P","Defend_P","Strike_P","Defend_P","Defend_P","Defend_P","Strike_P","Strike_P"],"score":68,"play_id":"d5a79176-9e96-49dd-acda-217115e068da","local_time":"20201219211403","is_ascension_mode":false,"campfire_choices":[{"floor":6,"key":"RECALL"},{"data":"Replay:Sssssssssshield","floor":8,"key":"SMITH"}],"circlet_count":0,"master_deck":["Vigilance","Mayhem","Swivel","MentalFortress","DeceiveReality","Replay:Sssssssssshield+1","Panache","FollowUp+1","Prostrate","Establishment","The Bomb","Replay:ManipulateFuture","Replay:ManipulateFuture","Wallop+1","Looming Evil","Regret","Replay:Cycle","CutThroughFate"],"relics":["PureWater","Replay:WaspNest","Membership Card","StoneCalendar","MerchantsRug","Sling","Boot","Whetstone","Ring of Searing","ReplayTheSpireMod:Ring of Addiction","Toy Ornithopter","SacredBark","Pet Ghost","Replay:Rubber Ducky"],"acts_visited":["Exordium"],"potions_floor_usage":[3,10,12],"damage_taken":[{"damage":0,"enemies":"Jaw Worm","floor":1,"turns":4},{"damage":0,"enemies":"2 Louse","floor":3,"turns":3},{"damage":3,"enemies":"Cultist","floor":10,"turns":3},{"damage":5,"enemies":"3 Louse","floor":11,"turns":2},{"damage":145,"enemies":"Lagavulin","floor":12,"turns":3}],"seed_played":"-2422767742622758620","potions_obtained":[],"is_trial":false,"path_per_floor":["M","$","M","$","?","R","?","R","T","M","M","E"],"character_chosen":"WATCHER","items_purchased":["Replay:WaspNest","Membership Card","StoneCalendar","MentalFortress","DeceiveReality","Replay:Sssssssssshield","Panache","Weak Potion","Fire Potion","SkillPotion","FollowUp","MerchantsRug","Establishment","The Bomb","Replay:ManipulateFuture","Sling","Boot","Toxic Potion","Wallop","Whetstone"],"campfire_rested":0,"item_purchase_floors":[2,2,2,2,2,2,2,2,2,2,2,2,4,4,4,4,4,4,4,4],"current_hp_per_floor":[51,51,51,51,51,51,51,51,51,53,48,0,0],"gold":4663,"neow_bonus":"RANDOM_COLORLESS_2","is_daily":false,"chose_seed":false,"campfire_upgraded":1,"win_rate":0.0,"timestamp":1608434043,"path_taken":["M","$","M","$","?","R","?","R","T","M","M","E"],"items_purchased_type":["Relic","Relic","Relic","Card","Card","Card","Card","Potion","Potion","Potion","Card","Relic","Card","Card","Card","Relic","Relic","Potion","Card","Relic"],"build_version":"2020-12-13","purchased_purges":9,"victory":false,"max_hp_per_floor":[72,72,72,72,72,72,72,72,70,70,70,70,70],"card_choices":[{"not_picked":["Transmutation","Magnetism"],"picked":"Mayhem","floor":0},{"not_picked":["Crescendo","FlurryOfBlows"],"picked":"Swivel","floor":1},{"not_picked":["WreathOfFlame","CutThroughFate"],"picked":"Prostrate","floor":3},{"not_picked":["WheelKick","EmptyFist"],"picked":"Replay:Cycle","floor":10},{"not_picked":["Conclude","FlurryOfBlows"],"picked":"CutThroughFate","floor":11}],"player_experience":170519,"relics_obtained":[{"floor":5,"key":"Ring of Searing"},{"floor":5,"key":"ReplayTheSpireMod:Ring of Addiction"},{"floor":5,"key":"Toy Ornithopter"},{"floor":5,"key":"SacredBark"},{"floor":9,"key":"Replay:Rubber Ducky"}],"event_choices":[{"damage_healed":0,"gold_gain":0,"player_choice":"Box","damage_taken":0,"relics_obtained":["Pet Ghost"],"max_hp_gain":0,"max_hp_loss":0,"event_name":"Big Fish","floor":7,"gold_loss":0,"cards_obtained":["Regret"]}],"is_beta":false,"boss_relics":[],"items_purged_floors":[2,2,2,2,2,2,2,4,4],"is_endless":false,"potions_floor_spawned":[],"killed_by":"Lagavulin","ascension_level":0}}