{"host":"n4fty02wqqi95laq","time":1608439888,"event":{"mods":["BaseMod","Highlight Path","Minty Spire (QoL Compilation)","Quick Restart","Rare Cards Sparkle","StSLib"],"gold_per_floor":[367,386,386,401,401,401,411,444,444,15,15,27,27,47,47,121,121,137,137,157,157,157],"floor_reached":21,"playtime":794,"items_purged":["Strike_G"],"score":362,"play_id":"784dfc07-fb0b-403e-b16f-d418ab86319d","local_time":"20201220125128","is_ascension_mode":true,"campfire_choices":[{"data":"Blade Dance","floor":6.0,"key":"SMITH"},{"floor":13.0,"key":"REST"},{"data":"Neutralize","floor":15.0,"key":"SMITH"}],"circlet_count":0,"master_deck":["AscendersBane","Strike_G","Strike_G","Strike_G","Defend_G+1","Defend_G","Defend_G","Defend_G","Defend_G","Survivor","Neutralize+1","Dash","Acrobatics","Night Terror","Blade Dance+1","Doppelganger+1","Purity+1","Footwork","Phantasmal Killer+1","Cloak And Dagger+1"],"relics":["Ring of the Snake","MealTicket","Gremlin Horn","Toxic Egg 2","Runic Dome"],"acts_visited":["TheCity"],"potions_floor_usage":[],"damage_taken":[{"damage":2.0,"enemies":"Jaw Worm","floor":1.0,"turns":5.0},{"damage":1.0,"enemies":"Cultist","floor":2.0,"turns":4.0},{"damage":7.0,"enemies":"Small Slimes","floor":4.0,"turns":4.0},{"damage":7.0,"enemies":"3 Louse","floor":7.0,"turns":3.0},{"damage":35.0,"enemies":"3 Sentries","floor":8.0,"turns":11.0},{"damage":0.0,"enemies":"Large Slime","floor":12.0,"turns":6.0},{"damage":7.0,"enemies":"Gremlin Gang","floor":14.0,"turns":6.0},{"damage":6.0,"enemies":"Slime Boss","floor":16.0,"turns":9.0},{"damage":16.0,"enemies":"Spheric Guardian","floor":18.0,"turns":4.0},{"damage":14.0,"enemies":"Shell Parasite","floor":20.0,"turns":7.0},{"damage":27,"enemies":"Snake Plant","floor":21,"turns":5}],"seed_played":"6447987349421328375","potions_obtained":[{"floor":4.0,"key":"DuplicationPotion"},{"floor":12.0,"key":"Regen Potion"},{"floor":14.0,"key":"Fire Potion"},{"floor":18.0,"key":"AttackPotion"},{"floor":20.0,"key":"CultistPotion"}],"is_trial":false,"path_per_floor":["M","M","?","M","?","R","M","E","T","$","?","M","R","M","R","B",null,"M","?","M","M"],"character_chosen":"THE_SILENT","items_purchased":["Toxic Egg 2","Purity+1"],"campfire_rested":1,"item_purchase_floors":[10,10],"current_hp_per_floor":[57,56,56,49,49,49,42,7,7,22,4,4,22,30,30,24,51,35,35,21,0,0],"gold":157,"neow_bonus":"TWO_FIFTY_GOLD","is_daily":false,"chose_seed":false,"campfire_upgraded":2,"win_rate":0.0,"timestamp":1608439888,"path_taken":["M","M","?","?","?","R","M","E","T","$","?","M","R","M","R","BOSS","M","?","M","M"],"items_purchased_type":["Relic","Card"],"build_version":"2020-12-13","purchased_purges":1,"victory":false,"max_hp_per_floor":[60,60,60,60,60,60,60,60,60,60,60,60,60,60,60,60,60,60,60,60,60,60],"card_choices":[{"not_picked":["Outmaneuver","Poisoned Stab"],"picked":"Dash","floor":1.0},{"not_picked":["Underhanded Strike","Backstab"],"picked":"Acrobatics","floor":2.0},{"not_picked":["Dagger Spray","Blur"],"picked":"Blade Dance","floor":4.0},{"not_picked":["Crippling Poison","Poisoned Stab"],"picked":"Doppelganger","floor":7.0},{"not_picked":["Endless Agony","Bane","Noxious Fumes"],"picked":"SKIP","floor":8.0},{"not_picked":["Quick Slash","Sucker Punch","Dash"],"picked":"SKIP","floor":12.0},{"not_picked":["Sucker Punch","Bane"],"picked":"Footwork","floor":14.0},{"not_picked":["Envenom","Night Terror+1"],"picked":"Phantasmal Killer+1","floor":16.0},{"not_picked":["Underhanded Strike","Eviscerate"],"picked":"Cloak And Dagger+1","floor":18.0},{"not_picked":["Bane","Bouncing Flask+1","Flying Knee"],"picked":"SKIP","floor":20.0}],"player_experience":626858,"relics_obtained":[{"floor":8.0,"key":"MealTicket"},{"floor":9.0,"key":"Gremlin Horn"}],"event_choices":[{"damage_healed":0.0,"max_hp_gain":0.0,"max_hp_loss":0.0,"gold_gain":0.0,"event_name":"Match and Keep!","player_choice":"1 cards matched","floor":3.0,"gold_loss":0.0,"damage_taken":0.0,"cards_obtained":["Night Terror"]},{"damage_healed":0.0,"max_hp_gain":0.0,"max_hp_loss":0.0,"gold_gain":0.0,"event_name":"Liars Game","player_choice":"Ignored","floor":5.0,"gold_loss":0.0,"damage_taken":0.0},{"damage_healed":0.0,"max_hp_gain":0.0,"max_hp_loss":0.0,"gold_gain":0.0,"event_name":"Shining Light","player_choice":"Entered Light","floor":11.0,"gold_loss":0.0,"damage_taken":18.0,"cards_upgraded":["Defend_G","Doppelganger"]},{"cards_removed":["Strike_G"],"damage_healed":0.0,"max_hp_gain":0.0,"max_hp_loss":0.0,"gold_gain":0.0,"event_name":"Purifier","player_choice":"Purged","floor":19.0,"gold_loss":0.0,"damage_taken":0.0}],"is_beta":false,"boss_relics":[{"not_picked":["Empty Cage","Ring of the Serpent"],"picked":"Runic Dome"}],"items_purged_floors":[10],"is_endless":false,"potions_floor_spawned":[4,12,14,18,20],"killed_by":"Snake Plant","ascension_level":20}}