{"host":"u6i4tuckh9ieu6fx","time":1608450517,"event":{"mods":["ATMod(阿瑾Mod)","Act Like it!","Ascension Reborn","Aspiration","Bard","BaseMod","Better Vampires","CapriCore","Chen","Colored Powertips","Conspire","Decade(王小明)","Dota2Spire","Downfall","Friendly Minions","Gensokyo","GifTheSpireLib","GungeonMod","Hallownest","Hermit","Highlight Path","HololiveMod","Hunter 猎人","Jedi Mod","Jorbs\u0027s Wanderer Trilogy","KinomotoSakuraMod(木之本樱)","Koishi","KomeijiMod","LagranYue(拉格朗・月)","Lobotomy","LobotomyExtend","Luminous","Marisa（F雨　魔理沙）","Marked Mod","Minty Spire (QoL Compilation)","MostiFishMod","Nova Terra(诺娃・泰拉)","Pale of the Ancients","Prisma Mod","Quick Restart","Reimu（博丽灵梦）","Replay The Spire","RumiaBox-露米娅的神秘盒子","SIMod","Spicy Shops","StSLib","TestMod","The Cursed","The Gatherer","The IronCluck","The Runesmith","The Senshi","The Servant 0.9.4","TheWitcher","WarShipGirlsR/战舰少女R mod","Youmu（魂魄妖梦）","Yuri Mod","Yuyuko","[IsaacMod]以撒尖塔","[地精首领爬塔]The Maniac","vexMod","【东方二次创作】八云紫mod","【功能Mod】混沌之环修复补丁","【遗物卡牌】REMEMod","篝火指南"],"gold_per_floor":[109,85,10,21,33,0,10,26,26,46,46,81,81,81,81,192,192,215,269,293,327,343,374,167,187,212,240,162,462,462,312,312,419,419,441,462,161,161,161,199,199,232,300,300,300,250,173,240,64,226,452],"floor_reached":52,"playtime":2783,"items_purged":["Pride"],"score":1203,"play_id":"d4be48e0-cd52-4c7e-a65b-b97550321c74","local_time":"20201220154837","is_ascension_mode":true,"campfire_choices":[{"floor":11.0,"key":"RECALL"},{"data":"TheCursedMod:NeowsMight","floor":15.0,"key":"SMITH"},{"data":"TheCursedMod:CursedRelics","floor":30.0,"key":"SMITH"},{"data":"TheCursedMod:Stigma","floor":32.0,"key":"SMITH"},{"data":"TheCursedMod:OutForBlood","floor":41.0,"key":"SMITH"}],"circlet_count":0,"master_deck":["BodiesMountain","Funeral","BigBird","TheCursedMod:Strike_TheCursed","TheCursedMod:Strike_TheCursed","TheCursedMod:Strike_TheCursed","TheCursedMod:Defend_TheCursed","TheCursedMod:Defend_TheCursed","TheCursedMod:Defend_TheCursed","TheCursedMod:Defend_TheCursed","TheCursedMod:CursedWand","TheCursedMod:CleanUpWorkshop","TheCursedMod:Dregs","Infinite Blades","OldLady","TheCursedMod:SmokeScreen","TheCursedMod:Stigma+1","TheCursedMod:RavingStaff","TheCursedMod:AbyssShockwave","TheCursedMod:SurpriseAttack+1","TheCursedMod:SurpriseAttack","LaLuna","TheCursedMod:VitalStrike","TheCursedMod:SurpriseAttack","Wellcheers","TheCursedMod:TacticalStrike","PunishingBird","TheCursedMod:NeowsMight+1","TheCursedMod:ManaCirculation","REME_Flogging","TheCursedMod:SpreadPlague","TheCursedMod:CollectTribute","MeatLantern","TheCursedMod:CursedRelics+1","TheCursedMod:Hemoplague","TheCursedMod:TacticalStrike","SnowQueen","FieryBird","TheCursedMod:HellsGateOpen","Rudolta","TheCursedMod:DemonSword","TheCursedMod:OutForBlood+1","TheCursedMod:CursedRelics","HappyTeddy","TheCursedMod:SurpriseAttack+1","TheCursedMod:SpitefulStrike","TheCursedMod:SurpriseAttack","TheCursedMod:CursedShiv+1","TheCursedMod:StingEye+1","TheCursedMod:CursedBoomerang+1","TheCursedMod:DemonSword","TheCursedMod:Torture+1","TheCursedMod:CircleOfFlame","Regret","TheCursedMod:OutForBlood","TheCursedMod:DemonSword+1","TheCursedMod:CursedMace+1","TheCursedMod:SpitefulStrike+1","TheCursedMod:NeowsMight"],"relics":["TheCursedMod:BlackMagic101","REME_ComplimentaryCards","DaveBox","HushsDoor","KeepersGift","testmod-Nyarlathotep","PatriotShield","LagranYue:RandomDrawCardRelic","CogitoBucket","RabbitCall","Question Card","LetterFromLob","Hallownest:BankAccountRelic","testmod-TheFather","SkinProphecy","Leech","Lamp_r","ImportantClient","jedi:paperlyon","DemoMod:MemoryAlloy","jedi:shrinkray","HellTrain","Pen Nib","DoctorsRemote","Chemical X","Ccalipers","aspiration:Lifesprig","AspirationHeart","Orrery","ChaoDraw","Whetstone","SolemnVow_r","testmod-Prudence","GuppysHairball","GuppysTail","GuppysCollar","Eternal Feather","Molten Egg 2","Juzu Bracelet","testmod-TestBox","DemoMod:JetPack","vexMod:Dragonfruit","REME_ArchaeologicalTools","Chaos","aspiration:HummingbirdHeart","Ornamental Fan","TheSmile_r"],"acts_visited":["Exordium","Hallownest:Greenpath","Hallownest:CityofTears"],"potions_floor_usage":[],"damage_taken":[{"damage":1.0,"enemies":"2_ Uuma","floor":1.0,"turns":2.0},{"damage":1.0,"enemies":"Hallownest:2_Baldur","floor":4.0,"turns":2.0},{"damage":1.0,"enemies":"Hallownest:2_MossCreeps","floor":5.0,"turns":2.0},{"damage":0.0,"enemies":"Hallownest:Guard_and_Warrior","floor":7.0,"turns":3.0},{"damage":0.0,"enemies":"Hallownest:1_Baldur_1_Crawlid_1_Warrior","floor":8.0,"turns":2.0},{"damage":34.0,"enemies":"Hallownest:monsterMossCharger","floor":10.0,"turns":1.0},{"damage":1.0,"enemies":"Hallownest:eliteVengeflyKing","floor":12.0,"turns":2.0},{"damage":2.0,"enemies":"Hallownest:BossFalseKnight","floor":16.0,"turns":3.0},{"damage":0.0,"enemies":"Hallownest:2_Mistakes","floor":18.0,"turns":1.0},{"damage":1.0,"enemies":"Hiden Room Battle","floor":19.0,"turns":2.0},{"damage":1.0,"enemies":"Hallownest:3_Youths","floor":20.0,"turns":2.0},{"damage":12.0,"enemies":"conspire:MimicChest","floor":21.0,"turns":2.0},{"damage":0.0,"enemies":"Hallownest:monsterMisterMushroom","floor":22.0,"turns":1.0},{"damage":0.0,"enemies":"Hallownest:Nosk","floor":23.0,"turns":2.0},{"damage":0.0,"enemies":"Hallownest:monsterShrumalOgre","floor":25.0,"turns":1.0},{"damage":0.0,"enemies":"Hallownest:Master_and_Novice","floor":27.0,"turns":1.0},{"damage":0.0,"enemies":"Hallownest:BossSoulMaster","floor":33.0,"turns":1.0},{"damage":0.0,"enemies":"Hallownest:2_Littles","floor":35.0,"turns":1.0},{"damage":0.0,"enemies":"Hallownest:Shield_Heavy","floor":36.0,"turns":1.0},{"damage":0.0,"enemies":"Hallownest:StalkingDevout","floor":40.0,"turns":1.0},{"damage":6.0,"enemies":"Hallownest:Shield_Sturdy","floor":42.0,"turns":1.0},{"damage":0.0,"enemies":"Hallownest:eliteHiveKnight","floor":48.0,"turns":1.0},{"damage":0.0,"enemies":"Hallownest:Radiance","floor":50.0,"turns":1.0},{"damage":0.0,"enemies":"Malkuth","floor":51.0,"turns":2.0},{"damage":0.0,"enemies":"Yesod","floor":51.0,"turns":2.0},{"damage":1.0,"enemies":"Tiphereth","floor":51.0,"turns":2.0},{"damage":0.0,"enemies":"Binah","floor":51.0,"turns":3.0},{"damage":0,"enemies":"Angela","floor":52,"turns":3}],"seed_played":"1847619822470890381","potions_obtained":[{"floor":4.0,"key":"Regen Potion"},{"floor":7.0,"key":"AttackPotion"},{"floor":18.0,"key":"ColorlessPotion"},{"floor":42.0,"key":"hexamod:EctoCoolerPotion"},{"floor":50.0,"key":"Weak Potion"}],"is_trial":false,"path_per_floor":["M","$","?","M","M","R","M","M","T","M","R","E","?","?","R","B",null,"M","?","M","?","M","E","$","M","T","M","R","?","R","$","R","B",null,"M","M","$","?","?","E","R","M","T","?","?","?","R","E","R","B",null,null,null],"character_chosen":"THE_CURSED","items_purchased":["TheCursedMod:Stigma","TheCursedMod:SurpriseAttack","TheCursedMod:CursedRelics","TheCursedMod:Hemoplague","Chemical X","Ccalipers","Orrery","ChaoDraw","Whetstone","GuppysHairball","GuppysTail","GuppysCollar","Eternal Feather","Molten Egg 2","Juzu Bracelet","Chaos","Ornamental Fan"],"campfire_rested":0,"item_purchase_floors":[2,6,17,17,24,24,28,31,31,34,34,34,37,37,37,47,49],"current_hp_per_floor":[74,74,74,73,72,72,72,72,72,38,38,33,33,33,33,36,72,68,51,48,38,34,36,36,32,32,34,34,34,34,34,34,32,71,36,35,35,35,35,32,40,1,6,18,18,18,47,46,49,46,59],"gold":459,"neow_bonus":"","is_daily":false,"chose_seed":false,"campfire_upgraded":4,"win_rate":0.0,"timestamp":1608450517,"path_taken":["M","$","?","M","M","R","M","?","T","?","R","E","?","?","R","BOSS","M","?","M","?","M","E","$","M","T","?","R","?","R","$","R","BOSS","M","M","$","?","?","E","R","M","T","?","?","?","R","E","R","BOSS"],"items_purchased_type":["Card","Card","Card","Card","Relic","Relic","Relic","Relic","Relic","Relic","Relic","Relic","Relic","Relic","Relic","Card","Relic"],"build_version":"2020-12-13","purchased_purges":1,"victory":true,"max_hp_per_floor":[75,75,75,75,75,75,75,75,75,75,75,77,77,77,77,79,72,74,76,80,82,84,86,86,88,88,102,102,102,102,102,102,104,71,36,38,38,38,38,40,40,42,47,47,47,47,47,49,49,51,59],"card_choices":[{"not_picked":[],"picked":"ChaosCard","floor":0.0},{"not_picked":["BlackSwan","SpiderBud","OSAHOGD"],"picked":"Singing Bowl","floor":1.0},{"not_picked":["FairyFestival","CrumblingArmor"],"picked":"OldLady","floor":1.0},{"not_picked":["TheCursedMod:AshesToAshes","TheCursedMod:DarkBarrier"],"picked":"TheCursedMod:SmokeScreen","floor":1.0},{"not_picked":["VoidDream","UniverseFragment","CrumblingArmor"],"picked":"Singing Bowl","floor":4.0},{"not_picked":["TheCursedMod:Wield","TheCursedMod:SoulCrush","TheCursedMod:AntiAging"],"picked":"TheCursedMod:RavingStaff","floor":4.0},{"not_picked":["Wellcheers","CherryBlossoms"],"picked":"BigBird","floor":5.0},{"not_picked":["TheCursedMod:EmpowerCircles","TheCursedMod:SaltUponWound","TheCursedMod:CursedBoomerang"],"picked":"TheCursedMod:AbyssShockwave","floor":5.0},{"not_picked":["WallGazer","BeautyBeast"],"picked":"LaLuna","floor":7.0},{"not_picked":["TheCursedMod:TacticalStrike","TheCursedMod:CircleOfFocus","TheCursedMod:CursedShiv"],"picked":"TheCursedMod:VitalStrike","floor":7.0},{"not_picked":["OSAHOGD","Wellcheers","CrumblingArmor"],"picked":"Singing Bowl","floor":8.0},{"not_picked":["FairyFestival","Scorched"],"picked":"DespairKnight","floor":8.0},{"not_picked":["TheCursedMod:CircleOfCorruption","TheCursedMod:VitalStrike","TheCursedMod:CursedStaff"],"picked":"TheCursedMod:SurpriseAttack","floor":8.0},{"not_picked":["Yin","LittleHelper","Murderer"],"picked":"Singing Bowl","floor":10.0},{"not_picked":["CrumblingArmor","HeroicMonk"],"picked":"Wellcheers","floor":10.0},{"not_picked":["TheCursedMod:SmokeScreen","TheCursedMod:VoidForm","TheCursedMod:CursedMace"],"picked":"TheCursedMod:TacticalStrike","floor":10.0},{"not_picked":["MHz","Funeral"],"picked":"PunishingBird","floor":12.0},{"not_picked":["TheCursedMod:CircleOfFlame","TheCursedMod:CursedBoomerang","TheCursedMod:AntiAging"],"picked":"TheCursedMod:NeowsMight","floor":12.0},{"not_picked":["MostiFishMod:SparklingWater","testmod-Recap","Secret Weapon"],"picked":"REME_Flogging","floor":14.0},{"not_picked":["TheCursedMod:SmokeScreen","TheCursedMod:SaltUponWound","TheCursedMod:RapidMovement"],"picked":"TheCursedMod:SpreadPlague","floor":14.0},{"not_picked":["TheCursedMod:AntiAging","TheCursedMod:ParallelWorld","TheCursedMod:StunningStrike"],"picked":"TheCursedMod:CollectTribute","floor":16.0},{"not_picked":["WhitesApple","OSAHOGD"],"picked":"MeatLantern","floor":16.0},{"not_picked":["SpiderBud","Bloodbath","VoidDream"],"picked":"Singing Bowl","floor":18.0},{"not_picked":["TheCursedMod:CircleOfFocus","TheCursedMod:Torture","TheCursedMod:DoubleShield"],"picked":"TheCursedMod:TacticalStrike","floor":18.0},{"not_picked":["UniverseFragment","QueenBee","WallGazer"],"picked":"Singing Bowl","floor":19.0},{"not_picked":["MHz","ShyLook"],"picked":"SnowQueen","floor":19.0},{"not_picked":["TheCursedMod:Stretching","TheCursedMod:CircleOfFocus","TheCursedMod:CursedArmor"],"picked":"TheCursedMod:SurpriseAttack","floor":19.0},{"not_picked":["BodiesMountain","ShyLook","Bloodbath"],"picked":"Singing Bowl","floor":20.0},{"not_picked":["SpiderBud","WhiteNight"],"picked":"FieryBird","floor":20.0},{"not_picked":["TheCursedMod:SmokeScreen+1","TheCursedMod:CursedSpellbook","TheCursedMod:FleshFromBone"],"picked":"TheCursedMod:HellsGateOpen","floor":20.0},{"not_picked":["ShyLook","Woodsman","MeltingLove"],"picked":"Singing Bowl","floor":21.0},{"not_picked":["Murderer","Laetitia"],"picked":"Rudolta","floor":21.0},{"not_picked":["TheCursedMod:CursedStaff","TheCursedMod:CircleOfFlame","TheCursedMod:CursedBlade"],"picked":"TheCursedMod:DemonSword","floor":21.0},{"not_picked":["OSAHOGD","Porccubus","SpiderBud"],"picked":"Singing Bowl","floor":22.0},{"not_picked":["TheCursedMod:VitalStrike","TheCursedMod:TacticalStrike+1","TheCursedMod:CursedShiv+1"],"picked":"TheCursedMod:OutForBlood","floor":22.0},{"not_picked":["TheCursedMod:RavingStaff+1","TheCursedMod:LuckyCharm","TheCursedMod:Stretching+1"],"picked":"TheCursedMod:CursedRelics","floor":23.0},{"not_picked":["NakedNest","Laetitia","Woodsman"],"picked":"Singing Bowl","floor":23.0},{"not_picked":["UniverseFragment","Freischutz"],"picked":"HappyTeddy","floor":25.0},{"not_picked":["TheCursedMod:CircleOfCorruption","TheCursedMod:SmokeScreen","TheCursedMod:RapidMovement"],"picked":"TheCursedMod:SurpriseAttack+1","floor":25.0},{"not_picked":["Porccubus","BeautyBeast","SingingMachine"],"picked":"Singing Bowl","floor":27.0},{"not_picked":["CENSORED","Freischutz"],"picked":"Funeral","floor":27.0},{"not_picked":["TheCursedMod:CursedBoomerang+1","TheCursedMod:PrepareRite","TheCursedMod:AshesToAshes"],"picked":"TheCursedMod:SpitefulStrike","floor":27.0},{"not_picked":["TheCursedMod:FleshFromBone","TheCursedMod:Obscuration","TheCursedMod:SpitefulPlan+1"],"picked":"TheCursedMod:SurpriseAttack","floor":28.0},{"not_picked":["TheCursedMod:SoulReap","TheCursedMod:CircleOfFocus","TheCursedMod:CircleOfCorruption"],"picked":"TheCursedMod:CursedShiv+1","floor":28.0},{"not_picked":["TheCursedMod:SurpriseAttack","TheCursedMod:Stretching","TheCursedMod:TacticalStrike+1"],"picked":"TheCursedMod:StingEye+1","floor":28.0},{"not_picked":["TheCursedMod:PrepareRite","TheCursedMod:Grudge","TheCursedMod:SaltUponWound+1"],"picked":"TheCursedMod:CursedBoomerang","floor":28.0},{"not_picked":["SilentOrchestra","NakedNest","GalaxyChild"],"picked":"Singing Bowl","floor":33.0},{"not_picked":["TheCursedMod:AntiAging","TheCursedMod:CollectTribute","TheCursedMod:VoidForm"],"picked":"TheCursedMod:DemonSword","floor":33.0},{"not_picked":["FairyFestival","HeroicMonk"],"picked":"Yin","floor":35.0},{"not_picked":["TheCursedMod:BloodBarrier+1","TheCursedMod:CircleOfFlame+1","TheCursedMod:ReleasedKnowledge"],"picked":"TheCursedMod:Torture+1","floor":35.0},{"not_picked":["TheCursedMod:HellsGateOpen","TheCursedMod:OutForBlood","TheCursedMod:CircleOfCorruption+1"],"picked":"TheCursedMod:CircleOfFlame","floor":36.0},{"not_picked":[],"picked":"TheCursedMod:OutForBlood","floor":39.0},{"not_picked":["Alriune","WhiteNight"],"picked":"QueenOfHatred","floor":40.0},{"not_picked":["TheCursedMod:TacticalStrike+1","TheCursedMod:Wield+1","TheCursedMod:LuckyCharm"],"picked":"TheCursedMod:DemonSword+1","floor":40.0},{"not_picked":["BlackArmy","Murderer"],"picked":"BodiesMountain","floor":42.0},{"not_picked":["TheCursedMod:CursedStaff+1","TheCursedMod:RapidMovement+1","TheCursedMod:LuckyCharm+1"],"picked":"TheCursedMod:CursedMace+1","floor":42.0},{"not_picked":["LittlePrince","WhitesApple"],"picked":"MeltingLove","floor":48.0},{"not_picked":["TheCursedMod:RavingStaff+1","TheCursedMod:SpreadPlague","TheCursedMod:SoulReap+1"],"picked":"TheCursedMod:SpitefulStrike+1","floor":48.0},{"not_picked":["BlackSwan","NothingThere","SingingMachine"],"picked":"Singing Bowl","floor":50.0},{"not_picked":["TheCursedMod:CollectTribute","TheCursedMod:AntiAging","TheCursedMod:ShockAndAwe+1"],"picked":"TheCursedMod:NeowsMight","floor":50.0}],"player_experience":143619,"relics_obtained":[{"floor":1.0,"key":"Question Card"},{"floor":1.0,"key":"LetterFromLob"},{"floor":9.0,"key":"testmod-TheFather"},{"floor":12.0,"key":"Leech"},{"floor":16.0,"key":"ImportantClient"},{"floor":19.0,"key":"DemoMod:MemoryAlloy"},{"floor":19.0,"key":"jedi:shrinkray"},{"floor":21.0,"key":"Pen Nib"},{"floor":23.0,"key":"DoctorsRemote"},{"floor":26.0,"key":"aspiration:Lifesprig"},{"floor":40.0,"key":"DemoMod:JetPack"},{"floor":43.0,"key":"vexMod:Dragonfruit"},{"floor":48.0,"key":"aspiration:HummingbirdHeart"}],"event_choices":[{"damage_healed":0.0,"max_hp_gain":0.0,"max_hp_loss":0.0,"gold_gain":0.0,"event_name":"HidenRoomEvent","player_choice":"Fight","floor":19.0,"gold_loss":0.0,"damage_taken":0.0},{"damage_healed":0.0,"max_hp_gain":0.0,"max_hp_loss":0.0,"gold_gain":0.0,"event_name":"给自己的盒子","player_choice":"Swap Relic","floor":38.0,"relics_lost":["testmod-TestBox"],"gold_loss":0.0,"damage_taken":0.0,"relics_obtained":["testmod-TestBox"]},{"damage_healed":0.0,"max_hp_gain":0.0,"max_hp_loss":0.0,"gold_gain":0.0,"event_name":"conspire:Investor","player_choice":"Leave","floor":45.0,"gold_loss":0.0,"damage_taken":0.0}],"is_beta":false,"boss_relics":[{"not_picked":["testmod-EnergyCheck","ChampionBelt"],"picked":"jedi:paperlyon"},{"not_picked":[]},{"not_picked":["Replay:Grab Bag","TimeKeys"],"picked":"testmod-Prudence"},{"not_picked":[]}],"items_purged_floors":[49],"is_endless":false,"potions_floor_spawned":[4,7,10,18,23,25,33,40,42,50],"ascension_level":0}}