{"host":"xfr90oo4gfm5wrxc","time":1608437743,"event":{"mods":["BaseMod","Downfall","Minty Spire (QoL Compilation)","Replay The Spire","Shop Mod","StSLib","SuperFastMode","TestMod","The Cursed"],"gold_per_floor":[99,110,125,225,237,267,294,327,327,327,327],"floor_reached":10,"playtime":861,"items_purged":[],"score":132,"play_id":"05319d2d-35f3-4ba3-b709-d544a8383f94","local_time":"20201220121543","daily_mods":["downfall:Jewelcrafting","DeadlyEvents"],"is_ascension_mode":true,"campfire_choices":[],"circlet_count":0,"master_deck":["Guardian:Strike_Guardian","Guardian:Strike_Guardian","Guardian:Strike_Guardian","Guardian:Strike_Guardian","Guardian:Defend_Guardian","Guardian:Defend_Guardian","Guardian:Defend_Guardian","Guardian:Defend_Guardian","Guardian:CurlUp","Guardian:TwinSlam","Guardian:ExploitGems","Guardian:ExploitGems","Guardian:CrystalBeam","Guardian:Suspension","Guardian:SentryBeam","Guardian:Emergency","Guardian:HyperBeam_Guardian","Guardian:Gem_Cyan","Guardian:Gem_Orange","Guardian:Gem_Red","Guardian:Gem_White"],"relics":["Guardian:ModeShifter","Guardian:PickAxe","testmod-TestBox","testmod-Temperance","Replay:Rubber Ducky","Toy Ornithopter","testmod-AssaultLearning"],"acts_visited":["Exordium"],"potions_floor_usage":[8],"damage_taken":[{"damage":3,"enemies":"Cultist","floor":2,"turns":4},{"damage":4,"enemies":"Jaw Worm","floor":3,"turns":4},{"damage":2,"enemies":"Small Slimes","floor":5,"turns":5},{"damage":25,"enemies":"Lagavulin","floor":6,"turns":9},{"damage":25,"enemies":"3 Sentries","floor":8,"turns":10},{"damage":42,"enemies":"Lagavulin","floor":10,"turns":8}],"seed_played":"3703226258491960698","potions_obtained":[{"floor":6,"key":"Block Potion"}],"is_trial":true,"path_per_floor":["R","M","M","?","M","E","T","E","R","E"],"character_chosen":"GUARDIAN","items_purchased":[],"campfire_rested":0,"item_purchase_floors":[],"current_hp_per_floor":[80,77,73,73,71,46,46,26,26,0,0],"gold":327,"neow_bonus":"","is_daily":false,"chose_seed":false,"campfire_upgraded":0,"win_rate":0.0,"timestamp":1608437743,"path_taken":["R","M","?","?","M","E","T","E","R","E"],"items_purchased_type":[],"build_version":"2020-12-13","purchased_purges":0,"victory":false,"max_hp_per_floor":[80,80,80,80,80,80,80,80,80,80,80],"card_choices":[{"not_picked":["Guardian:Gem_Cyan","Guardian:MultiBeam"],"picked":"Guardian:CrystalBeam","floor":2},{"not_picked":["Guardian:Gem_Cyan","Guardian:PiercingHide"],"picked":"Guardian:Suspension","floor":3},{"not_picked":["Guardian:SpikerProtocol","Guardian:PrimingBeam"],"picked":"Guardian:SentryBeam","floor":5},{"not_picked":["Guardian:ChargeCore","Guardian:PrimingBeam"],"picked":"Guardian:Emergency","floor":6},{"not_picked":["Guardian:PrimingBeam","Guardian:GuardianWhirl"],"picked":"Guardian:HyperBeam_Guardian","floor":8}],"player_experience":150667,"relics_obtained":[{"floor":6,"key":"Replay:Rubber Ducky"},{"floor":7,"key":"Toy Ornithopter"},{"floor":8,"key":"testmod-AssaultLearning"}],"event_choices":[],"is_beta":false,"boss_relics":[],"items_purged_floors":[],"is_endless":true,"potions_floor_spawned":[6],"killed_by":"Lagavulin","ascension_level":1}}