{"host":"o4pit0n7y0vm2e4t","time":1608484642,"event":{"mods":["Aspiration","BaseMod","Better Altar","Better Match","Better Note","Better Sensory Stone","Better Skull","Better Third Choice","Colored Map","Conspire","Downfall","Friendly Minions","Googly Eyes","Halation","Hermit","HexUI Lib","Hubris","Minty Spire (QoL Compilation)","RatMod","Replay The Spire","Robot Space Explorer","Spikes Relics","StSLib","The Hierophant","The Jungle","The Necromancer"],"gold_per_floor":[116,31,31,43,55,55,123,139,152,137,122,140,140,152,152,248,248,262,273,273,473,483,103,103,116,116,129,21,21,21,21,21,116,116,131,151,151,151],"floor_reached":37,"playtime":3344,"items_purged":["hexamod:Haunted"],"score":363,"play_id":"4ee40a4b-12e7-42d9-af0b-81c69ee2a56e","local_time":"20201220121722","is_ascension_mode":false,"campfire_choices":[{"data":"Guardian:SentryBeam","floor":6,"key":"SMITH"},{"data":"Guardian:Suspension","floor":13,"key":"SMITH"},{"data":"Guardian:RevengeProtocol","floor":15,"key":"SMITH"},{"floor":26,"key":"REST"},{"floor":30,"key":"REST"},{"data":"Guardian:RevengeProtocol","floor":32,"key":"SMITH"}],"circlet_count":0,"master_deck":["Guardian:Strike_Guardian","Guardian:Strike_Guardian","Guardian:Strike_Guardian","Guardian:Defend_Guardian","Guardian:Defend_Guardian","Guardian:Defend_Guardian","Guardian:Defend_Guardian","Guardian:CurlUp","Guardian:TwinSlam","Guardian:PiercingHide","Guardian:Planning","Guardian:SentryBeam+1","Guardian:Incinerate","Guardian:BronzeArmor","Guardian:Suspension+1","Guardian:Orbwalk","Guardian:RevengeProtocol+1","Guardian:Repulse","Guardian:AncientConstruct","Guardian:RevengeProtocol+1","Guardian:TimeCapacitor","Guardian:SpikerProtocol","expansioncontent:DefensiveStance","Guardian:CompilePackage","Guardian:PrismaticBarrier+1"],"relics":["Guardian:ModeShifter","Potion Belt","halation:TwoAmDonut","halation:Prosthetics","Bronze Scales","hubris:SphereOfDissonance","Replay:Grab Bag","ReplayTheSpireMod:DimensionalGlitch","Cursed Key","aspiration:PoetsPen_weak","conspire:SpecialSausage"],"acts_visited":["Exordium","TheCity","TheBeyond"],"potions_floor_usage":[23,23,28,28,28,37],"damage_taken":[{"damage":0,"enemies":"Small Slimes","floor":1,"turns":3},{"damage":0,"enemies":"downfall:FleeingMerchant","floor":2,"turns":4},{"damage":0,"enemies":"Cultist","floor":4,"turns":5},{"damage":5,"enemies":"2 Louse","floor":5,"turns":2},{"damage":3,"enemies":"Gremlin Gang","floor":8,"turns":5},{"damage":8,"enemies":"Exordium Thugs","floor":9,"turns":4},{"damage":0,"enemies":"downfall:FleeingMerchant","floor":10,"turns":4},{"damage":2,"enemies":"downfall:FleeingMerchant","floor":11,"turns":4},{"damage":14,"enemies":"3 Louse","floor":12,"turns":3},{"damage":0,"enemies":"Exordium Wildlife","floor":14,"turns":4},{"damage":7,"enemies":"downfall:Ironclad","floor":16,"turns":7},{"damage":14,"enemies":"Spheric Guardian","floor":18,"turns":4},{"damage":3,"enemies":"Shell Parasite","floor":19,"turns":4},{"damage":2,"enemies":"Snake Plant","floor":22,"turns":4},{"damage":6,"enemies":"downfall:FleeingMerchant","floor":23,"turns":4},{"damage":0,"enemies":"Snecko","floor":25,"turns":5},{"damage":4,"enemies":"Centurion and Healer","floor":27,"turns":4},{"damage":0,"enemies":"downfall:FleeingMerchant","floor":28,"turns":4},{"damage":11,"enemies":"downfall:Watcher","floor":33,"turns":7},{"damage":11,"enemies":"3 Shapes","floor":35,"turns":4},{"damage":0,"enemies":"3 Darklings","floor":36,"turns":5},{"damage":34,"enemies":"4 Shapes","floor":37,"turns":3}],"seed_played":"1378133060091790799","potions_obtained":[{"floor":4,"key":"BlessingOfTheForge"},{"floor":8,"key":"Reflective Coating"},{"floor":14,"key":"LiquidBronze"},{"floor":16,"key":"FearPotion"},{"floor":18,"key":"Energy Potion"},{"floor":25,"key":"Adrenaline Potion"},{"floor":27,"key":"PowerPotion"},{"floor":33,"key":"FearPotion"}],"is_trial":false,"path_per_floor":["M","$","?","M","M","R","T","M","M","$","$","M","R","M","R","B",null,"M","M","?","?","M","$","T","M","R","M","$","?","R","?","R","B",null,"M","M","M"],"character_chosen":"GUARDIAN","items_purchased":["Guardian:SentryBeam","Guardian:TimeCapacitor","Guardian:Gem_Purple","Bronze Scales","expansioncontent:DefensiveStance"],"campfire_rested":2,"item_purchase_floors":[2,23,23,23,28],"current_hp_per_floor":[80,80,80,80,75,75,75,72,64,64,62,48,48,48,48,41,45,31,28,28,28,26,20,20,20,33,29,29,29,42,42,42,31,45,34,34,0,0],"gold":151,"neow_bonus":"RANDOM_COMMON_RELIC","is_daily":false,"chose_seed":false,"campfire_upgraded":4,"win_rate":0.0,"timestamp":1608484642,"path_taken":["M","$","?","M","M","R","T","?","?","?","$","?","R","M","R","BOSS","M","M","?","?","M","?","T","?","R","M","$","?","R","?","R","BOSS","M","M","M"],"items_purchased_type":["Card","Card","Card","Relic","Card"],"build_version":"2020-12-13","purchased_purges":1,"victory":false,"max_hp_per_floor":[80,80,80,80,80,80,80,80,80,80,80,80,80,80,80,80,45,45,45,45,45,45,45,45,45,45,45,45,45,45,45,45,45,45,45,45,45,45],"card_choices":[{"not_picked":["Guardian:TemporalStrike","Guardian:PrismaticBeam"],"picked":"Guardian:PiercingHide","floor":1},{"not_picked":["Guardian:ShieldCharger","Guardian:GuardianWhirl"],"picked":"Guardian:Planning","floor":2},{"not_picked":["Guardian:BronzeOrb","Guardian:CrystalBeam"],"picked":"Guardian:Incinerate","floor":4},{"not_picked":["Guardian:Incinerate","Guardian:ChargeCore"],"picked":"Guardian:BronzeArmor","floor":5},{"not_picked":["Guardian:TemporalStrike","Guardian:Gem_Lightblue"],"picked":"Guardian:Suspension","floor":8},{"not_picked":["Guardian:GuardianWhirl","Guardian:TemporalShield"],"picked":"Guardian:Orbwalk","floor":9},{"not_picked":["Guardian:ShieldCharger","Guardian:VentSteam"],"picked":"Guardian:RevengeProtocol","floor":10},{"not_picked":["Guardian:MultiBeam","Guardian:Gem_Fragmented"],"picked":"Guardian:Gem_White","floor":11},{"not_picked":["Guardian:RollAttack","Guardian:GuardianWhirl"],"picked":"Guardian:Repulse","floor":12},{"not_picked":["Guardian:TemporalShield","Guardian:Harden"],"picked":"Guardian:Gem_Blue","floor":14},{"not_picked":["Guardian:FierceBash","Guardian:GemFire"],"picked":"Guardian:AncientConstruct","floor":16},{"not_picked":["Guardian:CrystalBeam","Guardian:VentSteam"],"picked":"Guardian:Gem_Green","floor":18},{"not_picked":["Guardian:RollAttack","Guardian:Gem_Green"],"picked":"Guardian:Gem_White","floor":19},{"not_picked":["Guardian:ShieldCharger+1","Guardian:TimeBomb","Guardian:Preprogram"],"picked":"SKIP","floor":22},{"not_picked":["Guardian:DonusPower","Guardian:Preprogram"],"picked":"Guardian:RevengeProtocol","floor":23},{"not_picked":["Guardian:CrystalBeam","Guardian:ChargeCore","Guardian:ShieldCharger"],"picked":"SKIP","floor":25},{"not_picked":["Guardian:Recover","Guardian:TimeCapacitor"],"picked":"Guardian:Gem_Green","floor":27},{"not_picked":["Guardian:TemporalShield","Guardian:RefractedBeam+1"],"picked":"Guardian:SpikerProtocol","floor":28},{"not_picked":["Guardian:GemFinder","Guardian:AncientConstruct"],"picked":"Guardian:CompilePackage","floor":33},{"not_picked":["Guardian:Gem_Fragmented","Guardian:VentSteam","Guardian:Harden"],"picked":"SKIP","floor":35},{"not_picked":["Guardian:Reroute","Guardian:PrimingBeam+1"],"picked":"Guardian:PrismaticBarrier+1","floor":36}],"player_experience":201098,"relics_obtained":[{"floor":7,"key":"halation:TwoAmDonut"},{"floor":24,"key":"hubris:SphereOfDissonance"}],"event_choices":[{"cards_removed":["Guardian:Strike_Guardian"],"damage_healed":0,"gold_gain":0,"player_choice":"Offered Basic","damage_taken":0,"max_hp_gain":0,"max_hp_loss":0,"event_name":"Bonfire Elementals","floor":3,"gold_loss":0},{"damage_healed":0,"gold_gain":0,"player_choice":"Ignored","damage_taken":0,"max_hp_gain":0,"max_hp_loss":0,"event_name":"betterNote:BetterNote","floor":20,"gold_loss":0,"cards_obtained":["Slimebound:FirmFortitude"]},{"damage_healed":0,"gold_gain":0,"player_choice":"Leave","damage_taken":0,"max_hp_gain":0,"max_hp_loss":0,"event_name":"conspire:Investor","floor":29,"gold_loss":0},{"damage_healed":0,"gold_gain":2,"player_choice":"1","damage_taken":0,"max_hp_gain":0,"max_hp_loss":0,"event_name":"betterStone:BetterStone","floor":31,"gold_loss":0}],"is_beta":false,"boss_relics":[{"not_picked":["Fusion Hammer","halation:PlatinumPhoenix"],"picked":"halation:Prosthetics"},{"not_picked":["aspiration:SecretTechniqueScroll","Kintsugi"],"picked":"Replay:Grab Bag"},{"not_picked":["halation:SmartPhone","Replay:Wanted Poster"],"picked":"ReplayTheSpireMod:DimensionalGlitch"},{"not_picked":["hubris:RunicObelisk","Guardian:StasisSlotReductionRelic"],"picked":"Cursed Key"},{"not_picked":["halation:MonkeysPaw","Calling Bell"],"picked":"aspiration:PoetsPen_weak"},{"not_picked":["Replay:Drink Me","SlaversCollar"],"picked":"conspire:SpecialSausage"}],"items_purged_floors":[23],"is_endless":false,"potions_floor_spawned":[4,8,14,16,18,25,27,33],"killed_by":"4 Shapes","ascension_level":0}}