{"host":"renny","time":1608456466,"event":{"mods":["BaseMod","Minty Spire (QoL Compilation)","Permanent Neow","Reimu£®≤©¿ˆ¡È√Œ£©","Shop Mod","Spicy Shops","StSLib","Td1madao Mod","TestMod","[IsaacMod]“‘»ˆº‚À˛","noobMod","ÛÙª÷∏ƒœ"],"gold_per_floor":[118,293,293,0,19,54,54,71,98,98,98,124,124,139,139,139,139],"floor_reached":16,"playtime":6321,"items_purged":["Doubt"],"score":157,"play_id":"84e90971-e5b2-4ede-8f36-f2781095654c","local_time":"20201220172745","is_ascension_mode":true,"campfire_choices":[{"data":"Feed","floor":7.0,"key":"SMITH"},{"data":"Second Wind","floor":10.0,"key":"SMITH"},{"data":"Evolve","floor":13.0,"key":"SMITH"},{"data":"Feel No Pain","floor":15.0,"key":"SMITH"}],"circlet_count":0,"master_deck":["Strike_R","Strike_R+1","Strike_R","Strike_R","Defend_R","Defend_R","Defend_R","Defend_R","Bash+1","Second Wind+1","Feel No Pain+1","Armaments","Feed+1","Intimidate","Evolve+1"],"relics":["Burning Blood","testmod-TestBox","ice","testmod-StringDisintegrator","Akabeko","MerchantsRug","PreservedInsect","Orichalcum","Nunchaku"],"acts_visited":["Exordium"],"potions_floor_usage":[],"damage_taken":[{"damage":0.0,"enemies":"2 Louse","floor":1.0,"turns":2.0},{"damage":3.0,"enemies":"Small Slimes","floor":5.0,"turns":3.0},{"damage":32.0,"enemies":"Gremlin Nob","floor":6.0,"turns":5.0},{"damage":2.0,"enemies":"Jaw Worm","floor":8.0,"turns":2.0},{"damage":11.0,"enemies":"Lagavulin","floor":12.0,"turns":8.0},{"damage":2.0,"enemies":"2 Fungi Beasts","floor":14.0,"turns":3.0},{"damage":32,"enemies":"The Guardian","floor":16,"turns":8}],"seed_played":"6438287636090429076","potions_obtained":[{"floor":5.0,"key":"PowerPotion"},{"floor":8.0,"key":"Swift Potion"}],"is_trial":false,"path_per_floor":["M","?","?","$","M","E","R","M","T","R","?","E","R","M","R","B"],"character_chosen":"IRONCLAD","items_purchased":["MerchantsRug","Feel No Pain"],"campfire_rested":0,"item_purchase_floors":[4,4],"current_hp_per_floor":[78,78,62,62,65,39,39,43,43,43,36,35,35,43,43,11,11],"gold":139,"neow_bonus":"RANDOM_COMMON_RELIC","is_daily":false,"chose_seed":false,"campfire_upgraded":4,"win_rate":0.0,"timestamp":1608456465,"path_taken":["M","?","?","$","M","E","R","?","T","R","?","E","R","M","R","BOSS"],"items_purchased_type":["Relic","Card"],"build_version":"2020-12-18","purchased_purges":1,"victory":false,"max_hp_per_floor":[80,80,80,80,80,80,80,80,80,80,80,84,84,88,88,88,88],"card_choices":[{"not_picked":["Pommel Strike","Warcry"],"picked":"Second Wind","floor":1.0},{"not_picked":["Cleave","Hemokinesis"],"picked":"Armaments","floor":5.0},{"not_picked":["Wild Strike","Iron Wave"],"picked":"Feed","floor":6.0},{"not_picked":["Blood for Blood","Havoc"],"picked":"Intimidate","floor":8.0},{"not_picked":["Armaments","Rage"],"picked":"Evolve","floor":12.0},{"not_picked":["Perfected Strike","Flex","Cleave"],"picked":"SKIP","floor":14.0}],"player_experience":857356,"relics_obtained":[{"floor":6.0,"key":"PreservedInsect"},{"floor":9.0,"key":"Orichalcum"},{"floor":12.0,"key":"Nunchaku"}],"event_choices":[{"damage_healed":0.0,"max_hp_gain":0.0,"max_hp_loss":0.0,"gold_gain":175.0,"event_name":"Liars Game","player_choice":"AGREE","floor":2.0,"gold_loss":0.0,"damage_taken":0.0,"cards_obtained":["Doubt"]},{"damage_healed":0.0,"max_hp_gain":0.0,"max_hp_loss":0.0,"gold_gain":0.0,"event_name":"Shining Light","player_choice":"Entered Light","floor":3.0,"gold_loss":0.0,"damage_taken":16.0,"cards_upgraded":["Bash","Strike_R"]},{"cards_removed":["Strike_R"],"damage_healed":0.0,"max_hp_gain":0.0,"max_hp_loss":0.0,"gold_gain":0.0,"event_name":"Golden Wing","player_choice":"Card Removal","floor":11.0,"gold_loss":0.0,"damage_taken":7.0}],"is_beta":true,"boss_relics":[],"items_purged_floors":[4],"is_endless":false,"potions_floor_spawned":[5,8],"killed_by":"The Guardian","ascension_level":9}}