{"host":"8z9pdspl1iu3cd7i","time":1608459050,"event":{"mods":["BaseMod","Colored Powertips","Highlight Path","Minty Spire (QoL Compilation)","StSLib"],"gold_per_floor":[117,117,42,56,56,97,97,138,163,113,113,151,174,174,174,313,322,352,361,406,427,440,473,473,495,549,583,613,626,664,204,204,343,343,361,154,487,506,506,543,543,570,579,625,659,659,200,200,200,200,200,200,25,55,55],"floor_reached":56,"playtime":2111,"items_purged":["Strike_R","Clash+1","Defend_R","Shame","Defend_R"],"score":1507,"play_id":"7e23fd3e-2194-499d-9637-e4634be4ee47","local_time":"20201220181050","is_ascension_mode":true,"campfire_choices":[{"data":"Pommel Strike","floor":7.0,"key":"SMITH"},{"data":"Clash","floor":11.0,"key":"SMITH"},{"data":"Armaments","floor":15.0,"key":"SMITH"},{"data":"Bludgeon","floor":24.0,"key":"SMITH"},{"data":"Whirlwind","floor":32.0,"key":"SMITH"},{"data":"Heavy Blade","floor":41.0,"key":"SMITH"},{"floor":49.0,"key":"RECALL"},{"data":"Juggernaut","floor":52.0,"key":"SMITH"}],"circlet_count":0,"master_deck":["Strike_R","Strike_R","Strike_R","Defend_R","Defend_R","Pommel Strike+1","Bludgeon+1","Armaments+1","Juggernaut+1","CurseOfTheBell","Whirlwind+1","Necronomicurse","Ghostly","Ghostly","Ghostly","Ghostly","Ghostly","Flame Barrier+1","Fire Breathing+1","Berserk","Purity","Heavy Blade+1","Berserk","Writhe"],"relics":["Burning Blood","NeowsBlessing","Akabeko","Blood Vial","CeramicFish","Paper Frog","Juzu Bracelet","Calling Bell","Red Skull","StrikeDummy","Incense Burner","Necronomicon","Nunchaku","Ancient Tea Set","Bird Faced Urn","PreservedInsect","Shuriken","Cursed Key","Regal Pillow","Ornamental Fan","CaptainsWheel","Bag of Preparation","Lizard Tail","InkBottle"],"acts_visited":["Exordium","TheCity","TheBeyond","TheEnding"],"potions_floor_usage":[55,55],"damage_taken":[{"damage":0.0,"enemies":"Small Slimes","floor":1.0,"turns":1.0},{"damage":0.0,"enemies":"Jaw Worm","floor":4.0,"turns":1.0},{"damage":0.0,"enemies":"Gremlin Nob","floor":6.0,"turns":1.0},{"damage":11.0,"enemies":"Lagavulin","floor":8.0,"turns":6.0},{"damage":11.0,"enemies":"Gremlin Nob","floor":12.0,"turns":3.0},{"damage":1.0,"enemies":"2 Louse","floor":13.0,"turns":2.0},{"damage":30.0,"enemies":"The Guardian","floor":16.0,"turns":9.0},{"damage":27.0,"enemies":"Spheric Guardian","floor":18.0,"turns":5.0},{"damage":2.0,"enemies":"Shell Parasite","floor":21.0,"turns":2.0},{"damage":2.0,"enemies":"Chosen and Byrds","floor":22.0,"turns":7.0},{"damage":7.0,"enemies":"Book of Stabbing","floor":23.0,"turns":6.0},{"damage":1.0,"enemies":"Snecko","floor":25.0,"turns":3.0},{"damage":1.0,"enemies":"Slavers","floor":27.0,"turns":2.0},{"damage":9.0,"enemies":"Shelled Parasite and Fungi","floor":28.0,"turns":4.0},{"damage":2.0,"enemies":"3 Cultists","floor":29.0,"turns":4.0},{"damage":11.0,"enemies":"Book of Stabbing","floor":30.0,"turns":6.0},{"damage":29.0,"enemies":"Collector","floor":33.0,"turns":8.0},{"damage":0.0,"enemies":"3 Darklings","floor":35.0,"turns":1.0},{"damage":1.0,"enemies":"Orb Walker","floor":38.0,"turns":3.0},{"damage":3.0,"enemies":"Nemesis","floor":40.0,"turns":3.0},{"damage":0.0,"enemies":"Giant Head","floor":42.0,"turns":6.0},{"damage":3.0,"enemies":"2 Orb Walkers","floor":44.0,"turns":5.0},{"damage":0.0,"enemies":"Donu and Deca","floor":50.0,"turns":8.0},{"damage":13.0,"enemies":"Shield and Spear","floor":54.0,"turns":5.0},{"damage":12,"enemies":"The Heart","floor":55,"turns":9}],"seed_played":"-3692826205623626522","potions_obtained":[{"floor":4.0,"key":"Fire Potion"},{"floor":6.0,"key":"BloodPotion"},{"floor":12.0,"key":"Fire Potion"},{"floor":13.0,"key":"HeartOfIron"},{"floor":23.0,"key":"DuplicationPotion"},{"floor":29.0,"key":"ColorlessPotion"}],"is_trial":false,"path_per_floor":["M","?","$","M","?","E","R","E","T","?","R","E","M","?","R","B",null,"M","?","?","M","M","E","R","M","T","E","M","M","E","$","R","B",null,"M","$","?","M","?","E","R","E","T","?","T","?","$","?","R","B",null,"R","$","E","B",null],"character_chosen":"IRONCLAD","items_purchased":["Shuriken","FairyPotion","Purity","Lizard Tail"],"campfire_rested":0,"item_purchase_floors":[31,31,36,47],"current_hp_per_floor":[80,60,60,66,71,77,77,72,72,72,72,69,76,51,51,29,85,64,48,42,42,42,41,41,42,42,42,39,42,37,42,42,21,42,42,42,42,42,42,42,42,42,42,42,42,40,40,40,40,40,40,40,40,37,40],"gold":55,"neow_bonus":"THREE_ENEMY_KILL","is_daily":false,"chose_seed":false,"campfire_upgraded":7,"win_rate":0.0,"timestamp":1608459050,"path_taken":["M","?","$","M","?","E","R","E","T","?","R","E","M","?","R","BOSS","BOSS","M","?","?","M","M","E","R","M","T","E","M","M","E","$","R","BOSS","M","$","?","M","?","E","R","E","T","?","?","?","$","?","R","BOSS","R","$","E","BOSS"],"items_purchased_type":["Relic","Potion","Card","Relic"],"build_version":"2020-12-13","purchased_purges":5,"victory":true,"max_hp_per_floor":[80,80,80,80,85,85,85,85,85,85,85,85,85,85,85,85,85,85,85,42,42,42,42,42,42,42,42,42,42,42,42,42,42,42,42,42,42,42,42,42,42,42,42,42,42,40,40,40,40,40,40,40,40,40,40],"card_choices":[{"not_picked":["Anger","Infernal Blade","Headbutt"],"picked":"SKIP","floor":1.0},{"not_picked":["Metallicize","Sword Boomerang"],"picked":"Pommel Strike","floor":4.0},{"not_picked":["Perfected Strike","Combust"],"picked":"Clash","floor":6.0},{"not_picked":["Anger","Metallicize"],"picked":"Bludgeon","floor":8.0},{"not_picked":["Blood for Blood","Disarm","Anger"],"picked":"SKIP","floor":12.0},{"not_picked":["Body Slam","Anger"],"picked":"Armaments","floor":13.0},{"not_picked":["Reaper","Offering"],"picked":"Juggernaut","floor":16.0},{"not_picked":["Sword Boomerang+1","Perfected Strike"],"picked":"Whirlwind","floor":18.0},{"not_picked":["Warcry","Dual Wield+1","Dark Embrace"],"picked":"SKIP","floor":21.0},{"not_picked":["Dual Wield+1","Warcry+1","Dropkick"],"picked":"SKIP","floor":22.0},{"not_picked":["Dual Wield+1","Warcry+1","Dropkick"],"picked":"SKIP","floor":22.0},{"not_picked":["Clothesline","Power Through","Perfected Strike"],"picked":"SKIP","floor":23.0},{"not_picked":["Cleave","Shrug It Off"],"picked":"Flame Barrier+1","floor":25.0},{"not_picked":["Carnage","Whirlwind","Iron Wave+1"],"picked":"SKIP","floor":27.0},{"not_picked":["Perfected Strike","Feel No Pain"],"picked":"Fire Breathing+1","floor":28.0},{"not_picked":["Disarm","Body Slam","Blood for Blood"],"picked":"SKIP","floor":29.0},{"not_picked":["Fiend Fire","Bloodletting","Anger"],"picked":"SKIP","floor":30.0},{"not_picked":["Corruption","Fiend Fire"],"picked":"Berserk","floor":33.0},{"not_picked":["Thunderclap","Iron Wave","Flex"],"picked":"SKIP","floor":35.0},{"not_picked":["Sword Boomerang+1","Pommel Strike+1"],"picked":"Heavy Blade","floor":38.0},{"not_picked":["Perfected Strike+1","True Grit+1"],"picked":"Berserk","floor":40.0},{"not_picked":["Warcry","Burning Pact","Iron Wave"],"picked":"SKIP","floor":42.0},{"not_picked":["Flex","Perfected Strike+1","Shrug It Off+1"],"picked":"SKIP","floor":54.0}],"player_experience":86740,"relics_obtained":[{"floor":6.0,"key":"Akabeko"},{"floor":8.0,"key":"Blood Vial"},{"floor":9.0,"key":"CeramicFish"},{"floor":12.0,"key":"Paper Frog"},{"floor":17.0,"key":"Red Skull"},{"floor":17.0,"key":"StrikeDummy"},{"floor":17.0,"key":"Incense Burner"},{"floor":19.0,"key":"Necronomicon"},{"floor":23.0,"key":"Nunchaku"},{"floor":26.0,"key":"Ancient Tea Set"},{"floor":27.0,"key":"Bird Faced Urn"},{"floor":30.0,"key":"PreservedInsect"},{"floor":40.0,"key":"Regal Pillow"},{"floor":42.0,"key":"Ornamental Fan"},{"floor":44.0,"key":"CaptainsWheel"},{"floor":45.0,"key":"Bag of Preparation"},{"floor":54.0,"key":"InkBottle"}],"event_choices":[{"damage_healed":0.0,"max_hp_gain":0.0,"max_hp_loss":0.0,"gold_gain":0.0,"event_name":"Golden Idol","player_choice":"Take Damage","floor":2.0,"gold_loss":0.0,"damage_taken":20.0,"relics_obtained":["Golden Idol"]},{"damage_healed":0.0,"max_hp_gain":5.0,"max_hp_loss":0.0,"gold_gain":0.0,"event_name":"Big Fish","player_choice":"Donut","floor":5.0,"gold_loss":0.0,"damage_taken":0.0},{"cards_removed":["Strike_R"],"damage_healed":0.0,"max_hp_gain":0.0,"max_hp_loss":0.0,"gold_gain":0.0,"event_name":"The Cleric","player_choice":"Card Removal","floor":10.0,"gold_loss":50.0,"damage_taken":0.0},{"damage_healed":0.0,"max_hp_gain":0.0,"max_hp_loss":0.0,"gold_gain":0.0,"event_name":"Scrap Ooze","player_choice":"Success","floor":14.0,"gold_loss":0.0,"damage_taken":25.0,"relics_obtained":["Juzu Bracelet"]},{"damage_healed":0.0,"max_hp_gain":0.0,"max_hp_loss":0.0,"gold_gain":0.0,"event_name":"Cursed Tome","player_choice":"Obtained Book","floor":19.0,"gold_loss":0.0,"damage_taken":16.0},{"damage_healed":0.0,"max_hp_gain":0.0,"max_hp_loss":43.0,"gold_gain":0.0,"event_name":"Ghosts","player_choice":"Became a Ghost","floor":20.0,"gold_loss":0.0,"damage_taken":0.0,"cards_obtained":["Ghostly","Ghostly","Ghostly","Ghostly","Ghostly"]},{"damage_healed":0.0,"max_hp_gain":0.0,"max_hp_loss":0.0,"gold_gain":333.0,"event_name":"The Moai Head","player_choice":"Gave Idol","floor":37.0,"relics_lost":["Golden Idol"],"gold_loss":0.0,"damage_taken":0.0},{"damage_healed":0.0,"max_hp_gain":0.0,"max_hp_loss":0.0,"gold_gain":0.0,"event_name":"Tomb of Lord Red Mask","player_choice":"Ignored","floor":39.0,"gold_loss":0.0,"damage_taken":0.0},{"damage_healed":0.0,"max_hp_gain":0.0,"max_hp_loss":0.0,"gold_gain":0.0,"event_name":"Mysterious Sphere","player_choice":"Fight","floor":44.0,"gold_loss":0.0,"damage_taken":0.0},{"damage_healed":0.0,"max_hp_gain":0.0,"max_hp_loss":2.0,"gold_gain":0.0,"event_name":"Winding Halls","player_choice":"Max HP","floor":46.0,"gold_loss":0.0,"damage_taken":0.0},{"cards_removed":["Bash"],"damage_healed":0.0,"max_hp_gain":0.0,"max_hp_loss":0.0,"gold_gain":0.0,"event_name":"Falling","player_choice":"Removed Attack","floor":48.0,"gold_loss":0.0,"damage_taken":0.0}],"is_beta":false,"boss_relics":[{"not_picked":["Runic Dome","Velvet Choker"],"picked":"Calling Bell"},{"not_picked":["Sozu","Snecko Eye"],"picked":"Cursed Key"}],"items_purged_floors":[3,31,36,47,53],"is_endless":false,"potions_floor_spawned":[4,6,12,13,21,23,25,29,30,35,40,44],"ascension_level":2}}