{"host":"8fjsnt81u6xsmhji","time":1608430077,"event":{"mods":["BaseMod","Colored Powertips","Downfall","Glutton Mod","Minty Spire (QoL Compilation)","Quick Restart","Somnambulant","StSLib","The Bug Knight","The Construct","The Forsaken","The Hierophant","The Mystic"],"gold_per_floor":[114,126,139,151,151,181,200,217,217,237,237,62,62,82,82,181,181,191,191,208,222,222,222],"floor_reached":22,"playtime":2098,"items_purged":[],"score":190,"play_id":"1bcd0bbf-7012-45ce-8a42-de6c15b6fa62","local_time":"20201219200757","is_ascension_mode":false,"campfire_choices":[{"floor":11.0,"key":"REST"},{"floor":13.0,"key":"RECALL"},{"floor":15.0,"key":"REST"}],"circlet_count":0,"master_deck":["mysticmod:Strike_Mystic","mysticmod:Strike_Mystic","mysticmod:Strike_Mystic","mysticmod:Strike_Mystic","mysticmod:Defend_Mystic","mysticmod:Defend_Mystic","mysticmod:Defend_Mystic","mysticmod:ArcaneDodge","mysticmod:ShockingGrasp","mysticmod:ClosingBarrage","mysticmod:Snowball","mysticmod:MagicWeapon","mysticmod:SuddenClarity","mysticmod:Disengage","mysticmod:Daze","mysticmod:Grapple","mysticmod:Feint","mysticmod:Snowball","expansioncontent:QuickStudy","mysticmod:Discipline","mysticmod:Stoneskin","mysticmod:Fly","mysticmod:Flurry+1"],"relics":["mysticmod:SpellBook","InkBottle","Odd Mushroom","SlaversCollar"],"acts_visited":["Exordium","TheCity"],"potions_floor_usage":[],"damage_taken":[{"damage":1.0,"enemies":"Cultist","floor":1.0,"turns":4.0},{"damage":2.0,"enemies":"Small Slimes","floor":2.0,"turns":3.0},{"damage":0.0,"enemies":"2 Louse","floor":3.0,"turns":3.0},{"damage":2.0,"enemies":"Large Slime","floor":4.0,"turns":6.0},{"damage":25.0,"enemies":"Gremlin Nob","floor":6.0,"turns":4.0},{"damage":0.0,"enemies":"Gremlin Gang","floor":7.0,"turns":5.0},{"damage":6.0,"enemies":"Exordium Wildlife","floor":8.0,"turns":5.0},{"damage":3.0,"enemies":"Large Slime","floor":10.0,"turns":5.0},{"damage":12.0,"enemies":"The Mushroom Lair","floor":14.0,"turns":6.0},{"damage":23.0,"enemies":"Slime Boss","floor":16.0,"turns":7.0},{"damage":8.0,"enemies":"Chosen","floor":18.0,"turns":6.0},{"damage":30.0,"enemies":"Spheric Guardian","floor":20.0,"turns":6.0},{"damage":11.0,"enemies":"Snake Plant","floor":21.0,"turns":4.0},{"damage":30,"enemies":"3 Cultists","floor":22,"turns":4}],"seed_played":"7556411650007441832","potions_obtained":[{"floor":4.0,"key":"SkillPotion"},{"floor":7.0,"key":"CultistPotion"},{"floor":10.0,"key":"sneckomod:MuddlingPotion"}],"is_trial":false,"path_per_floor":["M","M","M","M","?","E","M","M","T","M","R","$","R","?","R","B",null,"M","?","M","M","M"],"character_chosen":"MYSTIC_CLASS","items_purchased":["expansioncontent:QuickStudy"],"campfire_rested":2,"item_purchase_floors":[12],"current_hp_per_floor":[76,74,74,72,72,47,47,41,41,38,61,61,61,49,72,49,77,69,69,39,28,0,0],"gold":222,"neow_bonus":"ONE_RANDOM_RARE_CARD","is_daily":false,"chose_seed":false,"campfire_upgraded":0,"win_rate":0.0,"timestamp":1608430077,"path_taken":["M","M","?","M","?","E","M","M","T","M","R","?","R","?","R","BOSS","M","?","?","M","M"],"items_purchased_type":["Card"],"build_version":"2020-12-13","purchased_purges":0,"victory":false,"max_hp_per_floor":[77,77,77,77,77,77,77,77,77,77,77,77,77,77,77,77,77,77,77,77,77,77,77],"card_choices":[{"not_picked":["mysticmod:CorrosiveTouch","mysticmod:Sideswipe"],"picked":"mysticmod:Snowball","floor":1.0},{"not_picked":["mysticmod:IllusionOfCalm","mysticmod:MirrorStrike"],"picked":"mysticmod:MagicWeapon","floor":2.0},{"not_picked":["mysticmod:VorpalThrust","mysticmod:Dedication"],"picked":"mysticmod:SuddenClarity","floor":3.0},{"not_picked":["mysticmod:EarthenWall","mysticmod:ComponentsPouch"],"picked":"mysticmod:Disengage","floor":4.0},{"not_picked":["mysticmod:Alacrity","mysticmod:Probe"],"picked":"mysticmod:Daze","floor":6.0},{"not_picked":["mysticmod:BladedDash","mysticmod:HeavyStrike"],"picked":"mysticmod:Grapple","floor":7.0},{"not_picked":["mysticmod:HunkerDown","mysticmod:Flourish"],"picked":"mysticmod:Feint","floor":8.0},{"not_picked":["mysticmod:Riposte","mysticmod:PureInstinct"],"picked":"mysticmod:Snowball","floor":10.0},{"not_picked":["mysticmod:Spellstrike","mysticmod:KnowledgePool"],"picked":"mysticmod:Discipline","floor":16.0},{"not_picked":["mysticmod:LightningBolt","mysticmod:Snowball"],"picked":"mysticmod:Stoneskin","floor":18.0},{"not_picked":["mysticmod:Alacrity","mysticmod:Daze"],"picked":"mysticmod:Fly","floor":20.0},{"not_picked":["mysticmod:ChargedParry+1","mysticmod:Alacrity"],"picked":"mysticmod:Flurry+1","floor":21.0}],"player_experience":578508,"relics_obtained":[{"floor":6.0,"key":"InkBottle"},{"floor":14.0,"key":"Odd Mushroom"}],"event_choices":[{"cards_removed":["mysticmod:Defend_Mystic"],"damage_healed":0.0,"max_hp_gain":0.0,"max_hp_loss":0.0,"gold_gain":0.0,"event_name":"Purifier","player_choice":"Purged","floor":5.0,"gold_loss":0.0,"damage_taken":0.0},{"damage_healed":0.0,"max_hp_gain":0.0,"max_hp_loss":0.0,"gold_gain":0.0,"event_name":"Mushrooms","player_choice":"Fought Mushrooms","floor":14.0,"gold_loss":0.0,"damage_taken":0.0},{"damage_healed":0.0,"max_hp_gain":0.0,"max_hp_loss":0.0,"gold_gain":0.0,"event_name":"NoteForYourself","player_choice":"Ignored","floor":19.0,"gold_loss":0.0,"damage_taken":0.0}],"is_beta":false,"boss_relics":[{"not_picked":["Tiny House","Empty Cage"],"picked":"SlaversCollar"}],"items_purged_floors":[],"is_endless":false,"potions_floor_spawned":[4,7,10],"killed_by":"3 Cultists","ascension_level":0}}