{"host":"7pe9xwx78c6nlay8","time":1608491681,"event":{"mods":["BaseMod","Minty Spire (QoL Compilation)"],"gold_per_floor":[117,117,42,42,42,42,64,64,89,89,99,133,30,60,60,161,161,175,193,193,193],"floor_reached":20,"playtime":897,"items_purged":["Defend_P"],"score":276,"play_id":"db1b7c7e-85c5-4842-9d19-6c55c72dee31","local_time":"20201221031441","is_ascension_mode":true,"campfire_choices":[{"data":"Eruption","floor":6,"key":"SMITH"},{"floor":8,"key":"REST"},{"floor":15,"key":"REST"}],"circlet_count":0,"master_deck":["AscendersBane","Strike_P","Strike_P","Strike_P","Defend_P","Defend_P","Defend_P","Eruption+1","Vigilance+1","Magnetism+1","Wireheading","CutThroughFate","Wireheading","CutThroughFate","PathToVictory","Weave"],"relics":["PureWater","Odd Mushroom","Bag of Marbles","Bag of Preparation","Question Card","Philosopher\u0027s Stone"],"acts_visited":["Exordium","TheCity"],"potions_floor_usage":[12,18],"damage_taken":[{"damage":7,"enemies":"Cultist","floor":1,"turns":3},{"damage":25,"enemies":"The Mushroom Lair","floor":7,"turns":6},{"damage":0,"enemies":"2 Louse","floor":11,"turns":1},{"damage":6,"enemies":"Lagavulin","floor":12,"turns":6},{"damage":20,"enemies":"3 Sentries","floor":14,"turns":6},{"damage":23,"enemies":"The Guardian","floor":16,"turns":11},{"damage":34,"enemies":"3 Byrds","floor":18,"turns":5},{"damage":18,"enemies":"Spheric Guardian","floor":19,"turns":5},{"damage":3,"enemies":"Centurion and Healer","floor":20,"turns":3}],"seed_played":"-2308467259244545289","potions_obtained":[{"floor":7,"key":"DuplicationPotion"},{"floor":11,"key":"SkillPotion"},{"floor":12,"key":"GamblersBrew"}],"is_trial":false,"path_per_floor":["M","?","$","?","?","R","?","R","T","?","M","E","$","E","R","B",null,"M","M","M"],"character_chosen":"WATCHER","items_purchased":["CutThroughFate","PathToVictory"],"campfire_rested":2,"item_purchase_floors":[13,13],"current_hp_per_floor":[40,40,40,45,45,45,20,43,43,43,43,37,37,17,40,17,62,28,10,7,7],"gold":193,"neow_bonus":"RANDOM_COLORLESS_2","is_daily":false,"chose_seed":false,"campfire_upgraded":1,"win_rate":0.0,"timestamp":1608491681,"path_taken":["M","?","?","?","?","R","?","R","T","?","?","E","?","E","R","BOSS","M","M","M"],"items_purchased_type":["Card","Card"],"build_version":"2020-12-13","purchased_purges":1,"victory":false,"max_hp_per_floor":[72,72,72,77,77,77,77,77,77,77,77,77,77,77,77,77,77,77,77,77,77],"card_choices":[{"not_picked":["Secret Weapon","Chrysalis"],"picked":"Magnetism","floor":0},{"not_picked":["Pray","FlyingSleeves"],"picked":"Wireheading","floor":1},{"not_picked":["EmptyBody","Evaluate"],"picked":"CutThroughFate","floor":7},{"not_picked":["FlurryOfBlows","Worship","Swivel"],"picked":"SKIP","floor":11},{"not_picked":["ClearTheMind","BowlingBash"],"picked":"Wireheading","floor":12},{"not_picked":["Consecrate","EmptyBody"],"picked":"Weave","floor":14},{"not_picked":["Tantrum","FlurryOfBlows","SandsOfTime","FollowUp"],"picked":"SKIP","floor":18},{"not_picked":["FlurryOfBlows","Consecrate","FearNoEvil","Prostrate"],"picked":"SKIP","floor":19}],"player_experience":1545441,"relics_obtained":[{"floor":7,"key":"Odd Mushroom"},{"floor":9,"key":"Bag of Marbles"},{"floor":12,"key":"Bag of Preparation"},{"floor":14,"key":"Question Card"}],"event_choices":[{"cards_removed":["Strike_P"],"damage_healed":0,"gold_gain":0,"player_choice":"Offered Basic","damage_taken":0,"max_hp_gain":0,"max_hp_loss":0,"event_name":"Bonfire Elementals","floor":2,"gold_loss":0},{"damage_healed":0,"gold_gain":0,"player_choice":"Donut","damage_taken":0,"max_hp_gain":5,"max_hp_loss":0,"event_name":"Big Fish","floor":4,"gold_loss":0},{"damage_healed":0,"gold_gain":0,"player_choice":"Grow","damage_taken":0,"max_hp_gain":0,"max_hp_loss":0,"event_name":"Living Wall","floor":5,"gold_loss":0,"cards_upgraded":["Magnetism"]},{"damage_healed":0,"gold_gain":0,"player_choice":"Fought Mushrooms","damage_taken":0,"max_hp_gain":0,"max_hp_loss":0,"event_name":"Mushrooms","floor":7,"gold_loss":0},{"damage_healed":0,"gold_gain":0,"player_choice":"Upgraded","damage_taken":0,"max_hp_gain":0,"max_hp_loss":0,"event_name":"Upgrade Shrine","floor":10,"gold_loss":0,"cards_upgraded":["Vigilance"]}],"is_beta":false,"boss_relics":[{"not_picked":["Busted Crown","SacredBark"],"picked":"Philosopher\u0027s Stone"}],"items_purged_floors":[3],"is_endless":false,"potions_floor_spawned":[7,11,12],"killed_by":"Centurion and Healer","ascension_level":11}}