{"host":"1ivxh6f0wtekmpqo","time":1608468471,"event":{"mods":["AchievementEnabler","BaseMod","Colored Map","Minty Spire (QoL Compilation)","Rare Cards Sparkle","StSLib","SuperFastMode","everything is the same but u backflip on backflip"],"gold_per_floor":[119,96,116,83,15,46,57,76,76,107,207,219,219,231,231,326,326,326,326],"floor_reached":18,"playtime":999,"items_purged":[],"score":197,"play_id":"e8d4af52-2bad-410c-a6f1-aec09dcc5efc","local_time":"20201220204751","is_ascension_mode":false,"campfire_choices":[{"floor":15,"key":"REST"}],"circlet_count":0,"master_deck":["Strike_P","Strike_P","Strike_P","Defend_P","Defend_P","Eruption","Vigilance","Evaluate","ThirdEye","Consecrate","Study","MentalFortress","DevaForm","FlyingSleeves","DeceiveReality","SashWhip","TalkToTheHand","Halt","Scrawl","Scrawl+1","EmptyBody+1","FlurryOfBlows+1"],"relics":["PureWater","NeowsBlessing","Matryoshka","The Courier","Gambling Chip","Juzu Bracelet","Ice Cream","Astrolabe"],"acts_visited":["Exordium","TheCity"],"potions_floor_usage":[10,10,14],"damage_taken":[{"damage":0,"enemies":"Cultist","floor":1,"turns":1},{"damage":0,"enemies":"Small Slimes","floor":3,"turns":1},{"damage":0,"enemies":"3 Sentries","floor":6,"turns":2},{"damage":0,"enemies":"2 Louse","floor":7,"turns":3},{"damage":2,"enemies":"Looter","floor":8,"turns":2},{"damage":4,"enemies":"Lagavulin","floor":10,"turns":6},{"damage":2,"enemies":"Exordium Thugs","floor":12,"turns":4},{"damage":0,"enemies":"Large Slime","floor":14,"turns":3},{"damage":18,"enemies":"Slime Boss","floor":16,"turns":12},{"damage":25,"enemies":"Shell Parasite","floor":18,"turns":6}],"seed_played":"4975849613361148114","potions_obtained":[{"floor":6,"key":"Energy Potion"},{"floor":8,"key":"Swift Potion"},{"floor":12,"key":"LiquidMemories"},{"floor":16,"key":"Regen Potion"}],"is_trial":false,"path_per_floor":["M","$","M","$","$","E","M","M","T","E","?","M","?","M","R","B",null,"M"],"character_chosen":"WATCHER","items_purchased":["ThirdEye","Study","MentalFortress"],"campfire_rested":1,"item_purchase_floors":[2,4,5],"current_hp_per_floor":[72,72,72,72,72,72,72,70,70,66,66,64,39,39,60,42,72,47,47],"gold":326,"neow_bonus":"THREE_ENEMY_KILL","is_daily":false,"chose_seed":false,"campfire_upgraded":0,"win_rate":0.0,"timestamp":1608468471,"path_taken":["M","$","M","?","$","E","M","M","T","E","?","M","?","M","R","BOSS","M"],"items_purchased_type":["Card","Card","Card"],"build_version":"2020-12-13","purchased_purges":0,"victory":false,"max_hp_per_floor":[72,72,72,72,72,72,72,72,72,72,72,72,72,72,72,72,72,72,72],"card_choices":[{"not_picked":["EmptyBody","Weave"],"picked":"Evaluate","floor":1},{"not_picked":["Halt","Vengeance"],"picked":"Consecrate","floor":3},{"not_picked":["ConjureBlade","Crescendo"],"picked":"DevaForm","floor":6},{"not_picked":["ThirdEye","EmptyBody"],"picked":"FlyingSleeves","floor":7},{"not_picked":["Collect","FlyingSleeves"],"picked":"DeceiveReality","floor":8},{"not_picked":["Protect","ClearTheMind"],"picked":"SashWhip","floor":10},{"not_picked":["Sanctity","Tantrum"],"picked":"TalkToTheHand","floor":12},{"not_picked":["Perseverance","ClearTheMind"],"picked":"Halt","floor":14},{"not_picked":["DeusExMachina","Wish"],"picked":"Scrawl","floor":16}],"player_experience":228235,"relics_obtained":[{"floor":6,"key":"Matryoshka"},{"floor":9,"key":"The Courier"},{"floor":9,"key":"Gambling Chip"},{"floor":10,"key":"Juzu Bracelet"}],"event_choices":[{"damage_healed":0,"gold_gain":100,"player_choice":"Pray","damage_taken":0,"max_hp_gain":0,"max_hp_loss":0,"event_name":"Golden Shrine","floor":11,"gold_loss":0},{"damage_healed":0,"gold_gain":0,"player_choice":"Success","damage_taken":25,"relics_obtained":["Ice Cream"],"max_hp_gain":0,"max_hp_loss":0,"event_name":"Scrap Ooze","floor":13,"gold_loss":0}],"is_beta":false,"boss_relics":[{"not_picked":["Snecko Eye","Black Star"],"picked":"Astrolabe"}],"items_purged_floors":[],"is_endless":false,"potions_floor_spawned":[6,8,12,16],"killed_by":"Shell Parasite","ascension_level":0}}