{"host":"a5e2zwd8c2ad7the","time":1608428068,"event":{"mods":["BaseMod","Colored Map","Colored Powertips","GungeonMod","Highlight Path","Minty Spire (QoL Compilation)","Quick Restart","Rare Cards Sparkle","StSLib"],"gold_per_floor":[111,111,121,131,150,176,196,215,215,215,215],"floor_reached":10,"playtime":371,"items_purged":[],"score":72,"play_id":"c1ecd645-2101-4fdb-8f92-a2e420ba7aa5","local_time":"20201220093428","is_ascension_mode":false,"campfire_choices":[],"circlet_count":0,"master_deck":["DemoMod:Strike_Huntress","DemoMod:Strike_Huntress","DemoMod:Strike_Huntress","DemoMod:Defend_Huntress","DemoMod:Defend_Huntress","DemoMod:Defend_Huntress","DemoMod:Defend_Huntress","DemoMod:Roll","DemoMod:ManualReload+1","DemoMod:RustySidearm","DemoMod:CrossBow","DemoMod:TeaPot","DemoMod:AbyssalTentacle","Pain","DemoMod:MegaHand","DemoMod:ShadowBullets","DemoMod:FightSabre","DemoMod:AWP","DemoMod:MachoBrace","DemoMod:JK47"],"relics":["DemoMod:Dog","WarpedTongs","Lantern","DemoMod:GlassGuonStoneRelic","Bag of Marbles"],"acts_visited":["Exordium"],"potions_floor_usage":[6],"damage_taken":[{"damage":1,"enemies":"Small Slimes","floor":1,"turns":3},{"damage":3,"enemies":"Cultist","floor":3,"turns":2},{"damage":6,"enemies":"2 Louse","floor":4,"turns":2},{"damage":12,"enemies":"Blue Slaver","floor":5,"turns":3},{"damage":29,"enemies":"Lagavulin","floor":6,"turns":6},{"damage":8,"enemies":"2 Fungi Beasts","floor":7,"turns":2},{"damage":8,"enemies":"3 Louse","floor":8,"turns":4},{"damage":8,"enemies":"Gremlin Nob","floor":10,"turns":2}],"seed_played":"2942083914447852524","potions_obtained":[{"floor":3,"key":"PowerPotion"},{"floor":5,"key":"ColorlessPotion"},{"floor":7,"key":"LiquidBronze"},{"floor":8,"key":"DistilledChaos"}],"is_trial":false,"path_per_floor":["M","?","M","M","M","E","M","M","T","E"],"character_chosen":"HUNTRESS","items_purchased":[],"campfire_rested":0,"item_purchase_floors":[],"current_hp_per_floor":[69,69,66,60,48,19,11,3,3,0,0],"gold":215,"neow_bonus":"UPGRADE_CARD","is_daily":false,"chose_seed":false,"campfire_upgraded":0,"win_rate":0.0,"timestamp":1608428068,"path_taken":["M","?","M","M","?","E","M","M","T","E"],"items_purchased_type":[],"build_version":"2020-12-13","purchased_purges":0,"victory":false,"max_hp_per_floor":[70,70,70,70,70,70,70,70,70,70,70],"card_choices":[{"not_picked":["DemoMod:Ejector","DemoMod:CursedBullets"],"picked":"DemoMod:TeaPot","floor":1},{"not_picked":["DemoMod:Ejector","DemoMod:HardPowerCard"],"picked":"DemoMod:AbyssalTentacle","floor":1},{"not_picked":["DemoMod:SuppressiveFire","DemoMod:HardPowerCard"],"picked":"DemoMod:MegaHand","floor":3},{"not_picked":["DemoMod:BoxingGlove","DemoMod:EasyReloadBullets"],"picked":"DemoMod:ShadowBullets","floor":4},{"not_picked":["DemoMod:GunShield","DemoMod:AbyssalTentacle"],"picked":"DemoMod:FightSabre","floor":5},{"not_picked":["DemoMod:DoubleSwitch","DemoMod:FeignSurrender"],"picked":"DemoMod:AWP","floor":6},{"not_picked":["DemoMod:SniperShot","DemoMod:AWP"],"picked":"DemoMod:MachoBrace","floor":7},{"not_picked":["DemoMod:DoubleSwitch","DemoMod:ShadowBullets"],"picked":"DemoMod:JK47","floor":8}],"player_experience":26086,"relics_obtained":[{"floor":6,"key":"Lantern"},{"floor":9,"key":"Bag of Marbles"}],"event_choices":[{"damage_healed":0,"gold_gain":0,"player_choice":"Rummage","damage_taken":0,"relics_obtained":["WarpedTongs"],"max_hp_gain":0,"max_hp_loss":0,"event_name":"Accursed Blacksmith","floor":2,"gold_loss":0,"cards_obtained":["Pain"]}],"is_beta":false,"boss_relics":[],"items_purged_floors":[],"is_endless":false,"potions_floor_spawned":[3,5,7,8],"killed_by":"Gremlin Nob","ascension_level":0}}