{"host":"3jjxuhjpio8e4zkv","time":1608429984,"event":{"mods":["BaseMod","Colored Map","Highlight Path","Minty Spire (QoL Compilation)","Permanent Neow","StSLib"],"gold_per_floor":[362,0,0,0,19,19,51,51,51,51,80,80,30,42,42,113,113,133,110,130,45,57,57,6,33,87,112,131,131,91,122,122,198,198,215,215,234,14,24,58,58,93,93,112,125,140,140,175,175,175,175,175],"floor_reached":51,"playtime":2642,"items_purged":["Strike_G","Strike_G","Strike_G"],"score":1806,"play_id":"fde99ae5-8ca9-4c5a-bf3c-d0a60079e782","local_time":"20201219210624","is_ascension_mode":true,"campfire_choices":[{"data":"Flying Knee","floor":6.0,"key":"SMITH"},{"data":"Poisoned Stab","floor":10.0,"key":"SMITH"},{"data":"Neutralize","floor":12.0,"key":"SMITH"},{"floor":15.0,"key":"REST"},{"floor":23.0,"key":"REST"},{"data":"Footwork","floor":29.0,"key":"SMITH"},{"data":"Well Laid Plans","floor":32.0,"key":"SMITH"},{"data":"Burst","floor":41.0,"key":"SMITH"},{"data":"Leg Sweep","floor":49,"key":"SMITH"}],"circlet_count":0,"master_deck":["AscendersBane","Strike_G","Defend_G","Defend_G","Defend_G","Defend_G","Defend_G","Survivor","Neutralize+1","Poisoned Stab+1","Flying Knee+1","Leg Sweep+1","Blur","PiercingWail+1","Adrenaline+1","Bane+1","Backflip+1","Blade Dance+1","Footwork+1","Phantasmal Killer","Well Laid Plans+1","Burst+1","Dagger Spray+1","Terror","PiercingWail","Bane+1","Poisoned Stab+1","Caltrops","Grand Finale","Bandage Up","Bane+1"],"relics":["Ring of the Snake","Membership Card","Paper Crane","PreservedInsect","Happy Flower","Gremlin Horn","Juzu Bracelet","Philosopher\u0027s Stone","InkBottle","White Beast Statue","Ornamental Fan","Potion Belt","Mercury Hourglass","Darkstone Periapt","Black Star","Akabeko","Matryoshka","War Paint","Eternal Feather","Nunchaku","StrikeDummy","Toy Ornithopter","MealTicket"],"acts_visited":["Exordium","TheCity","TheBeyond"],"potions_floor_usage":[48,50,50,50,51],"damage_taken":[{"damage":21.0,"enemies":"Jaw Worm","floor":1.0,"turns":7.0},{"damage":0.0,"enemies":"2 Louse","floor":5.0,"turns":3.0},{"damage":8.0,"enemies":"3 Sentries","floor":7.0,"turns":13.0},{"damage":1.0,"enemies":"Gremlin Nob","floor":11.0,"turns":3.0},{"damage":0.0,"enemies":"Cultist","floor":14.0,"turns":4.0},{"damage":6.0,"enemies":"The Guardian","floor":16.0,"turns":17.0},{"damage":3.0,"enemies":"Chosen","floor":18.0,"turns":9.0},{"damage":1.0,"enemies":"2 Thieves","floor":19.0,"turns":4.0},{"damage":23.0,"enemies":"Chosen and Byrds","floor":20.0,"turns":8.0},{"damage":1.0,"enemies":"Snake Plant","floor":22.0,"turns":6.0},{"damage":5.0,"enemies":"Book of Stabbing","floor":25.0,"turns":5.0},{"damage":4.0,"enemies":"Slavers","floor":27.0,"turns":8.0},{"damage":0.0,"enemies":"Centurion and Healer","floor":28.0,"turns":4.0},{"damage":0.0,"enemies":"Book of Stabbing","floor":31.0,"turns":3.0},{"damage":0.0,"enemies":"Automaton","floor":33.0,"turns":11.0},{"damage":0.0,"enemies":"3 Shapes","floor":35.0,"turns":6.0},{"damage":0.0,"enemies":"Orb Walker","floor":37.0,"turns":4.0},{"damage":0.0,"enemies":"Maw","floor":39.0,"turns":7.0},{"damage":0.0,"enemies":"Nemesis","floor":40.0,"turns":5.0},{"damage":13.0,"enemies":"Giant Head","floor":42.0,"turns":6.0},{"damage":0.0,"enemies":"Sphere and 2 Shapes","floor":44.0,"turns":2.0},{"damage":4.0,"enemies":"Jaw Worm Horde","floor":45.0,"turns":4.0},{"damage":3.0,"enemies":"4 Shapes","floor":46.0,"turns":5.0},{"damage":0,"enemies":"Reptomancer","floor":48,"turns":3},{"damage":24,"enemies":"Donu and Deca","floor":50,"turns":10},{"damage":49,"enemies":"Time Eater","floor":51,"turns":11}],"seed_played":"-4051838930492784797","potions_obtained":[{"floor":5.0,"key":"Weak Potion"},{"floor":7.0,"key":"CultistPotion"},{"floor":8.0,"key":"Block Potion"},{"floor":11.0,"key":"GhostInAJar"},{"floor":22.0,"key":"DistilledChaos"},{"floor":25.0,"key":"LiquidBronze"},{"floor":27.0,"key":"GhostInAJar"},{"floor":28.0,"key":"FearPotion"},{"floor":30.0,"key":"Regen Potion"},{"floor":30.0,"key":"DistilledChaos"},{"floor":31.0,"key":"Dexterity Potion"},{"floor":33.0,"key":"CunningPotion"},{"floor":35.0,"key":"Explosive Potion"},{"floor":37.0,"key":"Energy Potion"},{"floor":39.0,"key":"DuplicationPotion"},{"floor":40.0,"key":"GhostInAJar"},{"floor":42.0,"key":"Energy Potion"},{"floor":44.0,"key":"FearPotion"},{"floor":45.0,"key":"GamblersBrew"},{"floor":46.0,"key":"SteroidPotion"},{"floor":48,"key":"DuplicationPotion"}],"is_trial":false,"path_per_floor":["M","$","?","?","M","R","E","?","T","R","E","R","$","M","R","B",null,"M","M","M","?","M","R","?","E","T","E","M","R","?","E","R","B",null,"M","?","M","$","M","E","R","E","T","M","M","M","?","E","R","B","B"],"character_chosen":"THE_SILENT","items_purchased":["Membership Card","Paper Crane","Flying Knee","Akabeko","Terror","PiercingWail"],"campfire_rested":2,"item_purchase_floors":[2,2,2,38,38,38],"current_hp_per_floor":[38,38,38,33,33,33,25,25,25,25,24,24,24,24,42,36,54,51,50,27,27,26,44,44,39,39,35,35,35,35,44,44,44,56,56,56,56,56,56,56,56,43,43,43,39,36,36,40,58,40,0,0],"gold":175,"neow_bonus":"TWO_FIFTY_GOLD","is_daily":false,"chose_seed":false,"campfire_upgraded":7,"win_rate":0.0,"timestamp":1608429984,"path_taken":["M","$","?","?","M","R","E","?","T","R","E","R","$","M","R","BOSS","M","M","M","?","M","R","?","E","T","E","M","R","?","E","R","BOSS","M","?","M","?","M","E","R","E","T","M","M","M","?","E","R","BOSS","BOSS"],"items_purchased_type":["Relic","Relic","Card","Relic","Card","Card"],"build_version":"2020-12-13","purchased_purges":3,"victory":false,"max_hp_per_floor":[60,60,60,60,60,60,60,60,60,60,60,60,60,60,60,60,60,60,60,60,60,60,60,60,60,60,60,60,60,60,60,60,60,60,60,60,60,60,60,60,60,60,60,60,60,60,60,60,60,60,60,60],"card_choices":[{"not_picked":["Deflect","Dodge and Roll"],"picked":"Poisoned Stab","floor":1.0},{"not_picked":["Tactician","Eviscerate"],"picked":"Leg Sweep","floor":5.0},{"not_picked":["Expertise","Bullet Time","Flying Knee"],"picked":"SKIP","floor":7.0},{"not_picked":["Calculated Gamble","Outmaneuver"],"picked":"Blur","floor":11.0},{"not_picked":["Reflex","Poisoned Stab"],"picked":"PiercingWail","floor":14.0},{"not_picked":["Storm of Steel","Doppelganger"],"picked":"Adrenaline","floor":16.0},{"not_picked":["Underhanded Strike","Deadly Poison"],"picked":"Bane+1","floor":18.0},{"not_picked":["Blade Dance","Concentrate+1","Dodge and Roll"],"picked":"SKIP","floor":19.0},{"not_picked":["Backstab","Endless Agony"],"picked":"Backflip+1","floor":20.0},{"not_picked":["Backstab","Infinite Blades"],"picked":"Blade Dance+1","floor":22.0},{"not_picked":["Cloak And Dagger","Leg Sweep"],"picked":"Footwork","floor":25.0},{"not_picked":["Finisher","Outmaneuver"],"picked":"Phantasmal Killer","floor":27.0},{"not_picked":["Flying Knee","Concentrate+1","Bane"],"picked":"SKIP","floor":28.0},{"not_picked":["Caltrops","Dagger Spray"],"picked":"Well Laid Plans","floor":31.0},{"not_picked":["Storm of Steel","Wraith Form v2"],"picked":"Burst","floor":33.0},{"not_picked":["Bane","Expertise","Dagger Spray"],"picked":"SKIP","floor":35.0},{"not_picked":["Prepared","Riddle With Holes+1"],"picked":"Dagger Spray+1","floor":37.0},{"not_picked":["Concentrate","Backstab"],"picked":"Bane+1","floor":39.0},{"not_picked":["Endless Agony","Sucker Punch+1"],"picked":"Poisoned Stab+1","floor":40.0},{"not_picked":["Outmaneuver","Unload","Dodge and Roll"],"picked":"SKIP","floor":42.0},{"not_picked":["Dagger Throw+1","Poisoned Stab+1","Caltrops"],"picked":"SKIP","floor":44.0},{"not_picked":["Dagger Throw+1","Poisoned Stab+1"],"picked":"Caltrops","floor":44.0},{"not_picked":["Dagger Throw","Outmaneuver","Masterful Stab"],"picked":"SKIP","floor":45.0},{"not_picked":["Slice","Leg Sweep"],"picked":"Grand Finale","floor":46.0},{"not_picked":["Violence","Trip"],"picked":"Bandage Up","floor":47.0},{"not_picked":["Sucker Punch","Deadly Poison"],"picked":"Bane+1","floor":48}],"player_experience":1059640,"relics_obtained":[{"floor":7.0,"key":"Happy Flower"},{"floor":9.0,"key":"Gremlin Horn"},{"floor":11.0,"key":"Juzu Bracelet"},{"floor":25.0,"key":"Ornamental Fan"},{"floor":26.0,"key":"Potion Belt"},{"floor":27.0,"key":"Mercury Hourglass"},{"floor":31.0,"key":"Darkstone Periapt"},{"floor":40.0,"key":"Matryoshka"},{"floor":40.0,"key":"War Paint"},{"floor":42.0,"key":"Eternal Feather"},{"floor":42.0,"key":"Nunchaku"},{"floor":43.0,"key":"StrikeDummy"},{"floor":48,"key":"Toy Ornithopter"},{"floor":48,"key":"MealTicket"}],"event_choices":[{"damage_healed":0.0,"max_hp_gain":0.0,"max_hp_loss":0.0,"gold_gain":0.0,"event_name":"Liars Game","player_choice":"Ignored","floor":3.0,"gold_loss":0.0,"damage_taken":0.0},{"damage_healed":0.0,"max_hp_gain":0.0,"max_hp_loss":0.0,"gold_gain":0.0,"event_name":"Scrap Ooze","player_choice":"Success","floor":4.0,"gold_loss":0.0,"damage_taken":5.0,"relics_obtained":["PreservedInsect"]},{"damage_healed":0.0,"max_hp_gain":0.0,"max_hp_loss":0.0,"gold_gain":0.0,"event_name":"Lab","player_choice":"Got Potions","floor":8.0,"gold_loss":0.0,"damage_taken":0.0},{"damage_healed":0.0,"max_hp_gain":0.0,"max_hp_loss":0.0,"gold_gain":0.0,"event_name":"Addict","player_choice":"Obtained Relic","floor":21.0,"gold_loss":85.0,"damage_taken":0.0,"relics_obtained":["InkBottle"]},{"damage_healed":0.0,"max_hp_gain":0.0,"max_hp_loss":0.0,"gold_gain":0.0,"event_name":"WeMeetAgain","player_choice":"Paid Gold","floor":24.0,"gold_loss":51.0,"damage_taken":0.0,"relics_obtained":["White Beast Statue"]},{"damage_healed":0.0,"max_hp_gain":0.0,"max_hp_loss":0.0,"gold_gain":0.0,"event_name":"The Woman in Blue","player_choice":"Bought 3 Potions","floor":30.0,"gold_loss":0.0,"damage_taken":0.0},{"cards_removed":["Strike_G"],"damage_healed":0.0,"max_hp_gain":0.0,"max_hp_loss":0.0,"gold_gain":0.0,"event_name":"Bonfire Elementals","player_choice":"Offered Basic","floor":36.0,"gold_loss":0.0,"damage_taken":0.0},{"damage_healed":0.0,"max_hp_gain":0.0,"max_hp_loss":0.0,"gold_gain":0.0,"event_name":"SensoryStone","player_choice":"Memory 1","floor":47.0,"gold_loss":0.0,"damage_taken":0.0}],"is_beta":false,"boss_relics":[{"not_picked":["Velvet Choker","Runic Pyramid"],"picked":"Philosopher\u0027s Stone"},{"not_picked":["Busted Crown","Sozu"],"picked":"Black Star"}],"items_purged_floors":[2,13,38],"is_endless":false,"potions_floor_spawned":[5,7,11,16,22,25,27,28,31,33,35,37,39,40,42,44,45,46,48],"killed_by":"Time Eater","ascension_level":20}}