{"host":"o4pit0n7y0vm2e4t","time":1608499069,"event":{"mods":["Aspiration","BaseMod","Better Altar","Better Match","Better Note","Better Sensory Stone","Better Skull","Better Third Choice","Colored Map","Conspire","Downfall","Friendly Minions","Googly Eyes","Halation","Hermit","HexUI Lib","Hubris","Minty Spire (QoL Compilation)","RatMod","Replay The Spire","Robot Space Explorer","Spikes Relics","StSLib","The Hierophant","The Jungle","The Necromancer"],"gold_per_floor":[111,129,129,149,161,193,206,356,356,97,113,113,127,127,127,229,229,239,259,273,273,284,314,314,341,341,341,376,376,395,395,395,497,497,511,531,531,543,543,543,558,558,558,575,575,575,590,600,600,600],"floor_reached":51,"playtime":5233,"items_purged":[],"score":593,"play_id":"d3af94d1-4284-4155-adf3-4a7fc5d72b9b","local_time":"20201220161749","is_ascension_mode":false,"campfire_choices":[{"data":"RobotSpaceExplorer:PowerGlove","floor":12.0,"key":"SMITH"},{"floor":15.0,"key":"DIG"},{"data":"RobotSpaceExplorer:MiniLasers","floor":24.0,"key":"SMITH"},{"data":"RobotSpaceExplorer:Scan","floor":27.0,"key":"SMITH"},{"floor":29.0,"key":"REST"},{"floor":32.0,"key":"REST"},{"data":"RobotSpaceExplorer:Multitool","floor":42,"key":"PURGE"},{"floor":49,"key":"REST"}],"circlet_count":0,"master_deck":["RobotSpaceExplorer:Strike","RobotSpaceExplorer:Strike","RobotSpaceExplorer:Strike","RobotSpaceExplorer:Strike","RobotSpaceExplorer:Defend","RobotSpaceExplorer:Defend","RobotSpaceExplorer:Defend","RobotSpaceExplorer:Defend","RobotSpaceExplorer:Scan+1","RobotSpaceExplorer:MiniLasers+1","RobotSpaceExplorer:StarLightning+1","RobotSpaceExplorer:PowerGlove+1","RobotSpaceExplorer:MetalStrike","RobotSpaceExplorer:ScrapMissile","RobotSpaceExplorer:TrailblazerForm","RobotSpaceExplorer:LaserBurst+1","RobotSpaceExplorer:Autoloader","RobotSpaceExplorer:MakeshiftVolley+1","Looming Evil"],"relics":["RobotSpaceExplorer:RoboCore","NeowsBlessing","halation:PinkSoulGem","Darkstone Periapt","ReplayTheSpireMod:CursedCoin","CrustySpines","Kunai","RollingBoulder","Sandwich","CultistMask","Centennial Puzzle","Boot","Replay:Multitool","Painkiller Herb","Sundial","ReplayTheSpireMod:Ring of Sloth","Ring of Peace"],"acts_visited":["Exordium","TheCity","TheBeyond"],"potions_floor_usage":[44,47,50,50,50],"damage_taken":[{"damage":0.0,"enemies":"Jaw Worm","floor":1.0,"turns":1.0},{"damage":0.0,"enemies":"Small Slimes","floor":2.0,"turns":1.0},{"damage":0.0,"enemies":"Cultist","floor":4.0,"turns":1.0},{"damage":0.0,"enemies":"Looter","floor":5.0,"turns":3.0},{"damage":16.0,"enemies":"Lagavulin","floor":6.0,"turns":6.0},{"damage":2.0,"enemies":"Large Slime","floor":7.0,"turns":5.0},{"damage":0.0,"enemies":"Exordium Wildlife","floor":11.0,"turns":5.0},{"damage":2.0,"enemies":"Looter","floor":13.0,"turns":3.0},{"damage":15.0,"enemies":"The Guardian","floor":16.0,"turns":10.0},{"damage":4.0,"enemies":"Spheric Guardian","floor":18.0,"turns":4.0},{"damage":0.0,"enemies":"3 Byrds","floor":19.0,"turns":4.0},{"damage":18.0,"enemies":"3 Cultists","floor":20.0,"turns":4.0},{"damage":0.0,"enemies":"Centurion and Healer","floor":22.0,"turns":3.0},{"damage":6.0,"enemies":"Slavers","floor":23.0,"turns":3.0},{"damage":38.0,"enemies":"Book of Stabbing","floor":28.0,"turns":4.0},{"damage":0.0,"enemies":"Snake Plant","floor":30.0,"turns":1.0},{"damage":26.0,"enemies":"hubris:MusketHawk","floor":33.0,"turns":5.0},{"damage":3.0,"enemies":"3 Shapes","floor":35.0,"turns":2.0},{"damage":12.0,"enemies":"3 Darklings","floor":36.0,"turns":4.0},{"damage":19,"enemies":"Writhing Mass","floor":38,"turns":4},{"damage":1,"enemies":"Maw","floor":41,"turns":4},{"damage":0,"enemies":"Transient","floor":44,"turns":5},{"damage":17,"enemies":"Writhing Mass","floor":47,"turns":4},{"damage":2,"enemies":"Maw","floor":48,"turns":3},{"damage":15,"enemies":"Replay:Hell Engine","floor":50,"turns":9}],"seed_played":"1194292555239316740","potions_obtained":[{"floor":2.0,"key":"Weak Potion"},{"floor":4.0,"key":"Venom Potion"},{"floor":5.0,"key":"Elixir"},{"floor":7.0,"key":"Adrenaline Potion"},{"floor":13.0,"key":"Strength Potion"},{"floor":20.0,"key":"DuplicationPotion"},{"floor":28.0,"key":"EntropicBrew"},{"floor":47,"key":"Swift Potion"},{"floor":48,"key":"EntropicBrew"}],"is_trial":false,"path_per_floor":["M","M","?","M","M","E","M","$","T","$","M","R","M","?","R_BF","B",null,"M","M","M","?","M","E","R","T","T","R","E","R","M","?","R","B",null,"?","?","?","?","?","T","?","T","T","?","?","T","?","?","T","B",null],"character_chosen":"RobotSpaceExplorer","items_purchased":["ReplayTheSpireMod:CursedCoin","Kunai"],"campfire_rested":3,"item_purchase_floors":[8,10],"current_hp_per_floor":[75,75,75,75,75,59,57,63,63,63,63,63,61,61,61,46,81,77,77,59,59,59,53,53,53,53,53,15,39,39,39,63,37,81,78,66,66,47,47,71,70,70,70,70,76,76,59,57,83,68],"gold":600,"neow_bonus":"THREE_ENEMY_KILL","is_daily":false,"chose_seed":false,"campfire_upgraded":3,"win_rate":0.0,"timestamp":1608499069,"path_taken":["M","M","?","M","M","E","M","$","T","$","M","R","M","?","R_BF","BOSS","M","?","M","?","M","E","R","?","T","R","E","R","M","?","R","BOSS","?","?","?","?","?","T","?","T","T","?","?","T","?","?","T","BOSS"],"items_purchased_type":["Relic","Relic"],"build_version":"2020-12-13","purchased_purges":0,"victory":true,"max_hp_per_floor":[75,75,75,75,75,75,75,81,81,81,81,81,81,81,81,81,81,81,81,81,81,81,81,81,81,81,81,81,81,81,81,81,81,81,81,81,81,81,81,81,81,81,81,81,87,87,87,87,87,87],"card_choices":[{"not_picked":["RobotSpaceExplorer:Ammunition","RobotSpaceExplorer:Pulsar"],"picked":"RobotSpaceExplorer:StarLightning","floor":1.0},{"not_picked":["RobotSpaceExplorer:FrostMissile","RobotSpaceExplorer:DoubleFind"],"picked":"RobotSpaceExplorer:PowerGlove","floor":2.0},{"not_picked":["RobotSpaceExplorer:ToxicBomb","RobotSpaceExplorer:Accelerator"],"picked":"RobotSpaceExplorer:MetalStrike","floor":4.0},{"not_picked":["RobotSpaceExplorer:GlueShot","RobotSpaceExplorer:ShockKick"],"picked":"RobotSpaceExplorer:ScrapMissile","floor":5.0},{"not_picked":["RobotSpaceExplorer:GlueSpray","RobotSpaceExplorer:ShovelStrike"],"picked":"RobotSpaceExplorer:Multitool","floor":6.0},{"not_picked":["RobotSpaceExplorer:ToxicBomb","RobotSpaceExplorer:ShockKick","RobotSpaceExplorer:StarDust"],"picked":"SKIP","floor":7.0},{"not_picked":["RobotSpaceExplorer:Electroshield","RobotSpaceExplorer:StunGrenade","RobotSpaceExplorer:Ammunition"],"picked":"SKIP","floor":11.0},{"not_picked":["RobotSpaceExplorer:DualCore","RobotSpaceExplorer:MiniDrones","RobotSpaceExplorer:ToxicBomb"],"picked":"SKIP","floor":13.0},{"not_picked":["RobotSpaceExplorer:Scanner","RobotSpaceExplorer:Multitool"],"picked":"RobotSpaceExplorer:TrailblazerForm","floor":16.0},{"not_picked":["RobotSpaceExplorer:Probe+1","RobotSpaceExplorer:SurgingShield","RobotSpaceExplorer:SwiftStep+1"],"picked":"SKIP","floor":18.0},{"not_picked":["RobotSpaceExplorer:MetalStrike","RobotSpaceExplorer:Electropulse","RobotSpaceExplorer:ShovelStrike+1"],"picked":"SKIP","floor":19.0},{"not_picked":["RobotSpaceExplorer:StunGrenade+1","RobotSpaceExplorer:Counterblock+1"],"picked":"RobotSpaceExplorer:LaserBurst+1","floor":20.0},{"not_picked":["RobotSpaceExplorer:Ammunition","RobotSpaceExplorer:BigMissile","RobotSpaceExplorer:Electroshield"],"picked":"SKIP","floor":22.0},{"not_picked":["RobotSpaceExplorer:SwiftStep","RobotSpaceExplorer:Electroshield","RobotSpaceExplorer:ExhaustFan"],"picked":"SKIP","floor":23.0},{"not_picked":["RobotSpaceExplorer:FrostMissile","RobotSpaceExplorer:SlimeMissile+1"],"picked":"RobotSpaceExplorer:Autoloader","floor":28.0},{"not_picked":["RobotSpaceExplorer:SurgingShield","RobotSpaceExplorer:Electropulse","RobotSpaceExplorer:Probe"],"picked":"SKIP","floor":30.0},{"not_picked":["RobotSpaceExplorer:Blaster","RobotSpaceExplorer:Autoloader"],"picked":"RobotSpaceExplorer:BlastShield","floor":33.0},{"not_picked":["RobotSpaceExplorer:StunGrenade+1","RobotSpaceExplorer:PowerCollector+1","RobotSpaceExplorer:ToxicBomb+1"],"picked":"SKIP","floor":35.0},{"not_picked":["RobotSpaceExplorer:ExhaustFan","RobotSpaceExplorer:GlueSpray"],"picked":"RobotSpaceExplorer:MakeshiftVolley+1","floor":36.0},{"not_picked":["RobotSpaceExplorer:StunGrenade+1","RobotSpaceExplorer:SelfCleaning+1","RobotSpaceExplorer:ImprovisedAttack"],"picked":"SKIP","floor":38},{"not_picked":["RobotSpaceExplorer:Blitz+1","RobotSpaceExplorer:ShovelStrike","RobotSpaceExplorer:FranticSearch+1"],"picked":"SKIP","floor":41},{"not_picked":["RobotSpaceExplorer:FrostMissile+1","RobotSpaceExplorer:RigExplosive","RobotSpaceExplorer:MakeshiftVolley+1"],"picked":"SKIP","floor":44},{"not_picked":["RobotSpaceExplorer:SwiftStep","RobotSpaceExplorer:IronShell+1","RobotSpaceExplorer:SurgingShield+1"],"picked":"SKIP","floor":47},{"not_picked":["RobotSpaceExplorer:ScrapShield","RobotSpaceExplorer:ShovelStrike","RobotSpaceExplorer:FrostMissile"],"picked":"SKIP","floor":48}],"player_experience":213244,"relics_obtained":[{"floor":6.0,"key":"Darkstone Periapt"},{"floor":9.0,"key":"CrustySpines"},{"floor":15.0,"key":"RollingBoulder"},{"floor":23.0,"key":"Centennial Puzzle"},{"floor":26.0,"key":"Boot"},{"floor":28.0,"key":"Replay:Multitool"},{"floor":43,"key":"Sundial"},{"floor":45,"key":"ReplayTheSpireMod:Ring of Sloth"},{"floor":45,"key":"Ring of Peace"}],"event_choices":[{"damage_healed":0.0,"max_hp_gain":0.0,"max_hp_loss":0.0,"gold_gain":0.0,"event_name":"The Woman in Blue","player_choice":"Bought 0 Potions","floor":14.0,"gold_loss":0.0,"damage_taken":0.0},{"damage_healed":0.0,"max_hp_gain":0.0,"max_hp_loss":0.0,"gold_gain":0.0,"event_name":"FaceTrader","player_choice":"Trade","floor":21.0,"gold_loss":0.0,"damage_taken":0.0,"relics_obtained":["CultistMask"]},{"cards_removed":["Languid"],"damage_healed":0.0,"max_hp_gain":0.0,"max_hp_loss":0.0,"gold_gain":0.0,"event_name":"Purifier","player_choice":"Purged","floor":31.0,"gold_loss":0.0,"damage_taken":0.0},{"cards_removed":["RobotSpaceExplorer:BlastShield"],"damage_healed":0.0,"max_hp_gain":0.0,"max_hp_loss":0.0,"gold_gain":0.0,"event_name":"Falling","player_choice":"Removed Skill","floor":37.0,"gold_loss":0.0,"damage_taken":0.0},{"damage_healed":0,"gold_gain":0,"player_choice":"Leave","damage_taken":0,"max_hp_gain":0,"max_hp_loss":0,"event_name":"conspire:Investor","floor":39,"gold_loss":0},{"damage_healed":0,"gold_gain":0,"player_choice":"Ignored","damage_taken":0,"max_hp_gain":0,"max_hp_loss":0,"event_name":"The Moai Head","floor":46,"gold_loss":0}],"is_beta":false,"boss_relics":[{"not_picked":["aspiration:WatcherSkillbook","Honey Jar"],"picked":"Sandwich"},{"not_picked":["halation:ForbiddenBikini","halation:MonkeysPaw"],"picked":"Painkiller Herb"}],"items_purged_floors":[],"is_endless":false,"potions_floor_spawned":[2,4,5,7,13,18,20,28,30,35,36,47,48],"ascension_level":0}}