{"host":"szbnbddwah33j004","time":1608429022,"event":{"mods":["2.2 Compatiblity","AchievementEnabler","Act Like it!","BaseMod","BetterRewards","Challenge The Spire","Colored Map","Colored Powertips","Hubris","Minty Spire (QoL Compilation)","Shop Mod","StSLib","The Hayseed","The Runesmith"],"gold_per_floor":[228,228,255,282,310,310,185,35,70,105,130,130,130,130,163,197,228,258],"floor_reached":19,"playtime":1912,"items_purged":[],"score":370,"play_id":"20a0a620-2853-40ab-8e5a-cf207875c960","local_time":"20201219195022","daily_mods":["challengethespire:Bronze Difficulty","challengethespire:Elite Rush","Uncertain Future"],"is_ascension_mode":false,"campfire_choices":[{"data":"Eruption","floor":2.0,"key":"SMITH"},{"floor":13.0,"key":"REST"},{"floor":14.0,"key":"REST"}],"circlet_count":0,"master_deck":["Strike_P","Strike_P","Strike_P","Strike_P","Defend_P","Defend_P","Defend_P","Defend_P","Eruption+1","Vigilance","Master of Strategy","FlurryOfBlows","Adaptation","DeceiveReality","Wallop","DevaForm","FollowUp","Mind Blast","TalkToTheHand","ClearTheMind","SandsOfTime","Prostrate","Prostrate","BattleHymn","Prostrate","Prostrate"],"relics":["PureWater","Black Star","Sling","PreservedInsect","Unceasing Top","HandDrill","Girya","GoldenEye","Incense Burner","TeardropLocket","Bag of Marbles","Calipers","Fusion Hammer","Kunai","Orichalcum","hubris:ToyBattleship","hubris:SlimyHat","hubris:BundleOfHerbs","Ice Cream","hubris:GrandSneckoEye","InkBottle","Vajra","Lantern","hubris:CrystalStatue","Potion Belt","CaptainsWheel","Omamori","hubris:BottledRain"],"acts_visited":["Exordium"],"potions_floor_usage":[16,18],"damage_taken":[{"damage":0.0,"enemies":"Lagavulin","floor":3.0,"turns":2.0},{"damage":2.0,"enemies":"3 Sentries","floor":4.0,"turns":4.0},{"damage":6.0,"enemies":"Gremlin Nob","floor":5.0,"turns":3.0},{"damage":26.0,"enemies":"Slavers","floor":9.0,"turns":4.0},{"damage":16.0,"enemies":"Book of Stabbing","floor":10.0,"turns":4.0},{"damage":36.0,"enemies":"Gremlin Leader","floor":11.0,"turns":4.0},{"damage":0.0,"enemies":"Giant Head","floor":15.0,"turns":4.0},{"damage":7,"enemies":"Reptomancer","floor":16,"turns":4},{"damage":29,"enemies":"Nemesis","floor":17,"turns":5},{"damage":22,"enemies":"Shield and Spear","floor":18,"turns":4}],"seed_played":"5766743794117804455","potions_obtained":[{"floor":5.0,"key":"FairyPotion"},{"floor":11.0,"key":"Strength Potion"},{"floor":17,"key":"StancePotion"},{"floor":18,"key":"SkillPotion"}],"is_trial":true,"path_per_floor":["$","R","E","E","E","T","$","$","E","E","E","T","R","R","E","E","E","E",null],"character_chosen":"WATCHER","items_purchased":["Unceasing Top","Master of Strategy","FlurryOfBlows","Adaptation","DeceiveReality","HandDrill","Mind Blast","TalkToTheHand","ClearTheMind","EntropicBrew"],"campfire_rested":2,"item_purchase_floors":[1,1,1,1,1,1,7,7,8,8],"current_hp_per_floor":[72,72,72,70,64,64,64,64,38,22,13,13,34,55,55,48,31,9],"gold":258,"neow_bonus":"","is_daily":false,"chose_seed":false,"campfire_upgraded":1,"win_rate":0.0,"timestamp":1608429022,"path_taken":["$","R","E","E","E","T","$","$","E","E","E","T","R","R","E","E","E","E"],"items_purchased_type":["Relic","Card","Card","Card","Card","Relic","Card","Card","Card","Potion"],"build_version":"2020-12-13","purchased_purges":0,"victory":true,"max_hp_per_floor":[72,72,72,72,72,72,72,72,72,72,72,72,72,72,72,72,72,72],"card_choices":[],"player_experience":81514,"relics_obtained":[{"floor":3.0,"key":"Girya"},{"floor":3.0,"key":"GoldenEye"},{"floor":4.0,"key":"Incense Burner"},{"floor":4.0,"key":"TeardropLocket"},{"floor":5.0,"key":"Bag of Marbles"},{"floor":5.0,"key":"Calipers"},{"floor":9.0,"key":"Kunai"},{"floor":9.0,"key":"Orichalcum"},{"floor":10.0,"key":"hubris:ToyBattleship"},{"floor":10.0,"key":"hubris:SlimyHat"},{"floor":11.0,"key":"hubris:BundleOfHerbs"},{"floor":11.0,"key":"Ice Cream"},{"floor":15.0,"key":"InkBottle"},{"floor":15.0,"key":"Vajra"},{"floor":16,"key":"Lantern"},{"floor":16,"key":"hubris:CrystalStatue"},{"floor":17,"key":"Potion Belt"},{"floor":17,"key":"CaptainsWheel"},{"floor":18,"key":"Omamori"},{"floor":18,"key":"hubris:BottledRain"}],"event_choices":[],"is_beta":false,"boss_relics":[{"not_picked":["Cursed Key","Runesmith:UraniumAnvil"],"picked":"Fusion Hammer"},{"not_picked":["Snecko Eye","Pandora\u0027s Box"],"picked":"hubris:GrandSneckoEye"}],"items_purged_floors":[],"is_endless":false,"potions_floor_spawned":[5,11,17,18],"ascension_level":0}}