{"host":"syse7109pvnv9ewm","time":1608490842,"event":{"mods":["Act Like it!","Aspiration","BaseMod","Beaked The Cultist","Better Altar","Better Match","Better Note","Better Sensory Stone","Better Skull","Better Third Choice","CCEM","Challenge The Spire","Colored Map","Conspire","Dio Mod","Elementarium","Energized Spire","Halation","Hallownest","Highlight Path","Hubris","Infinite Spire","Mad Scientist","Menagerie","Minty Spire (QoL Compilation)","Replay The Spire","Retaliation","Spicy Shops","StSLib","The Blue Laboratory","The Bug Knight","The Cursed","The Death Knight","The Disciple","The Factory","The Jungle","Thieving Mod"],"gold_per_floor":[210,60,60,73,73,93,119,119,165,182,197,207,240,256,256,356,356,374,374,374,389,409,409,423,423,423,423,440,440,457,113,113,113,113],"floor_reached":33,"playtime":2475,"items_purged":[],"score":261,"play_id":"608a5c02-4bc2-45c7-9235-2e15cc5f6238","local_time":"20201220200042","is_ascension_mode":false,"campfire_choices":[{"data":"OldTimer","floor":8,"key":"SMITH"},{"data":"Analog","floor":15,"key":"SMITH"},{"data":"Accruing","floor":23,"key":"SMITH"},{"data":"LockedBlood","floor":25,"key":"SMITH"},{"floor":32,"key":"REST"}],"circlet_count":0,"master_deck":["Strike_Br","Strike_Br","Strike_Br","Strike_Br","Defend_Br","Defend_Br","Defend_Br","Defend_Br","SecondHand","PatternShift","LockedWhetstone","WindUp","LockedThread","LockedBlood","LockedAnchor","OldTimer+1","ReapSow","Analog+1","WindUp","LockedBlood+1","WindUp","OracleForm+1","Accruing+1","Replay:Fractal Strike","Analog+1","HandsUpC+1","Recurrance","Facsimile","LockedAnchor","HandsUpC","LockedBlood+1"],"relics":["Chronometer","White Beast Statue","Nunchaku","Bag of Marbles","Honey Jar","Dream Catcher","Thread and Needle"],"acts_visited":["Exordium","TheCity"],"potions_floor_usage":[10,11,12,16,18,24,24,30,33,33],"damage_taken":[{"damage":0,"enemies":"conspire:RoseBush","floor":1,"turns":4},{"damage":0,"enemies":"infinitespire:Voidling","floor":4,"turns":4},{"damage":5,"enemies":"Cultist","floor":6,"turns":4},{"damage":12,"enemies":"Gremlin Nob","floor":7,"turns":5},{"damage":1,"enemies":"Exordium Wildlife","floor":10,"turns":6},{"damage":3,"enemies":"conspire:2 RoseBushes","floor":11,"turns":4},{"damage":11,"enemies":"Gremlin Gang","floor":12,"turns":5},{"damage":2,"enemies":"Replay:BlueRogue","floor":13,"turns":5},{"damage":11,"enemies":"Large Slime","floor":14,"turns":4},{"damage":40,"enemies":"Hexaghost","floor":16,"turns":9},{"damage":15,"enemies":"3 Byrds","floor":18,"turns":5},{"damage":0,"enemies":"Spheric Guardian","floor":21,"turns":4},{"damage":21,"enemies":"Cultist and Chosen","floor":22,"turns":5},{"damage":6,"enemies":"Chosen and Byrds","floor":24,"turns":6},{"damage":23,"enemies":"Shelled Parasite and Fungi","floor":28,"turns":4},{"damage":22,"enemies":"Centurion and Healer","floor":30,"turns":5},{"damage":56,"enemies":"Pondfish","floor":33,"turns":8}],"seed_played":"5363616612858939014","potions_obtained":[{"floor":3,"key":"blueLaboratory:Moonshine"},{"floor":3,"key":"blueLaboratory:HummingbirdPotion"},{"floor":3,"key":"SpeedPotion"},{"floor":6,"key":"blueLaboratory:HorrorPotion"},{"floor":7,"key":"DistilledChaos"},{"floor":10,"key":"Toxic Potion"},{"floor":11,"key":"SteroidPotion"},{"floor":12,"key":"AttackPotion"},{"floor":16,"key":"SkillPotion"},{"floor":18,"key":"blueLaboratory:StoneskinPotion"},{"floor":21,"key":"blueLaboratory:NullPotion"},{"floor":22,"key":"Dexterity Potion"},{"floor":24,"key":"blueLaboratory:BottledHope"},{"floor":28,"key":"Reflective Coating"},{"floor":30,"key":"blueLaboratory:Moonshine"}],"is_trial":false,"path_per_floor":["M","$","?","M","$","M","E","R","T","M","M","M","E","M","R","B",null,"M","AVR","?","M","M","R","M","R","T","?","M","?","M","$","R","B"],"character_chosen":"CHRONO_CLASS","items_purchased":["WindUp","LockedThread","HandsUpC","Thread and Needle"],"campfire_rested":1,"item_purchase_floors":[2,2,31,31],"current_hp_per_floor":[65,65,65,65,65,62,56,56,56,61,62,57,61,58,58,30,65,60,60,60,65,49,49,49,49,49,49,32,32,10,10,29,0,0],"gold":113,"neow_bonus":"HUNDRED_GOLD","is_daily":false,"chose_seed":false,"campfire_upgraded":4,"win_rate":0.0,"timestamp":1608490842,"path_taken":["M","$","?","M","$","M","E","R","T","?","M","?","E","M","R","BOSS","M","AVR","?","M","?","R","?","R","T","?","?","?","M","$","R","BOSS"],"items_purchased_type":["Card","Card","Card","Relic"],"build_version":"2020-12-13","purchased_purges":0,"victory":false,"max_hp_per_floor":[65,65,65,65,65,65,65,65,65,65,65,65,65,65,65,65,65,65,65,65,65,65,65,65,65,65,65,65,65,65,65,65,65,65],"card_choices":[{"not_picked":["Stagnate","ExoVibe"],"picked":"LockedWhetstone","floor":1},{"not_picked":["LockedScales","LockedMedicine"],"picked":"LockedBlood","floor":4},{"not_picked":["CrunchTime","LockedBlood"],"picked":"LockedAnchor","floor":6},{"not_picked":["Facsimile","LockedMercury"],"picked":"OldTimer","floor":7},{"not_picked":["Parity","LockedScales"],"picked":"ReapSow","floor":10},{"not_picked":["EscortCommand","Break"],"picked":"Analog","floor":11},{"not_picked":["LockedWhetstone","Recurrance"],"picked":"WindUp","floor":12},{"not_picked":["WindUp","LockedMercury"],"picked":"LockedBlood","floor":13},{"not_picked":["LockedAnchor","Goo"],"picked":"WindUp","floor":14},{"not_picked":["Echonomics","Pendulum"],"picked":"OracleForm","floor":16},{"not_picked":["LockedTurtyl+1","LockedUrn","CrunchTime"],"picked":"Accruing","floor":18},{"not_picked":["FormalWear+1","LockedUrn","ExoVibe"],"picked":"Analog+1","floor":21},{"not_picked":["Parity","LockedMedicine+1","ExoVibe"],"picked":"HandsUpC+1","floor":22},{"not_picked":["Cuckoo+1","LockedMedicine+1","ShortSighted"],"picked":"Recurrance","floor":24},{"not_picked":["WindUp","Engulf","Cuckoo"],"picked":"Facsimile","floor":28},{"not_picked":["LockedMawBank","Break","Cuckoo"],"picked":"LockedAnchor","floor":30},{"not_picked":["LockedMedicine","Echoward","SlimeSpray+1"],"picked":"LockedBlood+1","floor":32}],"player_experience":158578,"relics_obtained":[{"floor":7,"key":"White Beast Statue"},{"floor":9,"key":"Nunchaku"},{"floor":13,"key":"Bag of Marbles"}],"event_choices":[{"damage_healed":0,"gold_gain":0,"player_choice":"Got Potions","damage_taken":0,"max_hp_gain":0,"max_hp_loss":0,"event_name":"Lab","floor":3,"gold_loss":0},{"damage_healed":0,"gold_gain":0,"player_choice":"Forge","damage_taken":0,"max_hp_gain":0,"max_hp_loss":0,"event_name":"Accursed Blacksmith","floor":20,"gold_loss":0,"cards_upgraded":["OracleForm"]},{"damage_healed":0,"gold_gain":0,"player_choice":"Gave Potion","damage_taken":0,"relics_obtained":["Dream Catcher"],"max_hp_gain":0,"max_hp_loss":0,"event_name":"WeMeetAgain","floor":27,"gold_loss":0},{"cards_removed":["OracleForm"],"damage_healed":0,"gold_gain":0,"player_choice":"Give","damage_taken":0,"max_hp_gain":0,"max_hp_loss":0,"event_name":"betterNote:BetterNote","floor":29,"gold_loss":0,"cards_obtained":["ReplayTheSpireMod:Omega Cannon"]}],"is_beta":false,"boss_relics":[{"not_picked":["halation:IncompleteEncyclopedia","Replay:Wanted Poster"],"picked":"Honey Jar"}],"items_purged_floors":[],"is_endless":false,"potions_floor_spawned":[4,6,7,10,11,12,13,14,16,18,21,22,24,28,30],"killed_by":"Pondfish","ascension_level":0}}