{"host":"4amcrcg6ktw8dbzk","time":1608440837,"event":{"mods":["ATMod(°¢èªMod)","BaseMod","Dota2Spire","Minty Spire (QoL Compilation)","MostiFishMod","Spicy Shops","StSLib","Waifu the Spire"],"gold_per_floor":[115,132,132,144,144,144,178,178,204,244,319,363,363,411,411,540,540,558,252,252,266,312,377,377,404,457,148,148,194,236,261,261,391,391,404,446,546,566,607,671,671,715,715,773,783,839,534,610,610,610,610,610,365,425,455],"floor_reached":56,"playtime":2884,"items_purged":["Strike_P","AT_OneInchPunch+1","Writhe"],"score":2325,"play_id":"cca7e470-9bb4-4c1c-afa0-a45f8e3079a7","local_time":"20201220130717","is_ascension_mode":true,"campfire_choices":[{"data":"AT_OneInchPunch","floor":6.0,"key":"SMITH"},{"data":"Fasting2","floor":8.0,"key":"SMITH"},{"floor":15.0,"key":"REST"},{"data":"MostiFishMod:LegendTransform","floor":24.0,"key":"SMITH"},{"floor":28.0,"key":"REST"},{"data":"MostiFishMod:WinterMarkForm","floor":32.0,"key":"SMITH"},{"data":"LessonLearned","floor":41.0,"key":"SMITH"},{"floor":49.0,"key":"RECALL"},{"data":"TalkToTheHand","floor":52.0,"key":"SMITH"}],"circlet_count":0,"master_deck":["AscendersBane","Strike_P+1","Strike_P+1","Defend_P+1","Defend_P+1","Defend_P+1","Eruption+1","Vigilance+1","ThirdEye+1","Fasting2+1","InnerPeace+1","AT_RealColorLess+1","MostiFishMod:LegendTransform+1","AT_OneInchPunch+1","DeusExMachina+1","MostiFishMod:FrostNova+1","MostiFishMod:WinterMarkForm+1","MostiFishMod:LegendTransform+1","Prostrate+1","LessonLearned+1","Tantrum+1","Sanctity+1","Prostrate+1","TalkToTheHand+1","Omniscience+1","Halt+1","Madness+1","Adaptation+1"],"relics":["PureWater","DaveBox","AT_ATBox","ThornShield","Question Card","Dota2Spire:HandOfMidas","Dota2Spire:BlackKingBar","ImportantClient","FrostBlade","OrangePellets","Medical Kit","Dota2Spire:UrnOfShadows","Bronze Scales","Toy Ornithopter","Membership Card","Melange","Pantograph","Potion Belt","Dota2Spire:PowerTreads","PatriotShield","Ornamental Fan","Bottled Tornado","InkBottle","AT_SunfireAegis","Dota2Spire:PhaseBoots","Pear","Pen Nib","Dota2Spire:Butterfly","Technique","War Paint"],"acts_visited":["Exordium","TheCity","TheBeyond","TheEnding"],"potions_floor_usage":[55,55],"damage_taken":[{"damage":0.0,"enemies":"Jaw Worm","floor":1.0,"turns":2.0},{"damage":0.0,"enemies":"Cultist","floor":2.0,"turns":2.0},{"damage":4.0,"enemies":"2 Louse","floor":4.0,"turns":2.0},{"damage":2.0,"enemies":"Gremlin Nob","floor":7.0,"turns":3.0},{"damage":0.0,"enemies":"Blue Slaver","floor":10.0,"turns":3.0},{"damage":3.0,"enemies":"Large Slime","floor":12.0,"turns":5.0},{"damage":26.0,"enemies":"Lots of Slimes","floor":14.0,"turns":5.0},{"damage":23.0,"enemies":"The Guardian","floor":16.0,"turns":8.0},{"damage":0.0,"enemies":"Shell Parasite","floor":18.0,"turns":2.0},{"damage":7.0,"enemies":"3 Byrds","floor":21.0,"turns":2.0},{"damage":2.0,"enemies":"3 Cultists","floor":22.0,"turns":3.0},{"damage":15.0,"enemies":"Gremlin Leader","floor":23.0,"turns":4.0},{"damage":0.0,"enemies":"Book of Stabbing","floor":25.0,"turns":3.0},{"damage":5.0,"enemies":"Centurion and Healer","floor":29.0,"turns":5.0},{"damage":19.0,"enemies":"Snake Plant","floor":30.0,"turns":3.0},{"damage":0.0,"enemies":"Gremlin Leader","floor":31.0,"turns":4.0},{"damage":0.0,"enemies":"Collector","floor":33.0,"turns":4.0},{"damage":0.0,"enemies":"Orb Walker","floor":35.0,"turns":3.0},{"damage":0.0,"enemies":"3 Darklings","floor":36.0,"turns":2.0},{"damage":0.0,"enemies":"Jaw Worm Horde","floor":38.0,"turns":4.0},{"damage":0.0,"enemies":"4 Shapes","floor":39.0,"turns":4.0},{"damage":0.0,"enemies":"Nemesis","floor":40.0,"turns":5.0},{"damage":0.0,"enemies":"Maw","floor":42.0,"turns":5.0},{"damage":0.0,"enemies":"Giant Head","floor":44.0,"turns":5.0},{"damage":0.0,"enemies":"3 Darklings","floor":45.0,"turns":3.0},{"damage":0.0,"enemies":"Reptomancer","floor":46.0,"turns":4.0},{"damage":0.0,"enemies":"2 Orb Walkers","floor":48.0,"turns":5.0},{"damage":0.0,"enemies":"Donu and Deca","floor":50.0,"turns":3.0},{"damage":0.0,"enemies":"Shield and Spear","floor":54.0,"turns":3.0},{"damage":4,"enemies":"The Heart","floor":55,"turns":4}],"seed_played":"1201008348849328889","potions_obtained":[{"floor":2.0,"key":"DuplicationPotion"},{"floor":4.0,"key":"Weak Potion"},{"floor":25.0,"key":"SmokeBomb"},{"floor":29.0,"key":"Fire Potion"},{"floor":31.0,"key":"DistilledChaos"},{"floor":35.0,"key":"StancePotion"}],"is_trial":false,"path_per_floor":["M","M","?","M","?","R","E","R","T","M","?","M","T","M","R","B",null,"M","$","?","M","M","E","R","E","T","$","R","M","M","E","R","B",null,"M","M","?","M","M","E","R","M","T","E","M","E","$","?","R","B",null,"R","$","E","B",null],"character_chosen":"WATCHER","items_purchased":["OrangePellets","Medical Kit","Membership Card","Melange","Pantograph","Potion Belt","Dota2Spire:PhaseBoots","Pear","Pen Nib","Technique","PowerPotion","Madness"],"campfire_rested":2,"item_purchase_floors":[19,19,27,27,27,27,47,47,47,53,53,53],"current_hp_per_floor":[65,65,65,61,61,61,59,59,59,59,48,46,46,20,41,18,59,59,59,59,52,50,35,35,35,35,35,56,51,32,32,32,72,72,72,72,72,72,72,72,72,72,72,72,72,72,82,82,82,82,82,82,82,82,82],"gold":455,"neow_bonus":"THREE_CARDS","is_daily":false,"chose_seed":false,"campfire_upgraded":6,"win_rate":0.0,"timestamp":1608440837,"path_taken":["M","M","?","?","?","R","E","R","T","M","?","M","?","M","R","BOSS","M","$","?","M","M","E","R","E","T","$","R","M","M","E","R","BOSS","M","M","?","M","?","E","R","M","T","E","M","E","$","?","R","BOSS","R","$","E","BOSS"],"items_purchased_type":["Relic","Relic","Relic","Relic","Relic","Relic","Relic","Relic","Relic","Relic","Potion","Card"],"build_version":"2020-12-13","purchased_purges":3,"victory":true,"max_hp_per_floor":[72,72,72,72,72,72,72,72,72,72,72,72,72,72,72,72,72,72,72,72,72,72,72,72,72,72,72,72,72,72,72,72,72,72,72,72,72,72,72,72,72,72,72,72,72,72,82,82,82,82,82,82,82,82,82],"card_choices":[{"not_picked":["AT_SoftenMuscles","SashWhip"],"picked":"ThirdEye","floor":0.0},{"not_picked":["CutThroughFate","CrushJoints","Worship"],"picked":"SKIP","floor":1.0},{"not_picked":["SashWhip","EmptyFist","SandsOfTime"],"picked":"Fasting2","floor":2.0},{"not_picked":["EmptyBody","Indignation","Study"],"picked":"InnerPeace","floor":4.0},{"not_picked":["Evaluate","PathToVictory","LikeWater"],"picked":"AT_RealColorLess","floor":7.0},{"not_picked":["WheelKick","EmptyFist","Swivel"],"picked":"MostiFishMod:LegendTransform","floor":10.0},{"not_picked":["FollowUp","ForeignInfluence","EmptyBody","MentalFortress"],"picked":"SKIP","floor":12.0},{"not_picked":["FlyingSleeves","AT_SoftenMuscles","Perseverance"],"picked":"AT_OneInchPunch","floor":14.0},{"not_picked":["MostiFishMod:UniPurple","MostiFishMod:Zero-Sum","MostiFishMod:FlowState"],"picked":"DeusExMachina","floor":16.0},{"not_picked":["Nirvana+1","SashWhip","JustLucky"],"picked":"MostiFishMod:LegendTransform","floor":18.0},{"not_picked":["SignatureMove","FlyingSleeves","JustLucky+1"],"picked":"Prostrate","floor":21.0},{"not_picked":["Consecrate","FollowUp+1","ThirdEye","Prostrate+1"],"picked":"SKIP","floor":22.0},{"not_picked":["Prostrate","JustLucky","MostiFishMod:ScryFuture","ThirdEye+1"],"picked":"SKIP","floor":23.0},{"not_picked":["Swivel","LikeWater","FlyingSleeves"],"picked":"LessonLearned","floor":25.0},{"not_picked":["SashWhip","PathToVictory","Consecrate+1","MostiFishMod:LegendTransform"],"picked":"SKIP","floor":29.0},{"not_picked":["AT_RealFormLess","Protect","Crescendo+1","SashWhip"],"picked":"SKIP","floor":30.0},{"not_picked":["MostiFishMod:Adaptation","Prostrate","TalkToTheHand"],"picked":"Tantrum","floor":31.0},{"not_picked":["Indignation","Protect+1","PathToVictory+1"],"picked":"Sanctity+1","floor":35.0},{"not_picked":["Study","JustLucky","CrushJoints","AT_ChampionStep"],"picked":"SKIP","floor":36.0},{"not_picked":["ThirdEye","EmptyBody+1","CutThroughFate+1","SashWhip+1"],"picked":"SKIP","floor":38.0},{"not_picked":["ThirdEye","EmptyBody+1","CutThroughFate+1","SashWhip+1"],"picked":"SKIP","floor":38.0},{"not_picked":["Study","ThirdEye+1","FollowUp","PathToVictory"],"picked":"SKIP","floor":39.0},{"not_picked":["ClearTheMind+1","SandsOfTime","Consecrate+1","Sanctity"],"picked":"SKIP","floor":40.0},{"not_picked":["ClearTheMind+1","Prostrate","PathToVictory+1","EmptyFist+1"],"picked":"SKIP","floor":42.0},{"not_picked":["ClearTheMind+1","PathToVictory+1","EmptyFist+1"],"picked":"Prostrate","floor":42.0},{"not_picked":["MasterReality","JustLucky+1","WheelKick"],"picked":"TalkToTheHand","floor":44.0},{"not_picked":["Protect+1","Crescendo+1","Evaluate+1","Halt+1"],"picked":"SKIP","floor":45.0},{"not_picked":["FlyingSleeves","CrushJoints","Crescendo"],"picked":"Omniscience","floor":46.0},{"not_picked":["Tantrum","MostiFishMod:Speedup+1","Weave"],"picked":"Halt+1","floor":48.0},{"not_picked":["WheelKick","BowlingBash+1","CarveReality"],"picked":"Adaptation+1","floor":54.0}],"player_experience":286986,"relics_obtained":[{"floor":1.0,"key":"Question Card"},{"floor":7.0,"key":"Dota2Spire:HandOfMidas"},{"floor":13.0,"key":"Dota2Spire:BlackKingBar"},{"floor":16.0,"key":"ImportantClient"},{"floor":23.0,"key":"Dota2Spire:UrnOfShadows"},{"floor":25.0,"key":"Bronze Scales"},{"floor":26.0,"key":"Toy Ornithopter"},{"floor":31.0,"key":"Dota2Spire:PowerTreads"},{"floor":40.0,"key":"Ornamental Fan"},{"floor":43.0,"key":"Bottled Tornado"},{"floor":44.0,"key":"InkBottle"},{"floor":46.0,"key":"AT_SunfireAegis"},{"floor":48.0,"key":"Dota2Spire:Butterfly"},{"floor":54.0,"key":"War Paint"}],"event_choices":[{"cards_removed":["Defend_P"],"damage_healed":0.0,"max_hp_gain":0.0,"max_hp_loss":0.0,"gold_gain":0.0,"event_name":"Bonfire Elementals","player_choice":"Offered Basic","floor":3.0,"gold_loss":0.0,"damage_taken":0.0},{"cards_removed":["Strike_P"],"damage_healed":0.0,"max_hp_gain":0.0,"max_hp_loss":0.0,"gold_gain":0.0,"event_name":"Living Wall","player_choice":"Forget","floor":5.0,"gold_loss":0.0,"damage_taken":0.0},{"damage_healed":0.0,"max_hp_gain":0.0,"max_hp_loss":0.0,"gold_gain":75.0,"event_name":"World of Goop","player_choice":"Gather Gold","floor":11.0,"gold_loss":0.0,"damage_taken":11.0},{"damage_healed":0.0,"max_hp_gain":0.0,"max_hp_loss":0.0,"gold_gain":0.0,"event_name":"Vampires","player_choice":"Ignored","floor":20.0,"gold_loss":0.0,"damage_taken":0.0},{"damage_healed":0.0,"max_hp_gain":0.0,"max_hp_loss":0.0,"gold_gain":100.0,"event_name":"Golden Shrine","player_choice":"Pray","floor":37.0,"gold_loss":0.0,"damage_taken":0.0},{"damage_healed":0.0,"max_hp_gain":0.0,"max_hp_loss":0.0,"gold_gain":0.0,"event_name":"Mysterious Sphere","player_choice":"Fight","floor":48.0,"gold_loss":0.0,"damage_taken":0.0}],"is_beta":false,"boss_relics":[{"not_picked":["Velvet Choker","Snecko Eye"],"picked":"FrostBlade"},{"not_picked":["MostiFishMod:Hod","GuanYuAspect"],"picked":"PatriotShield"}],"items_purged_floors":[19,47,53],"is_endless":false,"potions_floor_spawned":[2,4,10,14,16,25,29,31,35,39,40,44],"ascension_level":11}}