{"host":"o7j6aatxjwpw1421","time":1608469402,"event":{"mods":["2.2 Compatiblity","BaseMod","Colored Map","DeckTracker","Highlight Path","Keyboard Shortcuts","Minty Spire (QoL Compilation)","Permanent Neow","Quick Restart","StSLib","SuperFastMode","everything is the same but u backflip on backflip"],"gold_per_floor":[110,110,130,144,164,164,66,78,127,127,137,67,67,84,84,185,185,205,205,205,105,88,121,121,146,172,172,188,188,188],"floor_reached":29,"playtime":1480,"items_purged":["Strike_R","Writhe"],"score":412,"play_id":"22db0c84-0f58-4b8b-944f-f6700da7f720","local_time":"20201220220322","is_ascension_mode":true,"campfire_choices":[{"data":"Body Slam","floor":6.0,"key":"SMITH"},{"floor":10.0,"key":"REST"},{"data":"Flame Barrier","floor":13.0,"key":"SMITH"},{"data":"Evolve","floor":15.0,"key":"SMITH"},{"data":"Rupture","floor":24,"key":"SMITH"}],"circlet_count":0,"master_deck":["Strike_R","Defend_R+1","Defend_R","Defend_R+1","Defend_R","Bash","Fire Breathing","Evolve+1","Body Slam+1","Seeing Red","Shrug It Off","Rupture+1","Disarm","Flame Barrier+1","Metallicize","Juggernaut","Pommel Strike+1","Combust","Demon Form","Infernal Blade","Infernal Blade","Armaments+1"],"relics":["Burning Blood","Incense Burner","MealTicket","Velvet Choker","Blue Candle","PreservedInsect","Paper Frog","War Paint"],"acts_visited":["Exordium","TheCity"],"potions_floor_usage":[],"damage_taken":[{"damage":3.0,"enemies":"Small Slimes","floor":1.0,"turns":5.0},{"damage":6.0,"enemies":"Cultist","floor":3.0,"turns":4.0},{"damage":1.0,"enemies":"2 Louse","floor":4.0,"turns":2.0},{"damage":38.0,"enemies":"Large Slime","floor":5.0,"turns":7.0},{"damage":7.0,"enemies":"3 Louse","floor":8.0,"turns":4.0},{"damage":1.0,"enemies":"Exordium Wildlife","floor":11.0,"turns":4.0},{"damage":12.0,"enemies":"Blue Slaver","floor":14.0,"turns":8.0},{"damage":0.0,"enemies":"Hexaghost","floor":16.0,"turns":11.0},{"damage":1.0,"enemies":"3 Byrds","floor":18.0,"turns":4.0},{"damage":19.0,"enemies":"2 Thieves","floor":22.0,"turns":5.0},{"damage":40,"enemies":"Book of Stabbing","floor":23,"turns":5},{"damage":6,"enemies":"Gremlin Leader","floor":25,"turns":6},{"damage":16,"enemies":"Snake Plant","floor":28,"turns":4},{"damage":17,"enemies":"Book of Stabbing","floor":29,"turns":4}],"seed_played":"-5459279665181996186","potions_obtained":[{"floor":1.0,"key":"GamblersBrew"},{"floor":3.0,"key":"GamblersBrew"},{"floor":11.0,"key":"GamblersBrew"},{"floor":14.0,"key":"Dexterity Potion"}],"is_trial":false,"path_per_floor":["M","?","M","M","M","R","$","M","T","R","M","$","R","M","R","B",null,"M","?","?","$","M","E","R","E","T","?","M","E"],"character_chosen":"IRONCLAD","items_purchased":["Shrug It Off","Flame Barrier"],"campfire_rested":1,"item_purchase_floors":[7,12],"current_hp_per_floor":[54,54,54,59,27,27,27,26,26,50,55,70,70,64,64,70,78,80,80,65,80,67,33,33,33,33,33,23,6,6],"gold":188,"neow_bonus":"ONE_RARE_RELIC","is_daily":false,"chose_seed":false,"campfire_upgraded":4,"win_rate":0.0,"timestamp":1608469402,"path_taken":["M","?","M","M","M","R","?","M","T","R","?","$","R","M","R","BOSS","M","?","?","$","M","E","R","E","T","?","M","E"],"items_purchased_type":["Card","Card"],"build_version":"2020-12-13","purchased_purges":2,"victory":false,"max_hp_per_floor":[80,80,80,80,80,80,80,80,80,80,80,80,80,80,80,80,80,80,80,85,85,85,85,85,85,85,85,85,85,85],"card_choices":[{"not_picked":["Heavy Blade","Rage"],"picked":"Fire Breathing","floor":1.0},{"not_picked":["Flex","Iron Wave"],"picked":"Evolve","floor":3.0},{"not_picked":["Anger","Headbutt"],"picked":"Body Slam","floor":4.0},{"not_picked":["Havoc","Headbutt"],"picked":"Seeing Red","floor":5.0},{"not_picked":["Warcry","Corruption"],"picked":"Rupture","floor":8.0},{"not_picked":["Cleave","Headbutt"],"picked":"Disarm","floor":11.0},{"not_picked":["Fire Breathing","Dual Wield"],"picked":"Metallicize","floor":14.0},{"not_picked":["Bludgeon","Limit Break"],"picked":"Juggernaut","floor":16.0},{"not_picked":["Flame Barrier","Fire Breathing"],"picked":"Pommel Strike+1","floor":22.0},{"not_picked":["Iron Wave","Uppercut+1"],"picked":"Combust","floor":23},{"not_picked":["Warcry","Second Wind"],"picked":"Demon Form","floor":25},{"not_picked":["Rupture","Anger+1"],"picked":"Armaments+1","floor":28}],"player_experience":292960,"relics_obtained":[{"floor":9.0,"key":"MealTicket"},{"floor":23,"key":"PreservedInsect"},{"floor":25,"key":"Paper Frog"},{"floor":26,"key":"War Paint"}],"event_choices":[{"cards_removed":["Strike_R"],"damage_healed":0.0,"max_hp_gain":0.0,"max_hp_loss":0.0,"gold_gain":0.0,"event_name":"Purifier","player_choice":"Purged","floor":2.0,"gold_loss":0.0,"damage_taken":0.0},{"damage_healed":0.0,"max_hp_gain":0.0,"max_hp_loss":0.0,"gold_gain":0.0,"event_name":"The Mausoleum","player_choice":"Opened","floor":19.0,"gold_loss":0.0,"damage_taken":0.0,"relics_obtained":["Blue Candle"],"cards_obtained":["Writhe"]},{"damage_healed":0.0,"max_hp_gain":5.0,"max_hp_loss":0.0,"gold_gain":0.0,"event_name":"Forgotten Altar","player_choice":"Shed Blood","floor":20.0,"gold_loss":0.0,"damage_taken":20.0},{"damage_healed":0,"gold_gain":0,"cards_transformed":["Strike_R","Strike_R"],"player_choice":"Became Test Subject","damage_taken":0,"max_hp_gain":0,"max_hp_loss":0,"event_name":"Drug Dealer","floor":27,"gold_loss":0,"cards_obtained":["Infernal Blade","Infernal Blade"]}],"is_beta":false,"boss_relics":[{"not_picked":["Cursed Key","Tiny House"],"picked":"Velvet Choker"}],"items_purged_floors":[7,21],"is_endless":false,"potions_floor_spawned":[1,3,11,14,18,22,23],"killed_by":"Book of Stabbing","ascension_level":7}}