{"host":"6to0pdz5g3mubtyg","time":1608503651,"event":{"mods":["Act Like it!","Aspiration","BaseMod","BetterRewards","Colored Map","Energized Spire","Hallownest","Highlight Path","Infinite Spire","Jorbs\u0027s Wanderer Trilogy","Minty Spire (QoL Compilation)","Shade Mod","StSLib","The Animator","The Blue Laboratory","The Bug Knight"],"gold_per_floor":[110,110,40,52,65,65,94,94,119,139,164,175,192,117,117,117,117],"floor_reached":16,"playtime":834,"items_purged":["Strike_G"],"score":123,"play_id":"202aa5d6-94f2-4af3-bf62-5ab0f78aa476","local_time":"20201220153411","is_ascension_mode":true,"campfire_choices":[{"data":"Storm of Steel","floor":6,"key":"SMITH"},{"floor":8,"key":"REST"},{"floor":15,"key":"REST"}],"circlet_count":0,"master_deck":["Strike_G","Strike_G","Strike_G","Strike_G+1","Defend_G","Defend_G","Defend_G","Defend_G","Defend_G","Survivor","Neutralize+1","Masterful Stab+1","Storm of Steel+1","Underhanded Strike","Infinite Blades","Accuracy","Terror"],"relics":["Ring of the Snake","aspiration:Nostalgia","stsjorbsmod:BookOfTrialsRelic","Whetstone","Orichalcum","aspiration:HiddenCompartment"],"acts_visited":["Exordium"],"potions_floor_usage":[12,12,16],"damage_taken":[{"damage":11,"enemies":"Cultist","floor":1,"turns":4},{"damage":0,"enemies":"2 Louse","floor":4,"turns":3},{"damage":11,"enemies":"Jaw Worm","floor":5,"turns":3},{"damage":36,"enemies":"3 Sentries","floor":7,"turns":7},{"damage":9,"enemies":"Gremlin Gang","floor":10,"turns":3},{"damage":7,"enemies":"Lagavulin","floor":11,"turns":5},{"damage":5,"enemies":"Looter","floor":12,"turns":2},{"damage":3,"enemies":"Blue Slaver","floor":13,"turns":2},{"damage":33,"enemies":"Slime Boss","floor":16,"turns":6}],"seed_played":"-4646259548836324055","potions_obtained":[{"floor":1,"key":"Fire Potion"},{"floor":4,"key":"blueLaboratory:BlinkPotion"},{"floor":5,"key":"blueLaboratory:EmptyBottle"},{"floor":10,"key":"blueLaboratory:RememoryPotion"}],"is_trial":false,"path_per_floor":["M","?","$","M","M","R","E","R","T","M","E","M","M","$","R","B"],"character_chosen":"THE_SILENT","items_purchased":["Storm of Steel"],"campfire_rested":2,"item_purchase_floors":[3],"current_hp_per_floor":[59,59,59,59,48,48,12,33,33,24,17,12,9,9,30,0,0],"gold":117,"neow_bonus":"NOSTALGIA","is_daily":false,"chose_seed":false,"campfire_upgraded":1,"win_rate":0.0,"timestamp":1608503651,"path_taken":["M","?","?","M","M","R","E","R","T","M","E","?","M","?","R","BOSS"],"items_purchased_type":["Card"],"build_version":"2020-12-13","purchased_purges":1,"victory":false,"max_hp_per_floor":[70,70,70,70,70,70,70,70,70,70,70,70,70,70,70,70,70],"card_choices":[{"not_picked":["Sucker Punch","Outmaneuver"],"picked":"Masterful Stab","floor":1},{"not_picked":["Heel Hook","Deflect","Eviscerate"],"picked":"SKIP","floor":4},{"not_picked":["Poisoned Stab","Flying Knee"],"picked":"Underhanded Strike","floor":5},{"not_picked":["Deflect","Escape Plan"],"picked":"Infinite Blades","floor":7},{"not_picked":["Burst","Terror"],"picked":"Accuracy","floor":10},{"not_picked":["Dagger Spray","Backflip","Skewer"],"picked":"SKIP","floor":11},{"not_picked":["Backflip","Dagger Spray"],"picked":"Terror","floor":12},{"not_picked":["All Out Attack","Deadly Poison","Underhanded Strike"],"picked":"SKIP","floor":13}],"player_experience":199069,"relics_obtained":[{"floor":7,"key":"Whetstone"},{"floor":9,"key":"Orichalcum"},{"floor":11,"key":"aspiration:HiddenCompartment"}],"event_choices":[{"damage_healed":0,"gold_gain":0,"player_choice":"Upgraded","damage_taken":0,"max_hp_gain":0,"max_hp_loss":0,"event_name":"Upgrade Shrine","floor":2,"gold_loss":0,"cards_upgraded":["Masterful Stab"]}],"is_beta":false,"boss_relics":[],"items_purged_floors":[14],"is_endless":false,"potions_floor_spawned":[1,4,5,10],"killed_by":"Slime Boss","ascension_level":2}}