{"host":"yo9wwslrag05lh37","time":1608427584,"event":{"mods":["AchievementEnabler","BaseMod","Block Reminder","Colored Map","Colored Powertips","GifTheSpireLib","HexUI Lib","Highlight Path","Minty Spire (QoL Compilation)","Rare Cards Sparkle","Relic Stats","StSLib","everything is the same but u backflip on backflip"],"gold_per_floor":[115,129,139,149,166,166,166,166],"floor_reached":7,"playtime":219,"items_purged":[],"score":90,"play_id":"f9d64b49-3c5a-4cdd-b205-31d3aba4c49d","local_time":"20201220022624","is_ascension_mode":true,"campfire_choices":[{"data":"Beam Cell","floor":6,"key":"SMITH"}],"circlet_count":0,"master_deck":["AscendersBane","Strike_B","Strike_B","Strike_B","Strike_B","Defend_B","Defend_B","Defend_B","Defend_B","Zap","Dualcast","Hyperbeam","Beam Cell+1","Biased Cognition","Self Repair"],"relics":["Cracked Core"],"acts_visited":["Exordium"],"potions_floor_usage":[5],"damage_taken":[{"damage":1.0,"enemies":"Cultist","floor":1.0,"turns":3.0},{"damage":0.0,"enemies":"Small Slimes","floor":2.0,"turns":2.0},{"damage":0.0,"enemies":"2 Louse","floor":3.0,"turns":2.0},{"damage":12.0,"enemies":"Looter","floor":4.0,"turns":3.0},{"damage":26,"enemies":"Gremlin Gang","floor":5,"turns":3},{"damage":25,"enemies":"Lagavulin","floor":7,"turns":5}],"seed_played":"-7473963034245905558","potions_obtained":[{"floor":4.0,"key":"Weak Potion"},{"floor":5,"key":"LiquidMemories"}],"is_trial":false,"path_per_floor":["M","M","M","M","M","R","E"],"character_chosen":"DEFECT","items_purchased":[],"campfire_rested":0,"item_purchase_floors":[],"current_hp_per_floor":[63,63,63,51,25,25,0,0],"gold":166,"neow_bonus":"ONE_RANDOM_RARE_CARD","is_daily":false,"chose_seed":false,"campfire_upgraded":1,"win_rate":0.0,"timestamp":1608427584,"path_taken":["M","M","M","M","M","R","E"],"items_purchased_type":[],"build_version":"2020-12-13","purchased_purges":0,"victory":false,"max_hp_per_floor":[71,71,71,71,71,71,71,71],"relic_stats":{"counters":[6,18],"obtain_stats":[{"Cracked Core":0},{"Cracked Core":0},{"Cracked Core":0}]},"card_choices":[{"not_picked":["Barrage","Hologram","Turbo"],"picked":"SKIP","floor":1.0},{"not_picked":["Steam","Compile Driver","Turbo"],"picked":"SKIP","floor":2.0},{"not_picked":["Storm","Hello World"],"picked":"Beam Cell","floor":3.0},{"not_picked":["Steam","Stack"],"picked":"Biased Cognition","floor":4.0},{"not_picked":["Aggregate","Blizzard"],"picked":"Self Repair","floor":5}],"player_experience":1354684,"relics_obtained":[],"event_choices":[],"is_beta":false,"boss_relics":[],"items_purged_floors":[],"is_endless":false,"potions_floor_spawned":[4,5],"killed_by":"Lagavulin","ascension_level":20}}