{"host":"rmsq46plbpwfbxcc","time":1608434813,"event":{"mods":["AchievementEnabler","BaseMod","Colored Map","DeckTracker","Minty Spire (QoL Compilation)","Permanent Neow","SuperFastMode"],"gold_per_floor":[116,131,147,161,177,177,177,177,177,177,207,207,236,249,249,249,249],"floor_reached":16,"playtime":408,"items_purged":[],"score":202,"play_id":"c742c146-eb93-4eb2-87b6-15f4f8862cf3","local_time":"20201220122653","is_ascension_mode":true,"campfire_choices":[{"data":"Neutralize","floor":6,"key":"SMITH"},{"data":"Choke","floor":10,"key":"SMITH"},{"data":"Dash","floor":15,"key":"SMITH"}],"circlet_count":0,"master_deck":["AscendersBane","Strike_G","Strike_G","Strike_G","Strike_G","Defend_G","Defend_G","Defend_G","Defend_G","Defend_G","Survivor","Neutralize+1","Dagger Spray","Choke+1","Die Die Die","Dash+1","Backstab"],"relics":["Ring of the Snake","Toy Ornithopter","Bottled Flame","Pear","Pantograph"],"acts_visited":["Exordium"],"potions_floor_usage":[5,13],"damage_taken":[{"damage":0,"enemies":"Cultist","floor":1,"turns":5},{"damage":0,"enemies":"Small Slimes","floor":2,"turns":4},{"damage":0,"enemies":"2 Louse","floor":3,"turns":3},{"damage":14,"enemies":"Exordium Wildlife","floor":4,"turns":11},{"damage":5,"enemies":"Red Slaver","floor":5,"turns":5},{"damage":43,"enemies":"Lagavulin","floor":11,"turns":7},{"damage":7,"enemies":"3 Sentries","floor":13,"turns":6},{"damage":0,"enemies":"3 Louse","floor":14,"turns":1},{"damage":45,"enemies":"Hexaghost","floor":16,"turns":10}],"seed_played":"5791993381293203157","potions_obtained":[{"floor":2,"key":"FairyPotion"},{"floor":3,"key":"Energy Potion"},{"floor":4,"key":"PowerPotion"},{"floor":11,"key":"Explosive Potion"},{"floor":14,"key":"Regen Potion"}],"is_trial":false,"path_per_floor":["M","M","M","M","M","R","?","?","T","R","E","?","E","M","R","B"],"character_chosen":"THE_SILENT","items_purchased":[],"campfire_rested":0,"item_purchase_floors":[],"current_hp_per_floor":[59,59,59,45,45,45,45,45,45,45,12,12,10,10,10,14,14],"gold":249,"neow_bonus":"RANDOM_COMMON_RELIC","is_daily":false,"chose_seed":false,"campfire_upgraded":3,"win_rate":0.0,"timestamp":1608434813,"path_taken":["M","M","M","M","M","R","?","?","T","R","E","?","E","M","R","BOSS"],"items_purchased_type":[],"build_version":"2020-12-13","purchased_purges":0,"victory":false,"max_hp_per_floor":[66,66,66,66,66,66,66,66,66,66,76,76,76,76,76,76,76],"card_choices":[{"not_picked":["Deadly Poison","Flying Knee"],"picked":"Dagger Spray","floor":1},{"not_picked":["Dagger Throw","Underhanded Strike","Dodge and Roll"],"picked":"SKIP","floor":2},{"not_picked":["Caltrops","Deflect","Leg Sweep"],"picked":"SKIP","floor":3},{"not_picked":["Masterful Stab","Infinite Blades"],"picked":"Choke","floor":4},{"not_picked":["Deadly Poison","Predator","Acrobatics"],"picked":"SKIP","floor":5},{"not_picked":["Prepared","Choke"],"picked":"Die Die Die","floor":11},{"not_picked":["Sucker Punch","Eviscerate","Skewer"],"picked":"SKIP","floor":13},{"not_picked":["Backflip","Acrobatics"],"picked":"Backstab","floor":14}],"player_experience":1336872,"relics_obtained":[{"floor":9,"key":"Bottled Flame"},{"floor":11,"key":"Pear"},{"floor":13,"key":"Pantograph"}],"event_choices":[{"damage_healed":0,"gold_gain":0,"player_choice":"Ignored","damage_taken":0,"max_hp_gain":0,"max_hp_loss":0,"event_name":"Liars Game","floor":7,"gold_loss":0},{"damage_healed":0,"gold_gain":0,"player_choice":"Ignored","damage_taken":0,"max_hp_gain":0,"max_hp_loss":0,"event_name":"Shining Light","floor":8,"gold_loss":0},{"damage_healed":0,"gold_gain":0,"cards_transformed":["Strike_G"],"player_choice":"Transformed","damage_taken":0,"max_hp_gain":0,"max_hp_loss":0,"event_name":"Transmorgrifier","floor":12,"gold_loss":0,"cards_obtained":["Dash"]}],"is_beta":false,"boss_relics":[],"items_purged_floors":[],"is_endless":false,"potions_floor_spawned":[2,3,4,11,14],"killed_by":"Hexaghost","ascension_level":16}}