{"host":"hfxp6ue4pvwo3fit","time":1608436775,"event":{"mods":["AchievementEnabler","BaseMod","Colored Map","Colored Powertips","Highlight Path","Minty Spire (QoL Compilation)","StSLib","SuperFastMode"],"gold_per_floor":[109,123,141,160,160,160,186,186,236,259,270,270,290,10,10,10,10],"floor_reached":16,"playtime":495,"items_purged":[],"score":184,"play_id":"16543230-8859-4716-b24d-99ff6057ecb3","local_time":"20201219215935","is_ascension_mode":true,"campfire_choices":[{"data":"Compile Driver","floor":6,"key":"SMITH"},{"floor":8,"key":"REST"},{"data":"Scrape","floor":12,"key":"SMITH"},{"data":"Coolheaded","floor":15,"key":"SMITH"}],"circlet_count":0,"master_deck":["AscendersBane","Strike_B","Strike_B","Strike_B","Strike_B","Defend_B","Defend_B","Defend_B","Defend_B","Zap","Dualcast","Compile Driver+1","Recycle","Leap","Capacitor","Scrape+1","Genetic Algorithm","Coolheaded+1","Creative AI"],"relics":["Snecko Eye","Blue Candle","Happy Flower","Potion Belt","Boot"],"acts_visited":["Exordium"],"potions_floor_usage":[7,7,16,16],"damage_taken":[{"damage":2,"enemies":"Jaw Worm","floor":1,"turns":3},{"damage":6,"enemies":"Cultist","floor":2,"turns":4},{"damage":0,"enemies":"2 Louse","floor":3,"turns":2},{"damage":3,"enemies":"Looter","floor":4,"turns":4},{"damage":36,"enemies":"Gremlin Nob","floor":7,"turns":4},{"damage":12,"enemies":"3 Louse","floor":11,"turns":3},{"damage":10,"enemies":"Gremlin Gang","floor":13,"turns":6},{"damage":24,"enemies":"The Guardian","floor":16,"turns":2}],"seed_played":"-5977824617342935107","potions_obtained":[{"floor":1,"key":"Regen Potion"},{"floor":2,"key":"LiquidMemories"}],"is_trial":false,"path_per_floor":["M","M","M","M","?","R","E","R","T","T","M","R","M","$","R","B"],"character_chosen":"DEFECT","items_purchased":["Creative AI","SkillPotion","Dexterity Potion"],"campfire_rested":1,"item_purchase_floors":[14,14,14],"current_hp_per_floor":[62,56,56,53,35,35,11,32,32,32,20,20,10,10,10,0,0],"gold":10,"neow_bonus":"BOSS_RELIC","is_daily":false,"chose_seed":false,"campfire_upgraded":3,"win_rate":0.0,"timestamp":1608436775,"path_taken":["M","M","M","M","?","R","E","R","T","?","?","R","M","$","R","BOSS"],"items_purchased_type":["Card","Potion","Potion"],"build_version":"2020-12-13","purchased_purges":0,"victory":false,"max_hp_per_floor":[71,71,71,71,71,71,71,71,71,71,71,71,71,71,71,71,71],"card_choices":[{"not_picked":["Auto Shields","Go for the Eyes"],"picked":"Compile Driver","floor":1},{"not_picked":["Static Discharge","Consume"],"picked":"Recycle","floor":2},{"not_picked":["Melter","Compile Driver"],"picked":"Leap","floor":3},{"not_picked":["Go for the Eyes","Barrage"],"picked":"Capacitor","floor":4},{"not_picked":["Leap","Rebound"],"picked":"Scrape","floor":7},{"not_picked":["Turbo","Skim"],"picked":"Genetic Algorithm","floor":11},{"not_picked":["Compile Driver","Melter"],"picked":"Coolheaded","floor":13}],"player_experience":394861,"relics_obtained":[{"floor":7,"key":"Happy Flower"},{"floor":9,"key":"Potion Belt"},{"floor":10,"key":"Boot"}],"event_choices":[{"damage_healed":0,"gold_gain":0,"player_choice":"Success","damage_taken":18,"relics_obtained":["Blue Candle"],"max_hp_gain":0,"max_hp_loss":0,"event_name":"Scrap Ooze","floor":5,"gold_loss":0}],"is_beta":false,"boss_relics":[],"items_purged_floors":[],"is_endless":false,"potions_floor_spawned":[1,2,3,4],"killed_by":"The Guardian","ascension_level":16}}