{"host":"k8rvlbgef0osgts5","time":1608423704,"event":{"mods":["BaseMod","Bestiary","Better Altar","Better Sensory Stone","Better Third Choice","Displayed Cursed Tome","Dota2Spire","Hubris","Infinite Spire","Minty Spire (QoL Compilation)","Replay The Spire","StSLib","The Alterego","The Bug Knight","The Construct","The Hierophant","Uncapped"],"gold_per_floor":[110,110,126,126,152,129,141,153,245,269,299,340,371,402,414,426,426],"floor_reached":16,"playtime":1337,"items_purged":[],"score":104,"play_id":"0fc691c9-38d6-493b-8dd7-c646ae65344f","local_time":"20201219172144","is_ascension_mode":false,"campfire_choices":[{"data":"alterego_mod:Santa","floor":8,"key":"SMITH"},{"floor":15,"key":"REST"}],"circlet_count":0,"master_deck":["alterego_mod:Strike","alterego_mod:Strike","alterego_mod:Defend","alterego_mod:Defend","alterego_mod:Defend","alterego_mod:Defend","alterego_mod:Impale","alterego_mod:BigMeatyClaws+1","alterego_mod:BrynhildrsRune","alterego_mod:Clones","alterego_mod:DiscoLights","alterego_mod:Mirror","alterego_mod:Santa+1","alterego_mod:SideboobHour","alterego_mod:MagicResistance","alterego_mod:GoddessCore","alterego_mod:BiFurious","alterego_mod:Support","alterego_mod:Undulate"],"relics":["alterego_mod:MasochisticConstitution","MawBank","Replay:Bottled Flurry","ReplayTheSpireMod:Lightbulb"],"acts_visited":["Exordium"],"potions_floor_usage":[5,10,12],"damage_taken":[{"damage":13,"enemies":"Cultist","floor":1,"turns":7},{"damage":3,"enemies":"2 Louse","floor":3,"turns":6},{"damage":5,"enemies":"Small Slimes","floor":5,"turns":4},{"damage":13,"enemies":"3 Louse","floor":10,"turns":7},{"damage":14,"enemies":"Large Slime","floor":11,"turns":7},{"damage":44,"enemies":"3 Sentries","floor":12,"turns":10},{"damage":16,"enemies":"Blue Slaver","floor":13,"turns":5},{"damage":0,"enemies":"Looter","floor":14,"turns":5},{"damage":27,"enemies":"Hexaghost","floor":16,"turns":10}],"seed_played":"1983910633451573353","potions_obtained":[{"floor":1,"key":"Regen Potion"},{"floor":3,"key":"Energy Potion"},{"floor":11,"key":"SkillPotion"},{"floor":12,"key":"FearPotion"}],"is_trial":false,"path_per_floor":["M","?","M","?","M","?","?","R","T","M","M","E","M","M","R","B"],"character_chosen":"The_Alterego","items_purchased":[],"campfire_rested":1,"item_purchase_floors":[],"current_hp_per_floor":[65,65,70,45,48,66,66,66,66,74,61,18,3,3,26,0,0],"gold":426,"neow_bonus":"TRANSFORM_CARD","is_daily":false,"chose_seed":false,"campfire_upgraded":1,"win_rate":0.0,"timestamp":1608423704,"path_taken":["M","?","M","?","M","?","?","R","T","M","M","E","M","?","R","BOSS"],"items_purchased_type":[],"build_version":"2020-12-13","purchased_purges":0,"victory":false,"max_hp_per_floor":[71,71,72,72,73,73,73,73,73,74,75,76,77,77,77,77,77],"card_choices":[{"not_picked":["alterego_mod:Bounce","alterego_mod:Undulate"],"picked":"alterego_mod:DiscoLights","floor":1},{"not_picked":["alterego_mod:PerceptionDisorder","alterego_mod:Cooking"],"picked":"alterego_mod:Mirror","floor":3},{"not_picked":["alterego_mod:BiFurious","alterego_mod:IndependentAction"],"picked":"alterego_mod:Santa","floor":5},{"not_picked":["alterego_mod:GachaTicket","alterego_mod:Lift"],"picked":"alterego_mod:MagicResistance","floor":10},{"not_picked":["alterego_mod:Complex","alterego_mod:Undulate"],"picked":"alterego_mod:GoddessCore","floor":11},{"not_picked":["alterego_mod:Cycle","alterego_mod:Punishment"],"picked":"alterego_mod:BiFurious","floor":12},{"not_picked":["alterego_mod:Smother","alterego_mod:DeftHands"],"picked":"alterego_mod:Support","floor":13},{"not_picked":["alterego_mod:Cycle","alterego_mod:Table"],"picked":"alterego_mod:Undulate","floor":14}],"player_experience":252423,"relics_obtained":[{"floor":9,"key":"Replay:Bottled Flurry"},{"floor":12,"key":"ReplayTheSpireMod:Lightbulb"}],"event_choices":[{"damage_healed":0,"gold_gain":0,"player_choice":"Relic ","damage_taken":25,"max_hp_gain":0,"max_hp_loss":0,"event_name":"betterThird:BetterScrap","floor":4,"gold_loss":0,"cards_obtained":["ReplayTheSpireMod:Speed Training"]},{"damage_healed":18,"gold_gain":0,"player_choice":"Healed","damage_taken":0,"max_hp_gain":0,"max_hp_loss":0,"event_name":"The Cleric","floor":6,"gold_loss":35},{"damage_healed":0,"gold_gain":0,"cards_transformed":["alterego_mod:Strike"],"player_choice":"Transformed","damage_taken":0,"max_hp_gain":0,"max_hp_loss":0,"event_name":"Transmorgrifier","floor":7,"gold_loss":0,"cards_obtained":["alterego_mod:SideboobHour"]}],"is_beta":false,"boss_relics":[],"items_purged_floors":[],"is_endless":false,"potions_floor_spawned":[1,3,11,12],"killed_by":"Hexaghost","ascension_level":0}}