{"host":"ln76an1o32p2wxtf","time":1608483913,"event":{"mods":["AchievementEnabler","Act Like it!","BaseMod","BetterRewards","Colored Powertips","Energized Spire","GifTheSpireLib","Infinite Spire","Minty Spire (QoL Compilation)","Shop Mod","StSLib"],"gold_per_floor":[118,131,131,206,222,251,25,42,42,42,42,42,55,72,72,167,167,179,179,192,192,192],"floor_reached":21,"playtime":2694,"items_purged":["Strike_P"],"score":190,"play_id":"342c552d-52b1-4b9a-bf4a-445984d78fb8","local_time":"20201221010513","is_ascension_mode":true,"campfire_choices":[{"floor":10,"key":"REST"},{"floor":12,"key":"REST"},{"floor":15,"key":"RECALL"}],"circlet_count":0,"master_deck":["Strike_P","Strike_P","Strike_P","Defend_P","Defend_P","Defend_P","Defend_P","Eruption","Vigilance","Consecrate","Perseverance","Worship","Vault+1","Pray","Perseverance","LessonLearned","ForeignInfluence","BattleHymn"],"relics":["PureWater","NeowsBlessing","Bronze Scales","Gambling Chip","energizedSpire:BlackCloud"],"acts_visited":["Exordium","TheCity"],"potions_floor_usage":[],"damage_taken":[{"damage":0,"enemies":"2 Louse","floor":1,"turns":1},{"damage":0,"enemies":"Jaw Worm","floor":2,"turns":1},{"damage":0,"enemies":"Cultist","floor":5,"turns":1},{"damage":25,"enemies":"Gremlin Nob","floor":6,"turns":4},{"damage":20,"enemies":"Exordium Thugs","floor":8,"turns":5},{"damage":5,"enemies":"Large Slime","floor":13,"turns":7},{"damage":0,"enemies":"2 Fungi Beasts","floor":14,"turns":5},{"damage":31,"enemies":"Slime Boss","floor":16,"turns":13},{"damage":32,"enemies":"Chosen","floor":18,"turns":9},{"damage":6,"enemies":"Spheric Guardian","floor":20,"turns":5},{"damage":34,"enemies":"Snecko","floor":21,"turns":6}],"seed_played":"-8708288749970907390","potions_obtained":[{"floor":5,"key":"AttackPotion"},{"floor":6,"key":"SneckoOil"},{"floor":14,"key":"PowerPotion"},{"floor":18,"key":"BottledMiracle"}],"is_trial":false,"path_per_floor":["M","M","?","?","M","E","$","M","T","R","?","R","M","M","R","B",null,"M","?","M","M"],"character_chosen":"WATCHER","items_purchased":["Vault"],"campfire_rested":2,"item_purchase_floors":[7],"current_hp_per_floor":[72,72,72,61,61,36,36,16,16,37,37,58,53,53,53,22,72,40,40,34,0,0],"gold":192,"neow_bonus":"THREE_ENEMY_KILL","is_daily":false,"chose_seed":false,"campfire_upgraded":0,"win_rate":0.0,"timestamp":1608483913,"path_taken":["M","M","?","?","?","E","$","M","T","R","?","R","?","M","R","BOSS","M","?","M","M"],"items_purchased_type":["Card"],"build_version":"2020-12-13","purchased_purges":1,"victory":false,"max_hp_per_floor":[72,72,72,72,72,72,72,72,72,72,72,72,72,72,72,72,72,72,72,72,72,72],"card_choices":[{"not_picked":["Crescendo","ClearTheMind"],"picked":"Consecrate","floor":1},{"not_picked":["ClearTheMind","EmptyMind","Ragnarok"],"picked":"SKIP","floor":2},{"not_picked":["Crescendo","CrushJoints"],"picked":"Perseverance","floor":5},{"not_picked":["EmptyFist","MentalFortress"],"picked":"Worship","floor":6},{"not_picked":["WreathOfFlame","PathToVictory","FlyingSleeves"],"picked":"SKIP","floor":8},{"not_picked":["CrushJoints","CutThroughFate"],"picked":"Pray","floor":13},{"not_picked":["Crescendo","JustLucky"],"picked":"Perseverance","floor":14},{"not_picked":["Omniscience","Alpha"],"picked":"LessonLearned","floor":16},{"not_picked":["Conclude","PathToVictory"],"picked":"ForeignInfluence","floor":18},{"not_picked":["EmptyBody","FlyingSleeves+1"],"picked":"BattleHymn","floor":20}],"player_experience":642458,"relics_obtained":[{"floor":3,"key":"Bronze Scales"},{"floor":6,"key":"Gambling Chip"}],"event_choices":[{"damage_healed":0,"gold_gain":75,"player_choice":"Gather Gold","damage_taken":11,"max_hp_gain":0,"max_hp_loss":0,"event_name":"World of Goop","floor":4,"gold_loss":0},{"damage_healed":0,"gold_gain":0,"player_choice":"Forge","damage_taken":0,"max_hp_gain":0,"max_hp_loss":0,"event_name":"Accursed Blacksmith","floor":11,"gold_loss":0,"cards_upgraded":["Vault"]},{"damage_healed":0,"gold_gain":0,"player_choice":"Ignored","damage_taken":0,"max_hp_gain":0,"max_hp_loss":0,"event_name":"Ghosts","floor":19,"gold_loss":0}],"is_beta":false,"boss_relics":[{"not_picked":["energizedSpire:HugeHouse","Ectoplasm"],"picked":"energizedSpire:BlackCloud"}],"items_purged_floors":[7],"is_endless":false,"potions_floor_spawned":[5,6,14,18],"killed_by":"Snecko","ascension_level":1}}