{"host":"is2s59edl8twrhoj","time":1608430046,"event":{"mods":["BaseMod","Colored Map","Colored Powertips","DeckTracker","Downfall","Minty Spire (QoL Compilation)","StSLib"],"gold_per_floor":[99,99,99,124,34,51,51,70,104,104,104,123,123,134,152,257,257,257,275,275,290,290,303,303,321,335,360,360,360,360,374,386,386,386],"floor_reached":33,"playtime":1942,"items_purged":["Slimebound:Strike_Slimebound"],"score":304,"play_id":"27394403-d245-41d9-8a57-da1ad40aae11","local_time":"20201220020726","is_ascension_mode":false,"campfire_choices":[{"data":"Slimebound:CorrosiveSpit","floor":1.0,"key":"SMITH"},{"data":"Slimebound:FinishingTackle","floor":10.0,"key":"SMITH"},{"data":"Slimebound:CheckThePlaybook","floor":18.0,"key":"SMITH"},{"data":"Slimebound:RollThrough","floor":20.0,"key":"SMITH"},{"data":"Slimebound:BestDefense","floor":22.0,"key":"SMITH"}],"circlet_count":0,"master_deck":["Slimebound:Strike_Slimebound","Slimebound:Tackle","Slimebound:Defend_Slimebound","Slimebound:Defend_Slimebound","Slimebound:Defend_Slimebound","Slimebound:Defend_Slimebound","Slimebound:Split","Slimebound:CorrosiveSpit+1","Slimebound:LivingWall","Slimebound:GrowthPunch","Slimebound:BestDefense+1","Slimebound:SpikyOuterGoop","Slimebound:FinishingTackle+1","Slimebound:SlimeSpikes","Slimebound:SlimeSpikes","Slimebound:RollThrough+1","Slimebound:CheckThePlaybook+1","Slimebound:SplitSpecialist","Slimebound:Grow"],"relics":["Slimebound:AbsorbEndCombat","downfall:HeartsMalice","Mercury Hourglass","FossilizedHelix","Bottled Lightning","Sozu","The Courier","Happy Flower","Enchiridion"],"acts_visited":["Exordium","TheCity"],"potions_floor_usage":[33],"damage_taken":[{"damage":0.0,"enemies":"Cultist","floor":2.0,"turns":1.0},{"damage":0.0,"enemies":"Small Slimes","floor":3.0,"turns":1.0},{"damage":0.0,"enemies":"Lagavulin","floor":4.0,"turns":1.0},{"damage":4.0,"enemies":"downfall:FleeingMerchant","floor":5.0,"turns":4.0},{"damage":10.0,"enemies":"2 Louse","floor":6.0,"turns":3.0},{"damage":0.0,"enemies":"2 Fungi Beasts","floor":8.0,"turns":3.0},{"damage":18.0,"enemies":"3 Sentries","floor":9.0,"turns":8.0},{"damage":0.0,"enemies":"3 Louse","floor":12.0,"turns":2.0},{"damage":0.0,"enemies":"2 Fungi Beasts","floor":14.0,"turns":2.0},{"damage":0.0,"enemies":"3 Louse","floor":15.0,"turns":3.0},{"damage":30.0,"enemies":"downfall:Silent","floor":16.0,"turns":9.0},{"damage":1.0,"enemies":"Chosen","floor":19.0,"turns":4.0},{"damage":5.0,"enemies":"Shell Parasite","floor":21.0,"turns":4.0},{"damage":18,"enemies":"Cultist and Chosen","floor":23,"turns":5},{"damage":0,"enemies":"Snecko","floor":25,"turns":3},{"damage":16,"enemies":"Shelled Parasite and Fungi","floor":26,"turns":3},{"damage":35,"enemies":"Gremlin Leader","floor":27,"turns":4},{"damage":6,"enemies":"Cultist and Chosen","floor":31,"turns":3},{"damage":11,"enemies":"Centurion and Healer","floor":32,"turns":4},{"damage":59,"enemies":"downfall:Ironclad","floor":33,"turns":4}],"seed_played":"5218829068678027437","potions_obtained":[{"floor":6.0,"key":"CultistPotion"},{"floor":8.0,"key":"Swift Potion"},{"floor":9.0,"key":"Fire Potion"}],"is_trial":false,"path_per_floor":["R","M","M","E","$","M","T","M","E","R","?","M","?","M","M","B",null,"R","M","R","M","R","M","T","M","M","E","?","?","?","M","M","B"],"character_chosen":"SLIMEBOUND","items_purchased":[],"campfire_rested":0,"item_purchase_floors":[],"current_hp_per_floor":[60,60,60,60,60,54,54,60,48,48,48,54,54,60,60,48,60,60,60,60,60,60,54,54,60,56,31,15,35,35,39,44,0,0],"gold":386,"neow_bonus":"THREE_ENEMY_KILL","is_daily":false,"chose_seed":false,"campfire_upgraded":5,"win_rate":0.0,"timestamp":1608430046,"path_taken":["R","M","?","E","$","M","T","M","E","R","?","M","?","M","M","BOSS","R","M","R","M","R","M","T","M","M","E","?","?","?","M","M","BOSS"],"items_purchased_type":[],"build_version":"2020-12-13","purchased_purges":1,"victory":false,"max_hp_per_floor":[60,60,60,60,60,60,60,60,60,60,60,60,60,60,60,60,60,60,60,60,60,60,60,60,60,60,60,60,60,60,60,60,60,60],"card_choices":[{"not_picked":["Slimebound:GoopSpray","Slimebound:RollThrough"],"picked":"Slimebound:LivingWall","floor":2.0},{"not_picked":["Slimebound:RollThrough","Slimebound:Schlurp"],"picked":"Slimebound:GrowthPunch","floor":3.0},{"not_picked":["Slimebound:PressTheAttack","Slimebound:SplitMire"],"picked":"Slimebound:BestDefense","floor":4.0},{"not_picked":["Slimebound:SplitBruiser","Slimebound:TagTeam"],"picked":"Slimebound:SpikyOuterGoop","floor":5.0},{"not_picked":["Slimebound:Dissolve","Slimebound:Schlurp"],"picked":"Slimebound:FinishingTackle","floor":6.0},{"not_picked":["Slimebound:LeadByExample","Slimebound:ViciousTackle"],"picked":"Slimebound:SlimeSpikes","floor":8.0},{"not_picked":["Slimebound:ViciousTackle","Slimebound:SlimeBarrage","Slimebound:LeechingTouch"],"picked":"SKIP","floor":9.0},{"not_picked":["Slimebound:FinishingTackle","Slimebound:GoopSpray"],"picked":"Slimebound:SlimeSpikes","floor":12.0},{"not_picked":["Slimebound:LeechingTouch","Slimebound:Darklings","Slimebound:SplitAcid"],"picked":"SKIP","floor":14.0},{"not_picked":["Slimebound:PressTheAttack","Slimebound:ComboTackle"],"picked":"Slimebound:RollThrough","floor":15.0},{"not_picked":["Slimebound:MinionMaster","Slimebound:OozeBath"],"picked":"Slimebound:CheckThePlaybook","floor":16.0},{"not_picked":["Slimebound:SplitBruiser","Slimebound:DisruptingSlam","Slimebound:FinishingTackle"],"picked":"SKIP","floor":19.0},{"not_picked":["Slimebound:Equalize+1","Slimebound:SlimeBarrage","Slimebound:ProtectTheBoss"],"picked":"SKIP","floor":21.0},{"not_picked":["Slimebound:RainOfGoop+1","Slimebound:GoopSpray","Slimebound:SplitLeeching+1"],"picked":"SKIP","floor":23},{"not_picked":["Slimebound:GrowthPunch","Slimebound:SplitLeeching"],"picked":"Slimebound:SplitSpecialist","floor":25},{"not_picked":["Slimebound:GoopTackle","Slimebound:SplitAcid","Slimebound:FormOfPuddle"],"picked":"SKIP","floor":26},{"not_picked":["Slimebound:LeechEnergy","Slimebound:FinishingTackle"],"picked":"Slimebound:Grow","floor":27},{"not_picked":["Slimebound:SplitLeeching","Slimebound:ComboTackle+1","Slimebound:RollThrough"],"picked":"SKIP","floor":31},{"not_picked":["Slimebound:FlameTackle","Slimebound:LeechEnergy","Slimebound:SplitLeeching"],"picked":"SKIP","floor":32}],"player_experience":653175,"relics_obtained":[{"floor":4.0,"key":"Mercury Hourglass"},{"floor":7.0,"key":"FossilizedHelix"},{"floor":9.0,"key":"Bottled Lightning"},{"floor":24,"key":"The Courier"},{"floor":27,"key":"Happy Flower"},{"floor":28,"key":"Enchiridion"}],"event_choices":[{"cards_removed":["Slimebound:Strike_Slimebound"],"damage_healed":0.0,"max_hp_gain":0.0,"max_hp_loss":0.0,"gold_gain":0.0,"event_name":"The Cleric","player_choice":"Card Removal","floor":13.0,"gold_loss":0.0,"damage_taken":0.0},{"damage_healed":20,"gold_gain":0,"player_choice":"Heal","damage_taken":0,"max_hp_gain":0,"max_hp_loss":0,"event_name":"The Library","floor":29,"gold_loss":0},{"damage_healed":0,"gold_gain":0,"player_choice":"Ignored","damage_taken":0,"max_hp_gain":0,"max_hp_loss":0,"event_name":"Vampires","floor":30,"gold_loss":0}],"is_beta":false,"boss_relics":[{"not_picked":["Tiny House","Calling Bell"],"picked":"Sozu"}],"items_purged_floors":[5],"is_endless":false,"potions_floor_spawned":[6,8,9,15,25,26,31,32],"killed_by":"downfall:Ironclad","ascension_level":0}}