{"host":"v4s5k3c6jywmeofl","time":1608487252,"event":{"mods":["Act Like it!","BaseMod","Colored Map","Downfall","Gensokyo","Hallownest","Hermit","Marisa????????","Minty Spire (QoL Compilation)","Quick Restart","Random Character Button","Rare Cards Sparkle","Replay The Spire","StSLib","The Animator","The Bug Knight","The Cursed","The Hierophant","The Servant 0.9.4"],"gold_per_floor":[113,38,57,72,83,83,118,136,206,166,194,210,53,67,67,171,171,191,206,206,221,232,249,274,274,274,290,290,325,325,325,325,425,475,490,506,526,526,526,543,72,72,107,117,117,117,177,177,208,226,226,321,321,321,14,41,41],"floor_reached":58,"playtime":6900,"items_purged":["Strike_S","Writhe"],"score":1371,"play_id":"661615dd-3ace-4dd9-a0f5-868c39ecaa6f","local_time":"20201220130052","is_ascension_mode":false,"campfire_choices":[{"data":"BottledTime","floor":6,"key":"SMITH"},{"data":"BestPractice","floor":15,"key":"SMITH"},{"floor":25,"key":"REST"},{"floor":28,"key":"REST"},{"data":"FlawlessForm","floor":30,"key":"SMITH"},{"data":"SilverBlades","floor":42,"key":"SMITH"},{"data":"Luminosity","floor":46,"key":"SMITH"},{"data":"Replace","floor":48,"key":"SMITH"},{"floor":51,"key":"RECALL"},{"data":"TheWorld","floor":54,"key":"SMITH"}],"circlet_count":0,"master_deck":["Strike_S","Strike_S","Strike_S","Defend_S","Defend_S","Defend_S","Defend_S+1","KidneyShot","Exchange","ShatteredReality+1","Hallownest:skillGreenpathMap","BottledTime+1","Comet+1","Rearm","Ricochet","Rearm","PendulumOfEternity+1","GearUp","BestPractice+1","Ricochet","FlawlessForm+1","ShatteredReality","DualDimension+1","Replace+1","ShiftingGears+1","Foresight+1","Sunlight+1","Luminosity+1","Replace+1","Comet+1","Spin+1","RealityMarble+1","SilverBlades+1","BottledTime+1","Rearm+1","SilverBlades","TimeWarp","TheWorld+1","Luminosity","ShiftingGears","Replace+1"],"relics":["Uniform","NeowsBlessing","Pondfish Scales","Durian","Strawberry","MysterySword","ReplayTheSpireMod:Shallot","Centennial Puzzle","Garlic","MealTicket","Tiny House","Guide Book","ReplayTheSpireMod:TigerMarble","Oddly Smooth Stone","Replay:Kaleidoscope","Gambling Chip","Lantern","HandDrill","PocketWatch"],"acts_visited":["Hallownest:Greenpath","TheCity","Hallownest:KingdomsEdge","TheEnding"],"potions_floor_usage":[57,57],"damage_taken":[{"damage":0,"enemies":"Hallownest:2_Baldur","floor":1,"turns":1},{"damage":0,"enemies":"Hallownest:monsterHuskGuard","floor":3,"turns":1},{"damage":3,"enemies":"Hallownest:2_Tiktiks_and_1_Crawlid","floor":4,"turns":1},{"damage":3,"enemies":"Hallownest:monsterFoolEater","floor":5,"turns":5},{"damage":54,"enemies":"Hallownest:eliteMossKnight","floor":7,"turns":19},{"damage":11,"enemies":"Hallownest:eliteCrystalGuardian","floor":11,"turns":6},{"damage":0,"enemies":"Hallownest:MossCreep_and_Mosskin","floor":12,"turns":5},{"damage":0,"enemies":"Hallownest:Wandering_and_Horned","floor":14,"turns":6},{"damage":2,"enemies":"Hallownest:BossBrokenVessel","floor":16,"turns":12},{"damage":0,"enemies":"Chosen","floor":18,"turns":7},{"damage":26,"enemies":"2 Thieves","floor":19,"turns":4},{"damage":0,"enemies":"3 Cultists","floor":21,"turns":5},{"damage":0,"enemies":"Snake Plant","floor":22,"turns":7},{"damage":0,"enemies":"Centurion and Healer","floor":23,"turns":7},{"damage":21,"enemies":"Slavers","floor":24,"turns":8},{"damage":6,"enemies":"Shelled Parasite and Fungi","floor":27,"turns":6},{"damage":8,"enemies":"Gremlin Leader","floor":29,"turns":10},{"damage":0,"enemies":"Automaton","floor":33,"turns":15},{"damage":6,"enemies":"Hallownest:2_Littles","floor":35,"turns":5},{"damage":8,"enemies":"Hallownest:3_Siblings","floor":36,"turns":6},{"damage":0,"enemies":"Hallownest:2_Soldiers_and_1_Guardian","floor":37,"turns":4},{"damage":0,"enemies":"Hallownest:Shield_Sturdy","floor":40,"turns":4},{"damage":0,"enemies":"Hallownest:eliteHiveKnight","floor":43,"turns":9},{"damage":0,"enemies":"Hallownest:monsterPrimalAspid","floor":44,"turns":4},{"damage":15,"enemies":"Hallownest:2_Primals","floor":47,"turns":5},{"damage":0,"enemies":"Hallownest:StalkingDevout","floor":49,"turns":7},{"damage":0,"enemies":"Hallownest:2_Wing_and_1_Kings","floor":50,"turns":5},{"damage":6,"enemies":"Hallownest:BossGreyPrinceZote","floor":52,"turns":12},{"damage":21,"enemies":"Shield and Spear","floor":56,"turns":6},{"damage":30,"enemies":"The Heart","floor":57,"turns":12}],"seed_played":"2575103656248476070","potions_obtained":[{"floor":3,"key":"sneckomod:MuddlingPotion"},{"floor":7,"key":"EssenceOfSteel"},{"floor":11,"key":"Swift Potion"}],"is_trial":false,"path_per_floor":["M","?","M","M","M","R","E","?","T","?","?","M","$","M","R_BF","B",null,"M","M","?","M","M","M","E","R","T","M","R","E","R","?","R_BF","B",null,"M","M","M","PTL","PTL","M","$","R","E","M","T","R","?","R","E","M","R_BF","B",null,"R","$","E","B",null],"character_chosen":"THE_SERVANT","items_purchased":["BestPractice","SilverBlades","Guide Book","ReplayTheSpireMod:TigerMarble","HandDrill","Luminosity","ShiftingGears"],"campfire_rested":2,"item_purchase_floors":[13,41,41,41,55,55,55],"current_hp_per_floor":[65,65,65,62,59,59,5,10,10,40,36,36,36,36,36,34,77,77,51,51,51,51,51,30,53,53,47,70,62,62,62,77,77,82,76,68,68,68,68,68,82,82,82,82,82,82,67,67,67,71,71,65,82,82,82,61,36],"gold":41,"neow_bonus":"THREE_ENEMY_KILL","is_daily":false,"chose_seed":false,"campfire_upgraded":7,"win_rate":0.0,"timestamp":1608487252,"path_taken":["M","?","M","M","M","R","E","?","T","?","?","M","$","M","R_BF","BOSS","M","M","?","M","?","M","E","R","T","M","R","E","R","?","R_BF","BOSS","M","M","?","PTL","PTL","M","$","R","E","?","T","R","?","R","E","M","R_BF","BOSS","R","$","E","BOSS"],"items_purchased_type":["Card","Card","Relic","Relic","Relic","Card","Card"],"build_version":"2020-12-13","purchased_purges":2,"victory":true,"max_hp_per_floor":[65,65,65,65,65,65,65,70,70,70,77,77,77,77,77,77,77,77,77,77,77,77,77,77,77,77,77,77,77,77,77,77,77,82,82,82,82,82,82,82,82,82,82,82,82,82,82,82,82,82,82,82,82,82,82,82,82],"card_choices":[{"not_picked":["FastForward","Starlight"],"picked":"ShatteredReality","floor":1},{"not_picked":["Alleviate","Foresight"],"picked":"BottledTime","floor":3},{"not_picked":["Defy","MurderousAura"],"picked":"Comet","floor":4},{"not_picked":["Unruled","ShatteredReality"],"picked":"Rearm","floor":5},{"not_picked":["Contraction","FastForward"],"picked":"Ricochet","floor":7},{"not_picked":["Replace","Defy"],"picked":"Rearm","floor":8},{"not_picked":["FlawlessForm","Snipe"],"picked":"PendulumOfEternity","floor":11},{"not_picked":["Spin","Rearm"],"picked":"GearUp","floor":12},{"not_picked":["Hightail","FastForward"],"picked":"Ricochet","floor":14},{"not_picked":["FloweringNight","PendulumOfEternity"],"picked":"FlawlessForm","floor":16},{"not_picked":["BestPractice","Starlight"],"picked":"ShatteredReality","floor":18},{"not_picked":["DoubleEdge","Alleviate+1"],"picked":"DualDimension+1","floor":19},{"not_picked":["Potential","Snipe"],"picked":"Replace","floor":21},{"not_picked":["Foresight","Revamp","DoubleEdge"],"picked":"SKIP","floor":22},{"not_picked":["DoubleEdge","Gouge"],"picked":"ShiftingGears+1","floor":23},{"not_picked":["Desolation","TimeWarp"],"picked":"Foresight+1","floor":24},{"not_picked":["Spin","Hightail","Alleviate"],"picked":"SKIP","floor":27},{"not_picked":["Defy","Rewind","Misdirection"],"picked":"SKIP","floor":29},{"not_picked":["PendulumOfEternity","Duplication"],"picked":"Sunlight","floor":33},{"not_picked":["DualDimension","Rewind"],"picked":"Luminosity","floor":34},{"not_picked":["Foresight","Unruled+1"],"picked":"Replace+1","floor":35},{"not_picked":["Spin+1","Snipe"],"picked":"Comet+1","floor":36},{"not_picked":["SurpressingFire+1","GearUp"],"picked":"Spin+1","floor":37},{"not_picked":["FastForward+1","DualDimension+1"],"picked":"RealityMarble+1","floor":40},{"not_picked":["SpecialFormula","DoubleEdge+1"],"picked":"BottledTime+1","floor":43},{"not_picked":["Rewind","Misdirection","ReturningBlade"],"picked":"SKIP","floor":44},{"not_picked":["Revamp","Rewind+1"],"picked":"Rearm+1","floor":47},{"not_picked":["Advance","Dilation"],"picked":"SilverBlades","floor":49},{"not_picked":["ShatteredReality","FastForward+1"],"picked":"TimeWarp","floor":50},{"not_picked":["Sunlight","MurderousAura"],"picked":"TheWorld","floor":52},{"not_picked":["GearUp","Starlight"],"picked":"Replace+1","floor":56}],"player_experience":94793,"relics_obtained":[{"floor":7,"key":"Pondfish Scales"},{"floor":8,"key":"Durian"},{"floor":11,"key":"Strawberry"},{"floor":24,"key":"Centennial Puzzle"},{"floor":26,"key":"Garlic"},{"floor":29,"key":"MealTicket"},{"floor":43,"key":"Oddly Smooth Stone"},{"floor":45,"key":"Replay:Kaleidoscope"},{"floor":47,"key":"Gambling Chip"},{"floor":49,"key":"Lantern"},{"floor":56,"key":"PocketWatch"}],"event_choices":[{"damage_healed":0,"gold_gain":0,"player_choice":"Opened","damage_taken":0,"relics_obtained":["ReplayTheSpireMod:Shallot"],"max_hp_gain":0,"max_hp_loss":0,"event_name":"The Mausoleum","floor":20,"gold_loss":0,"cards_obtained":["Writhe"]},{"damage_healed":0,"gold_gain":0,"player_choice":"Upgraded","damage_taken":0,"max_hp_gain":0,"max_hp_loss":0,"event_name":"Upgrade Shrine","floor":31,"gold_loss":0,"cards_upgraded":["Comet"]}],"is_beta":false,"boss_relics":[{"not_picked":["Fusion Hammer","Sozu"],"picked":"MysterySword"},{"not_picked":["Velvet Choker","Ring of Chaos"],"picked":"Tiny House"}],"items_purged_floors":[13,41],"is_endless":false,"potions_floor_spawned":[3,7,11,12,19,22,23,29,33,35,36,44,50,52],"ascension_level":0}}