{"host":"v4s5k3c6jywmeofl","time":1608505282,"event":{"mods":["Act Like it!","BaseMod","Colored Map","Downfall","Gensokyo","Hallownest","Hermit","Marisa????????","Minty Spire (QoL Compilation)","Quick Restart","Random Character Button","Rare Cards Sparkle","Replay The Spire","StSLib","The Animator","The Bug Knight","The Cursed","The Hierophant","The Servant 0.9.4"],"gold_per_floor":[112,140,83,83,133,133,158,170,255,277,302,349,378,390,402,512,524,547,559,571,594,645,699,631,643,655,680,692,704,763,775,787,913,925,981,207,207,233,233,281,362,182,182,182,223,223,223,262,262,390,390,390,10,61,61,61],"floor_reached":55,"playtime":16692,"items_purged":["Hallownest:curseDreamersLament"],"score":899,"play_id":"e77b882f-de87-4874-a1f2-ccd91b95e2ee","local_time":"20201220180122","is_ascension_mode":false,"campfire_choices":[{"data":"ChargeUpSpray","floor":6,"key":"SMITH"},{"data":"MysteriousBeam","floor":8,"key":"SMITH"},{"floor":15,"key":"REST"},{"floor":28,"key":"REST"},{"floor":32,"key":"REST"},{"floor":44,"key":"RECALL"},{"floor":46,"key":"REST"},{"floor":49,"key":"REST"},{"floor":52,"key":"REST"}],"circlet_count":0,"master_deck":["Strike_MRS","Strike_MRS","Strike_MRS","Strike_MRS","Defend_MRS","Defend_MRS","Defend_MRS","Defend_MRS+1","MasterSpark","UpSweep","ChargeUpSpray+1","FairyDestructionRay+1","SprinkleStarSeal","SprinkleStarSeal","IllusionStar","MysteriousBeam+1","WitchLeyline","MilkyWay","PulseMagic","EnergyFlow","Orbital","CollectingQuirk+1","AbeCurse","WitchOfGreed","Hallownest:attackMasterCycloneSlash","LuminesStrike+1","MilkyWay+1","EnergyFlow","Hallownest:skillCityofTearsMap+1","PowerUp","UltimateShortwave","JA","MysteriousBeam+1","WitchOfGreed","GrandCross","GrandCross","SporeBomb+1","GrandCross+1","BlazeAway+1","SuperPerseids+1","PowerUp+1","StarDustReverie+1","Pot Of Greed+1","Pot Of Greed+1","Pot Of Greed+1","Pot Of Greed+1","BinaryStars+1"],"relics":["MiniHakkero","NeowsBlessing","Boot","Iron Hammer","MawBank","Bottled Flame","Replay:Mystery Machine","Pear","Abe\u0027s Treasure","Lantern","War Paint","Juzu Bracelet","Red Mask","Fusion Hammer","ReplayFunnel","SimpleLauncher","Golden Egg","Hallownest:HeavyBlowRelic","Toxic Egg 2","Replay:Towering Pillar of Hats","Hallownest:StagBellRelic1","AmplifyWand","Hallownest:BeastSealRelic","Grinning Jar","Oddly Smooth Stone","ReplayTheSpireMod:Shallot"],"acts_visited":["Gensokyo:Gensokyo","Hallownest:CityofTears","Hallownest:KingdomsEdge","TheEnding"],"potions_floor_usage":[33,33,33,45,55,55,55],"damage_taken":[{"damage":0,"enemies":"Gensokyo:Gryphon","floor":1,"turns":1},{"damage":4,"enemies":"Gensokyo:Cirno","floor":2,"turns":2},{"damage":4,"enemies":"Gensokyo:Cirno","floor":7,"turns":2},{"damage":0,"enemies":"Gensokyo:2_Kodama","floor":10,"turns":1},{"damage":0,"enemies":"Gensokyo:Python","floor":11,"turns":1},{"damage":15,"enemies":"Gensokyo:Mamizou","floor":12,"turns":6},{"damage":0,"enemies":"Gensokyo:Kitsune","floor":13,"turns":1},{"damage":19,"enemies":"Gensokyo:Kokoro","floor":16,"turns":10},{"damage":10,"enemies":"Hallownest:3_Youths","floor":18,"turns":5},{"damage":7,"enemies":"Hallownest:Guard_and_Sentry","floor":21,"turns":2},{"damage":11,"enemies":"Hallownest:Warrior_and_Youth","floor":22,"turns":2},{"damage":15,"enemies":"Hallownest:eliteSoulWarrior","floor":23,"turns":5},{"damage":0,"enemies":"Hallownest:2_Husk_Sentries","floor":27,"turns":2},{"damage":39,"enemies":"Hallownest:eliteWatcherKnight","floor":30,"turns":8},{"damage":50,"enemies":"Hallownest:BossGrimm","floor":33,"turns":8},{"damage":8,"enemies":"Hallownest:2_Littles","floor":35,"turns":4},{"damage":13,"enemies":"Hallownest:Shield_Heavy","floor":38,"turns":3},{"damage":4,"enemies":"Hallownest:eliteHiveKnight","floor":40,"turns":3},{"damage":39,"enemies":"Hallownest:2_Primals","floor":41,"turns":3},{"damage":18,"enemies":"Hallownest:2_Wing_and_1_Kings","floor":45,"turns":4},{"damage":8,"enemies":"Hallownest:2_Soldiers_and_1_Guardian","floor":48,"turns":2},{"damage":23,"enemies":"Hallownest:Radiance","floor":50,"turns":7},{"damage":0,"enemies":"Shield and Spear","floor":54,"turns":3},{"damage":88,"enemies":"The Heart","floor":55,"turns":3}],"seed_played":"-5348343431939878772","potions_obtained":[{"floor":1,"key":"champ:CounterPotion"},{"floor":2,"key":"SteroidPotion"},{"floor":12,"key":"SkillPotion"},{"floor":33,"key":"Ancient Potion"},{"floor":35,"key":"EssenceOfSteel"},{"floor":40,"key":"sneckomod:MuddlingPotion"},{"floor":45,"key":"Toxic Potion"},{"floor":50,"key":"Strength Potion"},{"floor":50,"key":"Doom Potion"}],"is_trial":false,"path_per_floor":["M","?","$","?","?","R","E","R","T","M","M","E","M","?","R","B",null,"M","?","?","M","M","E","?","?","T","M","R","?","E","?","R","B",null,"M","$","?","M","?","E","?","?","T","R","M","R","?","M","R","B",null,"R","$","E","B"],"character_chosen":"MARISA","items_purchased":["SprinkleStarSeal","WitchOfGreed","GrandCross","ReplayFunnel","SimpleLauncher","Golden Egg","Grinning Jar","Oddly Smooth Stone"],"campfire_rested":6,"item_purchase_floors":[3,36,36,36,36,36,53,53],"current_hp_per_floor":[75,71,71,71,71,71,67,67,67,67,67,52,52,47,72,53,85,75,75,75,68,57,42,42,42,42,42,67,67,28,28,53,3,85,77,77,77,64,79,75,36,36,36,36,18,43,43,35,60,37,85,85,85,85,0,0],"gold":61,"neow_bonus":"THREE_ENEMY_KILL","is_daily":false,"chose_seed":false,"campfire_upgraded":2,"win_rate":0.0,"timestamp":1608505282,"path_taken":["M","?","$","?","?","R","E","R","T","M","?","E","M","?","R","BOSS","M","?","?","M","M","E","?","?","T","?","R","?","E","?","R","BOSS","M","$","?","M","?","E","?","?","T","R","M","R","?","M","R","BOSS","R","$","E","BOSS"],"items_purchased_type":["Card","Card","Card","Relic","Relic","Relic","Relic","Relic"],"build_version":"2020-12-13","purchased_purges":1,"victory":false,"max_hp_per_floor":[75,75,75,75,75,75,75,75,75,75,75,75,75,85,85,85,85,85,85,85,85,85,85,85,85,85,85,85,85,85,85,85,85,85,85,85,85,85,85,85,85,85,85,85,85,85,85,85,85,85,85,85,85,85,85,85],"card_choices":[{"not_picked":["SporeBomb","DarkSpark"],"picked":"ChargeUpSpray","floor":1},{"not_picked":["AsteroidBelt","GalacticHalo"],"picked":"FairyDestructionRay","floor":2},{"not_picked":["MeteoricShower","DarkSpark"],"picked":"IllusionStar","floor":5},{"not_picked":["IllusionStar","MilkyWay"],"picked":"MysteriousBeam","floor":5},{"not_picked":["DarkSpark","LuminesStrike"],"picked":"WitchLeyline","floor":7},{"not_picked":["AsteroidBelt","GravityBeat"],"picked":"MilkyWay","floor":10},{"not_picked":["Singularity","IllusionStar"],"picked":"PulseMagic","floor":11},{"not_picked":["PowerUp","6A"],"picked":"EnergyFlow","floor":12},{"not_picked":["GrandCross","6A"],"picked":"Orbital","floor":13},{"not_picked":["StarDustReverie","SatelliteIllusion"],"picked":"CollectingQuirk","floor":16},{"not_picked":["SporeBomb","6A"],"picked":"WitchOfGreed","floor":18},{"not_picked":["Robbery","EnergyFlow"],"picked":"LuminesStrike+1","floor":21},{"not_picked":["Singularity","Acceleration"],"picked":"MilkyWay+1","floor":22},{"not_picked":["MilkyWay","ChargeUpSpray"],"picked":"EnergyFlow","floor":23},{"not_picked":["SporeBomb","ShootTheMoon"],"picked":"PowerUp","floor":25},{"not_picked":["GalacticHalo","AlicesGift","UnstableBomb"],"picked":"SKIP","floor":27},{"not_picked":["ShootingEcho","WitchLeyline"],"picked":"UltimateShortwave","floor":30},{"not_picked":["CasketOfStar","SuperNova"],"picked":"JA","floor":33},{"not_picked":["GravityBeat","WitchLeyline+1"],"picked":"MysteriousBeam+1","floor":35},{"not_picked":["GrandCross","ShootingEcho"],"picked":"SporeBomb+1","floor":38},{"not_picked":["WitchLeyline","6A+1"],"picked":"GrandCross+1","floor":40},{"not_picked":["DragonMeteor","MeteoricShower+1"],"picked":"BlazeAway+1","floor":41},{"not_picked":["GrandCross","SprinkleStarSeal+1"],"picked":"SuperPerseids+1","floor":45},{"not_picked":["OortCloud","MilkyWay+1"],"picked":"PowerUp+1","floor":48},{"not_picked":["MaximisePower+1","FinalSpark"],"picked":"StarDustReverie+1","floor":50},{"not_picked":["OneTimeOff+1","MilkyWay+1"],"picked":"BinaryStars+1","floor":54}],"player_experience":101737,"relics_obtained":[{"floor":2,"key":"Boot"},{"floor":5,"key":"Iron Hammer"},{"floor":7,"key":"MawBank"},{"floor":9,"key":"Bottled Flame"},{"floor":12,"key":"Replay:Mystery Machine"},{"floor":23,"key":"Lantern"},{"floor":30,"key":"Juzu Bracelet"},{"floor":40,"key":"Toxic Egg 2"},{"floor":41,"key":"Replay:Towering Pillar of Hats"},{"floor":43,"key":"AmplifyWand"},{"floor":54,"key":"ReplayTheSpireMod:Shallot"}],"event_choices":[],"is_beta":false,"boss_relics":[{"not_picked":["ReplayTheSpireMod:DimensionalGlitch","Replay:Wanted Poster"],"picked":"Abe\u0027s Treasure"},{"not_picked":["Runic Pyramid","Sozu"],"picked":"Fusion Hammer"}],"items_purged_floors":[53],"is_endless":false,"potions_floor_spawned":[1,2,12,16,18,21,23,40,41,45,48],"killed_by":"The Heart","ascension_level":0}}