{"host":"pgqkv8mh62pnrbci","time":1608449391,"event":{"mods":["AchievementEnabler","BaseMod","Custom Start","Minty Spire (QoL Compilation)","StSLib","SuperFastMode"],"gold_per_floor":[368,380,125,125,138,138,168,185,208,223,57,57,74,24,24,96,96,116,146,61,61,72,107,107,57,125,142,142,92,106,126,126,205,205,217,167,389,389,407,407,438,438,438,467,467,516,548,562,562,562,562,562,276,302,302],"floor_reached":56,"playtime":3848,"items_purged":["Strike_P","Defend_P","Defend_P","Strike_P","Strike_P","Strike_P","Perseverance"],"score":2182,"play_id":"6f129cfc-3354-4b6a-a4cf-e41489f60b15","local_time":"20201220162951","is_ascension_mode":true,"campfire_choices":[{"data":"Eruption","floor":6.0,"key":"SMITH"},{"data":"Adaptation","floor":15.0,"key":"SMITH"},{"floor":24.0,"key":"REST"},{"floor":28.0,"key":"REST"},{"data":"Omniscience","floor":32.0,"key":"SMITH"},{"floor":40.0,"key":"REST"},{"floor":42.0,"key":"RECALL"},{"floor":45,"key":"REST"},{"floor":49,"key":"DIG"},{"floor":52,"key":"DIG"}],"circlet_count":0,"master_deck":["AscendersBane","Eruption+1","Vigilance","Evaluate","Adaptation+1","Halt","Vengeance","Collect","Tantrum","Adaptation","Omniscience+1","EmptyFist","ClearTheMind","InnerPeace","TalkToTheHand","MentalFortress","Meditate","DevaForm","MentalFortress","Apotheosis"],"relics":["HolyWater","Tiny Chest","Smiling Mask","Red Mask","Akabeko","InkBottle","Blood Vial","Kunai","Fusion Hammer","Art of War","Bottled Flame","Dream Catcher","Shovel","HornCleat","Pantograph","Bottled Tornado"],"acts_visited":["Exordium","TheCity","TheBeyond","TheEnding"],"potions_floor_usage":[50,55,55],"damage_taken":[{"damage":10.0,"enemies":"2 Louse","floor":1.0,"turns":3.0},{"damage":3.0,"enemies":"Jaw Worm","floor":2.0,"turns":5.0},{"damage":0.0,"enemies":"Small Slimes","floor":5.0,"turns":3.0},{"damage":36.0,"enemies":"Gremlin Nob","floor":7.0,"turns":4.0},{"damage":1.0,"enemies":"2 Fungi Beasts","floor":8.0,"turns":4.0},{"damage":0.0,"enemies":"Exordium Wildlife","floor":10.0,"turns":4.0},{"damage":0.0,"enemies":"Large Slime","floor":13.0,"turns":4.0},{"damage":16.0,"enemies":"The Guardian","floor":16.0,"turns":12.0},{"damage":20.0,"enemies":"3 Byrds","floor":18.0,"turns":6.0},{"damage":3.0,"enemies":"Masked Bandits","floor":19.0,"turns":3.0},{"damage":22.0,"enemies":"Shell Parasite","floor":22.0,"turns":4.0},{"damage":3.0,"enemies":"Gremlin Leader","floor":23.0,"turns":6.0},{"damage":6.0,"enemies":"Chosen and Byrds","floor":27.0,"turns":5.0},{"damage":8.0,"enemies":"Snake Plant","floor":30.0,"turns":5.0},{"damage":0.0,"enemies":"Snecko","floor":31.0,"turns":5.0},{"damage":24.0,"enemies":"Collector","floor":33.0,"turns":10.0},{"damage":0.0,"enemies":"3 Darklings","floor":35.0,"turns":3.0},{"damage":2.0,"enemies":"3 Shapes","floor":39.0,"turns":2.0},{"damage":0.0,"enemies":"Giant Head","floor":41.0,"turns":4.0},{"damage":9,"enemies":"Reptomancer","floor":44,"turns":5},{"damage":3,"enemies":"Giant Head","floor":47,"turns":4},{"damage":0,"enemies":"3 Darklings","floor":48,"turns":3},{"damage":21,"enemies":"Donu and Deca","floor":50,"turns":5},{"damage":25,"enemies":"Shield and Spear","floor":54,"turns":4},{"damage":27,"enemies":"The Heart","floor":55,"turns":7}],"seed_played":"-7735449227863275758","potions_obtained":[{"floor":2.0,"key":"GamblersBrew"},{"floor":7.0,"key":"BlessingOfTheForge"},{"floor":16.0,"key":"CultistPotion"},{"floor":22.0,"key":"Weak Potion"},{"floor":27.0,"key":"SkillPotion"},{"floor":33.0,"key":"CultistPotion"},{"floor":44,"key":"Regen Potion"}],"is_trial":false,"path_per_floor":["M","M","$","?","M","R","E","M","T","M","$","?","M","$","R","B",null,"M","?","?","T","M","E","R","$","T","M","R","$","M","M","R","B",null,"M","$","?","?","M","R","E","R","T","E","R","T","E","M","R","B",null,"R","$","E","B",null],"character_chosen":"WATCHER","items_purchased":["Adaptation","Halt","Perseverance","Tantrum","Adaptation","Apotheosis","BottledMiracle"],"campfire_rested":4,"item_purchase_floors":[3,3,3,11,11,53,53],"current_hp_per_floor":[51,48,48,41,41,41,5,4,4,4,4,24,24,24,24,8,49,29,26,26,26,4,1,19,19,19,15,33,33,27,29,29,7,48,50,50,50,50,50,62,62,62,62,53,62,62,59,61,61,41,57,57,57,34,47],"gold":302,"neow_bonus":"TWO_FIFTY_GOLD","is_daily":false,"chose_seed":false,"campfire_upgraded":3,"win_rate":0.0,"timestamp":1608449391,"path_taken":["M","M","$","?","M","R","E","M","T","M","$","?","M","$","R","BOSS","M","?","?","?","M","E","R","$","T","M","R","$","M","M","R","BOSS","M","$","?","?","?","R","E","R","T","E","R","?","E","M","R","BOSS","R","$","E","BOSS"],"items_purchased_type":["Card","Card","Card","Card","Card","Card","Potion"],"build_version":"2020-12-13","purchased_purges":7,"victory":true,"max_hp_per_floor":[62,62,62,62,62,62,62,62,62,62,62,62,62,62,62,62,62,62,62,62,62,62,62,62,62,62,62,62,62,62,62,62,62,62,62,62,62,62,62,62,62,62,62,62,62,62,62,62,62,62,62,62,62,62,62],"card_choices":[{"not_picked":["FlyingSleeves","EmptyBody"],"picked":"Evaluate","floor":1.0},{"not_picked":["Consecrate","Evaluate","SashWhip"],"picked":"SKIP","floor":2.0},{"not_picked":["CutThroughFate","EmptyBody"],"picked":"Vengeance","floor":5.0},{"not_picked":["PathToVictory","Consecrate"],"picked":"Collect","floor":7.0},{"not_picked":["BattleHymn","Consecrate","Fasting2"],"picked":"SKIP","floor":8.0},{"not_picked":["Halt","SpiritShield","Wireheading"],"picked":"SKIP","floor":10.0},{"not_picked":["Sanctity","FlurryOfBlows","PathToVictory"],"picked":"SKIP","floor":13.0},{"not_picked":["Devotion","Brilliance"],"picked":"Omniscience","floor":16.0},{"not_picked":["CrushJoints","Crescendo","EmptyFist"],"picked":"SKIP","floor":18.0},{"not_picked":["CrushJoints","Crescendo"],"picked":"EmptyFist","floor":18.0},{"not_picked":["JustLucky","CrushJoints"],"picked":"ClearTheMind","floor":19.0},{"not_picked":["CutThroughFate","CarveReality"],"picked":"InnerPeace","floor":22.0},{"not_picked":["BowlingBash","Tantrum"],"picked":"TalkToTheHand","floor":23.0},{"not_picked":["Tantrum","Halt"],"picked":"MentalFortress","floor":27.0},{"not_picked":["ClearTheMind","Prostrate"],"picked":"Meditate","floor":30.0},{"not_picked":["Evaluate+1","JustLucky","BowlingBash"],"picked":"SKIP","floor":31.0},{"not_picked":["Blasphemy","Judgement"],"picked":"DevaForm","floor":33.0},{"not_picked":["JustLucky","Protect+1","Consecrate"],"picked":"SKIP","floor":35.0},{"not_picked":["BowlingBash","SashWhip+1","Crescendo+1"],"picked":"SKIP","floor":39.0},{"not_picked":["PathToVictory+1","Conclude","FlurryOfBlows"],"picked":"SKIP","floor":41.0},{"not_picked":["BowlingBash","WaveOfTheHand","CrushJoints"],"picked":"SKIP","floor":44},{"not_picked":["FollowUp","WindmillStrike","EmptyBody"],"picked":"SKIP","floor":47},{"not_picked":["JustLucky","WheelKick+1"],"picked":"MentalFortress","floor":48},{"not_picked":["DeceiveReality+1","CarveReality","ThirdEye"],"picked":"SKIP","floor":54}],"player_experience":563499,"relics_obtained":[{"floor":7.0,"key":"Tiny Chest"},{"floor":9.0,"key":"Smiling Mask"},{"floor":19.0,"key":"Red Mask"},{"floor":21.0,"key":"InkBottle"},{"floor":23.0,"key":"Blood Vial"},{"floor":26.0,"key":"Kunai"},{"floor":41.0,"key":"Art of War"},{"floor":44,"key":"Bottled Flame"},{"floor":46,"key":"Dream Catcher"},{"floor":47,"key":"Shovel"},{"floor":49,"key":"HornCleat"},{"floor":52,"key":"Pantograph"},{"floor":54,"key":"Bottled Tornado"}],"event_choices":[{"cards_removed":["Defend_P"],"damage_healed":0.0,"max_hp_gain":0.0,"max_hp_loss":0.0,"gold_gain":0.0,"event_name":"Golden Wing","player_choice":"Card Removal","floor":4.0,"gold_loss":0.0,"damage_taken":7.0},{"damage_healed":20.0,"max_hp_gain":0.0,"max_hp_loss":0.0,"gold_gain":0.0,"event_name":"Big Fish","player_choice":"Banana","floor":12.0,"gold_loss":0.0,"damage_taken":0.0},{"damage_healed":0.0,"max_hp_gain":0.0,"max_hp_loss":0.0,"gold_gain":0.0,"event_name":"Masked Bandits","player_choice":"Fought Bandits","floor":19.0,"gold_loss":0.0,"damage_taken":0.0},{"damage_healed":0.0,"max_hp_gain":0.0,"max_hp_loss":0.0,"gold_gain":0.0,"event_name":"Addict","player_choice":"Obtained Relic","floor":20.0,"gold_loss":85.0,"damage_taken":0.0,"relics_obtained":["Akabeko"]},{"damage_healed":0.0,"max_hp_gain":0.0,"max_hp_loss":0.0,"gold_gain":222.0,"event_name":"Tomb of Lord Red Mask","player_choice":"Wore Mask","floor":37.0,"gold_loss":0.0,"damage_taken":0.0},{"cards_removed":["Defend_P"],"damage_healed":0.0,"max_hp_gain":0.0,"max_hp_loss":0.0,"gold_gain":0.0,"event_name":"Purifier","player_choice":"Purged","floor":38.0,"gold_loss":0.0,"damage_taken":0.0}],"is_beta":false,"boss_relics":[{"not_picked":["Black Star","Calling Bell"],"picked":"HolyWater"},{"not_picked":["Philosopher\u0027s Stone","SacredBark"],"picked":"Fusion Hammer"}],"items_purged_floors":[3,11,14,25,29,36,53],"is_endless":false,"potions_floor_spawned":[2,7,16,22,27,33,44,47],"ascension_level":19}}