{"host":"1hv1kueuvc4r3rdp","time":1608494537,"event":{"mods":["AchievementEnabler","BaseMod","DeckTracker","Highlight Path","Minty Spire (QoL Compilation)","Permanent Neow","StSLib"],"gold_per_floor":[365,376,392,409,409,409,434,452,452,452,420,446,40,55,55,159,159,178,198,223,233,243,243,269,269,269],"floor_reached":25,"playtime":2159,"items_purged":[],"score":371,"play_id":"fbbfa84f-bf48-46aa-aae4-bba6c0ab3c69","local_time":"20201220140217","is_ascension_mode":true,"campfire_choices":[{"data":"Ball Lightning","floor":6,"key":"SMITH"},{"floor":10,"key":"REST"},{"data":"Consume","floor":15,"key":"SMITH"},{"floor":23,"key":"REST"}],"circlet_count":0,"master_deck":["Strike_B","Strike_B","Strike_B","Strike_B","Defend_B+1","Defend_B","Defend_B","Defend_B","Zap+1","Dualcast","Ball Lightning+1","FTL","BootSequence","Consume+1","Streamline+1","Chill","Electrodynamics","Ball Lightning+1","Conserve Battery+1"],"relics":["Cracked Core","Molten Egg 2","War Paint","Smiling Mask","Matryoshka","Lee\u0027s Waffle","Black Star","Red Mask","Gremlin Horn","Nunchaku"],"acts_visited":["Exordium","TheCity"],"potions_floor_usage":[12,20,21,24,24,25],"damage_taken":[{"damage":7,"enemies":"Jaw Worm","floor":1,"turns":3},{"damage":0,"enemies":"Small Slimes","floor":2,"turns":2},{"damage":0,"enemies":"2 Louse","floor":3,"turns":2},{"damage":11,"enemies":"Blue Slaver","floor":4,"turns":3},{"damage":25,"enemies":"Lagavulin","floor":7,"turns":5},{"damage":16,"enemies":"2 Fungi Beasts","floor":8,"turns":3},{"damage":16,"enemies":"Gremlin Nob","floor":12,"turns":3},{"damage":0,"enemies":"Large Slime","floor":14,"turns":5},{"damage":0,"enemies":"Slime Boss","floor":16,"turns":9},{"damage":0,"enemies":"Chosen","floor":18,"turns":4},{"damage":23,"enemies":"Spheric Guardian","floor":19,"turns":4},{"damage":19,"enemies":"Masked Bandits","floor":20,"turns":3},{"damage":27,"enemies":"Snecko","floor":21,"turns":5},{"damage":3,"enemies":"Cultist and Chosen","floor":22,"turns":5},{"damage":23,"enemies":"Gremlin Leader","floor":24,"turns":5},{"damage":7,"enemies":"Snake Plant","floor":25,"turns":2}],"seed_played":"-7021992587047007428","potions_obtained":[{"floor":1,"key":"GamblersBrew"},{"floor":3,"key":"DistilledChaos"},{"floor":8,"key":"PowerPotion"},{"floor":18,"key":"DistilledChaos"},{"floor":20,"key":"EssenceOfSteel"},{"floor":24,"key":"FearPotion"}],"is_trial":false,"path_per_floor":["M","M","M","M","?","R","E","M","T","R","?","E","$","M","R","B",null,"M","M","?","M","M","R","E","M"],"character_chosen":"DEFECT","items_purchased":["Matryoshka","Lee\u0027s Waffle"],"campfire_rested":2,"item_purchase_floors":[13,13],"current_hp_per_floor":[61,61,61,50,50,50,25,9,9,29,29,13,75,75,75,75,75,75,52,33,6,3,25,2,0,0],"gold":269,"neow_bonus":"TWO_FIFTY_GOLD","is_daily":false,"chose_seed":false,"campfire_upgraded":2,"win_rate":0.0,"timestamp":1608494537,"path_taken":["M","M","M","M","?","R","E","M","T","R","?","E","$","M","R","BOSS","M","M","?","M","M","R","E","M"],"items_purchased_type":["Relic","Relic"],"build_version":"2020-12-13","purchased_purges":0,"victory":false,"max_hp_per_floor":[68,68,68,68,68,68,68,68,68,68,68,68,75,75,75,75,75,75,75,75,75,75,75,75,75,75],"card_choices":[{"not_picked":["Scrape","Cold Snap","Conserve Battery"],"picked":"SKIP","floor":1},{"not_picked":["Darkness","Redo"],"picked":"Ball Lightning","floor":2},{"not_picked":["Go for the Eyes","Gash"],"picked":"FTL","floor":3},{"not_picked":["Static Discharge","Force Field"],"picked":"BootSequence","floor":4},{"not_picked":["Reboot","Leap"],"picked":"Consume","floor":7},{"not_picked":["Recycle","Sunder+1"],"picked":"Streamline+1","floor":8},{"not_picked":["Compile Driver+1","Steam Power"],"picked":"Chill","floor":12},{"not_picked":["Leap","Darkness","Aggregate"],"picked":"SKIP","floor":14},{"not_picked":["Meteor Strike+1","Core Surge+1"],"picked":"Electrodynamics","floor":16},{"not_picked":["Blizzard+1","Cold Snap+1","BootSequence+1"],"picked":"SKIP","floor":18},{"not_picked":["Beam Cell+1","Compile Driver+1","Blizzard+1"],"picked":"SKIP","floor":19},{"not_picked":["Recycle+1","Consume"],"picked":"Ball Lightning+1","floor":20},{"not_picked":["Stack","Beam Cell+1"],"picked":"Conserve Battery+1","floor":21},{"not_picked":["Aggregate","Conserve Battery","Machine Learning"],"picked":"SKIP","floor":22},{"not_picked":["Stack","Ball Lightning+1","Scrape+1"],"picked":"SKIP","floor":24}],"player_experience":1070028,"relics_obtained":[{"floor":7,"key":"Molten Egg 2"},{"floor":9,"key":"War Paint"},{"floor":12,"key":"Smiling Mask"},{"floor":20,"key":"Red Mask"},{"floor":24,"key":"Gremlin Horn"},{"floor":24,"key":"Nunchaku"}],"event_choices":[{"damage_healed":0,"gold_gain":0,"player_choice":"Ignored","damage_taken":0,"max_hp_gain":0,"max_hp_loss":0,"event_name":"Golden Wing","floor":5,"gold_loss":0},{"damage_healed":0,"gold_gain":0,"player_choice":"Left Gold","damage_taken":0,"max_hp_gain":0,"max_hp_loss":0,"event_name":"World of Goop","floor":11,"gold_loss":32},{"damage_healed":0,"gold_gain":0,"player_choice":"Fought Bandits","damage_taken":0,"max_hp_gain":0,"max_hp_loss":0,"event_name":"Masked Bandits","floor":20,"gold_loss":0}],"is_beta":false,"boss_relics":[{"not_picked":["Runic Pyramid","Snecko Eye"],"picked":"Black Star"}],"items_purged_floors":[],"is_endless":false,"potions_floor_spawned":[1,3,8,18,20,24],"killed_by":"Snake Plant","ascension_level":6}}