{"host":"m6aaltr68g9tvoay","time":1608503046,"event":{"mods":["AchievementEnabler","BaseMod","Colored Map","Minty Spire (QoL Compilation)","StSLib"],"gold_per_floor":[109,127,97,113,132,163,163,12,39,39,51,51,71,71,71,143,143,115,115,115],"floor_reached":19,"playtime":1238,"items_purged":["Strike_R"],"score":321,"play_id":"9f0e6b06-caac-4096-a8a6-809cc7b0fe57","local_time":"20201220142406","is_ascension_mode":true,"campfire_choices":[{"data":"Rage","floor":7,"key":"SMITH"},{"data":"Infernal Blade","floor":10,"key":"SMITH"},{"floor":12,"key":"REST"},{"floor":15,"key":"REST"}],"circlet_count":0,"master_deck":["AscendersBane","Strike_R","Strike_R","Strike_R","Strike_R","Defend_R","Defend_R","Defend_R+1","Defend_R+1","Bash","Rampage+1","Rage+1","Feel No Pain","Inflame","Infernal Blade+1","Flex","Spot Weakness","Offering","Heavy Blade","Exhume","Clothesline"],"relics":["Black Blood","Dream Catcher","War Paint"],"acts_visited":["Exordium","TheCity"],"potions_floor_usage":[6,16,18,19],"damage_taken":[{"damage":7,"enemies":"2 Louse","floor":1,"turns":2},{"damage":4,"enemies":"Cultist","floor":2,"turns":4},{"damage":2,"enemies":"Small Slimes","floor":4,"turns":4},{"damage":15,"enemies":"2 Fungi Beasts","floor":5,"turns":5},{"damage":20,"enemies":"3 Sentries","floor":6,"turns":9},{"damage":39,"enemies":"Large Slime","floor":11,"turns":8},{"damage":12,"enemies":"Exordium Thugs","floor":13,"turns":4},{"damage":31,"enemies":"Slime Boss","floor":16,"turns":7},{"damage":29,"enemies":"2 Thieves","floor":18,"turns":4},{"damage":63,"enemies":"3 Byrds","floor":19,"turns":5}],"seed_played":"-8768693946997695258","potions_obtained":[{"floor":1,"key":"Ancient Potion"},{"floor":2,"key":"Weak Potion"},{"floor":3,"key":"DuplicationPotion"},{"floor":6,"key":"CultistPotion"},{"floor":16,"key":"PowerPotion"},{"floor":18,"key":"BloodPotion"}],"is_trial":false,"path_per_floor":["M","M","?","M","M","E","R","$","T","R","M","R","M","?","R","B",null,"M","M"],"character_chosen":"IRONCLAD","items_purchased":["Infernal Blade"],"campfire_rested":2,"item_purchase_floors":[8],"current_hp_per_floor":[67,69,69,73,64,50,50,50,50,50,17,39,33,33,55,30,64,47,0,0],"gold":115,"neow_bonus":"THREE_CARDS","is_daily":false,"chose_seed":false,"campfire_upgraded":2,"win_rate":0.0,"timestamp":1608503046,"path_taken":["M","M","?","?","M","E","R","?","T","R","M","R","?","?","R","BOSS","M","?"],"items_purchased_type":["Card"],"build_version":"2020-12-13","purchased_purges":1,"victory":false,"max_hp_per_floor":[75,75,75,75,75,75,75,75,75,75,75,75,75,75,75,75,75,75,75,75],"card_choices":[{"not_picked":["Reckless Charge","Clash"],"picked":"Rampage","floor":0},{"not_picked":["Sever Soul","Entrench"],"picked":"Rage","floor":1},{"not_picked":["Warcry","Entrench","Perfected Strike"],"picked":"SKIP","floor":2},{"not_picked":["Sever Soul","Entrench"],"picked":"Feel No Pain","floor":4},{"not_picked":["Rage","Anger","Dropkick"],"picked":"SKIP","floor":5},{"not_picked":["Body Slam","Rage"],"picked":"Inflame","floor":6},{"not_picked":["Entrench","Sentinel"],"picked":"Flex","floor":11},{"not_picked":["Blood for Blood","Twin Strike"],"picked":"Spot Weakness","floor":12},{"not_picked":["Twin Strike","Clash"],"picked":"Offering","floor":13},{"not_picked":["Anger","Clash"],"picked":"Heavy Blade","floor":15},{"not_picked":["Offering","Brutality"],"picked":"Exhume","floor":16},{"not_picked":["Feel No Pain","Rage"],"picked":"Clothesline","floor":18}],"player_experience":1270531,"relics_obtained":[{"floor":6,"key":"Dream Catcher"},{"floor":9,"key":"War Paint"}],"event_choices":[{"damage_healed":0,"gold_gain":0,"player_choice":"Bought 2 Potions","damage_taken":0,"max_hp_gain":0,"max_hp_loss":0,"event_name":"The Woman in Blue","floor":3,"gold_loss":0},{"damage_healed":0,"gold_gain":0,"player_choice":"Upgraded","damage_taken":0,"max_hp_gain":0,"max_hp_loss":0,"event_name":"Upgrade Shrine","floor":14,"gold_loss":0,"cards_upgraded":["Rampage"]}],"is_beta":false,"boss_relics":[{"not_picked":["Coffee Dripper","Tiny House"],"picked":"Black Blood"}],"items_purged_floors":[8],"is_endless":false,"potions_floor_spawned":[1,2,6,16,18],"killed_by":"3 Byrds","ascension_level":18}}