{"host":"4qt77pm52ljaz00q","time":1608476327,"event":{"mods":["2.2 Compatiblity","Aspiration","Bard","BaseMod","Beaked The Cultist","Challenge The Spire","Colored Map","Conspire","Friendly Minions","Glutton Mod","Halation","Hermit","Hubris","Infinite Spire","Jedi Mod","Marisa????????","Minty Spire (QoL Compilation)","Permanent Neow","Relic Sorter","Replay The Spire","Shade Mod","Shop Mod","StSLib","The Bug Knight","The Construct","The Cursed","The Disciple","The Jungle","The Marked","The Mystic","The Necromancer","The Poker Player","The Runesmith","The Servant 0.9.4","Unknown Chances","Wandering Minibosses","vexMod"],"gold_per_floor":[115,115,13,31,41,70,96,96,96,112,112,152,164,235,235,368,368,405,405,419,119,119,190,190,249,322,344,344,422,422,446,446,682,682],"floor_reached":33,"playtime":1261,"items_purged":[],"score":474,"play_id":"6e63a44f-83c5-4153-8b24-026aada74bda","local_time":"20201220095847","is_ascension_mode":false,"campfire_choices":[{"data":"Death_March_Dance","floor":8,"key":"SMITH"},{"data":"Blood_Is_Power","floor":15,"key":"SMITH"},{"data":"Blood_Curse","floor":15,"key":"SMITH"},{"floor":24,"key":"REST"},{"floor":28,"key":"REST"},{"data":"Uncharnel","floor":30,"key":"SMITH"},{"data":"Vampiric_Strike","floor":30,"key":"SMITH"},{"data":"Vampiric_Strike","floor":32,"key":"SMITH"}],"circlet_count":0,"master_deck":["Strike_W","Strike_W","Strike_W","Strike_W","Defend_W","Defend_W","Defend_W","Defend_W","Negative_Energy_Arrows","Bone_Wall","Bone_Bullets+1","Bone_Spikes","Scare","Blood_Curse+1","Negative_Energy_Sphere","Death_March_Dance+1","Blood_Is_Power+1","Bone_Spikes","Hellfire+1","Vampiric_Strike+1","Vampiric_Strike+1","Vampiric_Strike+1","Vampiric_Strike","Uncharnel+1","Slay_Living+1"],"relics":["Vampire_Amulet","hubris:Icosahedron","ReplayTheSpireMod:Ring of Challenge","aspiration:Nostalgia","PokerPlayerMod:DeckCase","hubris:Towel","vexMod:ConsolationPrize","Kunai","halation:PenCase","construct:ClawGrip","jedi:zontanonomicon","Boot","Guide Book","Shuriken","aspiration:Stabinomicon","jedi:Pinwheel"],"acts_visited":["Exordium","TheCity"],"potions_floor_usage":[12,16],"damage_taken":[{"damage":1,"enemies":"2 Louse","floor":1,"turns":3},{"damage":3,"enemies":"Small Slimes","floor":4,"turns":3},{"damage":0,"enemies":"Cultist","floor":5,"turns":2},{"damage":26,"enemies":"3 Sentries","floor":6,"turns":7},{"damage":9,"enemies":"Looter","floor":7,"turns":4},{"damage":0,"enemies":"3 Louse","floor":10,"turns":4},{"damage":5,"enemies":"Lagavulin","floor":12,"turns":5},{"damage":2,"enemies":"Exordium Wildlife","floor":13,"turns":3},{"damage":9,"enemies":"Looter","floor":14,"turns":2},{"damage":31,"enemies":"The Guardian","floor":16,"turns":6},{"damage":25,"enemies":"2 Thieves","floor":18,"turns":4},{"damage":2,"enemies":"Chosen","floor":20,"turns":3},{"damage":39,"enemies":"Slavers","floor":23,"turns":7},{"damage":30,"enemies":"Book of Stabbing","floor":25,"turns":4},{"damage":4,"enemies":"Centurion and Healer","floor":27,"turns":3},{"damage":20,"enemies":"Snake Plant","floor":29,"turns":4},{"damage":9,"enemies":"3 Cultists","floor":31,"turns":4},{"damage":31,"enemies":"Champ","floor":33,"turns":6}],"seed_played":"3151118755503617247","potions_obtained":[{"floor":10,"key":"Energy Potion"},{"floor":12,"key":"SkillPotion"},{"floor":13,"key":"SneckoOil"},{"floor":23,"key":"jedi:wingpotion"},{"floor":29,"key":"Fire Potion"},{"floor":33,"key":"Dexterity Potion"}],"is_trial":false,"path_per_floor":["M","?","$","M","M","E","M","R","T","M","?","E","M","M","R","B",null,"M","?","M","$","?","E","R","E","T","M","R","M","R","M","R","B"],"character_chosen":"NECROMANCER","items_purchased":["Bone_Spikes","Scare","Boot","Guide Book"],"campfire_rested":2,"item_purchase_floors":[3,3,21,21],"current_hp_per_floor":[75,75,75,74,75,55,48,48,48,54,54,51,53,46,46,17,75,54,38,38,38,38,9,31,9,9,12,34,24,24,24,24,8,8],"gold":682,"neow_bonus":"NOSTALGIA","is_daily":false,"chose_seed":false,"campfire_upgraded":6,"win_rate":0.0,"timestamp":1608476327,"path_taken":["M","?","$","M","M","E","M","R","T","M","?","E","M","M","R","BOSS","M","?","M","?","?","E","R","E","T","M","R","M","R","M","R","BOSS"],"items_purchased_type":["Card","Card","Relic","Relic"],"build_version":"2020-12-13","purchased_purges":0,"victory":false,"max_hp_per_floor":[75,75,75,75,75,75,75,75,75,75,75,75,75,75,75,75,75,75,75,75,75,75,75,75,75,75,75,75,75,75,75,75,75,75],"card_choices":[{"not_picked":["Uncharnel","Negative_Energy_Mist"],"picked":"Bone_Bullets","floor":1},{"not_picked":["Life_Tap","Chill_Blood"],"picked":"Blood_Curse","floor":4},{"not_picked":["Negative_Energy_Shield","Scare"],"picked":"Negative_Energy_Sphere","floor":5},{"not_picked":["Negative_Energy_Mist","Shackles_Of_Pain"],"picked":"Death_March_Dance","floor":6},{"not_picked":["Exploit","Bones_to_Steel"],"picked":"Blood_Is_Power","floor":7},{"not_picked":["Negative_Energy_Shield","Negative_Energy_Mist","Death_Coil"],"picked":"SKIP","floor":10},{"not_picked":["Negative_Energy_Javelin","Bone_Shift","Blood_Whip"],"picked":"SKIP","floor":12},{"not_picked":["Negative_Energy_Bomb","Chill_Blood","Bone_Shift"],"picked":"SKIP","floor":13},{"not_picked":["Bone_Shift","Requiem"],"picked":"Bone_Spikes","floor":14},{"not_picked":["Negative_Energy_Bomb","Reap_The_Weak"],"picked":"Hellfire","floor":16},{"not_picked":["Bone_Shift","Bones_to_Steel"],"picked":"Vampiric_Strike","floor":18},{"not_picked":["Exploit","Bones_to_Steel","Chill_Blood"],"picked":"SKIP","floor":20},{"not_picked":["Bone_Shift","Deaths_Shadow"],"picked":"Vampiric_Strike","floor":23},{"not_picked":["Spectral_Walk","Bone_Bullets"],"picked":"Vampiric_Strike+1","floor":25},{"not_picked":["Consume_Illness","Bone_Shift"],"picked":"Vampiric_Strike","floor":27},{"not_picked":["Chill_Blood+1","Detonate_Bones"],"picked":"Uncharnel","floor":29},{"not_picked":["Blood_Curse","Spectral_Armor"],"picked":"Slay_Living+1","floor":31}],"player_experience":203442,"relics_obtained":[{"floor":6,"key":"vexMod:ConsolationPrize"},{"floor":9,"key":"Kunai"},{"floor":11,"key":"ReplayTheSpireMod:Ring of Challenge"},{"floor":12,"key":"halation:PenCase"},{"floor":19,"key":"jedi:zontanonomicon"},{"floor":23,"key":"Shuriken"},{"floor":25,"key":"aspiration:Stabinomicon"},{"floor":26,"key":"jedi:Pinwheel"}],"event_choices":[{"damage_healed":0,"gold_gain":0,"player_choice":"Obtained Book","damage_taken":16,"max_hp_gain":0,"max_hp_loss":0,"event_name":"Cursed Tome","floor":19,"gold_loss":0}],"is_beta":false,"boss_relics":[{"not_picked":["halation:Risk","aspiration:FutureDiary"],"picked":"construct:ClawGrip"}],"items_purged_floors":[],"is_endless":false,"potions_floor_spawned":[10,12,13,23,29,33],"killed_by":"Champ","ascension_level":0}}