{"host":"ln76an1o32p2wxtf","time":1608485583,"event":{"mods":["AchievementEnabler","Act Like it!","BaseMod","BetterRewards","Colored Powertips","Energized Spire","GifTheSpireLib","Infinite Spire","Minty Spire (QoL Compilation)","Shop Mod","StSLib"],"gold_per_floor":[110,122,133,58,58,92,92,124,151,151,170,184,84,84,84,187,187,199,199,217,217,233,233,233],"floor_reached":23,"playtime":1155,"items_purged":["Parasite","Strike_P","Defend_P"],"score":211,"play_id":"ca80b8ed-d866-402c-9a09-8d496d78d735","local_time":"20201221013303","is_ascension_mode":true,"campfire_choices":[{"floor":7,"key":"REST"},{"floor":10,"key":"REST"},{"floor":15,"key":"REST"}],"circlet_count":0,"master_deck":["Strike_P+1","Strike_P","Strike_P","Defend_P","Defend_P","Defend_P","Eruption+1","Vigilance","Prostrate","DeusExMachina+1","Judgement","BattleHymn","Prostrate","LessonLearned+1","Consecrate","infinitespire:Collect+1"],"relics":["PureWater","Turnip","Whetstone","Strawberry","infinitespire:Satchel","energizedSpire:RedRose"],"acts_visited":["Exordium","TheCity"],"potions_floor_usage":[8,16,23,23,23],"damage_taken":[{"damage":0,"enemies":"Cultist","floor":1,"turns":2},{"damage":2,"enemies":"2 Louse","floor":2,"turns":3},{"damage":0,"enemies":"Jaw Worm","floor":3,"turns":3},{"damage":64,"enemies":"Lagavulin","floor":6,"turns":6},{"damage":19,"enemies":"3 Sentries","floor":8,"turns":6},{"damage":1,"enemies":"Looter","floor":11,"turns":2},{"damage":4,"enemies":"3 Louse","floor":12,"turns":3},{"damage":28,"enemies":"Slime Boss","floor":16,"turns":6},{"damage":6,"enemies":"3 Byrds","floor":18,"turns":5},{"damage":23,"enemies":"2 Thieves","floor":20,"turns":3},{"damage":7,"enemies":"3 Cultists","floor":22,"turns":4},{"damage":30,"enemies":"Book of Stabbing","floor":23,"turns":4}],"seed_played":"-7449866532652202415","potions_obtained":[{"floor":2,"key":"Block Potion"},{"floor":8,"key":"BottledMiracle"},{"floor":12,"key":"ColorlessPotion"},{"floor":16,"key":"AttackPotion"},{"floor":18,"key":"Strength Potion"},{"floor":22,"key":"SpeedPotion"}],"is_trial":false,"path_per_floor":["M","M","M","$","T","E","R","E","T","R","M","M","$","?","R","B",null,"M","AVR","M","?","M","E"],"character_chosen":"WATCHER","items_purchased":[],"campfire_rested":3,"item_purchase_floors":[],"current_hp_per_floor":[72,70,70,69,69,5,25,13,13,35,34,30,30,30,52,24,76,70,70,47,33,26,0,0],"gold":233,"neow_bonus":"ONE_RARE_RELIC","is_daily":false,"chose_seed":false,"campfire_upgraded":0,"win_rate":0.0,"timestamp":1608485583,"path_taken":["M","M","M","?","?","E","R","E","T","R","M","M","$","?","R","BOSS","M","AVR","M","?","M","E"],"items_purchased_type":[],"build_version":"2020-12-13","purchased_purges":3,"victory":false,"max_hp_per_floor":[72,72,72,69,69,69,69,76,76,76,76,76,76,76,76,76,76,76,76,76,81,81,81,81],"card_choices":[{"not_picked":["WindmillStrike","Halt","WreathOfFlame"],"picked":"SKIP","floor":1},{"not_picked":["JustLucky","EmptyFist"],"picked":"Prostrate","floor":2},{"not_picked":["EmptyFist","ThirdEye","FollowUp"],"picked":"SKIP","floor":3},{"not_picked":["EmptyBody","FollowUp"],"picked":"DeusExMachina","floor":6},{"not_picked":["WindmillStrike","ClearTheMind"],"picked":"Judgement","floor":8},{"not_picked":["Evaluate","JustLucky"],"picked":"BattleHymn","floor":11},{"not_picked":["LikeWater","BowlingBash"],"picked":"Prostrate","floor":12},{"not_picked":["Establishment","Ragnarok"],"picked":"LessonLearned","floor":16},{"not_picked":["Perseverance","CutThroughFate"],"picked":"Consecrate","floor":18},{"not_picked":["FollowUp+1","BowlingBash+1","EmptyMind"],"picked":"SKIP","floor":20},{"not_picked":["Tantrum+1","Adaptation","JustLucky+1"],"picked":"SKIP","floor":22}],"player_experience":645641,"relics_obtained":[{"floor":6,"key":"Whetstone"},{"floor":8,"key":"Strawberry"},{"floor":9,"key":"infinitespire:Satchel"}],"event_choices":[{"damage_healed":0,"gold_gain":0,"player_choice":"Ignored","damage_taken":0,"max_hp_gain":0,"max_hp_loss":0,"event_name":"Liars Game","floor":14,"gold_loss":0},{"damage_healed":0,"gold_gain":0,"player_choice":"Shed Blood","damage_taken":19,"max_hp_gain":5,"max_hp_loss":0,"event_name":"Forgotten Altar","floor":21,"gold_loss":0}],"is_beta":false,"boss_relics":[{"not_picked":["energizedSpire:StickyHand","energizedSpire:CrystalSphere"],"picked":"energizedSpire:RedRose"}],"items_purged_floors":[4,13,19],"is_endless":false,"potions_floor_spawned":[2,8,12,16,18,22],"killed_by":"Book of Stabbing","ascension_level":1}}