{"host":"pbf6u3tyx46snqc7","time":1608425177,"event":{"mods":["AchievementEnabler","BaseMod","Colored Map","Minty Spire (QoL Compilation)","Rare Cards Sparkle","Shop Mod","SuperFastMode"],"gold_per_floor":[212,229,31,31,31,31,42,42,42,52,69,97,107,142,142,241,241,255,54,54,54,54,54,54,54,54,89,117,142,159,177,177,273,273,291,291,307,307,327,327,327,344,344,12,12,12,12,28,28,28,28,28,28,58,58,58],"floor_reached":55,"playtime":2496,"items_purged":["Shame"],"score":846,"play_id":"4968c410-69d6-4177-827c-e0a062835107","local_time":"20201220094617","is_ascension_mode":true,"campfire_choices":[{"data":"Twin Strike","floor":6.0,"key":"SMITH"},{"data":"Bash","floor":8.0,"key":"SMITH"},{"data":"Pommel Strike","floor":15.0,"key":"SMITH"},{"data":"Perfected Strike","floor":23.0,"key":"SMITH"},{"floor":25.0,"key":"RECALL"},{"data":"Perfected Strike","floor":32.0,"key":"SMITH"},{"data":"Fire Breathing","floor":40.0,"key":"SMITH"},{"data":"Madness","floor":45.0,"key":"SMITH"},{"data":"Madness","floor":49.0,"key":"SMITH"},{"data":"Shockwave","floor":52.0,"key":"SMITH"}],"circlet_count":0,"master_deck":["Strike_R","Strike_R","Strike_R+1","Strike_R","Strike_R","Defend_R","Defend_R+1","Bash+1","Twin Strike+1","Twin Strike","True Grit","Iron Wave","Pommel Strike+1","Twin Strike","Impervious","Immolate","Reckless Charge+1","Perfected Strike+1","Evolve+1","Reckless Charge","Armaments+1","Shockwave+1","Perfected Strike+1","Reaper","CurseOfTheBell","Wild Strike+1","Feel No Pain","Fire Breathing+1","Metamorphosis","Purity","Perfected Strike+1","Madness+1","Madness+1","Wild Strike+1","Offering","Flash of Steel","Power Through"],"relics":["Burning Blood","MerchantsRug","Centennial Puzzle","Vajra","Eternal Feather","Mark of Pain","Ancient Tea Set","Happy Flower","Bottled Lightning","Red Mask","Gambling Chip","Calling Bell","Omamori","Singing Bowl","Mango","Kunai","Mummified Hand"],"acts_visited":["Exordium","TheCity","TheBeyond","TheEnding"],"potions_floor_usage":[],"damage_taken":[{"damage":9.0,"enemies":"2 Louse","floor":1.0,"turns":3.0},{"damage":2.0,"enemies":"Jaw Worm","floor":2.0,"turns":3.0},{"damage":12.0,"enemies":"Small Slimes","floor":7.0,"turns":3.0},{"damage":7.0,"enemies":"Red Slaver","floor":10.0,"turns":2.0},{"damage":0.0,"enemies":"2 Fungi Beasts","floor":11.0,"turns":3.0},{"damage":19.0,"enemies":"Lagavulin","floor":12.0,"turns":5.0},{"damage":1.0,"enemies":"Looter","floor":13.0,"turns":2.0},{"damage":2.0,"enemies":"3 Sentries","floor":14.0,"turns":4.0},{"damage":55.0,"enemies":"The Guardian","floor":16.0,"turns":16.0},{"damage":6.0,"enemies":"Shell Parasite","floor":18.0,"turns":4.0},{"damage":23.0,"enemies":"Book of Stabbing","floor":27.0,"turns":4.0},{"damage":17.0,"enemies":"Masked Bandits","floor":28.0,"turns":3.0},{"damage":30.0,"enemies":"Gremlin Leader","floor":29.0,"turns":3.0},{"damage":0.0,"enemies":"3 Byrds","floor":30.0,"turns":5.0},{"damage":13.0,"enemies":"Snecko","floor":31.0,"turns":3.0},{"damage":35.0,"enemies":"Collector","floor":33.0,"turns":6.0},{"damage":3.0,"enemies":"Orb Walker","floor":35.0,"turns":2.0},{"damage":13.0,"enemies":"3 Shapes","floor":37.0,"turns":5.0},{"damage":15.0,"enemies":"Jaw Worm Horde","floor":39.0,"turns":4.0},{"damage":10.0,"enemies":"4 Shapes","floor":42.0,"turns":4.0},{"damage":6.0,"enemies":"3 Darklings","floor":48.0,"turns":2.0},{"damage":42.0,"enemies":"Donu and Deca","floor":50.0,"turns":7.0},{"damage":58.0,"enemies":"Shield and Spear","floor":54.0,"turns":5.0},{"damage":51,"enemies":"The Heart","floor":55,"turns":2}],"seed_played":"2729108484948121344","potions_obtained":[{"floor":1.0,"key":"AttackPotion"},{"floor":11.0,"key":"Fire Potion"},{"floor":13.0,"key":"LiquidMemories"},{"floor":14.0,"key":"Explosive Potion"},{"floor":28.0,"key":"Dexterity Potion"},{"floor":31.0,"key":"Regen Potion"},{"floor":33.0,"key":"CultistPotion"},{"floor":37.0,"key":"FearPotion"}],"is_trial":false,"path_per_floor":["M","M","$","?","?","R","M","R","T","M","M","E","M","E","R","B",null,"M","$","?","?","$","R","?","R","T","E","?","E","M","M","R","B",null,"M","?","M","?","M","R","?","M","T","$","R","$","$","M","R","B",null,"R","$","E","B"],"character_chosen":"IRONCLAD","items_purchased":["MerchantsRug","Ancient Potion","Perfected Strike","Ancient Tea Set","Offering","Flash of Steel"],"campfire_rested":0,"item_purchase_floors":[3,3,19,19,44,44],"current_hp_per_floor":[77,80,80,73,57,57,51,51,51,50,56,43,48,52,61,12,80,80,80,65,65,65,77,77,85,85,68,57,33,39,32,47,18,99,99,99,92,84,75,93,80,91,91,91,101,101,101,101,101,73,101,101,101,51,0,0],"gold":58,"neow_bonus":"HUNDRED_GOLD","is_daily":false,"chose_seed":false,"campfire_upgraded":9,"win_rate":0.0,"timestamp":1608425177,"path_taken":["M","M","$","?","?","R","M","R","T","M","M","E","M","E","R","BOSS","M","$","?","?","$","R","?","R","T","E","?","E","M","M","R","BOSS","M","?","?","?","M","R","?","M","T","$","R","?","$","M","R","BOSS","R","$","E","BOSS"],"items_purchased_type":["Relic","Potion","Card","Relic","Card","Card"],"build_version":"2020-12-13","purchased_purges":1,"victory":false,"max_hp_per_floor":[80,80,80,80,80,80,80,80,80,80,80,80,80,80,80,80,80,80,80,85,85,85,85,85,85,85,85,85,85,85,85,85,85,99,99,99,99,101,101,101,101,101,101,101,101,101,101,101,101,101,101,101,101,103,103,103],"card_choices":[{"not_picked":["Havoc","Anger"],"picked":"Twin Strike","floor":1.0},{"not_picked":["Clash","Reckless Charge"],"picked":"Twin Strike","floor":2.0},{"not_picked":["Metallicize","Anger"],"picked":"True Grit","floor":7.0},{"not_picked":["Havoc","Rampage","Whirlwind"],"picked":"SKIP","floor":10.0},{"not_picked":["Sever Soul","Metallicize"],"picked":"Iron Wave","floor":11.0},{"not_picked":["Barricade","True Grit"],"picked":"Pommel Strike","floor":12.0},{"not_picked":["Dropkick","Power Through"],"picked":"Twin Strike","floor":13.0},{"not_picked":["Second Wind","Hemokinesis"],"picked":"Impervious","floor":14.0},{"not_picked":["Fiend Fire","Demon Form"],"picked":"Immolate","floor":16.0},{"not_picked":["Clothesline","Shockwave"],"picked":"Reckless Charge+1","floor":18.0},{"not_picked":["Anger","Burning Pact"],"picked":"Evolve+1","floor":27.0},{"not_picked":["Cleave","Body Slam"],"picked":"Reckless Charge","floor":28.0},{"not_picked":["Bloodletting+1","Seeing Red"],"picked":"Armaments+1","floor":29.0},{"not_picked":["Pommel Strike","Rupture+1"],"picked":"Shockwave","floor":30.0},{"not_picked":["Ghostly Armor","Whirlwind"],"picked":"Perfected Strike","floor":31.0},{"not_picked":["Barricade","Impervious"],"picked":"Reaper","floor":33.0},{"not_picked":["Perfected Strike+1","Dark Embrace+1"],"picked":"Wild Strike+1","floor":35.0},{"not_picked":["Sentinel+1","Rage"],"picked":"Fire Breathing","floor":37.0},{"not_picked":["Discovery","HandOfGreed"],"picked":"Metamorphosis","floor":38.0},{"not_picked":["PanicButton","The Bomb"],"picked":"Purity","floor":38.0},{"not_picked":["Discovery","Panache","Apotheosis"],"picked":"Singing Bowl","floor":38.0},{"not_picked":["Sword Boomerang+1","Thunderclap+1"],"picked":"Perfected Strike+1","floor":39.0},{"not_picked":["Uppercut","Ghostly Armor"],"picked":"Wild Strike+1","floor":42.0},{"not_picked":["Clothesline+1","Spot Weakness"],"picked":"Power Through","floor":48.0},{"not_picked":["Clothesline+1","Feed","Sword Boomerang"],"picked":"Singing Bowl","floor":54.0}],"player_experience":290052,"relics_obtained":[{"floor":9.0,"key":"Centennial Puzzle"},{"floor":12.0,"key":"Vajra"},{"floor":14.0,"key":"Eternal Feather"},{"floor":27.0,"key":"Bottled Lightning"},{"floor":28.0,"key":"Red Mask"},{"floor":29.0,"key":"Gambling Chip"},{"floor":34.0,"key":"Omamori"},{"floor":34.0,"key":"Singing Bowl"},{"floor":34.0,"key":"Mango"},{"floor":43.0,"key":"Kunai"},{"floor":54.0,"key":"Mummified Hand"}],"event_choices":[{"cards_removed":["Defend_R"],"damage_healed":0.0,"max_hp_gain":0.0,"max_hp_loss":0.0,"gold_gain":0.0,"event_name":"Golden Wing","player_choice":"Card Removal","floor":4.0,"gold_loss":0.0,"damage_taken":7.0},{"damage_healed":0.0,"max_hp_gain":0.0,"max_hp_loss":0.0,"gold_gain":0.0,"event_name":"Shining Light","player_choice":"Entered Light","floor":5.0,"gold_loss":0.0,"damage_taken":16.0,"cards_upgraded":["Defend_R","Strike_R"]},{"damage_healed":0.0,"max_hp_gain":5.0,"max_hp_loss":0.0,"gold_gain":0.0,"event_name":"Forgotten Altar","player_choice":"Shed Blood","floor":20.0,"gold_loss":0.0,"damage_taken":20.0},{"damage_healed":0.0,"max_hp_gain":0.0,"max_hp_loss":0.0,"gold_gain":0.0,"event_name":"Addict","player_choice":"Stole Relic","floor":21.0,"gold_loss":0.0,"damage_taken":0.0,"relics_obtained":["Happy Flower"],"cards_obtained":["Shame"]},{"damage_healed":0.0,"max_hp_gain":0.0,"max_hp_loss":0.0,"gold_gain":0.0,"event_name":"Ghosts","player_choice":"Ignored","floor":24.0,"gold_loss":0.0,"damage_taken":0.0},{"damage_healed":0.0,"max_hp_gain":0.0,"max_hp_loss":0.0,"gold_gain":0.0,"event_name":"Masked Bandits","player_choice":"Fought Bandits","floor":28.0,"gold_loss":0.0,"damage_taken":0.0},{"damage_healed":0.0,"max_hp_gain":0.0,"max_hp_loss":0.0,"gold_gain":0.0,"cards_transformed":["Defend_R"],"event_name":"Transmorgrifier","player_choice":"Transformed","floor":36.0,"gold_loss":0.0,"damage_taken":0.0,"cards_obtained":["Feel No Pain"]},{"damage_healed":0.0,"max_hp_gain":0.0,"max_hp_loss":0.0,"gold_gain":0.0,"event_name":"SensoryStone","player_choice":"Memory 3","floor":38.0,"gold_loss":0.0,"damage_taken":10.0},{"damage_healed":0.0,"max_hp_gain":0.0,"max_hp_loss":0.0,"gold_gain":0.0,"event_name":"Winding Halls","player_choice":"Embrace Madness","floor":41.0,"gold_loss":0.0,"damage_taken":13.0,"cards_obtained":["Madness","Madness"]}],"is_beta":false,"boss_relics":[{"not_picked":["Cursed Key","SacredBark"],"picked":"Mark of Pain"},{"not_picked":["SlaversCollar","Black Star"],"picked":"Calling Bell"}],"items_purged_floors":[44],"is_endless":false,"potions_floor_spawned":[1,11,13,14,28,31,33,37],"killed_by":"The Heart","ascension_level":4}}