{"host":"agbyy69nq62afhwx","time":1608455135,"event":{"mods":["BaseMod","Colored Map","Highlight Path","Keyboard Shortcuts","Minty Spire (QoL Compilation)","Quick Restart","StSLib","SuperFastMode","everything is the same but u backflip on backflip"],"gold_per_floor":[115,132,152,170,183,183,201,201,228,228,245,245,16,36,36,156,156,175,175,100,31,31,31,66,66,141,161,185,38,53,67,67,187,187,207,230,230,230,452,452,485,485,485,485,485],"floor_reached":44,"playtime":1196,"items_purged":["Strike_G","Strike_G"],"score":565,"play_id":"ec9208fc-f28e-4a44-b4ab-ece2437cfd24","local_time":"20201220180535","is_ascension_mode":true,"campfire_choices":[{"data":"Tactician","floor":6.0,"key":"SMITH"},{"data":"Noxious Fumes","floor":8.0,"key":"SMITH"},{"data":"Neutralize","floor":10.0,"key":"SMITH"},{"data":"Backflip","floor":15.0,"key":"SMITH"},{"data":"Noxious Fumes","floor":23.0,"key":"SMITH"},{"data":"Dagger Spray","floor":25.0,"key":"SMITH"},{"floor":32.0,"key":"REST"},{"floor":40.0,"key":"REST"}],"circlet_count":0,"master_deck":["Strike_G","Defend_G","Defend_G","Defend_G","Defend_G","Defend_G","Survivor","Neutralize+1","Dagger Throw","Heel Hook","Noxious Fumes+1","Tactician+1","Backflip+1","Dagger Spray+1","Riddle With Holes+1","Noxious Fumes+1","PiercingWail+1","Reflex+1","Blade Dance","Cloak And Dagger","Storm of Steel","Heel Hook"],"relics":["Ring of the Snake","Omamori","Akabeko","Golden Idol","MealTicket","WristBlade","Necronomicon","Red Mask","Bottled Lightning","SacredBark","Thread and Needle","Question Card"],"acts_visited":["Exordium","TheCity","TheBeyond"],"potions_floor_usage":[],"damage_taken":[{"damage":1.0,"enemies":"Cultist","floor":1.0,"turns":5.0},{"damage":0.0,"enemies":"2 Louse","floor":2.0,"turns":3.0},{"damage":0.0,"enemies":"Small Slimes","floor":3.0,"turns":5.0},{"damage":5.0,"enemies":"Looter","floor":4.0,"turns":4.0},{"damage":8.0,"enemies":"Exordium Wildlife","floor":5.0,"turns":5.0},{"damage":1.0,"enemies":"2 Fungi Beasts","floor":7.0,"turns":4.0},{"damage":2.0,"enemies":"3 Louse","floor":11.0,"turns":4.0},{"damage":0.0,"enemies":"Looter","floor":14.0,"turns":2.0},{"damage":22.0,"enemies":"The Guardian","floor":16.0,"turns":11.0},{"damage":0.0,"enemies":"3 Byrds","floor":18.0,"turns":4.0},{"damage":10.0,"enemies":"Masked Bandits","floor":24.0,"turns":3.0},{"damage":6.0,"enemies":"2 Thieves","floor":27.0,"turns":3.0},{"damage":3.0,"enemies":"Centurion and Healer","floor":28.0,"turns":4.0},{"damage":7.0,"enemies":"Shelled Parasite and Fungi","floor":30.0,"turns":3.0},{"damage":0.0,"enemies":"Sentry and Sphere","floor":31.0,"turns":3.0},{"damage":40.0,"enemies":"Collector","floor":33.0,"turns":7.0},{"damage":7.0,"enemies":"3 Shapes","floor":35.0,"turns":6.0},{"damage":16.0,"enemies":"3 Darklings","floor":36.0,"turns":5.0},{"damage":0.0,"enemies":"Sphere and 2 Shapes","floor":38.0,"turns":1.0},{"damage":18.0,"enemies":"Reptomancer","floor":41.0,"turns":6.0},{"damage":37,"enemies":"Giant Head","floor":44,"turns":5}],"seed_played":"-8091459387803767850","potions_obtained":[{"floor":2.0,"key":"Regen Potion"},{"floor":4.0,"key":"Fire Potion"},{"floor":7.0,"key":"SmokeBomb"},{"floor":14.0,"key":"Energy Potion"},{"floor":18.0,"key":"Poison Potion"}],"is_trial":false,"path_per_floor":["M","M","M","M","M","R","M","R","T","R","M","?","$","M","R","B",null,"M","?","?","$","?","R","?","R","T","M","M","$","M","M","R","B",null,"M","M","?","M","?","R","E","?","T","E"],"character_chosen":"THE_SILENT","items_purchased":["MealTicket","Noxious Fumes","Blade Dance"],"campfire_rested":2,"item_purchase_floors":[13,21,29],"current_hp_per_floor":[69,69,69,64,56,56,55,55,55,55,53,36,36,36,36,29,60,60,60,60,70,54,54,44,44,44,38,35,50,43,43,64,24,59,52,36,36,36,36,55,37,37,37,0,0],"gold":485,"neow_bonus":"RANDOM_COMMON_RELIC","is_daily":false,"chose_seed":false,"campfire_upgraded":6,"win_rate":0.0,"timestamp":1608455135,"path_taken":["M","M","?","M","?","R","M","R","T","R","M","?","$","M","R","BOSS","M","?","?","?","?","R","?","R","T","M","M","$","M","M","R","BOSS","M","M","?","M","?","R","E","?","T","E"],"items_purchased_type":["Relic","Card","Card"],"build_version":"2020-12-13","purchased_purges":2,"victory":false,"max_hp_per_floor":[70,70,70,70,70,70,70,70,70,70,70,70,70,70,70,70,70,70,70,70,70,70,70,70,70,70,70,70,70,70,70,70,70,70,70,70,66,66,66,66,66,66,66,66,66],"card_choices":[{"not_picked":["PiercingWail","Bane"],"picked":"Dagger Throw","floor":1.0},{"not_picked":["Dash","Blur"],"picked":"Heel Hook","floor":2.0},{"not_picked":["Deadly Poison","Outmaneuver"],"picked":"Noxious Fumes","floor":3.0},{"not_picked":["Blur","Cloak And Dagger","Die Die Die"],"picked":"SKIP","floor":4.0},{"not_picked":["Accuracy","Underhanded Strike"],"picked":"Tactician","floor":5.0},{"not_picked":["Crippling Poison","Underhanded Strike"],"picked":"Backflip","floor":7.0},{"not_picked":["Masterful Stab","Dagger Throw"],"picked":"Dagger Spray","floor":11.0},{"not_picked":["All Out Attack","Well Laid Plans","Deadly Poison"],"picked":"SKIP","floor":14.0},{"not_picked":["Bane","Sucker Punch"],"picked":"Riddle With Holes+1","floor":18.0},{"not_picked":["Deadly Poison","Flechettes"],"picked":"PiercingWail+1","floor":27.0},{"not_picked":["Acrobatics","Prepared+1"],"picked":"Reflex+1","floor":28.0},{"not_picked":["Dodge and Roll","Eviscerate+1"],"picked":"Cloak And Dagger","floor":30.0},{"not_picked":["Dash+1","Deadly Poison+1","Slice"],"picked":"SKIP","floor":31.0},{"not_picked":["Doppelganger","Night Terror"],"picked":"Storm of Steel","floor":33.0},{"not_picked":["Bane","Quick Slash","Finisher"],"picked":"SKIP","floor":35.0},{"not_picked":["Poisoned Stab","Grand Finale","Slice+1"],"picked":"SKIP","floor":36.0},{"not_picked":["Deadly Poison","Predator+1"],"picked":"Heel Hook","floor":41.0}],"player_experience":340922,"relics_obtained":[{"floor":9.0,"key":"Akabeko"},{"floor":22.0,"key":"Necronomicon"},{"floor":24.0,"key":"Red Mask"},{"floor":26.0,"key":"Bottled Lightning"},{"floor":41.0,"key":"Thread and Needle"},{"floor":43.0,"key":"Question Card"}],"event_choices":[{"damage_healed":0.0,"max_hp_gain":0.0,"max_hp_loss":0.0,"gold_gain":0.0,"event_name":"Golden Idol","player_choice":"Take Damage","floor":12.0,"gold_loss":0.0,"damage_taken":17.0,"relics_obtained":["Golden Idol"]},{"cards_removed":["Strike_G"],"damage_healed":0.0,"max_hp_gain":0.0,"max_hp_loss":0.0,"gold_gain":0.0,"event_name":"Back to Basics","player_choice":"Elegance","floor":19.0,"gold_loss":0.0,"damage_taken":0.0},{"cards_removed":["Strike_G"],"damage_healed":0.0,"max_hp_gain":0.0,"max_hp_loss":0.0,"gold_gain":0.0,"event_name":"Beggar","player_choice":"Gave Gold","floor":20.0,"gold_loss":75.0,"damage_taken":0.0},{"damage_healed":0.0,"max_hp_gain":0.0,"max_hp_loss":0.0,"gold_gain":0.0,"event_name":"Cursed Tome","player_choice":"Obtained Book","floor":22.0,"gold_loss":0.0,"damage_taken":16.0},{"damage_healed":0.0,"max_hp_gain":0.0,"max_hp_loss":0.0,"gold_gain":0.0,"event_name":"Masked Bandits","player_choice":"Fought Bandits","floor":24.0,"gold_loss":0.0,"damage_taken":0.0},{"damage_healed":0.0,"max_hp_gain":0.0,"max_hp_loss":4.0,"gold_gain":0.0,"event_name":"Winding Halls","player_choice":"Max HP","floor":37.0,"gold_loss":0.0,"damage_taken":0.0},{"damage_healed":0.0,"max_hp_gain":0.0,"max_hp_loss":0.0,"gold_gain":222.0,"event_name":"Tomb of Lord Red Mask","player_choice":"Wore Mask","floor":39.0,"gold_loss":0.0,"damage_taken":0.0},{"damage_healed":0.0,"max_hp_gain":0.0,"max_hp_loss":0.0,"gold_gain":0.0,"event_name":"Mysterious Sphere","player_choice":"Ignored","floor":42.0,"gold_loss":0.0,"damage_taken":0.0}],"is_beta":false,"boss_relics":[{"not_picked":["Snecko Eye","Runic Dome"],"picked":"WristBlade"},{"not_picked":["Velvet Choker","Coffee Dripper"],"picked":"SacredBark"}],"items_purged_floors":[13,29],"is_endless":false,"potions_floor_spawned":[2,4,7,14,18,24,33,38],"killed_by":"Giant Head","ascension_level":5}}