{"host":"hfxp6ue4pvwo3fit","time":1608437494,"event":{"mods":["AchievementEnabler","BaseMod","Colored Map","Colored Powertips","Highlight Path","Minty Spire (QoL Compilation)","StSLib","SuperFastMode"],"gold_per_floor":[111,125,33,47,122,156,156,156,156,187,187,157,191,253,253,327,327,327,327,252,252,13,13,13],"floor_reached":23,"playtime":704,"items_purged":["Parasite"],"score":369,"play_id":"a24a8223-e7f5-48df-9d7f-5de25e116315","local_time":"20201219221134","is_ascension_mode":true,"campfire_choices":[{"data":"Chaos","floor":8,"key":"SMITH"},{"data":"Defragment","floor":11,"key":"SMITH"},{"data":"Defragment","floor":15,"key":"SMITH"}],"circlet_count":0,"master_deck":["AscendersBane","Strike_B","Strike_B","Strike_B","Strike_B","Defend_B","Defend_B","Defend_B","Defend_B","Zap","Dualcast","Steam","Self Repair","Chaos+1","Leap","Defragment+1","Darkness","Defragment+1","Echo Form","Loop","Ball Lightning","Compile Driver","Self Repair"],"relics":["Cursed Key","Question Card","Happy Flower","Cables","White Beast Statue","Ectoplasm"],"acts_visited":["Exordium","TheCity"],"potions_floor_usage":[6,16,16,18,23],"damage_taken":[{"damage":0,"enemies":"Small Slimes","floor":1,"turns":3},{"damage":12,"enemies":"Jaw Worm","floor":2,"turns":3},{"damage":1,"enemies":"Cultist","floor":4,"turns":4},{"damage":15,"enemies":"3 Sentries","floor":6,"turns":8},{"damage":10,"enemies":"Lagavulin","floor":10,"turns":7},{"damage":5,"enemies":"Looter","floor":12,"turns":4},{"damage":23,"enemies":"3 Sentries","floor":13,"turns":9},{"damage":11,"enemies":"3 Sentries","floor":14,"turns":7},{"damage":4,"enemies":"Hexaghost","floor":16,"turns":7},{"damage":0,"enemies":"2 Thieves","floor":18,"turns":1},{"damage":28,"enemies":"Chosen","floor":21,"turns":5},{"damage":50,"enemies":"Slavers","floor":23,"turns":3}],"seed_played":"4058536359825716012","potions_obtained":[{"floor":2,"key":"DuplicationPotion"},{"floor":10,"key":"PotionOfCapacity"},{"floor":16,"key":"SmokeBomb"},{"floor":21,"key":"Energy Potion"}],"is_trial":false,"path_per_floor":["M","M","$","M","?","E","T","R","T","E","R","M","E","?","R","B",null,"M","?","$","M","$","E"],"character_chosen":"DEFECT","items_purchased":["Chaos","Fire Potion","Ball Lightning","Compile Driver","Regen Potion","Self Repair"],"campfire_rested":0,"item_purchase_floors":[3,3,22,22,22,22],"current_hp_per_floor":[64,52,52,58,47,39,39,39,39,36,36,38,22,18,18,21,59,59,59,59,31,31,0,0],"gold":13,"neow_bonus":"BOSS_RELIC","is_daily":false,"chose_seed":false,"campfire_upgraded":3,"win_rate":0.0,"timestamp":1608437494,"path_taken":["M","M","$","M","?","E","?","R","T","E","R","?","E","?","R","BOSS","M","?","$","M","$","E"],"items_purchased_type":["Card","Potion","Card","Card","Potion","Card"],"build_version":"2020-12-13","purchased_purges":1,"victory":false,"max_hp_per_floor":[71,71,71,71,71,71,71,71,71,71,71,71,71,71,71,71,71,71,71,68,68,68,68,68],"card_choices":[{"not_picked":["Rebound","Turbo"],"picked":"Steam","floor":1},{"not_picked":["Streamline","Steam"],"picked":"Self Repair","floor":2},{"not_picked":["Go for the Eyes","Doom and Gloom"],"picked":"Leap","floor":4},{"not_picked":["Steam Power","Steam","Rip and Tear"],"picked":"SKIP","floor":6},{"not_picked":["Streamline","Compile Driver","Beam Cell"],"picked":"Defragment","floor":10},{"not_picked":["Lockon","Blizzard","Conserve Battery"],"picked":"Darkness","floor":12},{"not_picked":["Hello World","Reboot","Conserve Battery"],"picked":"Defragment","floor":13},{"not_picked":["Electrodynamics","Core Surge","Buffer"],"picked":"Echo Form","floor":16},{"not_picked":["Fusion","Conserve Battery+1","Rebound+1"],"picked":"Loop","floor":21}],"player_experience":395356,"relics_obtained":[{"floor":6,"key":"Question Card"},{"floor":10,"key":"Happy Flower"},{"floor":13,"key":"Cables"},{"floor":14,"key":"White Beast Statue"}],"event_choices":[{"damage_healed":0,"gold_gain":75,"player_choice":"Gather Gold","damage_taken":11,"max_hp_gain":0,"max_hp_loss":0,"event_name":"World of Goop","floor":5,"gold_loss":0},{"damage_healed":0,"gold_gain":30,"player_choice":"Searched \u00273\u0027 times","damage_taken":0,"max_hp_gain":0,"max_hp_loss":0,"event_name":"Dead Adventurer","floor":14,"gold_loss":0},{"damage_healed":0,"gold_gain":0,"player_choice":"1 cards matched","damage_taken":0,"max_hp_gain":0,"max_hp_loss":0,"event_name":"Match and Keep!","floor":19,"gold_loss":0,"cards_obtained":["Parasite"]}],"is_beta":false,"boss_relics":[{"not_picked":["Runic Dome","Sozu"],"picked":"Ectoplasm"}],"items_purged_floors":[20],"is_endless":false,"potions_floor_spawned":[2,10,14,16,18,21],"killed_by":"Slavers","ascension_level":16}}