{"host":"x5a6cvihdukvwm3n","time":1608422516,"event":{"mods":["AlwaysNeverKeys","Aspiration","BaseMod","Beaked The Cultist","BetterRewards","Colored Map","Colored Powertips","Conspire","Curses Come First","Downfall","Friendly Minions","GifTheSpireLib","Gremlin Mod","Halation","Highlight Path","Hubris","Minty Spire (QoL Compilation)","Replay The Spire","Shop Mod","StSLib","Stuff the Spire","SuperFastMode","Synergy Search","Td1madao Mod","The Bladedancer","The Construct","The Disciple","The Jungle","The Servant 0.9.4","vexMod"],"gold_per_floor":[19,64,64,64,80,80,114,125,125,125,143,15,15,15,15,115,115,128,128,148,165,165,165,184,199,199,209,219,229,241,88,88,190,190,209,209,261,261,277,277,295,330,330,355,31,44,44,64,64,64],"floor_reached":51,"playtime":3909,"items_purged":[],"score":606,"play_id":"81dcdc9b-76ee-4cea-acad-1ddb51dd53ba","local_time":"20201220010156","is_ascension_mode":false,"campfire_choices":[{"floor":6,"key":"REST"},{"floor":10,"key":"REST"},{"floor":13,"key":"REST"},{"data":"Luminosity","floor":15,"key":"SMITH"},{"data":"StarChef","floor":23,"key":"SMITH"},{"floor":32,"key":"REST"},{"floor":40,"key":"REST"},{"floor":47,"key":"REST"},{"data":"Deny","floor":49,"key":"SMITH"}],"circlet_count":0,"master_deck":["Strike_S","Strike_S","Strike_S","Strike_S","Defend_S","Defend_S","Defend_S","Defend_S","KidneyShot","Exchange","ShatteredReality","Collapse","Moondial","Luminosity+1","ShiftingGears","StarChef+1","Moondial+1","SilverBlades+1","FlawlessForm","Starlight","ShatteredReality+1","ShiftingGears+1","DualDimension+1","Pot Of Greed","Pot Of Greed","SilverBlades","Pot Of Greed","Hightail","TimeWarp","Defy","Deny+1","InstantArmor+1","Ricochet+1","MoonPhase+1","Potential+1","Potential+1","Barrier+1","PendulumOfEternity"],"relics":["Uniform","halation:VictoryRuler","Replay:Rubber Ducky","Replay:WaspNest","Kunai","halation:BottledLove","construct:ClawGrip","Grinning Jar","vexMod:PaidLearning","Honey Jar","conspire:Boomerang","The Courier","Boot","StuffTheSpire:GrapeVine","aspiration:Lifesprig","hubris:MysteriousPyramids"],"acts_visited":["Exordium","TheCity","TheBeyond"],"potions_floor_usage":[20,20,29,35,42,42,50],"damage_taken":[{"damage":2,"enemies":"Small Slimes","floor":1,"turns":4},{"damage":37,"enemies":"conspire:MimicChest","floor":2,"turns":9},{"damage":0,"enemies":"2 Louse","floor":5,"turns":3},{"damage":22,"enemies":"Lagavulin","floor":7,"turns":10},{"damage":1,"enemies":"Jaw Worm","floor":8,"turns":4},{"damage":9,"enemies":"Lots of Slimes","floor":11,"turns":2},{"damage":4,"enemies":"Fading Forest","floor":16,"turns":11},{"damage":0,"enemies":"Spheric Guardian","floor":18,"turns":8},{"damage":0,"enemies":"3 Byrds","floor":20,"turns":3},{"damage":5,"enemies":"Snecko","floor":21,"turns":5},{"damage":12,"enemies":"Shelled Parasite and Fungi","floor":24,"turns":7},{"damage":9,"enemies":"Centurion and Healer","floor":25,"turns":6},{"damage":0,"enemies":"Sentry and Sphere","floor":27,"turns":6},{"damage":0,"enemies":"Snecko","floor":28,"turns":7},{"damage":11,"enemies":"Cultist and Chosen","floor":29,"turns":6},{"damage":0,"enemies":"conspire:HollyBat","floor":30,"turns":7},{"damage":0,"enemies":"Collector","floor":33,"turns":10},{"damage":18,"enemies":"3 Darklings","floor":35,"turns":5},{"damage":18,"enemies":"2 Orb Walkers","floor":37,"turns":4},{"damage":0,"enemies":"3 Shapes","floor":39,"turns":2},{"damage":0,"enemies":"Maw","floor":41,"turns":8},{"damage":16,"enemies":"Reptomancer","floor":42,"turns":4},{"damage":0,"enemies":"Transient","floor":46,"turns":5},{"damage":0,"enemies":"Writhing Mass","floor":48,"turns":6},{"damage":0,"enemies":"Replay:Hell Engine","floor":50,"turns":9}],"seed_played":"-2587544911527274577","potions_obtained":[{"floor":11,"key":"Explosive Potion"},{"floor":16,"key":"ColorlessPotion"},{"floor":18,"key":"SteroidPotion"},{"floor":24,"key":"Guardian:BlockOnCardUsePotion"},{"floor":28,"key":"PowerPotion"},{"floor":35,"key":"champ:CounterPotion"},{"floor":41,"key":"sneckomod:MuddlingPotion"},{"floor":48,"key":"AttackPotion"}],"is_trial":false,"path_per_floor":["M","?","?","?","M","R","E","M","T","R","M","$","R","$","R","B",null,"M","?","M","M","?","R","M","M","T","M","M","M","M","$","R","B",null,"M","?","?","?","M","R","M","E","T","T","$","M","R","M","R","B",null],"character_chosen":"THE_SERVANT","items_purchased":["Moondial+1","SilverBlades","vexMod:PaidLearning","aspiration:Lifesprig","hubris:MysteriousPyramids"],"campfire_rested":6,"item_purchase_floors":[12,12,31,45,45],"current_hp_per_floor":[63,26,23,23,23,42,20,19,19,38,29,29,48,48,48,62,65,65,54,54,49,42,42,30,21,21,21,21,10,10,10,31,31,70,52,52,34,34,34,53,53,37,37,37,37,37,56,56,56,56],"gold":64,"neow_bonus":"ONE_RARE_RELIC","is_daily":false,"chose_seed":false,"campfire_upgraded":3,"win_rate":0.0,"timestamp":1608422516,"path_taken":["M","?","?","?","?","R","E","M","T","R","M","?","R","?","R","BOSS","M","?","M","M","?","R","M","M","T","M","M","M","?","?","R","BOSS","M","?","?","?","M","R","M","E","T","?","$","?","R","M","R","BOSS"],"items_purchased_type":["Card","Card","Relic","Relic","Relic"],"build_version":"2020-12-13","purchased_purges":0,"victory":true,"max_hp_per_floor":[65,65,65,65,65,65,65,65,65,65,65,65,65,65,65,65,65,65,70,70,70,70,70,70,70,70,70,70,70,70,70,70,70,70,70,70,70,66,66,66,66,66,66,66,66,66,66,66,66,66],"card_choices":[{"not_picked":["Alleviate","Spin"],"picked":"ShatteredReality","floor":1},{"not_picked":["Potential","Starlight"],"picked":"Collapse","floor":2},{"not_picked":["FastForward","Rearm"],"picked":"Moondial","floor":5},{"not_picked":["TimeWarp","Snipe"],"picked":"Luminosity","floor":7},{"not_picked":["Replace","BottledTime"],"picked":"ShiftingGears","floor":8},{"not_picked":["Starlight","Defy"],"picked":"StarChef","floor":11},{"not_picked":["ForgedInTime","KillingDoll"],"picked":"FlawlessForm","floor":16},{"not_picked":["SurpressingFire","Defy"],"picked":"Starlight","floor":18},{"not_picked":["Shuttle","Rewind","Snipe"],"picked":"SKIP","floor":20},{"not_picked":["BottledTime","Unruled"],"picked":"ShatteredReality+1","floor":21},{"not_picked":["Starlight+1","Collapse+1"],"picked":"ShiftingGears+1","floor":24},{"not_picked":["MoonPhase+1","Starlight"],"picked":"DualDimension","floor":25},{"not_picked":["Spin","Starlight"],"picked":"SilverBlades","floor":27},{"not_picked":["Revamp","Alleviate"],"picked":"Hightail","floor":28},{"not_picked":["Rearm","Defy"],"picked":"TimeWarp","floor":29},{"not_picked":["Hightail","Ricochet+1"],"picked":"Defy","floor":30},{"not_picked":["PendulumOfEternity","Solidify"],"picked":"Deny","floor":33},{"not_picked":["Ricochet","FastForward","Starlight"],"picked":"InstantArmor+1","floor":35},{"not_picked":["DoubleEdge","Replace+1","Potential"],"picked":"Ricochet+1","floor":37},{"not_picked":["Defy","FastForward","Spin"],"picked":"MoonPhase+1","floor":39},{"not_picked":["BottledTime","Alleviate","Rearm+1"],"picked":"Potential+1","floor":41},{"not_picked":["Misdirection","Read","Initiator"],"picked":"Potential+1","floor":42},{"not_picked":["TimeWarp+1","DoubleEdge","Hightail+1"],"picked":"Barrier+1","floor":46},{"not_picked":["Revamp","Spin","ReturningBlade"],"picked":"PendulumOfEternity","floor":48}],"player_experience":279361,"relics_obtained":[{"floor":2,"key":"Replay:Rubber Ducky"},{"floor":7,"key":"Kunai"},{"floor":9,"key":"halation:BottledLove"},{"floor":26,"key":"Grinning Jar"},{"floor":37,"key":"conspire:Boomerang"},{"floor":42,"key":"The Courier"},{"floor":43,"key":"Boot"},{"floor":44,"key":"StuffTheSpire:GrapeVine"}],"event_choices":[{"damage_healed":0,"gold_gain":0,"player_choice":"Success","damage_taken":3,"relics_obtained":["Replay:WaspNest"],"max_hp_gain":0,"max_hp_loss":0,"event_name":"Scrap Ooze","floor":3,"gold_loss":0},{"damage_healed":0,"gold_gain":0,"player_choice":"Ignored","damage_taken":0,"max_hp_gain":0,"max_hp_loss":0,"event_name":"Golden Wing","floor":4,"gold_loss":0},{"damage_healed":0,"gold_gain":0,"player_choice":"Shed Blood","damage_taken":16,"max_hp_gain":5,"max_hp_loss":0,"event_name":"Forgotten Altar","floor":19,"gold_loss":0},{"damage_healed":0,"gold_gain":0,"player_choice":"Damaged","damage_taken":7,"max_hp_gain":0,"max_hp_loss":0,"event_name":"Wheel of Change","floor":22,"gold_loss":0},{"damage_healed":0,"gold_gain":0,"player_choice":"Leave","damage_taken":0,"max_hp_gain":0,"max_hp_loss":0,"event_name":"conspire:Investor","floor":36,"gold_loss":0},{"damage_healed":0,"gold_gain":0,"player_choice":"Fight","damage_taken":0,"max_hp_gain":0,"max_hp_loss":0,"event_name":"Mysterious Sphere","floor":37,"gold_loss":0},{"damage_healed":0,"gold_gain":0,"player_choice":"Max HP","damage_taken":0,"max_hp_gain":0,"max_hp_loss":4,"event_name":"Winding Halls","floor":38,"gold_loss":0}],"is_beta":false,"boss_relics":[{"not_picked":["Replay:Ancient Bell","aspiration:RunicSpoon"],"picked":"construct:ClawGrip"},{"not_picked":["beaked:MawFillet","Pandora\u0027s Box"],"picked":"Honey Jar"}],"items_purged_floors":[],"is_endless":false,"potions_floor_spawned":[11,16,18,24,28,35,41,48],"ascension_level":0}}