{"host":"coame8l8goqx0svj","time":1608495777,"event":{"mods":["BaseMod","Downfall","Minty Spire (QoL Compilation)","StSLib"],"gold_per_floor":[99,99,131,6,26,11,11,0,17,17,17,31,31,51,66,165,165,40,25,25,25,53,73,73,85,35,70,70,70],"floor_reached":28,"playtime":1348,"items_purged":[],"score":368,"play_id":"fb70d1d1-7ee8-4464-8d93-28dfe385d032","local_time":"20201220212257","is_ascension_mode":true,"campfire_choices":[{"floor":1,"key":"RECALL"},{"floor":4,"key":"REST"},{"floor":10,"key":"REST"},{"data":"Slimebound:LeadByExample","floor":18,"key":"SMITH"},{"floor":20,"key":"REST"},{"floor":26,"key":"REST"}],"circlet_count":0,"master_deck":["Slimebound:Strike_Slimebound","Slimebound:Strike_Slimebound","Slimebound:Strike_Slimebound","Slimebound:Tackle","Slimebound:Defend_Slimebound","Slimebound:Defend_Slimebound","Slimebound:Defend_Slimebound","Slimebound:Defend_Slimebound","Slimebound:Split","Slimebound:CorrosiveSpit","Slimebound:RejuvenatingLick","Slimebound:RainOfGoop","Slimebound:FinishingTackle","Slimebound:LeechingTouch","Slimebound:LeadByExample+1","Slimebound:SlimeBrawl","Parasite","Slimebound:SlimeSpikes","Slimebound:OneTwoCombo","Slimebound:MinionMaster","Slimebound:SlimeTap","Slimebound:SlimeBarrage","Slimebound:SplitLeeching+1","Slimebound:SpikyOuterGoop","Slimebound:SlimeSpikes+1"],"relics":["Velvet Choker","Slimebound:GreedOozeRelic","Toy Ornithopter","downfall:HeartBlessingRed","Sozu","downfall:HeartBlessingBlue","Bottled Tornado","Dream Catcher","Toxic Egg 2"],"acts_visited":["Exordium","TheCity"],"potions_floor_usage":[16,16,16],"damage_taken":[{"damage":47,"enemies":"Lagavulin","floor":3,"turns":7},{"damage":11,"enemies":"Jaw Worm","floor":5,"turns":3},{"damage":9,"enemies":"downfall:FleeingMerchant","floor":6,"turns":4},{"damage":12,"enemies":"downfall:FleeingMerchant","floor":8,"turns":4},{"damage":8,"enemies":"Small Slimes","floor":9,"turns":3},{"damage":0,"enemies":"2 Louse","floor":12,"turns":2},{"damage":9,"enemies":"Lots of Slimes","floor":14,"turns":4},{"damage":18,"enemies":"Exordium Thugs","floor":15,"turns":3},{"damage":43,"enemies":"downfall:Ironclad","floor":16,"turns":7},{"damage":19,"enemies":"downfall:FleeingMerchant","floor":19,"turns":4},{"damage":45,"enemies":"Book of Stabbing","floor":22,"turns":5},{"damage":9,"enemies":"Chosen","floor":23,"turns":3},{"damage":15,"enemies":"3 Byrds","floor":25,"turns":3},{"damage":15,"enemies":"Gremlin Leader","floor":27,"turns":5},{"damage":24,"enemies":"Snecko","floor":28,"turns":3}],"seed_played":"-8603683572227602618","potions_obtained":[{"floor":3,"key":"Strength Potion"},{"floor":9,"key":"ColorlessPotion"},{"floor":12,"key":"Slimebound:SlimedPotion"}],"is_trial":false,"path_per_floor":["R","?","E","R","M","$","T","$","M","R","?","M","?","M","M","B",null,"R","$","R","?","E","M","T","M","R","E","M"],"character_chosen":"SLIMEBOUND","items_purchased":[],"campfire_rested":4,"item_purchase_floors":[],"current_hp_per_floor":[54,54,11,29,24,21,21,15,9,27,27,29,44,37,25,3,46,56,43,64,64,21,16,16,1,22,17,0,0],"gold":70,"neow_bonus":"BOSS_RELIC","is_daily":false,"chose_seed":false,"campfire_upgraded":1,"win_rate":0.0,"timestamp":1608495777,"path_taken":["R","?","E","R","M","$","T","$","M","R","?","M","?","M","M","BOSS","R","$","R","?","E","M","T","M","R","E","M"],"items_purchased_type":[],"build_version":"2020-12-13","purchased_purges":0,"victory":false,"max_hp_per_floor":[60,60,60,60,60,60,60,60,60,60,60,60,60,60,60,60,60,70,70,70,70,70,70,70,70,70,70,70,70],"card_choices":[{"not_picked":["Slimebound:HauntingLick","Slimebound:Replication"],"picked":"Slimebound:RejuvenatingLick","floor":3},{"not_picked":["Slimebound:Schlurp","Slimebound:LeechingTouch"],"picked":"Slimebound:RainOfGoop","floor":5},{"not_picked":["Slimebound:ServeAndProtect","Slimebound:SplitMire"],"picked":"Slimebound:FinishingTackle","floor":6},{"not_picked":["Slimebound:GoopSpray","Slimebound:ServeAndProtect"],"picked":"Slimebound:LeechingTouch","floor":8},{"not_picked":["Slimebound:LevelUp","Slimebound:GoopTackle"],"picked":"Slimebound:LeadByExample","floor":9},{"not_picked":["Slimebound:RollThrough","Slimebound:ViciousTackle"],"picked":"Slimebound:SlimeBrawl","floor":12},{"not_picked":["Slimebound:ViciousTackle","Slimebound:PressTheAttack"],"picked":"Slimebound:SlimeSpikes","floor":14},{"not_picked":["Slimebound:ItLooksTasty","Slimebound:SplitMire"],"picked":"Slimebound:OneTwoCombo","floor":15},{"not_picked":["Slimebound:Darklings","Slimebound:DuplicatedForm"],"picked":"Slimebound:MinionMaster","floor":16},{"not_picked":["Slimebound:ForwardTackle+1","Slimebound:ServeAndProtect","Slimebound:RainOfGoop"],"picked":"SKIP","floor":19},{"not_picked":["Slimebound:SplitAcid","Slimebound:HauntingLick"],"picked":"Slimebound:SlimeBarrage","floor":22},{"not_picked":["Slimebound:GoopSpray+1","Slimebound:Recollect"],"picked":"Slimebound:SplitLeeching+1","floor":23},{"not_picked":["Slimebound:BestDefense","Slimebound:PressTheAttack+1","Slimebound:ItLooksTasty"],"picked":"SKIP","floor":25},{"not_picked":["Slimebound:SplitAcid","Slimebound:Equalize"],"picked":"Slimebound:SpikyOuterGoop","floor":26},{"not_picked":["Slimebound:HungryTackle+1","Slimebound:ForwardTackle"],"picked":"Slimebound:SlimeSpikes+1","floor":27}],"player_experience":1699090,"relics_obtained":[{"floor":3,"key":"Toy Ornithopter"},{"floor":22,"key":"Bottled Tornado"},{"floor":24,"key":"Dream Catcher"},{"floor":27,"key":"Toxic Egg 2"}],"event_choices":[{"damage_healed":15,"gold_gain":0,"player_choice":"Healed and dodged fight","damage_taken":0,"max_hp_gain":0,"max_hp_loss":0,"event_name":"Mushrooms","floor":13,"gold_loss":0,"cards_obtained":["Parasite"]},{"damage_healed":0,"gold_gain":0,"player_choice":"Read","damage_taken":0,"max_hp_gain":0,"max_hp_loss":0,"event_name":"The Library","floor":21,"gold_loss":0,"cards_obtained":["Slimebound:SlimeTap"]}],"is_beta":false,"boss_relics":[{"not_picked":["SacredBark","Cursed Key"],"picked":"Sozu"}],"items_purged_floors":[],"is_endless":false,"potions_floor_spawned":[3,9,12,25,27],"killed_by":"Snecko","ascension_level":9}}