{"host":"rz01j32460kf2mtw","time":1608435614,"event":{"mods":["BaseMod","Koishi","Marisa????????","Minty Spire (QoL Compilation)","Prisma Mod","Quick Restart","StSLib","The Cursed","The Disciple","The Jungle","The Runesmith","The Servant 0.9.4"],"gold_per_floor":[110,80,100,115,115,159,177,211,211,9,25,18,38,62,62,183,183,204,204,34,34,59,90,90,90,90],"floor_reached":25,"playtime":1480,"items_purged":["Runesmith:Strike_RS"],"score":235,"play_id":"51110691-3b6f-4101-8563-9fa41cf86023","local_time":"20201219204014","is_ascension_mode":false,"campfire_choices":[{"floor":15,"key":"REST"},{"floor":24,"key":"REST"}],"circlet_count":0,"master_deck":["Runesmith:Strike_RS","Runesmith:Strike_RS","Runesmith:Strike_RS","Runesmith:Defend_RS","Runesmith:Defend_RS","Runesmith:Defend_RS","Runesmith:Defend_RS","Runesmith:CraftFirestone","Runesmith:Fortify","Runesmith:PerfectChisel","Runesmith:WhiteBalance","Runesmith:PerfectChisel","Runesmith:GoWithTheFlow","Runesmith:CraftMagma","Runesmith:ArcReactor+1","Runesmith:CraftPrismatica","Runesmith:Firestorm+1","Runesmith:BackupBattery","Runesmith:WhiteBalance","Runesmith:CraftMedicinae","Runesmith:RuneHurl+1","Runesmith:LithiumIon+1","Runesmith:CraftMagma","Runesmith:CraftIncendium+1"],"relics":["Fusion Hammer","Golden Idol","Du-Vu Doll","Toy Ornithopter","Frozen Egg 2","Runesmith:UraniumAnvil","WingedGreaves"],"acts_visited":["Exordium","TheCity"],"potions_floor_usage":[3,7,8,11,12,23,23],"damage_taken":[{"damage":7,"enemies":"Jaw Worm","floor":1,"turns":9},{"damage":4,"enemies":"Cultist","floor":3,"turns":4},{"damage":0,"enemies":"Small Slimes","floor":4,"turns":3},{"damage":15,"enemies":"Lagavulin","floor":6,"turns":7},{"damage":0,"enemies":"Exordium Wildlife","floor":7,"turns":5},{"damage":26,"enemies":"3 Sentries","floor":8,"turns":6},{"damage":5,"enemies":"Looter","floor":11,"turns":3},{"damage":4,"enemies":"Exordium Thugs","floor":12,"turns":4},{"damage":6,"enemies":"Red Slaver","floor":13,"turns":3},{"damage":6,"enemies":"Large Slime","floor":14,"turns":6},{"damage":20,"enemies":"The Guardian","floor":16,"turns":7},{"damage":23,"enemies":"2 Thieves","floor":18,"turns":4},{"damage":18,"enemies":"Spheric Guardian","floor":22,"turns":5},{"damage":25,"enemies":"Slavers","floor":23,"turns":4},{"damage":40,"enemies":"Book of Stabbing","floor":25,"turns":4}],"seed_played":"-1064636884688810116","potions_obtained":[{"floor":1,"key":"LiquidBronze"},{"floor":2,"key":"SneckoOil"},{"floor":2,"key":"Fruit Juice"},{"floor":6,"key":"BlessingOfTheForge"},{"floor":14,"key":"Energy Potion"},{"floor":18,"key":"SteroidPotion"},{"floor":21,"key":"BlessingOfTheForge"},{"floor":21,"key":"Strength Potion"}],"is_trial":false,"path_per_floor":["M","?","M","M","?","E","M","E","T","$","M","M","M","M","R","B",null,"M","?","$","?","M","E","R","E"],"character_chosen":"RUNESMITH_CLASS","items_purchased":["Runesmith:ArcReactor+1","PowerPotion","Runesmith:LithiumIon+1","Runesmith:CraftMagma"],"campfire_rested":2,"item_purchase_floors":[10,10,20,20],"current_hp_per_floor":[63,63,59,59,59,44,44,18,18,18,18,24,18,12,33,13,70,47,47,47,47,29,14,35,0,0],"gold":90,"neow_bonus":"BOSS_RELIC","is_daily":false,"chose_seed":false,"campfire_upgraded":0,"win_rate":0.0,"timestamp":1608435614,"path_taken":["M","?","?","M","?","E","M","E","T","?","M","M","M","M","R","BOSS","M","?","$","?","?","E","R","E"],"items_purchased_type":["Card","Potion","Card","Card"],"build_version":"2020-12-13","purchased_purges":1,"victory":false,"max_hp_per_floor":[70,70,70,70,65,65,65,65,65,65,65,70,70,70,70,70,70,70,70,70,70,70,70,70,70,70],"card_choices":[{"not_picked":["Runesmith:Repurpose","Runesmith:EarthShield"],"picked":"Runesmith:PerfectChisel","floor":1},{"not_picked":["Runesmith:UnstableHammer","Runesmith:FrozenChisel"],"picked":"Runesmith:WhiteBalance","floor":3},{"not_picked":["Runesmith:EarthShield","Runesmith:Grindstone"],"picked":"Runesmith:PerfectChisel","floor":4},{"not_picked":["Runesmith:EarthShield","Runesmith:MakeshiftArmor"],"picked":"Runesmith:GoWithTheFlow","floor":6},{"not_picked":["Runesmith:Repurpose","Runesmith:RuneHurl","Runesmith:EarthShield"],"picked":"SKIP","floor":7},{"not_picked":["Runesmith:StaticCage","Runesmith:Permafrost"],"picked":"Runesmith:CraftMagma","floor":8},{"not_picked":["Runesmith:HeatExchange","Runesmith:Overpower"],"picked":"Runesmith:CraftPrismatica","floor":11},{"not_picked":["Runesmith:EnergizedChisel","Runesmith:CraftMagma"],"picked":"Runesmith:Firestorm+1","floor":12},{"not_picked":["Runesmith:NanitesCloud","Runesmith:Permafrost+1"],"picked":"Runesmith:BackupBattery","floor":13},{"not_picked":["Runesmith:ShiftingStrike","Runesmith:RuneHurl"],"picked":"Runesmith:WhiteBalance","floor":14},{"not_picked":["Runesmith:ReplicatingBarrier+1","Runesmith:FissionHammer"],"picked":"Runesmith:CraftMedicinae","floor":16},{"not_picked":["Runesmith:Accelerate","Runesmith:ChiselStab"],"picked":"Runesmith:RuneHurl+1","floor":18},{"not_picked":["Runesmith:Augment","Runesmith:ShiftingStrike+1"],"picked":"Runesmith:CraftIncendium+1","floor":22},{"not_picked":["Runesmith:EarthShield","Runesmith:UnstableHammer+1","Runesmith:CraftProtectio+1"],"picked":"SKIP","floor":23}],"player_experience":906310,"relics_obtained":[{"floor":6,"key":"Du-Vu Doll"},{"floor":8,"key":"Toy Ornithopter"},{"floor":9,"key":"Frozen Egg 2"},{"floor":23,"key":"WingedGreaves"}],"event_choices":[{"damage_healed":0,"gold_gain":0,"player_choice":"Bought 2 Potions","damage_taken":0,"max_hp_gain":0,"max_hp_loss":0,"event_name":"The Woman in Blue","floor":2,"gold_loss":0},{"damage_healed":0,"gold_gain":0,"player_choice":"Lose Max HP","damage_taken":0,"relics_obtained":["Golden Idol"],"max_hp_gain":0,"max_hp_loss":5,"event_name":"Golden Idol","floor":5,"gold_loss":0},{"damage_healed":0,"gold_gain":0,"player_choice":"Ignored","damage_taken":0,"max_hp_gain":0,"max_hp_loss":0,"event_name":"Vampires","floor":19,"gold_loss":0},{"damage_healed":0,"gold_gain":0,"player_choice":"Got Potions","damage_taken":0,"max_hp_gain":0,"max_hp_loss":0,"event_name":"Lab","floor":21,"gold_loss":0}],"is_beta":false,"boss_relics":[{"not_picked":["Runic Pyramid","Snecko Eye"],"picked":"Runesmith:UraniumAnvil"}],"items_purged_floors":[20],"is_endless":false,"potions_floor_spawned":[1,6,14,18],"killed_by":"Book of Stabbing","ascension_level":0}}