{"host":"10b2ljh1rg6srmxa","time":1608477270,"event":{"mods":["AchievementEnabler","BaseMod","Colored Powertips","Infinite Spire","Minty Spire (QoL Compilation)","Replay The Spire","StSLib"],"gold_per_floor":[119,138,213,233,247,282,45,45,45,25,25,39,50,63,63,166,166,178,197,210,210,135,135,57,73,73,93,123,123,139,149,149,254,254,285,285,36,49,49,49,79,79,103,23,39,39,39,53,53,77,77,77,77,77,44,82,82,82],"floor_reached":57,"playtime":5992,"items_purged":["Time Bomb","Delirium"],"score":954,"play_id":"8d93dff9-26bc-4025-900b-0e42990431bb","local_time":"20201220161430","is_ascension_mode":true,"campfire_choices":[{"floor":11,"key":"REST"},{"data":"Genetic Algorithm","floor":11,"key":"SMITH"},{"floor":15,"key":"REST"},{"data":"Buffer","floor":15,"key":"SMITH"},{"floor":23,"key":"REST"},{"data":"Gash","floor":23,"key":"SMITH"},{"floor":29,"key":"REST"},{"data":"Parasite","floor":29,"key":"PURGE"},{"floor":32,"key":"REST"},{"data":"Loop","floor":32,"key":"SMITH"},{"floor":40,"key":"RECALL"},{"floor":49,"key":"REST"},{"data":"White Noise","floor":49,"key":"SMITH"},{"data":"Capacitor","floor":54,"key":"SMITH"}],"circlet_count":0,"master_deck":["Strike_B","Strike_B","Strike_B","Strike_B","Defend_B","Defend_B","Defend_B+1","Defend_B+1","Zap","Dualcast","Buffer+1","Gash","Go for the Eyes","Static Discharge","Genetic Algorithm+1","Gash+1","Self Repair+1","Streamline","Sunder","Rainbow","AbeCurse","CurseOfTheBell","Cold Snap+1","Capacitor+1","Conserve Battery","ReplayGash","Gash","Loop+1","Fusion+1","Aggregate+1","Compile Driver+1","ReplayTheSpireMod:Calculation Training+1","Machine Learning","Overencumbered","ReplayGash+1","Stack","Echo Form","Consume","Barrage+1","Redo+1","White Noise+1","Capacitor","ReplayTheSpireMod:Repulse"],"relics":["FrozenCore","infinitespire:Magic Flask","Replay:Antivirus Software","infinitespire:Joker Card","Prayer Wheel","Replay:Grab Bag","Abe\u0027s Treasure","Sozu","Calling Bell","Toy Ornithopter","Unceasing Top","infinitespire:BottledMercury","Peace Pipe","infinitespire:EvilPickle","Replay:Ancient Bell","Replay:Rubber Ducky","The Courier","infinitespire:Golems Mask","Pet Ghost","Orichalcum","War Paint","PreservedInsect","Bronze Scales"],"acts_visited":["Exordium","TheCity","TheBeyond","TheEnding"],"potions_floor_usage":[27,28,56],"damage_taken":[{"damage":0,"enemies":"Cultist","floor":1,"turns":4},{"damage":0,"enemies":"2 Louse","floor":2,"turns":2},{"damage":0,"enemies":"Small Slimes","floor":4,"turns":3},{"damage":9,"enemies":"Exordium Wildlife","floor":5,"turns":4},{"damage":40,"enemies":"3 Sentries","floor":6,"turns":7},{"damage":11,"enemies":"Exordium Thugs","floor":10,"turns":4},{"damage":6,"enemies":"3 Louse","floor":12,"turns":4},{"damage":16,"enemies":"Lots of Slimes","floor":13,"turns":5},{"damage":0,"enemies":"Red Slaver","floor":14,"turns":1},{"damage":27,"enemies":"The Guardian","floor":16,"turns":10},{"damage":18,"enemies":"3 Byrds","floor":18,"turns":4},{"damage":8,"enemies":"Spheric Guardian","floor":19,"turns":4},{"damage":4,"enemies":"Snecko","floor":20,"turns":7},{"damage":24,"enemies":"Shelled Parasite and Fungi","floor":25,"turns":9},{"damage":45,"enemies":"Cultist and Chosen","floor":27,"turns":8},{"damage":34,"enemies":"Slavers","floor":28,"turns":8},{"damage":1,"enemies":"Snecko","floor":30,"turns":6},{"damage":15,"enemies":"Snake Plant","floor":31,"turns":5},{"damage":21,"enemies":"Pondfish","floor":33,"turns":11},{"damage":7,"enemies":"3 Shapes","floor":35,"turns":5},{"damage":0,"enemies":"Orb Walker","floor":38,"turns":6},{"damage":1,"enemies":"R_Hoarder","floor":41,"turns":10},{"damage":6,"enemies":"4 Shapes","floor":44,"turns":8},{"damage":0,"enemies":"Sphere and 2 Shapes","floor":45,"turns":4},{"damage":23,"enemies":"Spire Growth","floor":48,"turns":6},{"damage":51,"enemies":"Donu and Deca","floor":52,"turns":11},{"damage":25,"enemies":"Shield and Spear","floor":56,"turns":8},{"damage":67,"enemies":"The Heart","floor":57,"turns":8}],"seed_played":"-6660339380319996081","potions_obtained":[{"floor":4,"key":"FearPotion"},{"floor":10,"key":"Energy Potion"},{"floor":13,"key":"Weak Potion"},{"floor":14,"key":"Ancient Potion"},{"floor":16,"key":"Regen Potion"}],"is_trial":false,"path_per_floor":["M","M","?","M","M","E","$","?","T","M","R","M","M","M","R","B",null,"M","M","M","?","$","R","$","M","T","M","E","R","M","M","R","B",null,"M","?","$","M","$","R","E","?","T","M","M","PTL","PTL","M","R","T","R","B",null,"R","$","E","B"],"character_chosen":"DEFECT","items_purchased":["Gash","Self Repair","Replay:Antivirus Software","Loop","Pet Ghost","Stack","Capacitor"],"campfire_rested":6,"item_purchase_floors":[7,7,7,24,37,37,55],"current_hp_per_floor":[75,75,64,64,55,15,15,33,33,29,51,52,43,43,65,45,75,57,49,52,52,52,74,74,57,57,36,14,36,42,34,55,41,72,72,72,72,72,72,72,72,68,68,68,68,68,68,59,68,68,68,27,68,68,68,63,0,0],"gold":82,"neow_bonus":"ONE_RANDOM_RARE_CARD","is_daily":false,"chose_seed":false,"campfire_upgraded":6,"win_rate":0.0,"timestamp":1608477270,"path_taken":["M","?","?","M","M","E","$","?","T","M","R","M","M","M","R","BOSS","M","M","M","?","$","R","?","M","T","M","E","R","M","M","R","BOSS","M","?","$","?","?","R","E","?","T","M","M","PTL","PTL","M","R","?","R","BOSS","R","$","E","BOSS"],"items_purchased_type":["Card","Card","Relic","Card","Relic","Card","Card"],"build_version":"2020-12-13","purchased_purges":2,"victory":false,"max_hp_per_floor":[75,75,75,75,75,75,75,75,75,75,75,75,75,75,75,75,75,75,75,75,75,75,75,75,75,75,75,75,72,72,72,72,72,72,72,72,72,72,72,72,72,68,68,68,68,68,68,68,68,68,68,68,68,68,68,68,68,68],"card_choices":[{"not_picked":["Rebound","Ball Lightning"],"picked":"Gash","floor":1},{"not_picked":["Barrage","BasicCrystalCard"],"picked":"Go for the Eyes","floor":2},{"not_picked":["Barrage","Conserve Battery"],"picked":"Time Bomb","floor":4},{"not_picked":["Beam Cell","Fission"],"picked":"Static Discharge","floor":5},{"not_picked":["Rebound","Panic Button"],"picked":"Genetic Algorithm","floor":6},{"not_picked":["Leap","Compile Driver"],"picked":"Streamline","floor":10},{"not_picked":["Rebound","Crystallizer"],"picked":"ReplayTheSpireMod:Fabricate Wheel","floor":12},{"not_picked":["Static Discharge","Turbo"],"picked":"Sunder","floor":13},{"not_picked":["Static Discharge","ReplayTheSpireMod:GoodbyeWorld","Streamline"],"picked":"SKIP","floor":14},{"not_picked":["Amplify","Thunder Strike"],"picked":"Rainbow","floor":16},{"not_picked":["Reprogram","Auto Shields"],"picked":"Cold Snap+1","floor":18},{"not_picked":["FTL","BasicCrystalCard+1"],"picked":"Capacitor","floor":18},{"not_picked":["Redo","Hologram"],"picked":"Conserve Battery","floor":19},{"not_picked":["Skim","Panic Button"],"picked":"ReplayGash","floor":19},{"not_picked":["Rainbow","Panic Button","Barrage+1"],"picked":"SKIP","floor":20},{"not_picked":["BasicCrystalCard","Compile Driver","Sunder"],"picked":"SKIP","floor":20},{"not_picked":["Sunder","Cold Snap"],"picked":"Fusion+1","floor":25},{"not_picked":["Sweeping Beam","Steam","Beam Cell"],"picked":"SKIP","floor":25},{"not_picked":["Turbo+1","Defragment+1"],"picked":"Aggregate+1","floor":27},{"not_picked":["Capacitor","FTL+1"],"picked":"Compile Driver+1","floor":27},{"not_picked":["Capacitor+1","Reboot"],"picked":"ReplayTheSpireMod:Calculation Training+1","floor":28},{"not_picked":["ReplayTheSpireMod:Repulse","Heatsinks","Sweeping Beam"],"picked":"SKIP","floor":30},{"not_picked":["Rebound","Go for the Eyes","ReplayTheSpireMod:Repulse"],"picked":"SKIP","floor":30},{"not_picked":["Chill","Force Field+1","Capacitor"],"picked":"SKIP","floor":31},{"not_picked":["ReplayTheSpireMod:Calculation Training+1","Conserve Battery","Compile Driver"],"picked":"SKIP","floor":31},{"not_picked":["Mirror Shield","Biased Cognition"],"picked":"Machine Learning","floor":33},{"not_picked":["Replay:Hysterical Blindness","AbeCurse"],"picked":"Delirium","floor":34},{"not_picked":["Spreading Infection","Overencumbered"],"picked":"ReplayTheSpireMod:IOU","floor":34},{"not_picked":["Normality","Voices"],"picked":"Overencumbered","floor":34},{"not_picked":["Time Bomb+1","Leap"],"picked":"ReplayGash+1","floor":35},{"not_picked":["Mirror Shield","Panic Button+1","Steam Power"],"picked":"SKIP","floor":35},{"not_picked":["Coolheaded","Redo"],"picked":"Echo Form","floor":38},{"not_picked":["Rebound","Compile Driver+1","Panic Button+1"],"picked":"SKIP","floor":38},{"not_picked":["Stack+1","Melter"],"picked":"Consume","floor":41},{"not_picked":["Time Bomb+1","Doom and Gloom"],"picked":"Barrage+1","floor":44},{"not_picked":["Recycle","Chill"],"picked":"Redo+1","floor":44},{"not_picked":["Genetic Algorithm","Stack+1"],"picked":"White Noise","floor":45},{"not_picked":["Streamline+1","Undo+1","Sunder"],"picked":"SKIP","floor":45},{"not_picked":["Recycle","Conserve Battery+1","Turbo+1"],"picked":"SKIP","floor":48},{"not_picked":["Panic Button+1","Crystallizer","BasicCrystalCard+1"],"picked":"SKIP","floor":48},{"not_picked":["Redo+1","Barrage+1"],"picked":"ReplayTheSpireMod:Repulse","floor":56}],"player_experience":243770,"relics_obtained":[{"floor":6,"key":"infinitespire:Magic Flask"},{"floor":9,"key":"infinitespire:Joker Card"},{"floor":17,"key":"Toy Ornithopter"},{"floor":17,"key":"Unceasing Top"},{"floor":17,"key":"infinitespire:BottledMercury"},{"floor":28,"key":"Peace Pipe"},{"floor":41,"key":"Orichalcum"},{"floor":43,"key":"War Paint"},{"floor":50,"key":"PreservedInsect"},{"floor":56,"key":"Bronze Scales"}],"event_choices":[{"damage_healed":0,"gold_gain":75,"player_choice":"Gather Gold","damage_taken":11,"max_hp_gain":0,"max_hp_loss":0,"event_name":"World of Goop","floor":3,"gold_loss":0},{"damage_healed":18,"gold_gain":0,"player_choice":"Healed and dodged fight","damage_taken":0,"max_hp_gain":0,"max_hp_loss":0,"event_name":"Mushrooms","floor":8,"gold_loss":0,"cards_obtained":["Parasite"]},{"damage_healed":0,"gold_gain":0,"player_choice":"Copied","damage_taken":0,"max_hp_gain":0,"max_hp_loss":0,"event_name":"Duplicator","floor":21,"gold_loss":0,"cards_obtained":["Gash"]},{"damage_healed":0,"gold_gain":0,"player_choice":"Ignored","damage_taken":0,"max_hp_gain":0,"max_hp_loss":0,"event_name":"SecretPortal","floor":36,"gold_loss":0},{"damage_healed":0,"gold_gain":0,"player_choice":"Max HP","damage_taken":0,"max_hp_gain":0,"max_hp_loss":4,"event_name":"Winding Halls","floor":42,"gold_loss":0}],"is_beta":false,"boss_relics":[{"not_picked":["Snecko Heart","ReplayTheSpireMod:SealedPack"],"picked":"Replay:Grab Bag"},{"not_picked":["Runic Dome","ReplayTheSpireMod:Onyx Gauntlets"],"picked":"Abe\u0027s Treasure"},{"not_picked":["Velvet Choker","Coffee Dripper"],"picked":"Sozu"},{"not_picked":["Snecko Eye","Runic Pyramid"],"picked":"FrozenCore"},{"not_picked":["Inserter","Pandora\u0027s Box"],"picked":"Calling Bell"},{"not_picked":["ChewingGum","Cursed Key"],"picked":"Replay:Ancient Bell"},{"not_picked":["Bag of Preparation","Art of War"],"picked":"Replay:Rubber Ducky"},{"not_picked":["Gremlin Horn","Replay:WaspNest"],"picked":"The Courier"},{"not_picked":["infinitespire:CursedDice","CaptainsWheel"],"picked":"infinitespire:Golems Mask"}],"items_purged_floors":[22,37],"is_endless":false,"potions_floor_spawned":[4,10,13,14,16,18,19,27,28,31,41,45,48],"killed_by":"The Heart","ascension_level":1}}