{"host":"ili59y8spimbqht9","time":1608440609,"event":{"mods":["AchievementEnabler","BaseMod","Better Third Choice","BetterRewards","Colored Map","Downfall","Jorbs\u0027s Wanderer Trilogy","Minty Spire (QoL Compilation)","Replay The Spire","Robot Space Explorer","StSLib","The Mystic"],"gold_per_floor":[199,209,0,65,92,107,154,154,192,192,208,218,218,268,283,283,283],"floor_reached":16,"playtime":3912,"items_purged":["hexamod:Strike"],"score":90,"play_id":"9ec6e09c-bdb6-4b47-9aa3-263379bcb523","local_time":"20201220000329","is_ascension_mode":false,"campfire_choices":[{"data":"hexamod:Float","floor":1,"key":"SMITH"},{"data":"hexamod:GhostOfSpirePresent","floor":8,"key":"SMITH"},{"data":"hexamod:EtherealExpedition","floor":10,"key":"SMITH"}],"circlet_count":0,"master_deck":["hexamod:Strike","hexamod:Strike","hexamod:Strike","hexamod:Defend","hexamod:Defend","hexamod:Defend","hexamod:Defend","hexamod:Sear","hexamod:Float+1","hexamod:GhostflameBarrier","hexamod:SoulSteal","hexamod:SpectersWail+1","Specialist","hexamod:AdvancingGuard","hexamod:GhostOfSpirePast","hexamod:GhostOfSpirePresent+1","hexamod:StepThrough","hexamod:EtherealExpedition+1","hexamod:ThirdSeal","hexamod:SpectersWail","hexamod:EmpoweredFlame","hexamod:Sear","hexamod:WildfireWeapon","expansioncontent:GuardianWhirl","hexamod:PowerFromBeyond"],"relics":["hexamod:SpiritBrand","BargainBundle","Replay:Bottled Flurry","Orichalcum","Tiny Chest","Boot"],"acts_visited":["Exordium"],"potions_floor_usage":[4,16,16,16],"damage_taken":[{"damage":7,"enemies":"2 Louse","floor":2,"turns":3},{"damage":0,"enemies":"downfall:FleeingMerchant","floor":3,"turns":4},{"damage":10,"enemies":"Gremlin Nob","floor":4,"turns":5},{"damage":8,"enemies":"Jaw Worm","floor":6,"turns":4},{"damage":0,"enemies":"Small Slimes","floor":11,"turns":3},{"damage":3,"enemies":"Exordium Wildlife","floor":12,"turns":3},{"damage":7,"enemies":"Blue Slaver","floor":15,"turns":3},{"damage":18,"enemies":"downfall:Defect","floor":16,"turns":4}],"seed_played":"-1482853833084476024","potions_obtained":[{"floor":4,"key":"FearPotion"},{"floor":6,"key":"LifebloodPotion"},{"floor":9,"key":"Elixir"},{"floor":11,"key":"EntropicBrew"}],"is_trial":false,"path_per_floor":["R","M","$","?","T","M","T","R","?","R","M","M","?","T","M","B"],"character_chosen":"THE_SPIRIT","items_purchased":["BargainBundle","LiquidBronze","FearPotion","SteroidPotion","hexamod:SpectersWail+1","Specialist","hexamod:AdvancingGuard","hexamod:GhostOfSpirePast"],"campfire_rested":0,"item_purchase_floors":[3,3,3,3,3,3,3,3],"current_hp_per_floor":[70,63,63,53,53,45,45,45,28,28,28,25,25,25,18,0,0],"gold":283,"neow_bonus":"HUNDRED_GOLD","is_daily":false,"chose_seed":false,"campfire_upgraded":3,"win_rate":0.0,"timestamp":1608440609,"path_taken":["R","M","$","?","?","M","T","R","?","R","?","M","?","?","M","BOSS"],"items_purchased_type":["Relic","Potion","Potion","Potion","Card","Card","Card","Card"],"build_version":"2020-12-13","purchased_purges":1,"victory":false,"max_hp_per_floor":[70,70,70,70,70,70,70,70,70,70,70,70,70,70,70,70,70],"card_choices":[{"not_picked":["hexamod:GhostLash","hexamod:HauntingEcho"],"picked":"hexamod:GhostflameBarrier","floor":2},{"not_picked":["hexamod:ChargedBarrage","hexamod:RainOfEmbers"],"picked":"hexamod:SoulSteal","floor":3},{"not_picked":["hexamod:SpectersWail","hexamod:NightmareStrike"],"picked":"hexamod:GhostOfSpirePresent","floor":4},{"not_picked":["hexamod:NightmareGuise","hexamod:HeatShield"],"picked":"hexamod:StepThrough","floor":6},{"not_picked":["hexamod:ParanormalForm","hexamod:SwordOfDarkness"],"picked":"hexamod:EtherealExpedition","floor":9},{"not_picked":["hexamod:ShieldOfDarkness","hexamod:NightmareGuise"],"picked":"hexamod:ThirdSeal","floor":11},{"not_picked":["hexamod:GhostShield","hexamod:Hexaguard"],"picked":"hexamod:SpectersWail","floor":12},{"not_picked":["hexamod:GhostShield","hexamod:RadiantFlame"],"picked":"hexamod:EmpoweredFlame","floor":12},{"not_picked":["hexamod:FastForward","hexamod:Hexaguard"],"picked":"hexamod:PowerFromBeyond","floor":15},{"not_picked":["hexamod:ShieldOfDarkness","hexamod:RainOfEmbers","hexamod:GhostLash"],"picked":"SKIP","floor":15}],"player_experience":584154,"relics_obtained":[{"floor":4,"key":"Replay:Bottled Flurry"},{"floor":5,"key":"Orichalcum"},{"floor":7,"key":"Tiny Chest"},{"floor":14,"key":"Boot"}],"event_choices":[],"is_beta":false,"boss_relics":[],"items_purged_floors":[3],"is_endless":false,"potions_floor_spawned":[4,6,11],"killed_by":"downfall:Defect","ascension_level":0}}