{"host":"w92iwlh7in21xtvu","time":1608455179,"event":{"mods":["AchievementEnabler","BaseMod","DeckTracker","Minty Spire (QoL Compilation)","Permanent Neow","SuperFastMode"],"gold_per_floor":[110,128,128,148,166,166,199,274,352,379,57,74,74,100,100,209,209,232,257,281,111,111,111,120,154,163,163,163,182,182,194,194,307,307,334,355,405,15,15,55,68,89,98,116,157,214,245,281,281,281],"floor_reached":51,"playtime":2251,"items_purged":["Strike_R","Regret"],"score":1390,"play_id":"bf12e98f-9f65-4709-89b8-cb6f3b6a50ae","local_time":"20201220180619","is_ascension_mode":true,"campfire_choices":[{"data":"Apotheosis","floor":6.0,"key":"SMITH"},{"data":"Evolve","floor":15.0,"key":"SMITH"},{"floor":23.0,"key":"REST"},{"floor":27.0,"key":"REST"},{"data":"Seeing Red","floor":30.0,"key":"SMITH"},{"data":"Fiend Fire","floor":32.0,"key":"SMITH"},{"data":"Pommel Strike","floor":49,"key":"SMITH"}],"circlet_count":0,"master_deck":["Strike_R","Strike_R","Strike_R","Strike_R","Defend_R","Defend_R","Defend_R","Defend_R","Bash","Apotheosis+1","Whirlwind","Whirlwind","Seeing Red+1","Fiend Fire+1","Flame Barrier","Evolve+1","Feed","Carnage","Pommel Strike","Headbutt","Shrug It Off","Parasite","Pommel Strike+1","Double Tap","Corruption+1","Shrug It Off+1","Shockwave","Dark Embrace+1","Finesse","Shrug It Off+1","Parasite","Writhe","Inflame+1","Shrug It Off+1","Double Tap"],"relics":["Burning Blood","WingedGreaves","Pantograph","CeramicFish","Red Skull","Mummified Hand","Shuriken","Cursed Key","Pen Nib","Enchiridion","Du-Vu Doll","Question Card","Frozen Egg 2","Snecko Eye","Thread and Needle","PreservedInsect","Lantern","Bottled Tornado","Happy Flower","Peace Pipe","Orichalcum","Oddly Smooth Stone"],"acts_visited":["Exordium","TheCity","TheBeyond"],"potions_floor_usage":[33,33,33,50,50,50],"damage_taken":[{"damage":5.0,"enemies":"Small Slimes","floor":1.0,"turns":4.0},{"damage":10.0,"enemies":"Jaw Worm","floor":2.0,"turns":5.0},{"damage":0.0,"enemies":"2 Louse","floor":4.0,"turns":1.0},{"damage":8.0,"enemies":"Large Slime","floor":5.0,"turns":6.0},{"damage":8.0,"enemies":"Gremlin Nob","floor":7.0,"turns":3.0},{"damage":32.0,"enemies":"Lagavulin","floor":10.0,"turns":6.0},{"damage":0.0,"enemies":"Looter","floor":12.0,"turns":2.0},{"damage":0.0,"enemies":"Gremlin Nob","floor":14.0,"turns":2.0},{"damage":17.0,"enemies":"Slime Boss","floor":16.0,"turns":5.0},{"damage":31.0,"enemies":"Spheric Guardian","floor":18.0,"turns":6.0},{"damage":23.0,"enemies":"Shell Parasite","floor":19.0,"turns":5.0},{"damage":12.0,"enemies":"Snake Plant","floor":20.0,"turns":2.0},{"damage":18.0,"enemies":"Slavers","floor":25.0,"turns":3.0},{"damage":3.0,"enemies":"Sentry and Sphere","floor":29.0,"turns":3.0},{"damage":2.0,"enemies":"3 Cultists","floor":31.0,"turns":3.0},{"damage":57,"enemies":"Automaton","floor":33,"turns":6},{"damage":8,"enemies":"Orb Walker","floor":35,"turns":2},{"damage":4,"enemies":"3 Shapes","floor":36,"turns":2},{"damage":20,"enemies":"Mind Bloom Boss Battle","floor":37,"turns":3},{"damage":0,"enemies":"Nemesis","floor":40,"turns":3},{"damage":0,"enemies":"Maw","floor":41,"turns":3},{"damage":0,"enemies":"Writhing Mass","floor":42,"turns":3},{"damage":0,"enemies":"Sphere and 2 Shapes","floor":44,"turns":3},{"damage":1,"enemies":"Giant Head","floor":45,"turns":2},{"damage":13,"enemies":"2 Orb Walkers","floor":46,"turns":3},{"damage":7,"enemies":"Nemesis","floor":47,"turns":3},{"damage":3,"enemies":"Giant Head","floor":48,"turns":4},{"damage":91,"enemies":"Awakened One","floor":50,"turns":11}],"seed_played":"5831851687800165260","potions_obtained":[{"floor":1.0,"key":"LiquidBronze"},{"floor":4.0,"key":"ElixirPotion"},{"floor":10.0,"key":"Fire Potion"},{"floor":12.0,"key":"SpeedPotion"},{"floor":16.0,"key":"LiquidBronze"},{"floor":18.0,"key":"CultistPotion"},{"floor":29.0,"key":"Energy Potion"},{"floor":31.0,"key":"Regen Potion"},{"floor":33,"key":"BlessingOfTheForge"},{"floor":36,"key":"Fire Potion"},{"floor":40,"key":"Block Potion"},{"floor":46,"key":"Block Potion"},{"floor":47,"key":"SteroidPotion"}],"is_trial":false,"path_per_floor":["M","M","?","M","M","R","E","?","T","E","$","M","?","E","R","B",null,"M","M","M","$","?","R","T","E","T","R","?","M","R","M","R","B",null,"M","M","?","$","?","E","M","M","T","M","E","?","E","E","R","B",null],"character_chosen":"IRONCLAD","items_purchased":["Flame Barrier","Evolve","Red Skull","Pen Nib","Shrug It Off","PreservedInsect","Dark Embrace+1","Finesse"],"campfire_rested":2,"item_purchase_floors":[11,11,11,21,21,38,38,38],"current_hp_per_floor":[72,68,73,77,75,75,73,62,62,36,36,42,35,41,41,55,72,51,34,28,28,12,36,36,24,24,48,48,51,51,55,55,34,69,71,76,78,78,78,88,94,96,96,99,99,92,91,98,98,18],"gold":281,"neow_bonus":"RANDOM_COLORLESS_2","is_daily":false,"chose_seed":false,"campfire_upgraded":5,"win_rate":0.0,"timestamp":1608455179,"path_taken":["M","M","?","M","M","R","E","?","T","E","$","?","?","E","R","BOSS","M","M","M","$","?","R","?","E","T","R","?","M","R","M","R","BOSS","M","M","?","$","?","E","M","?","T","M","E","?","E","E","R","BOSS"],"items_purchased_type":["Card","Card","Relic","Relic","Card","Relic","Card","Card"],"build_version":"2020-12-13","purchased_purges":2,"victory":true,"max_hp_per_floor":[72,72,77,77,77,77,77,77,77,77,77,77,77,77,77,77,77,81,81,81,81,81,81,81,81,81,81,81,81,81,81,81,81,81,85,88,92,92,92,96,96,96,96,99,99,99,99,103,103,103],"card_choices":[{"not_picked":["Panache","Secret Technique"],"picked":"Apotheosis","floor":0.0},{"not_picked":["Battle Trance","Heavy Blade"],"picked":"Whirlwind","floor":1.0},{"not_picked":["Flex","Clash"],"picked":"Whirlwind","floor":2.0},{"not_picked":["Clash","Reckless Charge"],"picked":"Seeing Red","floor":4.0},{"not_picked":["Armaments","Cleave","Thunderclap"],"picked":"SKIP","floor":5.0},{"not_picked":["Anger","Iron Wave"],"picked":"Fiend Fire","floor":7.0},{"not_picked":["Flex","Reckless Charge","Warcry"],"picked":"SKIP","floor":10.0},{"not_picked":["Havoc","Thunderclap","Warcry"],"picked":"SKIP","floor":12.0},{"not_picked":["Perfected Strike","Burning Pact","Combust"],"picked":"SKIP","floor":14.0},{"not_picked":["Barricade","Limit Break"],"picked":"Feed","floor":16.0},{"not_picked":["Heavy Blade+1","Pommel Strike"],"picked":"Carnage","floor":18.0},{"not_picked":["Burning Pact","Warcry"],"picked":"Pommel Strike","floor":19.0},{"not_picked":["Entrench","Spot Weakness"],"picked":"Headbutt","floor":20.0},{"not_picked":["Intimidate","Evolve"],"picked":"Pommel Strike","floor":25.0},{"not_picked":["Burning Pact+1","Flex+1","Intimidate"],"picked":"Double Tap","floor":29.0},{"not_picked":["Warcry","Anger+1","Reckless Charge+1","Cleave"],"picked":"SKIP","floor":31.0},{"not_picked":["Limit Break","Double Tap","Feed"],"picked":"Corruption+1","floor":33},{"not_picked":["Twin Strike+1","Pommel Strike+1","Clothesline"],"picked":"Shrug It Off+1","floor":35},{"not_picked":["Disarm","Entrench","Wild Strike"],"picked":"Shockwave","floor":36},{"not_picked":["Pummel","Body Slam+1","Pommel Strike"],"picked":"Shrug It Off+1","floor":40},{"not_picked":["Thunderclap","Anger+1","Infernal Blade","Uppercut"],"picked":"SKIP","floor":41},{"not_picked":["Rampage","Rage","Whirlwind+1","Cleave"],"picked":"SKIP","floor":42},{"not_picked":["Sever Soul+1","Cleave","Pommel Strike","Double Tap"],"picked":"SKIP","floor":44},{"not_picked":["Iron Wave","Carnage+1","Clothesline"],"picked":"Inflame+1","floor":45},{"not_picked":["True Grit+1","Flex+1","Anger"],"picked":"Shrug It Off+1","floor":46},{"not_picked":["Bludgeon","Shrug It Off+1","Limit Break","Carnage+1"],"picked":"SKIP","floor":47},{"not_picked":["Havoc","Perfected Strike+1","Sword Boomerang"],"picked":"Double Tap","floor":48}],"player_experience":304341,"relics_obtained":[{"floor":7.0,"key":"WingedGreaves"},{"floor":9.0,"key":"Pantograph"},{"floor":10.0,"key":"CeramicFish"},{"floor":14.0,"key":"Shuriken"},{"floor":22.0,"key":"Enchiridion"},{"floor":24.0,"key":"Du-Vu Doll"},{"floor":25.0,"key":"Question Card"},{"floor":26.0,"key":"Frozen Egg 2"},{"floor":37,"key":"Thread and Needle"},{"floor":40,"key":"Lantern"},{"floor":43,"key":"Bottled Tornado"},{"floor":45,"key":"Happy Flower"},{"floor":46,"key":"Peace Pipe"},{"floor":47,"key":"Orichalcum"},{"floor":48,"key":"Oddly Smooth Stone"}],"event_choices":[{"damage_healed":0.0,"max_hp_gain":5.0,"max_hp_loss":0.0,"gold_gain":0.0,"event_name":"Big Fish","player_choice":"Donut","floor":3.0,"gold_loss":0.0,"damage_taken":0.0},{"damage_healed":0.0,"max_hp_gain":0.0,"max_hp_loss":0.0,"gold_gain":75.0,"event_name":"World of Goop","player_choice":"Gather Gold","floor":8.0,"gold_loss":0.0,"damage_taken":11.0},{"damage_healed":0.0,"max_hp_gain":0.0,"max_hp_loss":0.0,"gold_gain":0.0,"event_name":"Scrap Ooze","player_choice":"Success","floor":13.0,"gold_loss":0.0,"damage_taken":7.0,"relics_obtained":["Mummified Hand"]},{"damage_healed":0.0,"max_hp_gain":0.0,"max_hp_loss":0.0,"gold_gain":0.0,"event_name":"Cursed Tome","player_choice":"Obtained Book","floor":22.0,"gold_loss":0.0,"damage_taken":16.0},{"damage_healed":0.0,"max_hp_gain":0.0,"max_hp_loss":0.0,"gold_gain":0.0,"event_name":"Ghosts","player_choice":"Ignored","floor":28.0,"gold_loss":0.0,"damage_taken":0.0},{"damage_healed":0,"gold_gain":0,"player_choice":"Fight","damage_taken":0,"max_hp_gain":0,"max_hp_loss":0,"event_name":"MindBloom","floor":37,"gold_loss":0},{"damage_healed":0,"gold_gain":0,"player_choice":"0 cards matched","damage_taken":0,"max_hp_gain":0,"max_hp_loss":0,"event_name":"Match and Keep!","floor":39,"gold_loss":0,"cards_obtained":[]},{"damage_healed":0,"gold_gain":0,"player_choice":"Fight","damage_taken":0,"max_hp_gain":0,"max_hp_loss":0,"event_name":"Mysterious Sphere","floor":46,"gold_loss":0}],"is_beta":false,"boss_relics":[{"not_picked":["Black Star","SlaversCollar"],"picked":"Cursed Key"},{"not_picked":["Runic Cube","SacredBark"],"picked":"Snecko Eye"}],"items_purged_floors":[11,38],"is_endless":false,"potions_floor_spawned":[1,4,10,12,16,18,29,31,33,36,40,46,47,48],"ascension_level":9}}