{"host":"ic2t2jxz7s3jvs1m","time":1608486983,"event":{"mods":["AchievementEnabler","Aspiration","BaseMod","Better Third Choice","Block Reminder","Colored Map","Conspire","Curses Come First","Downfall","Energized Spire","Halation","Hubris","Jess\u0027s Bottle","Minty Spire (QoL Compilation)","Relic Stats","Replay The Spire","SacredBarkPlus","Small Relic Pack","StSLib","The Blue Laboratory","Trackpad","Transform Curses","Uncapped","vexMod"],"gold_per_floor":[112,184,200,200,215,215,229,229,229,242,268,281,281,299,333,345,345,447,447,461,461,461,473,473,473,473],"floor_reached":25,"playtime":8177,"items_purged":[],"score":205,"play_id":"1c614b68-5546-4c76-b4cd-3501d0c820c3","local_time":"20201220115623","is_ascension_mode":false,"campfire_choices":[{"data":"Demon Form","floor":6,"key":"SMITH"},{"floor":13,"key":"REST"}],"circlet_count":0,"master_deck":["Strike_R","Strike_R","Strike_R","Strike_R","Defend_R","Defend_R","Defend_R","Defend_R","Bash","Demon Form+1","Shrug It Off+1","Clothesline","Armaments","Iron Wave","Replay:Undeath\u0027s Touch","Armaments+1","Clothesline","Pommel Strike","Spot Weakness+1","Bludgeon","Whirlwind+1","Replay:Many Hands+1","Replay:Undeath\u0027s Touch","Replay:Many Hands","Heavy Blade"],"relics":["Burning Blood","halation:LettersToHer","WarpedTongs","Anchor","hubris:IronBody","vexMod:ImprovementManual","hubris:BottledHeart","Chameleon Ring"],"acts_visited":["Exordium","TheCity"],"potions_floor_usage":[],"damage_taken":[{"damage":15.0,"enemies":"Jaw Worm","floor":1.0,"turns":5.0},{"damage":0,"enemies":"2 Louse","floor":3,"turns":3},{"damage":3,"enemies":"Small Slimes","floor":5,"turns":3},{"damage":22,"enemies":"Gremlin Gang","floor":7,"turns":6},{"damage":7,"enemies":"2 Fungi Beasts","floor":10,"turns":4},{"damage":15,"enemies":"Large Slime","floor":12,"turns":8},{"damage":2,"enemies":"Red Slaver","floor":14,"turns":4},{"damage":12,"enemies":"3 Sentries","floor":15,"turns":5},{"damage":5,"enemies":"Exordium Thugs","floor":16,"turns":3},{"damage":19,"enemies":"Slime Boss","floor":18,"turns":6},{"damage":0,"enemies":"Chosen","floor":20,"turns":4},{"damage":0,"enemies":"3 Byrds","floor":23,"turns":6},{"damage":2,"enemies":"Gremlin Leader","floor":25,"turns":3}],"seed_played":"7158763710097544811","potions_obtained":[{"floor":2,"key":"blueLaboratory:SavagePotion"},{"floor":2,"key":"Strength Potion"},{"floor":3,"key":"Weak Potion"},{"floor":5,"key":"blueLaboratory:Moonshine"},{"floor":15,"key":"blueLaboratory:BubblePotion"},{"floor":16,"key":"Strength Potion"}],"is_trial":false,"path_per_floor":["M","?","M","?","M","R","M","PTL","PTL","M","T","M","R","M","E","M","R_BF","B",null,"M","?","?","M","T","E"],"character_chosen":"IRONCLAD","items_purchased":[],"campfire_rested":1,"item_purchase_floors":[],"current_hp_per_floor":[71,51,57,57,60,60,44,44,44,43,43,34,58,62,56,57,57,44,80,80,1,1,1,1,0,0],"gold":473,"neow_bonus":"ONE_RANDOM_RARE_CARD","is_daily":false,"chose_seed":false,"campfire_upgraded":1,"win_rate":0.0,"timestamp":1608486983,"path_taken":["M","?","M","?","?","R","M","PTL","PTL","?","T","M","R","M","E","?","R_BF","BOSS","M","?","?","?","?","E"],"items_purchased_type":[],"build_version":"2020-12-13","purchased_purges":0,"victory":false,"max_hp_per_floor":[80,80,80,80,80,80,80,80,80,80,80,80,80,80,80,80,80,80,80,80,1,1,1,1,1,1],"relic_stats":{"counters":[13,60],"obtain_stats":[{"Anchor":11,"Chameleon Ring":24,"hubris:BottledHeart":21,"hubris:IronBody":15,"halation:LettersToHer":2,"Burning Blood":0,"vexMod:ImprovementManual":19,"WarpedTongs":4},{"Anchor":5,"Chameleon Ring":12,"hubris:BottledHeart":11,"hubris:IronBody":8,"halation:LettersToHer":1,"Burning Blood":0,"vexMod:ImprovementManual":10,"WarpedTongs":2},{"Anchor":21,"Chameleon Ring":57,"hubris:BottledHeart":51,"hubris:IronBody":38,"halation:LettersToHer":5,"Burning Blood":0,"vexMod:ImprovementManual":47,"WarpedTongs":8}],"Burning Blood":60,"WarpedTongs":[52]},"card_choices":[{"not_picked":["Perfected Strike","Feel No Pain"],"picked":"Shrug It Off","floor":1.0},{"not_picked":["Headbutt","Clash"],"picked":"Clothesline","floor":2},{"not_picked":["ReplayTheSpireMod:Strike From Hell","Berserk"],"picked":"Armaments","floor":3},{"not_picked":["Fire Breathing","Second Wind"],"picked":"Iron Wave","floor":5},{"not_picked":["Searing Blow","Infernal Blade"],"picked":"Replay:Undeath\u0027s Touch","floor":7},{"not_picked":["Perfected Strike","Life Link"],"picked":"Armaments","floor":10},{"not_picked":["Headbutt","Combust"],"picked":"Clothesline","floor":12},{"not_picked":["ReplayReversal","Abandon"],"picked":"Pommel Strike","floor":14},{"not_picked":["Blood for Blood","Seeing Red"],"picked":"Spot Weakness","floor":15},{"not_picked":["Havoc","ReplayTheSpireMod:Corrosion Curse"],"picked":"Bludgeon","floor":16},{"not_picked":["Corruption","Fiend Fire"],"picked":"Replay:Many Hands","floor":18},{"not_picked":["Reckless Charge","Clothesline"],"picked":"Replay:Undeath\u0027s Touch","floor":20},{"not_picked":["Thunderclap+1","Clash"],"picked":"Heavy Blade","floor":23}],"player_experience":225763,"relics_obtained":[{"floor":2,"key":"halation:LettersToHer"},{"floor":11,"key":"halation:LettersToHer"},{"floor":11,"key":"Anchor"},{"floor":15,"key":"hubris:IronBody"},{"floor":24,"key":"halation:LettersToHer"},{"floor":24,"key":"Chameleon Ring"}],"event_choices":[{"damage_healed":0,"gold_gain":0,"player_choice":"Rummage","damage_taken":0,"relics_obtained":["WarpedTongs"],"max_hp_gain":0,"max_hp_loss":0,"event_name":"Accursed Blacksmith","floor":4,"gold_loss":0,"cards_obtained":["Pain"]},{"damage_healed":0,"gold_gain":0,"cards_transformed":["Strike_R"],"player_choice":"Transformed","damage_taken":0,"max_hp_gain":0,"max_hp_loss":0,"event_name":"Transmorgrifier","floor":22,"gold_loss":0,"cards_obtained":["Replay:Many Hands"]}],"is_beta":false,"boss_relics":[{"not_picked":["trackpad:StolenKidneys","halation:CatFaceCupcake"],"picked":"vexMod:ImprovementManual"}],"items_purged_floors":[],"is_endless":false,"potions_floor_spawned":[3,5,15,16,20],"killed_by":"Gremlin Leader","ascension_level":0}}