{"host":"0azimyi6n3ugndj4","time":1608464999,"event":{"mods":["BaseMod","Bestiary","Conspire","Curses Come First","Defuse TimeMaze Blight","Hyrulean Relics","Infinite Spire","Minty Spire (QoL Compilation)","Relic Sorter","Relic Stats","Replay The Spire","StSLib","SuperFastMode","Uncapped","¡¼?Úª?ø«¡½REMEMod"],"gold_per_floor":[147,147,198,198,246,342,399,492,492,546,573,573,666,726,726,966,966,1002,1013,1063,1063,1063],"floor_reached":21,"playtime":572,"items_purged":[],"score":602,"play_id":"05b3ef9c-fc5a-4c09-9746-dbf886744f54","local_time":"20201220204959","daily_mods":["Insanity","Chimera","Specialized","Vintage","ControlledChaos","Allstar","Diverse","Colorless Cards","Heirloom","Time Dilation","Binary","Elite Swarm","Lethality","Midas","Uncertain Future"],"is_ascension_mode":true,"campfire_choices":[{"floor":12,"key":"REST"},{"floor":15,"key":"REST"}],"circlet_count":0,"master_deck":["Demon Form","Wraith Form v2","Echo Form","DevaForm","AscendersBane","Bash","Survivor","Zap","Eruption","Strike_R","Strike_G+1","Strike_B","Defend_R","Defend_G+1","Defend_P","All Out Attack","Replay:Sssssssssstrike","Compile Driver","Darkness","Go for the Eyes","Infinite Blades","Body Slam","Evaluate","Expertise","PathToVictory","Deep Breath","True Grit","Enlightenment","Havoc","Predator","Blizzard","Headbutt","BasicCrystalCard","conspire:Banana","Clothesline","Replay:Sssssssssstrike","Tantrum","Acrobatics","ReplayTheSpireMod:Corrosion Curse","Blind","SandsOfTime","Replay:Undeath\u0027s Touch","BowlingBash","Leap","True Grit","Prepared","ReplayTheSpireMod:GoodbyeWorld","REME_SelfUpgrade","Beam Cell","FlurryOfBlows","JustLucky","Protect","ReplayTheSpireMod:Strike From Hell","Barrage","Slice","Turbo","Bane","Sucker Punch","Entrench","Barrage","Poisoned Stab","conspire:Charge","Cloak And Dagger","Rebound","JustLucky","Hidden Blade","Hidden Blade","Hidden Blade","Hidden Blade","Hidden Blade","Panache","Panacea","Swift Strike","ReplayTheSpireMod:Necrogeddon","ReplayTheSpireMod:Trickstab","Rainbow","conspire:HitWhereItHurts","Phantasmal Killer","Regret","Replay:Hysterical Blindness","infinitespire:UltimateForm","Corpse Explosion","Vault"],"relics":["Ring of the Snake","Frozen Eye","REME_ComplimentaryCards","FossilizedHelix","MealTicket","infinitespire:FocusingShard","Centennial Puzzle","zeldaRelics:CourageTriforce","CeramicFish","conspire:Flyswatter","zeldaRelics:WisdomPiece","Mummified Hand","conspire:SpecialSausage","infinitespire:Satchel","Simple Rune"],"acts_visited":["Exordium","TheCity"],"potions_floor_usage":[19,19],"damage_taken":[{"damage":0,"enemies":"2 Louse","floor":1,"turns":2},{"damage":0,"enemies":"Cultist","floor":3,"turns":4},{"damage":3,"enemies":"conspire:RoseBush","floor":5,"turns":3},{"damage":23,"enemies":"Replay:BlueRogue","floor":6,"turns":4},{"damage":0,"enemies":"Large Slime","floor":7,"turns":2},{"damage":0,"enemies":"Gremlin Nob","floor":8,"turns":3},{"damage":26,"enemies":"conspire:2 RoseBushes","floor":10,"turns":4},{"damage":19,"enemies":"Lagavulin","floor":13,"turns":4},{"damage":0,"enemies":"Blue Slaver","floor":14,"turns":2},{"damage":34,"enemies":"Fading Forest","floor":16,"turns":12},{"damage":15,"enemies":"conspire:FuzzyDice","floor":18,"turns":4},{"damage":36,"enemies":"2 Thieves","floor":19,"turns":4},{"damage":9,"enemies":"3 Cultists","floor":21,"turns":2}],"seed_played":"526897880363718656","potions_obtained":[{"floor":1,"key":"ColorlessPotion"},{"floor":3,"key":"BlessingOfTheForge"},{"floor":6,"key":"Swift Potion"}],"is_trial":true,"path_per_floor":["M","$","M","?","M","E","M","E","T","M","?","R","E","M","R","B",null,"M","M","?","M"],"character_chosen":"THE_SILENT","items_purchased":[],"campfire_rested":2,"item_purchase_floors":[],"current_hp_per_floor":[59,66,66,66,64,41,41,41,41,15,15,35,16,17,37,4,53,38,2,2,0,0],"gold":1063,"neow_bonus":"","is_daily":false,"chose_seed":false,"campfire_upgraded":0,"win_rate":0.0,"timestamp":1608464999,"path_taken":["M","$","M","?","M","E","M","E","T","?","?","R","E","M","R","BOSS","M","M","?","M"],"items_purchased_type":[],"build_version":"2020-12-13","purchased_purges":0,"victory":false,"max_hp_per_floor":[66,66,66,66,67,67,67,67,67,67,67,67,67,68,68,69,69,69,69,69,69,69],"relic_stats":{"Centennial Puzzle":[18],"counters":[13,50],"Mummified Hand":[12],"CeramicFish":54,"MealTicket":7,"obtain_stats":[{"zeldaRelics:WisdomPiece":13,"CeramicFish":7,"conspire:SpecialSausage":17,"infinitespire:FocusingShard":3,"zeldaRelics:CourageTriforce":9,"Frozen Eye":0,"Centennial Puzzle":5,"Mummified Hand":14,"infinitespire:Satchel":18,"MealTicket":1,"Simple Rune":19,"zeldaRelics:CouragePiece":6,"FossilizedHelix":0,"Ring of the Snake":0,"REME_ComplimentaryCards":0,"conspire:Flyswatter":10},{"zeldaRelics:WisdomPiece":8,"CeramicFish":5,"conspire:SpecialSausage":10,"infinitespire:FocusingShard":2,"zeldaRelics:CourageTriforce":6,"Frozen Eye":0,"Centennial Puzzle":3,"Mummified Hand":9,"infinitespire:Satchel":11,"MealTicket":1,"Simple Rune":12,"zeldaRelics:CouragePiece":4,"FossilizedHelix":0,"Ring of the Snake":0,"REME_ComplimentaryCards":0,"conspire:Flyswatter":7},{"zeldaRelics:WisdomPiece":26,"CeramicFish":15,"conspire:SpecialSausage":40,"infinitespire:FocusingShard":6,"zeldaRelics:CourageTriforce":18,"Frozen Eye":0,"Centennial Puzzle":9,"Mummified Hand":28,"infinitespire:Satchel":44,"MealTicket":2,"Simple Rune":48,"zeldaRelics:CouragePiece":13,"FossilizedHelix":0,"Ring of the Snake":0,"REME_ComplimentaryCards":0,"conspire:Flyswatter":22}],"Ring of the Snake":[26]},"card_choices":[{"not_picked":["Multi-Cast"],"picked":"conspire:HitWhereItHurts","floor":6},{"not_picked":["HandOfGreed","Panache"],"picked":"Phantasmal Killer","floor":8},{"not_picked":["infinitespire:Execution","infinitespire:Punishment"],"picked":"infinitespire:UltimateForm","floor":11},{"not_picked":["All For One"],"picked":"Corpse Explosion","floor":13},{"not_picked":["Bullet Time"],"picked":"Vault","floor":16}],"player_experience":1480022,"relics_obtained":[{"floor":1,"key":"MealTicket"},{"floor":3,"key":"infinitespire:FocusingShard"},{"floor":5,"key":"Centennial Puzzle"},{"floor":6,"key":"zeldaRelics:CouragePiece"},{"floor":7,"key":"CeramicFish"},{"floor":8,"key":"zeldaRelics:CouragePiece"},{"floor":9,"key":"zeldaRelics:CouragePiece"},{"floor":10,"key":"conspire:Flyswatter"},{"floor":13,"key":"zeldaRelics:WisdomPiece"},{"floor":14,"key":"Mummified Hand"},{"floor":18,"key":"infinitespire:Satchel"},{"floor":19,"key":"Simple Rune"}],"event_choices":[{"damage_healed":0,"gold_gain":0,"player_choice":"Got Potions","damage_taken":0,"max_hp_gain":0,"max_hp_loss":0,"event_name":"Lab","floor":4,"gold_loss":0},{"damage_healed":0,"gold_gain":50,"player_choice":"Stole From Cult","damage_taken":0,"max_hp_gain":0,"max_hp_loss":0,"event_name":"Nest","floor":20,"gold_loss":0}],"is_beta":false,"boss_relics":[{"not_picked":["Calling Bell","conspire:RoyalGoblet"],"picked":"conspire:SpecialSausage"}],"items_purged_floors":[],"is_endless":false,"potions_floor_spawned":[1,3,6,7,16,18],"killed_by":"3 Cultists","ascension_level":20}}