{"host":"07ljfmttuzqopd7f","time":1608450200,"event":{"mods":["2.2 Compatiblity","BaseMod","Bestiary","Block Reminder","Colored Map","Colored Powertips","Curses Come First","Hermit","Minty Spire (QoL Compilation)","Quick Restart","Random Character Button","Rare Cards Sparkle","Relic Stats","StSLib","The Cursed","UnlockEverythingMod","everything is the same but u backflip on backflip"],"gold_per_floor":[114,114,114,114,114,151,0,0,82,92,276,312,322,21,21,127,127,52,52,12,12,22,22,65,80,104,145,145,164,20,35,35,149,149,161,170,0,11,11,11,45,45,45,86,117,148,160,172,184,196],"floor_reached":51,"playtime":3229,"items_purged":["TheCursedMod:Defend_TheCursed"],"score":881,"play_id":"932e5ebb-b6a3-443e-9e96-8b6f6caa370b","local_time":"20201220024320","is_ascension_mode":true,"campfire_choices":[{"floor":8,"key":"REST"},{"floor":15,"key":"REST"},{"data":"TheCursedMod:ForbiddenAlchemy","floor":23,"key":"SMITH"},{"data":"TheCursedMod:CursedStaff","floor":32,"key":"SMITH"},{"data":"TheCursedMod:CursedBoomerang","floor":40,"key":"SMITH"},{"floor":42,"key":"REST"},{"data":"TheCursedMod:SoulReap","floor":47,"key":"SMITH"},{"data":"Discovery","floor":49,"key":"SMITH"}],"circlet_count":0,"master_deck":["TheCursedMod:Strike_TheCursed","TheCursedMod:Strike_TheCursed+1","TheCursedMod:Strike_TheCursed","TheCursedMod:Strike_TheCursed+1","TheCursedMod:Defend_TheCursed","TheCursedMod:Defend_TheCursed","TheCursedMod:Defend_TheCursed","TheCursedMod:CursedWand","TheCursedMod:CleanUpWorkshop","TheCursedMod:Dregs","TheCursedMod:FleshFromBone+1","TheCursedMod:SoulReap+1","TheCursedMod:LuckyCharm","TheCursedMod:CursedBoomerang+1","Doubt","TheCursedMod:ForbiddenAlchemy+1","TheCursedMod:CursedStaff+1","TheCursedMod:StunningStrike","TheCursedMod:CursedShiv","TheCursedMod:LuckyCharm","TheCursedMod:BlessingInDisguise","TheCursedMod:SurpriseAttack","TheCursedMod:DemonSword","Discovery+1","TheCursedMod:SpitefulPlan+1"],"relics":["TheCursedMod:BlackMagic101","Boot","CeramicFish","Matryoshka","PreservedInsect","Omamori","TheCursedMod:FourLeafCloverCharm","Smiling Mask","Ancient Tea Set","Toy Ornithopter","Mango","OrangePellets","TheCursedMod:OminousMark","Red Mask","Singing Bowl","Pen Nib","MawBank","Nunchaku","Whetstone"],"acts_visited":["Exordium","TheCity","TheBeyond"],"potions_floor_usage":[6,12,16,16,16,16,16,18,18,18,24,24,27,27,27,27,27,27,29,29,29,29,29,29,29,31,31,31,31,31,31,33,33,33,33,33,38,38,41,41,41,41,41,45,45,46,46,48,48,48,48,48,48,48,48,48,50,50,50,50],"damage_taken":[{"damage":0,"enemies":"Cultist","floor":1,"turns":3},{"damage":54,"enemies":"3 Sentries","floor":6,"turns":18},{"damage":3,"enemies":"Small Slimes","floor":10,"turns":4},{"damage":1,"enemies":"Lagavulin","floor":12,"turns":9},{"damage":3,"enemies":"2 Louse","floor":13,"turns":4},{"damage":37,"enemies":"Hexaghost","floor":16,"turns":9},{"damage":24,"enemies":"2 Thieves","floor":18,"turns":4},{"damage":12,"enemies":"Spheric Guardian","floor":22,"turns":5},{"damage":20,"enemies":"Slavers","floor":24,"turns":6},{"damage":4,"enemies":"Centurion and Healer","floor":25,"turns":9},{"damage":24,"enemies":"Gremlin Leader","floor":27,"turns":6},{"damage":25,"enemies":"Cultist and Chosen","floor":29,"turns":10},{"damage":12,"enemies":"Snake Plant","floor":31,"turns":5},{"damage":28,"enemies":"Champ","floor":33,"turns":33},{"damage":8,"enemies":"3 Shapes","floor":35,"turns":5},{"damage":25,"enemies":"3 Darklings","floor":38,"turns":7},{"damage":84,"enemies":"Giant Head","floor":41,"turns":14},{"damage":18,"enemies":"Nemesis","floor":44,"turns":6},{"damage":0,"enemies":"Maw","floor":45,"turns":9},{"damage":0,"enemies":"Spire Growth","floor":46,"turns":5},{"damage":27,"enemies":"Sphere and 2 Shapes","floor":48,"turns":13},{"damage":103,"enemies":"Awakened One","floor":50,"turns":18}],"seed_played":"-7675558339003270605","potions_obtained":[{"floor":1,"key":"DuplicationPotion"},{"floor":6,"key":"PowerPotion"},{"floor":13,"key":"AttackPotion"},{"floor":16,"key":"Fire Potion"},{"floor":22,"key":"AttackPotion"},{"floor":24,"key":"FearPotion"},{"floor":28,"key":"Weak Potion"},{"floor":28,"key":"Ancient Potion"},{"floor":28,"key":"SkillPotion"},{"floor":29,"key":"Explosive Potion"},{"floor":44,"key":"Weak Potion"},{"floor":45,"key":"Regen Potion"}],"is_trial":false,"path_per_floor":["M","?","?","?","?","E","$","R","T","M","?","E","M","$","R","B",null,"M","?","$","?","M","R","E","M","T","E","?","M","$","M","R","B",null,"M","?","?","M","?","R","E","R","T","E","M","M","R","M","R","B",null],"character_chosen":"THE_CURSED","items_purchased":["TheCursedMod:LuckyCharm","TheCursedMod:CursedBoomerang","Block Potion","Omamori","TheCursedMod:CursedStaff","TheCursedMod:CursedShiv","OrangePellets"],"campfire_rested":3,"item_purchase_floors":[7,7,7,14,14,20,30],"current_hp_per_floor":[82,82,82,82,70,16,16,40,40,42,42,46,48,48,72,43,82,58,58,58,58,46,46,26,27,27,54,54,77,77,89,89,76,96,92,92,92,78,78,78,20,48,48,37,54,95,95,85,85,6],"gold":208,"neow_bonus":"TEN_PERCENT_HP_BONUS","is_daily":false,"chose_seed":false,"campfire_upgraded":5,"win_rate":0.0,"timestamp":1608450200,"path_taken":["M","?","?","?","?","E","$","R","T","M","?","E","M","?","R","BOSS","M","?","$","?","M","R","E","?","T","E","?","M","$","M","R","BOSS","M","?","?","M","?","R","E","R","T","E","?","M","R","M","R","BOSS"],"items_purchased_type":["Card","Card","Potion","Relic","Card","Card","Relic"],"build_version":"2020-12-13","purchased_purges":1,"victory":true,"max_hp_per_floor":[82,82,82,82,82,82,82,82,82,82,82,82,82,82,82,82,82,82,82,82,82,82,82,82,82,82,96,96,96,96,96,96,96,96,96,96,96,96,96,96,96,96,96,98,100,102,102,102,102,102],"relic_stats":{"Singing Bowl":6,"counters":[22,202],"CeramicFish":126,"PreservedInsect":256,"Pen Nib":[10],"Whetstone":["TheCursedMod:Strike_TheCursed","TheCursedMod:Strike_TheCursed"],"Boot":[167],"Smiling Mask":0,"MawBank":96,"OrangePellets":[6],"Nunchaku":[10],"obtain_stats":[{"TheCursedMod:BlackMagic101":0,"TheCursedMod:FourLeafCloverCharm":17,"Singing Bowl":39,"CeramicFish":6,"Mango":27,"PreservedInsect":12,"Pen Nib":41,"Omamori":14,"Whetstone":44,"Boot":5,"Smiling Mask":24,"Ancient Tea Set":26,"MawBank":43,"OrangePellets":30,"Nunchaku":43,"Matryoshka":9,"TheCursedMod:OminousMark":34,"Red Mask":37,"Toy Ornithopter":26},{"TheCursedMod:BlackMagic101":0,"TheCursedMod:FourLeafCloverCharm":6,"Singing Bowl":16,"CeramicFish":2,"Mango":11,"PreservedInsect":4,"Pen Nib":17,"Omamori":5,"Whetstone":18,"Boot":1,"Smiling Mask":9,"Ancient Tea Set":10,"MawBank":17,"OrangePellets":12,"Nunchaku":17,"Matryoshka":2,"TheCursedMod:OminousMark":14,"Red Mask":15,"Toy Ornithopter":10},{"TheCursedMod:BlackMagic101":0,"TheCursedMod:FourLeafCloverCharm":47,"Singing Bowl":137,"CeramicFish":21,"Mango":77,"PreservedInsect":34,"Pen Nib":151,"Omamori":38,"Whetstone":157,"Boot":3,"Smiling Mask":62,"Ancient Tea Set":71,"MawBank":151,"OrangePellets":87,"Nunchaku":151,"Matryoshka":21,"TheCursedMod:OminousMark":125,"Red Mask":130,"Toy Ornithopter":71}],"Toy Ornithopter":163},"card_choices":[{"not_picked":["TheCursedMod:CircleOfFocus","TheCursedMod:TacticalStrike"],"picked":"TheCursedMod:FleshFromBone","floor":1},{"not_picked":["TheCursedMod:Torture","TheCursedMod:RapidMovement"],"picked":"TheCursedMod:SoulReap","floor":6},{"not_picked":["TheCursedMod:CircleOfCorruption","TheCursedMod:Stigma","TheCursedMod:CircleOfFocus"],"picked":"SKIP","floor":10},{"not_picked":["TheCursedMod:LuckyCharm","TheCursedMod:RapidMovement"],"picked":"TheCursedMod:ForbiddenAlchemy","floor":12},{"not_picked":["TheCursedMod:FleshFromBone","TheCursedMod:CursedBoomerang","TheCursedMod:Wield"],"picked":"SKIP","floor":13},{"not_picked":["TheCursedMod:CollectTribute","TheCursedMod:ParallelWorld"],"picked":"TheCursedMod:StunningStrike","floor":16},{"not_picked":["TheCursedMod:Obscuration","TheCursedMod:Grudge","TheCursedMod:Stretching"],"picked":"SKIP","floor":22},{"not_picked":["TheCursedMod:CursedBlade","TheCursedMod:VitalStrike+1"],"picked":"TheCursedMod:LuckyCharm","floor":24},{"not_picked":["TheCursedMod:CursedMace+1","TheCursedMod:BloodBarrier+1","TheCursedMod:Hemoplague"],"picked":"SKIP","floor":25},{"not_picked":["TheCursedMod:CursedShiv","TheCursedMod:Obscuration"],"picked":"TheCursedMod:BlessingInDisguise","floor":27},{"not_picked":["TheCursedMod:FuryStrike","TheCursedMod:Obscuration"],"picked":"TheCursedMod:SurpriseAttack","floor":29},{"not_picked":["TheCursedMod:CursedShiv","TheCursedMod:CircleOfCorruption","TheCursedMod:Wield"],"picked":"SKIP","floor":31},{"not_picked":["TheCursedMod:CollectTribute","TheCursedMod:DarkBarrier"],"picked":"TheCursedMod:DemonSword","floor":33},{"not_picked":["TheCursedMod:RavingStaff+1","TheCursedMod:HellfireBreathing","TheCursedMod:FleshFromBone"],"picked":"SKIP","floor":35},{"not_picked":["Mind Blast","Swift Strike"],"picked":"Discovery","floor":36},{"not_picked":["TheCursedMod:TacticalStrike+1","TheCursedMod:CursedMace","TheCursedMod:Wield"],"picked":"SKIP","floor":38},{"not_picked":["TheCursedMod:SmokeScreen+1","TheCursedMod:WearCloak+1"],"picked":"TheCursedMod:SpitefulPlan+1","floor":41},{"not_picked":["TheCursedMod:Stigma+1","TheCursedMod:Obscuration","TheCursedMod:CursedMace"],"picked":"Singing Bowl","floor":44},{"not_picked":["TheCursedMod:CursedBlade","TheCursedMod:WearCloak","TheCursedMod:CursedShiv+1"],"picked":"Singing Bowl","floor":45},{"not_picked":["TheCursedMod:Obscuration+1","TheCursedMod:SmokeScreen+1","TheCursedMod:VitalStrike"],"picked":"Singing Bowl","floor":46}],"player_experience":434436,"relics_obtained":[{"floor":6,"key":"CeramicFish"},{"floor":9,"key":"Matryoshka"},{"floor":12,"key":"PreservedInsect"},{"floor":24,"key":"Smiling Mask"},{"floor":26,"key":"Ancient Tea Set"},{"floor":26,"key":"Toy Ornithopter"},{"floor":27,"key":"Mango"},{"floor":41,"key":"Pen Nib"},{"floor":43,"key":"MawBank"},{"floor":43,"key":"Nunchaku"},{"floor":44,"key":"Whetstone"}],"event_choices":[{"damage_healed":0,"gold_gain":0,"player_choice":"Leave","damage_taken":0,"max_hp_gain":0,"max_hp_loss":0,"event_name":"The Cleric","floor":2,"gold_loss":0},{"damage_healed":0,"gold_gain":0,"player_choice":"Grow","damage_taken":0,"max_hp_gain":0,"max_hp_loss":0,"event_name":"Living Wall","floor":3,"gold_loss":0,"cards_upgraded":["TheCursedMod:FleshFromBone"]},{"damage_healed":0,"gold_gain":0,"player_choice":"Ignored","damage_taken":0,"max_hp_gain":0,"max_hp_loss":0,"event_name":"Golden Wing","floor":4,"gold_loss":0},{"damage_healed":0,"gold_gain":0,"player_choice":"Success","damage_taken":12,"relics_obtained":["Boot"],"max_hp_gain":0,"max_hp_loss":0,"event_name":"Scrap Ooze","floor":5,"gold_loss":0},{"damage_healed":0,"gold_gain":175,"player_choice":"AGREE","damage_taken":0,"max_hp_gain":0,"max_hp_loss":0,"event_name":"Liars Game","floor":11,"gold_loss":0,"cards_obtained":["Doubt"]},{"damage_healed":0,"gold_gain":0,"player_choice":"Smashed Altar","damage_taken":0,"max_hp_gain":0,"max_hp_loss":0,"event_name":"Forgotten Altar","floor":19,"gold_loss":0,"cards_obtained":["Decay"]},{"damage_healed":0,"gold_gain":0,"player_choice":"Ignored","damage_taken":0,"max_hp_gain":0,"max_hp_loss":0,"event_name":"Vampires","floor":21,"gold_loss":0},{"damage_healed":0,"gold_gain":0,"player_choice":"Got Potions","damage_taken":0,"max_hp_gain":0,"max_hp_loss":0,"event_name":"Lab","floor":28,"gold_loss":0},{"damage_healed":0,"gold_gain":0,"player_choice":"Memory 1","damage_taken":0,"max_hp_gain":0,"max_hp_loss":0,"event_name":"SensoryStone","floor":36,"gold_loss":0},{"damage_healed":0,"gold_gain":0,"player_choice":"Paid","damage_taken":0,"relics_obtained":["Red Mask"],"max_hp_gain":0,"max_hp_loss":0,"event_name":"Tomb of Lord Red Mask","floor":37,"gold_loss":170},{"damage_healed":0,"gold_gain":0,"player_choice":"Gave Potion","damage_taken":0,"relics_obtained":["Singing Bowl"],"max_hp_gain":0,"max_hp_loss":0,"event_name":"WeMeetAgain","floor":39,"gold_loss":0}],"is_beta":false,"boss_relics":[{"not_picked":["Astrolabe","Empty Cage"],"picked":"TheCursedMod:FourLeafCloverCharm"},{"not_picked":["Sozu","Calling Bell"],"picked":"TheCursedMod:OminousMark"}],"items_purged_floors":[14],"is_endless":false,"potions_floor_spawned":[1,6,13,16,22,24,25,29,44,45,48],"ascension_level":3}}