{"host":"jewdtr7eremy7cl3","time":1608433353,"event":{"mods":["ATMod(阿瑾Mod)","Act Like it!","BaseMod","Dota2Spire","Gensokyo","Minty Spire (QoL Compilation)","Remilia（蕾米莉亚）","Spicy Shops","StSLib","The Alterego","The Cursed","The Forsaken","The Servant 0.9.4","TheWitcher","WarShipGirlsR/战舰少女R mod","Youmu（魂魄妖梦）","【东方二次创作】八云紫mod"],"gold_per_floor":[111,111,111,129,144,169,20,20,73,73,458,458,468,487,487,590,590,607,607,30,48,0,0,438,452,452,452,452,466,109,125,125,223,223,767,767,812,827,827,827],"floor_reached":39,"playtime":2770,"items_purged":["Pain","theForsaken:PlagueCurse"],"score":459,"play_id":"dda7c2d2-d89f-4a54-a402-d3be4cca168b","local_time":"20201220110233","is_ascension_mode":false,"campfire_choices":[{"data":"KidneyShot","floor":10,"key":"SMITH"},{"floor":15,"key":"REST"},{"floor":23,"key":"REST"},{"floor":27,"key":"REST"},{"floor":32,"key":"REST"}],"circlet_count":0,"master_deck":["Strike_S","Strike_S","Strike_S","Strike_S","Defend_S","Defend_S","Defend_S+1","Defend_S","KidneyShot+1","Exchange+1","Luminosity","Injury","Potential","Ricochet+1","Luminosity+1","BestPractice+1","TheWorld+1","ReturningBlade+1","SilverBlades","Desolation","ReturningBlade","Luminosity","Foresight","Dash","Defy+1","SurpressingFire","Advance","Rearm","FloweringNight","WasteNot","LightFlow","Starlight+1","StarChef"],"relics":["Uniform","AT_ATBox","NeowsBlessing","Gensokyo:LunaticRedEyes","Potion Belt","Dota2Spire:DrumOfEndurance","Lee\u0027s Waffle","Gensokyo:OccultBall","Dota2Spire:Vanguard","Gambling Chip","Gensokyo:Justice","Astrolabe","theForsaken:PlagueMask","Toy Ornithopter","Pear","War Paint","Dota2Spire:BattleFury","theForsaken:Lifeblossom","Dota2Spire:Bloodstone","Ice Cream"],"acts_visited":["Gensokyo:Gensokyo","Gensokyo:Gensokyoer","TheBeyond"],"potions_floor_usage":[6,6,16,16,24,29,29,33,39],"damage_taken":[{"damage":0,"enemies":"Gensokyo:Gryphon","floor":1,"turns":1},{"damage":0,"enemies":"Gensokyo:3_Fairies","floor":4,"turns":1},{"damage":0,"enemies":"Gensokyo:2_Kodama","floor":5,"turns":1},{"damage":53,"enemies":"Gensokyo:Aya","floor":6,"turns":8},{"damage":61,"enemies":"Gensokyo:Cirno","floor":11,"turns":6},{"damage":0,"enemies":"Gensokyo:LivingMonolith","floor":13,"turns":1},{"damage":0,"enemies":"Gensokyo:3_Kodama","floor":14,"turns":1},{"damage":27,"enemies":"Gensokyo:Kokoro","floor":16,"turns":11},{"damage":17,"enemies":"Gensokyo:2_Gloops","floor":18,"turns":2},{"damage":0,"enemies":"Gensokyo:3_Dogs","floor":21,"turns":3},{"damage":76,"enemies":"Gensokyo:Reisen","floor":24,"turns":6},{"damage":5,"enemies":"Gensokyo:3_Gloops","floor":25,"turns":3},{"damage":0,"enemies":"Gensokyo:Swordslinger","floor":29,"turns":2},{"damage":0,"enemies":"Gensokyo:Wraith","floor":31,"turns":4},{"damage":35,"enemies":"Gensokyo:Kaguya","floor":33,"turns":9},{"damage":68,"enemies":"3 Darklings","floor":35,"turns":4},{"damage":17,"enemies":"2 Orb Walkers","floor":37,"turns":4},{"damage":0,"enemies":"Orb Walker","floor":38,"turns":2},{"damage":23,"enemies":"Sphere and 2 Shapes","floor":39,"turns":3}],"seed_played":"-8932581882177822090","potions_obtained":[{"floor":1,"key":"EssenceOfSteel"},{"floor":4,"key":"Strength Potion"},{"floor":11,"key":"Regen Potion"},{"floor":13,"key":"Ancient Potion"},{"floor":16,"key":"AttackPotion"},{"floor":21,"key":"Block Potion"},{"floor":25,"key":"Swift Potion"},{"floor":31,"key":"AttackPotion"},{"floor":38,"key":"LiquidBronze"}],"is_trial":false,"path_per_floor":["M","?","?","M","M","E","$","?","T","R","E","?","M","M","R","B",null,"M","?","$","M","?","R","E","M","T","R","?","M","$","M","R","B",null,"M","?","?","M","M"],"character_chosen":"THE_SERVANT","items_purchased":["Lee\u0027s Waffle","SilverBlades","Toy Ornithopter","Desolation","Pear","theForsaken:Lifeblossom","SurpressingFire","Advance"],"campfire_rested":4,"item_purchase_floors":[7,20,20,20,20,30,30,30],"current_hp_per_floor":[65,65,65,65,65,12,72,72,72,72,11,11,11,11,32,20,72,55,55,65,65,65,82,11,6,6,30,30,40,40,46,70,46,82,20,20,9,12,0,0],"gold":827,"neow_bonus":"THREE_ENEMY_KILL","is_daily":false,"chose_seed":false,"campfire_upgraded":1,"win_rate":0.0,"timestamp":1608433353,"path_taken":["M","?","?","M","M","E","$","?","T","R","E","?","M","?","R","BOSS","M","?","$","M","?","R","E","M","T","R","?","M","$","M","R","BOSS","M","?","?","M","M"],"items_purchased_type":["Relic","Card","Relic","Card","Relic","Relic","Card","Card"],"build_version":"2020-12-13","purchased_purges":2,"victory":false,"max_hp_per_floor":[65,65,65,65,65,65,72,72,72,72,72,72,72,72,72,72,72,72,72,82,82,82,82,82,82,82,82,82,82,82,82,82,82,82,82,82,82,82,82,82],"card_choices":[{"not_picked":["Shuttle","Alleviate"],"picked":"Luminosity","floor":1},{"not_picked":["Replace","Defy"],"picked":"Potential","floor":4},{"not_picked":["Read","Luminosity"],"picked":"Reset","floor":5},{"not_picked":["TimeTheft","TimeWarp"],"picked":"FlawlessForm","floor":6},{"not_picked":["Reset","Rearm"],"picked":"Ricochet","floor":11},{"not_picked":["Potential","Read"],"picked":"Spin","floor":13},{"not_picked":["Alleviate","Revamp"],"picked":"TheWorld","floor":14},{"not_picked":["PendulumOfEternity","Dilation"],"picked":"FlawlessForm","floor":16},{"not_picked":["Shuttle+1","TimeWarp+1"],"picked":"ReturningBlade+1","floor":18},{"not_picked":["Replace","Unruled"],"picked":"ReturningBlade","floor":21},{"not_picked":["TimeWarp","Revamp"],"picked":"Luminosity","floor":24},{"not_picked":["Hightail","Revamp+1"],"picked":"Foresight","floor":25},{"not_picked":["Rewind+1","DualDimension"],"picked":"Defy+1","floor":29},{"not_picked":["FastForward","Replace"],"picked":"Rearm","floor":31},{"not_picked":["Duplication","LightFlow"],"picked":"FloweringNight","floor":33},{"not_picked":["BottledTime","Moonlight"],"picked":"WasteNot","floor":35},{"not_picked":[],"picked":"LightFlow","floor":36},{"not_picked":["BottledTime","DoubleEdge+1"],"picked":"Starlight+1","floor":37},{"not_picked":["FastForward","Defy"],"picked":"StarChef","floor":38}],"player_experience":114092,"relics_obtained":[{"floor":6,"key":"Dota2Spire:DrumOfEndurance"},{"floor":9,"key":"Dota2Spire:Vanguard"},{"floor":11,"key":"Gensokyo:OccultBall"},{"floor":11,"key":"Gambling Chip"},{"floor":16,"key":"Gensokyo:OccultBall"},{"floor":24,"key":"War Paint"},{"floor":26,"key":"Dota2Spire:BattleFury"},{"floor":33,"key":"Gensokyo:OccultBall"},{"floor":37,"key":"Ice Cream"}],"event_choices":[{"damage_healed":0,"gold_gain":0,"player_choice":"Obtain Plague Curse","damage_taken":0,"max_hp_gain":0,"max_hp_loss":0,"event_name":"Plague Doctor","floor":19,"gold_loss":0,"cards_obtained":["theForsaken:PlagueCurse"]},{"damage_healed":0,"gold_gain":0,"player_choice":"Fight","damage_taken":0,"max_hp_gain":0,"max_hp_loss":0,"event_name":"Mysterious Sphere","floor":37,"gold_loss":0}],"is_beta":false,"boss_relics":[{"not_picked":["theForsaken:PaleLantern","Runic Dome"],"picked":"Astrolabe"},{"not_picked":["AT_TrinityForce","Runic Pyramid"],"picked":"Dota2Spire:Bloodstone"}],"items_purged_floors":[20,30],"is_endless":false,"potions_floor_spawned":[1,4,11,13,16,21,25,31,38],"killed_by":"Sphere and 2 Shapes","ascension_level":0}}