{"host":"ab2s6ezjqdgtrlyf","time":1608465001,"event":{"mods":["BaseMod","Colored Map","Downfall","Highlight Path","Marked Mod","Minty Spire (QoL Compilation)","Quick Restart","Relic Stats","Spicy Shops","StSLib","Waifu the Spire","vexMod","¡¾ÒÅÎï¿¨ÅÆ¡¿REMEMod"],"gold_per_floor":[114,125,125,143,68,68,82,82,82,82,97,97,132,132,132,229,229,245,261,261,261,273,273,306,56,106,26,26,46,46,64,64,168,168,185,185,9,9,23,55,69,81,135,169,169,169,198,2,2,2],"floor_reached":51,"playtime":1735,"items_purged":["Strike_B","Strike_B+1"],"score":1013,"play_id":"b4f167bb-d347-4af0-8cde-02f91540ba03","local_time":"20201220195001","is_ascension_mode":true,"campfire_choices":[{"data":"Ball Lightning","floor":6.0,"key":"SMITH"},{"data":"Zap","floor":8.0,"key":"SMITH"},{"data":"Dualcast","floor":10.0,"key":"SMITH"},{"data":"Defend_B","floor":15.0,"key":"SMITH"},{"data":"Conserve Battery","floor":23.0,"key":"SMITH"},{"floor":28.0,"key":"REST"},{"data":"Chaos","floor":30.0,"key":"SMITH"},{"floor":32.0,"key":"REST"},{"data":"Echo Form","floor":49,"key":"SMITH"}],"circlet_count":0,"master_deck":["Strike_B+1","Defend_B+1","Defend_B+1","Defend_B+1","Zap+1","Dualcast+1","Ball Lightning+1","Cold Snap+1","Thunder Strike+1","Conserve Battery+1","Chaos+1","Reboot","Electrodynamics","Capacitor+1","Steam+1","Echo Form+1","Leap+1"],"relics":["Cracked Core","REME_ComplimentaryCards","Molten Egg 2","Symbiotic Virus","vexMod:HeadHunter","Philosopher\u0027s Stone","The Courier","vexMod:GhostlyGear","Omamori","Centennial Puzzle","REME_DuelDisc","Bag of Preparation","Oddly Smooth Stone","Ice Cream","CeramicFish","vexMod:RetaliationKit","Pear"],"acts_visited":["Exordium","TheCity","TheBeyond"],"potions_floor_usage":[50],"damage_taken":[{"damage":5.0,"enemies":"Small Slimes","floor":1.0,"turns":3.0},{"damage":1.0,"enemies":"Cultist","floor":2.0,"turns":3.0},{"damage":1.0,"enemies":"2 Louse","floor":4.0,"turns":2.0},{"damage":11.0,"enemies":"Blue Slaver","floor":7.0,"turns":3.0},{"damage":11.0,"enemies":"3 Louse","floor":11.0,"turns":2.0},{"damage":0.0,"enemies":"Gremlin Nob","floor":13.0,"turns":2.0},{"damage":0.0,"enemies":"Slime Boss","floor":16.0,"turns":5.0},{"damage":11.0,"enemies":"Shell Parasite","floor":18.0,"turns":3.0},{"damage":8.0,"enemies":"2 Thieves","floor":19.0,"turns":3.0},{"damage":4.0,"enemies":"Chosen and Byrds","floor":22.0,"turns":3.0},{"damage":27.0,"enemies":"Slavers","floor":24.0,"turns":4.0},{"damage":3.0,"enemies":"Snecko","floor":29.0,"turns":3.0},{"damage":7.0,"enemies":"Snake Plant","floor":31.0,"turns":2.0},{"damage":9.0,"enemies":"Automaton","floor":33.0,"turns":6.0},{"damage":0.0,"enemies":"Orb Walker","floor":35.0,"turns":3.0},{"damage":7.0,"enemies":"3 Darklings","floor":39.0,"turns":3.0},{"damage":38.0,"enemies":"Nemesis","floor":40.0,"turns":5.0},{"damage":0.0,"enemies":"4 Shapes","floor":41.0,"turns":3.0},{"damage":0.0,"enemies":"Sphere and 2 Shapes","floor":42.0,"turns":3.0},{"damage":8.0,"enemies":"Giant Head","floor":44.0,"turns":6.0},{"damage":0,"enemies":"Spire Growth","floor":47,"turns":3},{"damage":31,"enemies":"Awakened One","floor":50,"turns":8}],"seed_played":"-5457405949471237341","potions_obtained":[{"floor":1.0,"key":"EssenceOfDarkness"},{"floor":13.0,"key":"FocusPotion"},{"floor":16.0,"key":"AttackPotion"},{"floor":18.0,"key":"Dexterity Potion"},{"floor":24.0,"key":"SkillPotion"},{"floor":31.0,"key":"Ancient Potion"},{"floor":39.0,"key":"DuplicationPotion"},{"floor":41.0,"key":"Guardian:BlockOnCardUsePotion"},{"floor":44.0,"key":"FocusPotion"},{"floor":47,"key":"GamblersBrew"}],"is_trial":false,"path_per_floor":["M","M","?","M","$","R","M","R","T","R","M","?","E","T","R","B",null,"M","M","?","?","M","R","E","$","T","$","R","M","R","M","R","B",null,"M","?","$","?","M","E","M","M","T","E","?","?","M","$","R","B",null],"character_chosen":"DEFECT","items_purchased":["vexMod:GhostlyGear","Omamori","Bag of Preparation","Oddly Smooth Stone","Pear"],"campfire_rested":2,"item_purchase_floors":[25,25,37,37,48],"current_hp_per_floor":[70,69,69,68,68,68,57,57,57,57,46,46,46,46,46,46,75,64,56,56,56,52,52,25,25,25,25,47,44,44,37,59,50,75,75,75,75,71,64,26,26,26,26,18,18,71,71,81,81,50],"gold":2,"neow_bonus":"REMOVE_CARD","is_daily":false,"chose_seed":false,"campfire_upgraded":7,"win_rate":0.0,"timestamp":1608465001,"path_taken":["M","M","?","?","$","R","M","R","T","R","M","?","E","?","R","BOSS","M","M","?","?","?","R","E","$","T","$","R","M","R","M","R","BOSS","M","?","$","?","M","E","M","M","T","E","?","?","?","$","R","BOSS"],"items_purchased_type":["Relic","Relic","Relic","Relic","Relic"],"build_version":"2020-12-13","purchased_purges":2,"victory":true,"max_hp_per_floor":[75,75,75,75,75,75,75,75,75,75,75,75,75,75,75,75,75,75,75,75,75,75,75,75,75,75,75,75,75,75,75,75,75,75,75,75,75,71,71,71,71,71,71,71,71,71,71,81,81,81],"relic_stats":{"Centennial Puzzle":[21],"counters":[22,78],"CeramicFish":9,"Bag of Preparation":[0],"obtain_stats":[{"Ice Cream":40,"Pear":48,"CeramicFish":43,"Oddly Smooth Stone":37,"The Courier":24,"REME_DuelDisc":34,"Omamori":25,"Bag of Preparation":37,"vexMod:GhostlyGear":25,"Centennial Puzzle":26,"vexMod:HeadHunter":14,"Molten Egg 2":9,"Philosopher\u0027s Stone":17,"Cracked Core":0,"Symbiotic Virus":13,"vexMod:RetaliationKit":44,"REME_ComplimentaryCards":0},{"Ice Cream":17,"Pear":21,"CeramicFish":19,"Oddly Smooth Stone":15,"The Courier":11,"REME_DuelDisc":14,"Omamori":11,"Bag of Preparation":15,"vexMod:GhostlyGear":11,"Centennial Puzzle":11,"vexMod:HeadHunter":6,"Molten Egg 2":4,"Philosopher\u0027s Stone":7,"Cracked Core":0,"Symbiotic Virus":6,"vexMod:RetaliationKit":20,"REME_ComplimentaryCards":0},{"Ice Cream":55,"Pear":70,"CeramicFish":61,"Oddly Smooth Stone":47,"The Courier":33,"REME_DuelDisc":44,"Omamori":33,"Bag of Preparation":47,"vexMod:GhostlyGear":33,"Centennial Puzzle":33,"vexMod:HeadHunter":15,"Molten Egg 2":11,"Philosopher\u0027s Stone":20,"Cracked Core":0,"Symbiotic Virus":15,"vexMod:RetaliationKit":67,"REME_ComplimentaryCards":0}]},"card_choices":[{"not_picked":["Stack","Leap"],"picked":"Doom and Gloom","floor":1.0},{"not_picked":["Streamline","Consume"],"picked":"Ball Lightning","floor":2.0},{"not_picked":["Go for the Eyes","Lockon","Beam Cell"],"picked":"SKIP","floor":4.0},{"not_picked":["Rebound","Stack","Force Field"],"picked":"SKIP","floor":7.0},{"not_picked":["Streamline+1","Machine Learning","Go for the Eyes+1"],"picked":"SKIP","floor":11.0},{"not_picked":["Stack","REME_Whirling"],"picked":"Cold Snap+1","floor":13.0},{"not_picked":["Seek","Amplify"],"picked":"Thunder Strike+1","floor":16.0},{"not_picked":["Stack","Storm+1"],"picked":"Conserve Battery","floor":18.0},{"not_picked":["Redo","Recycle","Rebound+1"],"picked":"SKIP","floor":19.0},{"not_picked":["Hologram+1","Biased Cognition","Conserve Battery"],"picked":"SKIP","floor":22.0},{"not_picked":["Steam","Ball Lightning+1"],"picked":"Chaos","floor":24.0},{"not_picked":["Biased Cognition","Multi-Cast","Machine Learning"],"picked":"SKIP","floor":24.0},{"not_picked":["Coolheaded","Barrage+1"],"picked":"Reboot","floor":29.0},{"not_picked":["Steam","Streamline+1","Rebound+1"],"picked":"SKIP","floor":31.0},{"not_picked":["Reboot","Creative AI"],"picked":"Electrodynamics","floor":33.0},{"not_picked":["Barrage+1","Sweeping Beam+1"],"picked":"Capacitor+1","floor":35.0},{"not_picked":["Redo","Force Field+1"],"picked":"Steam+1","floor":39.0},{"not_picked":["Thunder Strike","Rainbow"],"picked":"Echo Form","floor":40.0},{"not_picked":["FTL+1","Skim","Go for the Eyes+1"],"picked":"SKIP","floor":40.0},{"not_picked":["Reinforced Body","Redo","Coolheaded+1"],"picked":"SKIP","floor":41.0},{"not_picked":["Steam+1","Turbo","Streamline+1"],"picked":"SKIP","floor":42.0},{"not_picked":["Meteor Strike","REME_Shoggoth","Amplify"],"picked":"SKIP","floor":44.0},{"not_picked":["Coolheaded","Cold Snap+1","Stack"],"picked":"SKIP","floor":44.0},{"not_picked":["REME_Whirling+1","Hologram+1"],"picked":"Leap+1","floor":47}],"player_experience":640362,"relics_obtained":[{"floor":9.0,"key":"Molten Egg 2"},{"floor":13.0,"key":"Symbiotic Virus"},{"floor":14.0,"key":"vexMod:HeadHunter"},{"floor":24.0,"key":"The Courier"},{"floor":26.0,"key":"Centennial Puzzle"},{"floor":40.0,"key":"Ice Cream"},{"floor":43.0,"key":"CeramicFish"},{"floor":44.0,"key":"vexMod:RetaliationKit"}],"event_choices":[{"damage_healed":0.0,"max_hp_gain":0.0,"max_hp_loss":0.0,"gold_gain":0.0,"event_name":"Accursed Blacksmith","player_choice":"Forge","floor":3.0,"gold_loss":0.0,"damage_taken":0.0,"cards_upgraded":["Doom and Gloom"]},{"damage_healed":0.0,"max_hp_gain":0.0,"max_hp_loss":0.0,"gold_gain":0.0,"event_name":"Liars Game","player_choice":"Ignored","floor":12.0,"gold_loss":0.0,"damage_taken":0.0},{"damage_healed":0.0,"max_hp_gain":0.0,"max_hp_loss":0.0,"gold_gain":0.0,"event_name":"Back to Basics","player_choice":"Simplicity","floor":20.0,"gold_loss":0.0,"damage_taken":0.0,"cards_upgraded":["Strike_B","Strike_B","Strike_B","Defend_B","Defend_B"]},{"cards_removed":["Strike_B"],"damage_healed":0.0,"max_hp_gain":0.0,"max_hp_loss":0.0,"gold_gain":0.0,"event_name":"Purifier","player_choice":"Purged","floor":21.0,"gold_loss":0.0,"damage_taken":0.0},{"damage_healed":0.0,"max_hp_gain":0.0,"max_hp_loss":0.0,"gold_gain":0.0,"event_name":"SensoryStone","player_choice":"Memory 1","floor":36.0,"gold_loss":0.0,"damage_taken":0.0},{"damage_healed":0.0,"max_hp_gain":0.0,"max_hp_loss":4.0,"gold_gain":0.0,"event_name":"Winding Halls","player_choice":"Max HP","floor":38.0,"gold_loss":0.0,"damage_taken":0.0},{"damage_healed":0.0,"max_hp_gain":0.0,"max_hp_loss":0.0,"gold_gain":0.0,"event_name":"Mysterious Sphere","player_choice":"Ignored","floor":45.0,"gold_loss":0.0,"damage_taken":0.0},{"cards_removed":["Doom and Gloom"],"damage_healed":53.0,"max_hp_gain":0.0,"max_hp_loss":0.0,"gold_gain":0.0,"event_name":"Bonfire Elementals","player_choice":"Offered Uncommon","floor":46.0,"gold_loss":0.0,"damage_taken":0.0}],"is_beta":false,"boss_relics":[{"not_picked":["Coffee Dripper","Tiny House"],"picked":"Philosopher\u0027s Stone"},{"not_picked":["Black Star","Cursed Key"],"picked":"REME_DuelDisc"}],"items_purged_floors":[5,27],"is_endless":false,"potions_floor_spawned":[1,13,16,18,24,31,39,41,44,47],"ascension_level":3}}