{"host":"l12hrjjiowxu1z6t","time":1608483931,"event":{"mods":["BaseMod","Colored Powertips","Highlight Path","Minty Spire (QoL Compilation)","Quick Restart","SuperFastMode"],"gold_per_floor":[112,112,37,37,12,12,12,12,12,40,40,60,70,84,84,186,186,198,198,198,54,65,65,75,0,45,64,64,64,92,111,111,111,111],"floor_reached":33,"playtime":1186,"items_purged":["Regret"],"score":302,"play_id":"6455a275-b5df-40c5-81fa-fb190ff0a82f","local_time":"20201220120531","is_ascension_mode":true,"campfire_choices":[{"data":"Cloak And Dagger","floor":6,"key":"SMITH"},{"data":"Tactician","floor":8,"key":"SMITH"},{"floor":11,"key":"REST"},{"floor":15,"key":"REST"},{"floor":23,"key":"REST"},{"data":"Storm of Steel","floor":28,"key":"SMITH"},{"floor":32,"key":"REST"}],"circlet_count":0,"master_deck":["Survivor","Neutralize","CurseOfTheBell","Tactician+1","Cloak And Dagger+1","Choke","Slice","Masterful Stab","Adrenaline","Storm of Steel","A Thousand Cuts","Phantasmal Killer","Dagger Throw+1","After Image","Corpse Explosion","Storm of Steel+1","Endless Agony+1","Calculated Gamble","Finisher","Reflex","J.A.X.","Prepared+1","Tactician","Concentrate"],"relics":["Calling Bell","Anchor","Ninja Scroll","FossilizedHelix","Art of War","Centennial Puzzle","StoneCalendar","Pandora\u0027s Box","Membership Card","Oddly Smooth Stone","Whetstone"],"acts_visited":["Exordium","TheCity"],"potions_floor_usage":[10,16,16,30,31],"damage_taken":[{"damage":0,"enemies":"Jaw Worm","floor":1,"turns":4},{"damage":64,"enemies":"Lagavulin","floor":10,"turns":12},{"damage":0,"enemies":"Small Slimes","floor":12,"turns":1},{"damage":0,"enemies":"2 Louse","floor":13,"turns":2},{"damage":0,"enemies":"Looter","floor":14,"turns":1},{"damage":22,"enemies":"Hexaghost","floor":16,"turns":9},{"damage":17,"enemies":"Spheric Guardian","floor":18,"turns":4},{"damage":10,"enemies":"Shell Parasite","floor":22,"turns":3},{"damage":11,"enemies":"Shelled Parasite and Fungi","floor":24,"turns":3},{"damage":3,"enemies":"Chosen and Byrds","floor":27,"turns":3},{"damage":24,"enemies":"Book of Stabbing","floor":30,"turns":3},{"damage":2,"enemies":"3 Cultists","floor":31,"turns":3},{"damage":34,"enemies":"Collector","floor":33,"turns":4}],"seed_played":"8287246142156483625","potions_obtained":[{"floor":10,"key":"EntropicBrew"},{"floor":18,"key":"Energy Potion"},{"floor":27,"key":"Weak Potion"}],"is_trial":false,"path_per_floor":["M","?","$","?","$","R","$","R","T","E","R","M","M","M","R","B",null,"M","?","?","$","M","R","M","?","T","M","R","$","E","M","R","B"],"character_chosen":"THE_SILENT","items_purchased":["Cloak And Dagger","Membership Card"],"campfire_rested":4,"item_purchase_floors":[5,21],"current_hp_per_floor":[70,70,70,70,70,70,70,70,70,6,27,27,27,27,48,26,70,53,40,40,40,30,52,41,41,41,38,38,38,14,12,34,0,0],"gold":111,"neow_bonus":"BOSS_RELIC","is_daily":false,"chose_seed":false,"campfire_upgraded":3,"win_rate":0.0,"timestamp":1608483931,"path_taken":["M","?","$","?","?","R","$","R","T","E","R","M","M","M","R","BOSS","M","?","?","$","M","R","M","?","T","M","R","$","E","M","R","BOSS"],"items_purchased_type":["Card","Relic"],"build_version":"2020-12-13","purchased_purges":1,"victory":false,"max_hp_per_floor":[70,70,70,70,70,70,70,70,70,70,70,70,70,70,70,70,70,70,75,75,75,75,75,75,75,75,75,75,75,75,75,75,75,75],"card_choices":[{"not_picked":["Finisher","Slice"],"picked":"Tactician","floor":1},{"not_picked":["Riddle With Holes","Bane"],"picked":"Choke","floor":10},{"not_picked":["Blade Dance","Deadly Poison"],"picked":"Slice","floor":12},{"not_picked":["Backflip","Calculated Gamble"],"picked":"Masterful Stab","floor":13},{"not_picked":["Slice","Leg Sweep"],"picked":"Adrenaline","floor":14},{"not_picked":["Envenom","Burst"],"picked":"Storm of Steel","floor":16},{"not_picked":["Outmaneuver","PiercingWail"],"picked":"Reflex","floor":18},{"not_picked":["Noxious Fumes+1","Masterful Stab+1","PiercingWail+1"],"picked":"SKIP","floor":22},{"not_picked":["Backflip","Bane"],"picked":"Prepared+1","floor":24},{"not_picked":["Deadly Poison+1","Predator","Acrobatics"],"picked":"SKIP","floor":27},{"not_picked":["Slice+1","Deadly Poison"],"picked":"Tactician","floor":30},{"not_picked":["Blade Dance+1","Slice+1"],"picked":"Concentrate","floor":31}],"player_experience":140290,"relics_obtained":[{"floor":0,"key":"Anchor"},{"floor":0,"key":"Ninja Scroll"},{"floor":0,"key":"FossilizedHelix"},{"floor":9,"key":"Centennial Puzzle"},{"floor":10,"key":"StoneCalendar"},{"floor":26,"key":"Oddly Smooth Stone"},{"floor":30,"key":"Whetstone"}],"event_choices":[{"damage_healed":0,"gold_gain":0,"player_choice":"Box","damage_taken":0,"relics_obtained":["Art of War"],"max_hp_gain":0,"max_hp_loss":0,"event_name":"Big Fish","floor":2,"gold_loss":0,"cards_obtained":["Regret"]},{"damage_healed":0,"gold_gain":0,"player_choice":"Leave","damage_taken":0,"max_hp_gain":0,"max_hp_loss":0,"event_name":"The Cleric","floor":4,"gold_loss":0},{"damage_healed":0,"gold_gain":0,"player_choice":"Shed Blood","damage_taken":18,"max_hp_gain":5,"max_hp_loss":0,"event_name":"Forgotten Altar","floor":19,"gold_loss":0},{"damage_healed":0,"gold_gain":0,"player_choice":"Obtain J.A.X.","damage_taken":0,"max_hp_gain":0,"max_hp_loss":0,"event_name":"Drug Dealer","floor":20,"gold_loss":0,"cards_obtained":["J.A.X."]},{"cards_removed":["Doppelganger"],"damage_healed":0,"gold_gain":0,"player_choice":"Gave Gold","damage_taken":0,"max_hp_gain":0,"max_hp_loss":0,"event_name":"Beggar","floor":25,"gold_loss":75}],"is_beta":false,"boss_relics":[{"not_picked":["Busted Crown","Coffee Dripper"],"picked":"Pandora\u0027s Box"}],"items_purged_floors":[3],"is_endless":false,"potions_floor_spawned":[10,12,13,18,27],"killed_by":"Collector","ascension_level":3}}