{"host":"p245q48pmopyklqs","time":1608435463,"event":{"mods":["AchievementEnabler","BaseMod","DeckTracker","Minty Spire (QoL Compilation)","Relic Stats","Slay-I","StSLib","SuperFastMode"],"gold_per_floor":[117,117,117,42,42,85,85,121,176,197,211,232,250,274,274,369,369,389,413,413,413],"floor_reached":20,"playtime":501,"items_purged":[],"score":472,"play_id":"29b953bc-1f85-49c0-93d3-01430cb2031f","local_time":"20201220123743","is_ascension_mode":true,"campfire_choices":[{"data":"Zap","floor":7.0,"key":"SMITH"},{"data":"Go for the Eyes","floor":15,"key":"SMITH"}],"circlet_count":0,"master_deck":["AscendersBane","Zap+1","Dualcast","Glacier","Aggregate","Ball Lightning","Echo Form","Self Repair","Leap","Go for the Eyes+1","Seek","Conserve Battery","Thunder Strike","Leap","Blizzard","Streamline","White Noise","Compile Driver"],"relics":["Cracked Core","NeowsBlessing","Golden Idol","Ornamental Fan","Bag of Preparation","InkBottle","Boot","Pandora\u0027s Box"],"acts_visited":["Exordium","TheCity"],"potions_floor_usage":[13,16],"damage_taken":[{"damage":0.0,"enemies":"Small Slimes","floor":1.0,"turns":1.0},{"damage":0.0,"enemies":"Lagavulin","floor":6.0,"turns":1.0},{"damage":0.0,"enemies":"3 Sentries","floor":8.0,"turns":1.0},{"damage":0.0,"enemies":"2 Louse","floor":10.0,"turns":2.0},{"damage":2.0,"enemies":"Jaw Worm","floor":11.0,"turns":2.0},{"damage":4.0,"enemies":"Large Slime","floor":12.0,"turns":7.0},{"damage":15,"enemies":"Gremlin Gang","floor":13,"turns":3},{"damage":0,"enemies":"2 Fungi Beasts","floor":14,"turns":3},{"damage":14,"enemies":"Slime Boss","floor":16,"turns":12},{"damage":24,"enemies":"3 Byrds","floor":18,"turns":5},{"damage":18,"enemies":"Chosen","floor":19,"turns":4},{"damage":12,"enemies":"3 Cultists","floor":20,"turns":3}],"seed_played":"4553534242447349224","potions_obtained":[{"floor":6.0,"key":"EssenceOfDarkness"},{"floor":10.0,"key":"DuplicationPotion"},{"floor":13,"key":"Strength Potion"},{"floor":19,"key":"Dexterity Potion"}],"is_trial":false,"path_per_floor":["M","?","?","?","?","E","R","E","T","M","M","M","M","M","R","B",null,"M","M","M"],"character_chosen":"DEFECT","items_purchased":[],"campfire_rested":0,"item_purchase_floors":[],"current_hp_per_floor":[64,40,35,35,35,35,35,35,35,35,33,29,21,28,28,21,59,42,31,19,19],"gold":413,"neow_bonus":"THREE_ENEMY_KILL","is_daily":false,"chose_seed":false,"campfire_upgraded":2,"win_rate":0.0,"timestamp":1608435463,"path_taken":["M","?","?","?","?","E","R","E","T","M","M","M","M","M","R","BOSS","M","M","M"],"items_purchased_type":[],"build_version":"2020-12-13","purchased_purges":0,"victory":false,"max_hp_per_floor":[71,71,71,71,71,71,71,71,71,71,71,71,71,71,71,71,71,71,71,71,71],"relic_stats":{"counters":[12,44],"Golden Idol":64,"Ornamental Fan":[8],"Pandora\u0027s Box":["Conserve Battery","Thunder Strike","Leap","Blizzard","Streamline","White Noise"],"Bag of Preparation":[20],"Boot":[16],"obtain_stats":[{"NeowsBlessing":0,"Golden Idol":2,"Ornamental Fan":3,"Pandora\u0027s Box":17,"Bag of Preparation":6,"Cracked Core":0,"Boot":9,"InkBottle":8},{"NeowsBlessing":0,"Golden Idol":1,"Ornamental Fan":1,"Pandora\u0027s Box":9,"Bag of Preparation":2,"Cracked Core":0,"Boot":3,"InkBottle":3},{"NeowsBlessing":0,"Golden Idol":1,"Ornamental Fan":1,"Pandora\u0027s Box":32,"Bag of Preparation":2,"Cracked Core":0,"Boot":3,"InkBottle":3}],"InkBottle":[14]},"card_choices":[{"not_picked":["Gash","Turbo"],"picked":"Glacier","floor":1.0},{"not_picked":["Fusion","Storm","Glacier"],"picked":"SKIP","floor":6.0},{"not_picked":["Double Energy","Redo"],"picked":"Ball Lightning","floor":8.0},{"not_picked":["Turbo","Steam Power","Beam Cell"],"picked":"SKIP","floor":10.0},{"not_picked":["Aggregate","Barrage"],"picked":"Echo Form","floor":11.0},{"not_picked":["Doom and Gloom","Static Discharge"],"picked":"Self Repair","floor":12.0},{"not_picked":["Gash","Force Field"],"picked":"Leap","floor":13},{"not_picked":["Hello World","Melter"],"picked":"Go for the Eyes","floor":14},{"not_picked":["Machine Learning","Thunder Strike"],"picked":"Seek","floor":16},{"not_picked":["Doom and Gloom","Hello World"],"picked":"Compile Driver","floor":18},{"not_picked":["Ball Lightning","Barrage","Defragment"],"picked":"SKIP","floor":19}],"player_experience":2316925,"relics_obtained":[{"floor":6.0,"key":"Bag of Preparation"},{"floor":8.0,"key":"InkBottle"},{"floor":9.0,"key":"Boot"}],"event_choices":[{"damage_healed":0.0,"max_hp_gain":0.0,"max_hp_loss":0.0,"gold_gain":0.0,"event_name":"Golden Idol","player_choice":"Take Damage","floor":2.0,"gold_loss":0.0,"damage_taken":24.0,"relics_obtained":["Golden Idol"]},{"damage_healed":0.0,"max_hp_gain":0.0,"max_hp_loss":0.0,"gold_gain":0.0,"event_name":"Scrap Ooze","player_choice":"Success","floor":3.0,"gold_loss":0.0,"damage_taken":5.0,"relics_obtained":["Ornamental Fan"]},{"cards_removed":["Strike_B"],"damage_healed":0.0,"max_hp_gain":0.0,"max_hp_loss":0.0,"gold_gain":0.0,"event_name":"The Cleric","player_choice":"Card Removal","floor":4.0,"gold_loss":75.0,"damage_taken":0.0},{"damage_healed":0.0,"max_hp_gain":0.0,"max_hp_loss":0.0,"gold_gain":0.0,"cards_transformed":["Strike_B"],"event_name":"Transmorgrifier","player_choice":"Transformed","floor":5.0,"gold_loss":0.0,"damage_taken":0.0,"cards_obtained":["Aggregate"]}],"is_beta":false,"boss_relics":[{"not_picked":["Fusion Hammer","Calling Bell"],"picked":"Pandora\u0027s Box"}],"items_purged_floors":[],"is_endless":false,"potions_floor_spawned":[6,10,11,13,19],"killed_by":"3 Cultists","ascension_level":20}}