{"host":"3jjxuhjpio8e4zkv","time":1608430861,"event":{"mods":["BaseMod","Colored Map","Highlight Path","Minty Spire (QoL Compilation)","Permanent Neow","StSLib"],"gold_per_floor":[118,218,236,33,53,81,98,98,144,171,188,208,208,225,225,303,303,316,331,70,120,132,132,132],"floor_reached":23,"playtime":844,"items_purged":["Strike_B","Strike_B"],"score":410,"play_id":"98008b25-e0ad-4922-bf61-793902ee55d4","local_time":"20201219212101","is_ascension_mode":true,"campfire_choices":[{"data":"Thunder Strike","floor":8.0,"key":"SMITH"},{"data":"Static Discharge","floor":13.0,"key":"SMITH"},{"data":"Electrodynamics","floor":15.0,"key":"SMITH"}],"circlet_count":0,"master_deck":["AscendersBane","Strike_B","Strike_B","Defend_B","Defend_B","Defend_B","Defend_B","Zap","Dualcast","Swift Strike","Self Repair","Ball Lightning","Thunder Strike+1","Turbo","Hello World","Multi-Cast","Hologram","Double Energy","Static Discharge+1","Glacier","Electrodynamics+1","Barrage","Seek","Skim"],"relics":["Cracked Core","Matryoshka","Omamori","Ancient Tea Set","Boot","Cursed Key"],"acts_visited":["Exordium","TheCity"],"potions_floor_usage":[],"damage_taken":[{"damage":12.0,"enemies":"Jaw Worm","floor":1.0,"turns":4.0},{"damage":1.0,"enemies":"Cultist","floor":3.0,"turns":4.0},{"damage":3.0,"enemies":"2 Louse","floor":5.0,"turns":2.0},{"damage":11.0,"enemies":"Lagavulin","floor":6.0,"turns":5.0},{"damage":12.0,"enemies":"Looter","floor":7.0,"turns":3.0},{"damage":8.0,"enemies":"Gremlin Nob","floor":10.0,"turns":3.0},{"damage":8.0,"enemies":"Red Slaver","floor":11.0,"turns":4.0},{"damage":6.0,"enemies":"Blue Slaver","floor":12.0,"turns":4.0},{"damage":13.0,"enemies":"Lots of Slimes","floor":14.0,"turns":3.0},{"damage":7.0,"enemies":"Hexaghost","floor":16.0,"turns":7.0},{"damage":9.0,"enemies":"3 Byrds","floor":18.0,"turns":3.0},{"damage":25.0,"enemies":"Shell Parasite","floor":19.0,"turns":5.0},{"damage":15,"enemies":"Snake Plant","floor":22,"turns":3},{"damage":20,"enemies":"Gremlin Leader","floor":23,"turns":1}],"seed_played":"-438458900481915214","potions_obtained":[{"floor":1.0,"key":"EntropicBrew"},{"floor":7.0,"key":"AttackPotion"},{"floor":11.0,"key":"FocusPotion"},{"floor":12.0,"key":"LiquidBronze"},{"floor":18.0,"key":"FocusPotion"}],"is_trial":false,"path_per_floor":["M","?","M","$","M","E","M","R","T","E","M","M","R","M","R","B",null,"M","M","$","?","M","E"],"character_chosen":"DEFECT","items_purchased":["Thunder Strike","Turbo","Seek"],"campfire_rested":0,"item_purchase_floors":[4,4,20],"current_hp_per_floor":[52,52,58,58,55,51,46,46,46,45,37,31,31,18,18,18,58,49,31,31,24,16,0,0],"gold":132,"neow_bonus":"RANDOM_COLORLESS","is_daily":false,"chose_seed":false,"campfire_upgraded":3,"win_rate":0.0,"timestamp":1608430861,"path_taken":["M","?","M","$","M","E","M","R","T","E","M","M","R","?","R","BOSS","M","M","$","?","?","E"],"items_purchased_type":["Card","Card","Card"],"build_version":"2020-12-13","purchased_purges":2,"victory":false,"max_hp_per_floor":[71,71,71,71,71,71,71,71,71,71,71,71,71,71,71,71,71,71,71,71,71,71,71,71],"card_choices":[{"not_picked":["Finesse","Forethought"],"picked":"Swift Strike","floor":0.0},{"not_picked":["Sweeping Beam","Go for the Eyes"],"picked":"Self Repair","floor":1.0},{"not_picked":["Beam Cell","Loop"],"picked":"Ball Lightning","floor":3.0},{"not_picked":["Fusion","Stack"],"picked":"Hello World","floor":5.0},{"not_picked":["Rebound","Barrage"],"picked":"Multi-Cast","floor":6.0},{"not_picked":["Force Field","Cold Snap"],"picked":"Hologram","floor":7.0},{"not_picked":["Sweeping Beam","Rebound"],"picked":"Double Energy","floor":10.0},{"not_picked":["Fusion","Turbo"],"picked":"Static Discharge","floor":11.0},{"not_picked":["Streamline","Self Repair"],"picked":"Glacier","floor":12.0},{"not_picked":["Ball Lightning","Blizzard"],"picked":"Electrodynamics","floor":14.0},{"not_picked":["Rebound","Stack"],"picked":"Barrage","floor":18.0},{"not_picked":["Turbo","Sweeping Beam","Hologram"],"picked":"SKIP","floor":19.0},{"not_picked":["Scrape","Compile Driver"],"picked":"Skim","floor":22}],"player_experience":1062282,"relics_obtained":[{"floor":6.0,"key":"Matryoshka"},{"floor":9.0,"key":"Omamori"},{"floor":9.0,"key":"Ancient Tea Set"},{"floor":10.0,"key":"Boot"}],"event_choices":[{"damage_healed":0.0,"max_hp_gain":0.0,"max_hp_loss":0.0,"gold_gain":100.0,"event_name":"Wheel of Change","player_choice":"Gold","floor":2.0,"gold_loss":0.0,"damage_taken":0.0},{"damage_healed":0,"gold_gain":50,"player_choice":"Touch","damage_taken":7,"max_hp_gain":0,"max_hp_loss":0,"event_name":"FaceTrader","floor":21,"gold_loss":0}],"is_beta":false,"boss_relics":[{"not_picked":["Runic Dome","SacredBark"],"picked":"Cursed Key"}],"items_purged_floors":[4,20],"is_endless":false,"potions_floor_spawned":[1,7,11,12,14,18],"killed_by":"Gremlin Leader","ascension_level":20}}