{"host":"o7j6aatxjwpw1421","time":1608481956,"event":{"mods":["2.2 Compatiblity","BaseMod","Colored Map","DeckTracker","Highlight Path","Keyboard Shortcuts","Minty Spire (QoL Compilation)","Permanent Neow","Quick Restart","StSLib","SuperFastMode","everything is the same but u backflip on backflip"],"gold_per_floor":[111,43,61,61,75,106,106,131,176,194,211,239,14,24,24,121,121,137,137,52,151,4,33,44,44,44,44,59,88,65,77,77,177,177,192,92,92,92,92],"floor_reached":38,"playtime":1938,"items_purged":["Strike_R","Strike_R"],"score":628,"play_id":"b1a60ba6-92a0-49b4-be82-d97e9d788237","local_time":"20201221013236","is_ascension_mode":true,"campfire_choices":[{"data":"Seeing Red","floor":7.0,"key":"SMITH"},{"data":"Offering","floor":15.0,"key":"SMITH"},{"data":"Bludgeon","floor":25.0,"key":"SMITH"},{"data":"Feed","floor":27.0,"key":"SMITH"},{"data":"Shrug It Off","floor":32.0,"key":"SMITH"}],"circlet_count":0,"master_deck":["Strike_R","Strike_R","Strike_R","Defend_R","Defend_R","Defend_R","Defend_R","Bash","Bludgeon+1","Seeing Red+1","Shrug It Off+1","Offering+1","Flame Barrier","Pommel Strike","Seeing Red+1","Feed+1","Shrug It Off","Bludgeon","Thunderclap+1","Apotheosis","Master of Strategy"],"relics":["Burning Blood","Omamori","Toy Ornithopter","Potion Belt","Kunai","DollysMirror","Snecko Eye","Nilry\u0027s Codex","Letter Opener","Lantern","Bag of Marbles","Blood Vial","Nunchaku","Runic Cube"],"acts_visited":["Exordium","TheCity","TheBeyond"],"potions_floor_usage":[33,38],"damage_taken":[{"damage":0.0,"enemies":"Cultist","floor":1.0,"turns":3.0},{"damage":0.0,"enemies":"2 Louse","floor":3.0,"turns":3.0},{"damage":7.0,"enemies":"Jaw Worm","floor":5.0,"turns":2.0},{"damage":25.0,"enemies":"3 Sentries","floor":6.0,"turns":9.0},{"damage":6.0,"enemies":"Blue Slaver","floor":10.0,"turns":2.0},{"damage":18.0,"enemies":"Exordium Wildlife","floor":11.0,"turns":5.0},{"damage":11.0,"enemies":"Gremlin Nob","floor":12.0,"turns":3.0},{"damage":1.0,"enemies":"Looter","floor":14.0,"turns":2.0},{"damage":35.0,"enemies":"Hexaghost","floor":16.0,"turns":6.0},{"damage":5.0,"enemies":"Shell Parasite","floor":18.0,"turns":6.0},{"damage":29.0,"enemies":"Gremlin Leader","floor":23.0,"turns":4.0},{"damage":15.0,"enemies":"Spheric Guardian","floor":24.0,"turns":5.0},{"damage":0.0,"enemies":"3 Cultists","floor":28.0,"turns":5.0},{"damage":6.0,"enemies":"Book of Stabbing","floor":29.0,"turns":2.0},{"damage":6.0,"enemies":"Sentry and Sphere","floor":31.0,"turns":2.0},{"damage":39,"enemies":"Automaton","floor":33,"turns":8},{"damage":13,"enemies":"3 Shapes","floor":35,"turns":5},{"damage":76,"enemies":"2 Orb Walkers","floor":38,"turns":5}],"seed_played":"2689698808775108522","potions_obtained":[{"floor":1.0,"key":"SpeedPotion"},{"floor":5.0,"key":"BloodPotion"},{"floor":6.0,"key":"Weak Potion"},{"floor":12.0,"key":"DuplicationPotion"},{"floor":16.0,"key":"SkillPotion"},{"floor":18.0,"key":"Explosive Potion"},{"floor":24.0,"key":"GamblersBrew"},{"floor":28.0,"key":"SteroidPotion"},{"floor":33,"key":"SteroidPotion"},{"floor":35,"key":"FearPotion"}],"is_trial":false,"path_per_floor":["M","$","M","?","M","E","R","T","T","M","M","E","$","M","R","B",null,"M","?","?","?","$","E","M","R","T","R","M","E","$","M","R","B",null,"M","$","?","?"],"character_chosen":"IRONCLAD","items_purchased":["Seeing Red","DollysMirror","Lantern","Shrug It Off"],"campfire_rested":0,"item_purchase_floors":[2,13,22,30],"current_hp_per_floor":[78,78,80,80,79,60,60,60,60,60,48,43,43,48,48,24,66,67,51,51,51,51,38,32,32,32,32,44,51,51,57,57,31,76,75,75,65,0,0],"gold":92,"neow_bonus":"ONE_RANDOM_RARE_CARD","is_daily":false,"chose_seed":false,"campfire_upgraded":5,"win_rate":0.0,"timestamp":1608481956,"path_taken":["M","$","?","?","?","E","R","?","T","M","M","E","$","M","R","BOSS","M","?","?","?","?","E","?","R","T","R","M","E","$","?","R","BOSS","M","$","?","?"],"items_purchased_type":["Card","Relic","Relic","Card"],"build_version":"2020-12-13","purchased_purges":2,"victory":false,"max_hp_per_floor":[80,80,80,80,80,80,80,80,80,80,80,80,80,80,80,80,80,80,80,80,80,80,80,83,83,83,83,87,87,87,91,91,91,91,95,95,95,95,95],"card_choices":[{"not_picked":["Rupture","Headbutt","Heavy Blade"],"picked":"SKIP","floor":1.0},{"not_picked":["Body Slam","Iron Wave","Dual Wield"],"picked":"SKIP","floor":3.0},{"not_picked":["Pummel","Warcry"],"picked":"Shrug It Off","floor":5.0},{"not_picked":["Rage","Corruption"],"picked":"Offering","floor":6.0},{"not_picked":["Infernal Blade","Whirlwind"],"picked":"Flame Barrier","floor":10.0},{"not_picked":["Power Through","Heavy Blade","Clothesline"],"picked":"SKIP","floor":11.0},{"not_picked":["Whirlwind","Searing Blow"],"picked":"Pommel Strike","floor":12.0},{"not_picked":["Headbutt","Pommel Strike","Cleave"],"picked":"SKIP","floor":14.0},{"not_picked":["Bludgeon","Double Tap"],"picked":"Feed","floor":16.0},{"not_picked":["Flex","Twin Strike","Body Slam+1"],"picked":"SKIP","floor":18.0},{"not_picked":["Cleave","Fire Breathing","Headbutt+1"],"picked":"SKIP","floor":23.0},{"not_picked":["Pommel Strike","Heavy Blade+1","Iron Wave"],"picked":"SKIP","floor":24.0},{"not_picked":["Wild Strike+1","Battle Trance","True Grit"],"picked":"SKIP","floor":28.0},{"not_picked":["Headbutt","Second Wind","Limit Break"],"picked":"SKIP","floor":29.0},{"not_picked":["Iron Wave","Twin Strike+1","Metallicize"],"picked":"SKIP","floor":31.0},{"not_picked":["Offering","Fiend Fire"],"picked":"Bludgeon","floor":33},{"not_picked":["Rampage+1","Iron Wave+1"],"picked":"Thunderclap+1","floor":35},{"not_picked":["Deep Breath","Bandage Up"],"picked":"Apotheosis","floor":37},{"not_picked":["Discovery","Mind Blast"],"picked":"Master of Strategy","floor":37}],"player_experience":303873,"relics_obtained":[{"floor":6.0,"key":"Omamori"},{"floor":8.0,"key":"Toy Ornithopter"},{"floor":9.0,"key":"Potion Belt"},{"floor":12.0,"key":"Kunai"},{"floor":19.0,"key":"Nilry\u0027s Codex"},{"floor":23.0,"key":"Bag of Marbles"},{"floor":26.0,"key":"Blood Vial"},{"floor":29.0,"key":"Nunchaku"}],"event_choices":[{"damage_healed":0.0,"max_hp_gain":0.0,"max_hp_loss":0.0,"gold_gain":0.0,"event_name":"The Woman in Blue","player_choice":"Bought 0 Potions","floor":4.0,"gold_loss":0.0,"damage_taken":0.0},{"damage_healed":0.0,"max_hp_gain":0.0,"max_hp_loss":0.0,"gold_gain":0.0,"event_name":"Cursed Tome","player_choice":"Obtained Book","floor":19.0,"gold_loss":0.0,"damage_taken":16.0},{"damage_healed":0.0,"max_hp_gain":0.0,"max_hp_loss":0.0,"gold_gain":0.0,"event_name":"Addict","player_choice":"Obtained Relic","floor":20.0,"gold_loss":85.0,"damage_taken":0.0,"relics_obtained":["Letter Opener"]},{"damage_healed":0.0,"max_hp_gain":0.0,"max_hp_loss":0.0,"gold_gain":99.0,"event_name":"Nest","player_choice":"Stole From Cult","floor":21.0,"gold_loss":0.0,"damage_taken":0.0},{"damage_healed":0,"gold_gain":0,"player_choice":"Memory 3","damage_taken":10,"max_hp_gain":0,"max_hp_loss":0,"event_name":"SensoryStone","floor":37,"gold_loss":0},{"damage_healed":0,"gold_gain":0,"player_choice":"Fight","damage_taken":0,"max_hp_gain":0,"max_hp_loss":0,"event_name":"Mysterious Sphere","floor":38,"gold_loss":0}],"is_beta":false,"boss_relics":[{"not_picked":["Fusion Hammer","Sozu"],"picked":"Snecko Eye"},{"not_picked":["Black Star","Coffee Dripper"],"picked":"Runic Cube"}],"items_purged_floors":[13,36],"is_endless":false,"potions_floor_spawned":[1,5,6,12,16,18,24,28,33,35],"killed_by":"2 Orb Walkers","ascension_level":7}}