{"host":"svwqvw2il1zfkkg0","time":1608450594,"event":{"mods":["AchievementEnabler","BaseMod","BetterRewards","Colored Map","Colored Powertips","Custom Start","Downfall","GifTheSpireLib","Highlight Path","Hubris","Infinite Spire","Minty Spire (QoL Compilation)","Quick Restart","Replay The Spire","Shop Mod","StSLib","SuperFastMode"],"gold_per_floor":[118,128,128,140,215,215,244,244,244,244,244,257,257,64,64,171,221,246,97,111,121,141,172,172,172,172,188,42,42,59,74,74,174,174,184,184,199,199,210,210,228,252,252,272,272,309,332,350,350,368,368],"floor_reached":50,"playtime":1568,"items_purged":[],"score":623,"play_id":"3932687c-8211-4daa-b373-e2dd196cd445","local_time":"20201219234954","is_ascension_mode":false,"campfire_choices":[{"data":"Storm of Steel","floor":6,"key":"SMITH"},{"floor":8,"key":"REST"},{"data":"Glass Knife","floor":11,"key":"SMITH"},{"data":"Sucker Punch","floor":13,"key":"SMITH"},{"data":"Dagger Spray","floor":15,"key":"SMITH"},{"data":"Adrenaline","floor":24,"key":"SMITH"},{"floor":32,"key":"REST"},{"data":"Cloak And Dagger","floor":40,"key":"SMITH"},{"floor":45,"key":"REST"},{"floor":49,"key":"REST"}],"circlet_count":0,"master_deck":["infinitespire:Neurotoxin","Strike_G","Strike_G+1","Strike_G","Strike_G","Strike_G","Defend_G","Defend_G","Defend_G+1","Defend_G","Defend_G","Survivor+1","Neutralize","Guardian:CurlUp","Slimebound:Defend_Slimebound","Storm of Steel+1","PiercingWail","Glass Knife+1","Sucker Punch","Sucker Punch+1","Dagger Spray+1","Quick Slash+1","Adrenaline+1","Blade Dance","Blade Dance","Cloak And Dagger+1","Dagger Throw","Finisher+1","Leg Sweep","Catalyst","Cloak And Dagger+1","Blade Dance+1","Cloak And Dagger+1","Cloak And Dagger+1"],"relics":["Ring of the Snake","infinitespire:Midas Blood","Replay:Rubber Ducky","Oddly Smooth Stone","Tiny House","infinitespire:Satchel","Dream Catcher","infinitespire:Bottled Soul","Strange Spoon","SlaversCollar","Replay:Accelerometer","hubris:ToyBattleship"],"acts_visited":["Exordium","TheCity","TheBeyond"],"potions_floor_usage":[16,16,27,33,33,41,41,48,50],"damage_taken":[{"damage":0,"enemies":"Small Slimes","floor":1,"turns":2},{"damage":0,"enemies":"2 Louse","floor":2,"turns":2},{"damage":0,"enemies":"Jaw Worm","floor":4,"turns":2},{"damage":0,"enemies":"Gremlin Nob","floor":7,"turns":2},{"damage":0,"enemies":"Red Slaver","floor":12,"turns":2},{"damage":16,"enemies":"Hexaghost","floor":16,"turns":5},{"damage":11,"enemies":"Shell Parasite","floor":18,"turns":4},{"damage":0,"enemies":"2 Thieves","floor":20,"turns":2},{"damage":0,"enemies":"Centurion and Healer","floor":21,"turns":2},{"damage":3,"enemies":"Shelled Parasite and Fungi","floor":22,"turns":4},{"damage":6,"enemies":"Gremlin Leader","floor":23,"turns":3},{"damage":0,"enemies":"Sentry and Sphere","floor":27,"turns":3},{"damage":0,"enemies":"3 Cultists","floor":30,"turns":3},{"damage":0,"enemies":"Centurion and Healer","floor":31,"turns":2},{"damage":0,"enemies":"Champ","floor":33,"turns":5},{"damage":0,"enemies":"3 Shapes","floor":35,"turns":3},{"damage":0,"enemies":"Orb Walker","floor":37,"turns":3},{"damage":0,"enemies":"Transient","floor":39,"turns":5},{"damage":5,"enemies":"Maw","floor":41,"turns":5},{"damage":19,"enemies":"Spire Growth","floor":42,"turns":4},{"damage":0,"enemies":"Writhing Mass","floor":44,"turns":1},{"damage":16,"enemies":"Nemesis","floor":46,"turns":5},{"damage":48,"enemies":"Transient","floor":47,"turns":5},{"damage":0,"enemies":"Maw","floor":48,"turns":5},{"damage":72,"enemies":"Awakened One","floor":50,"turns":10}],"seed_played":"8257404502654581501","potions_obtained":[{"floor":1,"key":"CunningPotion"},{"floor":4,"key":"LiquidMemories"},{"floor":17,"key":"FairyPotion"},{"floor":20,"key":"Languid Potion"},{"floor":27,"key":"LifebloodPotion"},{"floor":30,"key":"Adrenaline Potion"},{"floor":33,"key":"Toxic Potion"},{"floor":37,"key":"AttackPotion"},{"floor":39,"key":"CunningPotion"},{"floor":44,"key":"Dexterity Potion"},{"floor":48,"key":"Fruit Juice"}],"is_trial":false,"path_per_floor":["M","M","?","M","?","R","E","R","T","T","R","M","R","$","R","B",null,"M","$","M","M","M","E","R","$","T","M","$","?","M","M","R","B",null,"M","?","M","?","M","R","M","M","T","M","R","E","M","M","R","B"],"character_chosen":"THE_SILENT","items_purchased":["CultistPotion","Dagger Spray","Quick Slash+1","infinitespire:Satchel","Strange Spoon"],"campfire_rested":4,"item_purchase_floors":[14,14,14,19,28],"current_hp_per_floor":[70,70,56,56,45,45,45,66,66,66,66,66,66,66,66,50,75,64,64,64,64,61,55,55,55,55,55,55,55,55,55,75,75,75,75,75,75,75,75,75,70,51,51,51,73,57,9,14,38,0,0],"gold":368,"neow_bonus":"THREE_RARE_CARDS","is_daily":false,"chose_seed":false,"campfire_upgraded":6,"win_rate":0.0,"timestamp":1608450594,"path_taken":["M","M","?","M","?","R","E","R","T","?","R","M","R","$","R","BOSS","M","$","M","M","M","E","R","?","T","M","?","?","M","M","R","BOSS","M","?","M","?","M","R","M","?","T","M","R","E","M","M","R","BOSS"],"items_purchased_type":["Potion","Card","Card","Relic","Relic"],"build_version":"2020-12-13","purchased_purges":0,"victory":false,"max_hp_per_floor":[70,70,70,70,70,70,70,70,70,70,70,70,70,70,70,70,75,75,75,75,75,75,75,75,75,75,75,75,75,75,75,75,75,75,75,75,75,75,75,75,75,75,75,75,75,75,75,80,80,80,80],"card_choices":[{"not_picked":["Doppelganger","Phantasmal Killer"],"picked":"Storm of Steel","floor":0},{"not_picked":["hubris:TrickCloak","Slice"],"picked":"PiercingWail","floor":1},{"not_picked":["Concentrate","hubris:SlightOfHand","hubris:Sniper"],"picked":"SKIP","floor":2},{"not_picked":["Quick Slash","Dodge and Roll"],"picked":"Glass Knife","floor":4},{"not_picked":["Deadly Poison","ReplayTheSpireMod:Speed Training"],"picked":"Sucker Punch","floor":7},{"not_picked":["Well Laid Plans","Crippling Poison"],"picked":"Sucker Punch","floor":12},{"not_picked":["ReplayTheSpireMod:Necrosis","A Thousand Cuts"],"picked":"Adrenaline","floor":16},{"not_picked":["Dagger Throw","Slice+1"],"picked":"Blade Dance","floor":18},{"not_picked":["hubris:SlightOfHand","ReplayTheSpireMod:Tripwire"],"picked":"Blade Dance","floor":20},{"not_picked":["Terror","Flying Knee"],"picked":"Cloak And Dagger","floor":21},{"not_picked":["Dagger Throw","Backflip+1","Concentrate"],"picked":"SKIP","floor":22},{"not_picked":["Slice","Underhanded Strike+1","Eviscerate"],"picked":"SKIP","floor":23},{"not_picked":["Hidden Blade","Sucker Punch"],"picked":"Dagger Throw","floor":27},{"not_picked":["Expertise","Quick Slash"],"picked":"Finisher+1","floor":30},{"not_picked":["ReplayTheSpireMod:Tripwire","Acrobatics+1"],"picked":"Leg Sweep","floor":31},{"not_picked":["Underhanded Strike+1","Dodge and Roll"],"picked":"Catalyst","floor":32},{"not_picked":["Setup+1","Dagger Throw+1"],"picked":"Cloak And Dagger+1","floor":35},{"not_picked":["Escape Plan+1","Predator+1","Dagger Spray"],"picked":"SKIP","floor":37},{"not_picked":["Hidden Blade+1","hubris:Sniper","Deadly Poison"],"picked":"SKIP","floor":39},{"not_picked":["Calculated Gamble","Well Laid Plans"],"picked":"Blade Dance+1","floor":41},{"not_picked":["Quick Slash+1","Sucker Punch","Bouncing Flask"],"picked":"SKIP","floor":42},{"not_picked":["Eviscerate","Cloak And Dagger","Phantasmal Killer"],"picked":"SKIP","floor":44},{"not_picked":["Dagger Throw","Distraction+1"],"picked":"Cloak And Dagger+1","floor":45},{"not_picked":["Underhanded Strike+1","Poisoned Stab","ReplayTheSpireMod:Tripwire"],"picked":"SKIP","floor":46},{"not_picked":["Crippling Poison","hubris:SlightOfHand+1","Slice"],"picked":"SKIP","floor":47},{"not_picked":["Backflip","Noxious Fumes+1","Poison Darts"],"picked":"SKIP","floor":48},{"not_picked":["Acrobatics","Hidden Blade+1"],"picked":"Cloak And Dagger+1","floor":49}],"player_experience":404329,"relics_obtained":[{"floor":7,"key":"infinitespire:Midas Blood"},{"floor":9,"key":"Replay:Rubber Ducky"},{"floor":10,"key":"Oddly Smooth Stone"},{"floor":23,"key":"Dream Catcher"},{"floor":26,"key":"infinitespire:Bottled Soul"},{"floor":43,"key":"Replay:Accelerometer"},{"floor":46,"key":"hubris:ToyBattleship"}],"event_choices":[{"damage_healed":0,"gold_gain":0,"player_choice":"Entered Light","damage_taken":14,"max_hp_gain":0,"max_hp_loss":0,"event_name":"Shining Light","floor":3,"gold_loss":0,"cards_upgraded":["Strike_G","Defend_G"]},{"damage_healed":0,"gold_gain":75,"player_choice":"Gather Gold","damage_taken":11,"max_hp_gain":0,"max_hp_loss":0,"event_name":"World of Goop","floor":5,"gold_loss":0},{"damage_healed":0,"gold_gain":0,"player_choice":"Memory 1","damage_taken":0,"max_hp_gain":0,"max_hp_loss":0,"event_name":"SensoryStone","floor":36,"gold_loss":0},{"damage_healed":0,"gold_gain":0,"player_choice":"Ignored","damage_taken":0,"max_hp_gain":0,"max_hp_loss":0,"event_name":"Purifier","floor":38,"gold_loss":0}],"is_beta":false,"boss_relics":[{"not_picked":["Astrolabe","ReplayTheSpireMod:SealedPack"],"picked":"Tiny House"},{"not_picked":["hubris:HollowSoul","Fusion Hammer"],"picked":"SlaversCollar"}],"items_purged_floors":[],"is_endless":false,"potions_floor_spawned":[1,4,20,23,27,30,33,37,39,44,48],"killed_by":"Awakened One","ascension_level":0}}