{"host":"qyjrmrr57odine7m","time":1608476401,"event":{"mods":["AchievementEnabler","BaseMod","Bestiary","Block Reminder","Card Forge","Highlight Path","Minty Spire (QoL Compilation)","Permanent Neow","StSLib"],"gold_per_floor":[114,289,72,87,102,102,145,145,145,160,190,190,220,235,235,335,335,350,0,15,30,45,45,75,174,174,204,219,219,249,264,264,364,364,379,394,394,394,409,409,439,454,454,484,484,34,64,79,79,79],"floor_reached":51,"playtime":3037,"items_purged":[],"score":1007,"play_id":"a705c8e3-5475-4c71-9dff-c688a0f31ca4","local_time":"20201220150001","daily_mods":["Draft","Uncertain Future","Elite Swarm"],"is_ascension_mode":false,"campfire_choices":[{"floor":6.0,"key":"REST"},{"floor":8.0,"key":"REST"},{"floor":15.0,"key":"REST"},{"floor":23.0,"key":"REST"},{"floor":29.0,"key":"REST"},{"floor":32,"key":"REST"},{"floor":40,"key":"REST"},{"floor":49,"key":"REST"}],"circlet_count":0,"master_deck":["Sword Boomerang+1","Shrug It Off+1","Cleave+1","Cleave+1","Sword Boomerang+1","Shrug It Off+1","Shrug It Off+1","Barricade+1","Metallicize+1","Demon Form+1","Shrug It Off+1","Metallicize+1","Disarm+1","Heavy Blade+1"],"relics":["Black Blood","Hammer of Thor","Seething Fire","Anvil of the Gods","ClockworkSouvenir","Calipers","Incense Burner","Vajra","Bottled Flame","Velvet Choker","Ginger","Potion Belt","Shuriken","War Paint","Oddly Smooth Stone","White Beast Statue","InkBottle","Frozen Egg 2","Lizard Tail","Cauldron","Turnip"],"acts_visited":["Exordium","TheCity","TheBeyond"],"potions_floor_usage":[48,50,50,50,50],"damage_taken":[{"damage":0.0,"enemies":"Small Slimes","floor":1.0,"turns":2.0},{"damage":0.0,"enemies":"2 Louse","floor":4.0,"turns":1.0},{"damage":0.0,"enemies":"Jaw Worm","floor":5.0,"turns":2.0},{"damage":7.0,"enemies":"Lagavulin Event","floor":7.0,"turns":5.0},{"damage":0.0,"enemies":"Gremlin Gang","floor":10.0,"turns":2.0},{"damage":0.0,"enemies":"Gremlin Nob","floor":11.0,"turns":2.0},{"damage":0.0,"enemies":"3 Sentries","floor":13.0,"turns":4.0},{"damage":5.0,"enemies":"Blue Slaver","floor":14.0,"turns":4.0},{"damage":0.0,"enemies":"Slime Boss","floor":16.0,"turns":6.0},{"damage":0.0,"enemies":"Spheric Guardian","floor":18.0,"turns":3.0},{"damage":0.0,"enemies":"2 Thieves","floor":20.0,"turns":4.0},{"damage":16.0,"enemies":"Snake Plant","floor":21.0,"turns":4.0},{"damage":1.0,"enemies":"Centurion and Healer","floor":22.0,"turns":5.0},{"damage":17.0,"enemies":"Slavers","floor":24.0,"turns":6.0},{"damage":5.0,"enemies":"Gremlin Leader","floor":27.0,"turns":5.0},{"damage":1.0,"enemies":"3 Cultists","floor":28.0,"turns":3.0},{"damage":20,"enemies":"Slavers","floor":30,"turns":6},{"damage":4,"enemies":"Sentry and Sphere","floor":31,"turns":4},{"damage":0,"enemies":"Champ","floor":33,"turns":6},{"damage":13,"enemies":"3 Shapes","floor":35,"turns":3},{"damage":26,"enemies":"Orb Walker","floor":36,"turns":5},{"damage":45,"enemies":"4 Shapes","floor":39,"turns":10},{"damage":9,"enemies":"Giant Head","floor":41,"turns":7},{"damage":13,"enemies":"Maw","floor":42,"turns":7},{"damage":13,"enemies":"Reptomancer","floor":44,"turns":7},{"damage":0,"enemies":"Giant Head","floor":47,"turns":7},{"damage":0,"enemies":"Spire Growth","floor":48,"turns":6},{"damage":17,"enemies":"Awakened One","floor":50,"turns":9}],"seed_played":"-2908382401684788831","potions_obtained":[{"floor":4.0,"key":"Explosive Potion"},{"floor":10.0,"key":"SmokeBomb"},{"floor":13.0,"key":"Swift Potion"},{"floor":20.0,"key":"ElixirPotion"},{"floor":21.0,"key":"FairyPotion"},{"floor":30,"key":"BloodPotion"},{"floor":33,"key":"EssenceOfSteel"},{"floor":41,"key":"ElixirPotion"},{"floor":46,"key":"Ancient Potion"},{"floor":46,"key":"Regen Potion"},{"floor":48,"key":"SteroidPotion"}],"is_trial":false,"path_per_floor":["M","?","$","M","M","R","?","R","T","M","E","$","E","M","R","B",null,"M","$","M","M","M","R","E","?","T","E","M","R","E","M","R","B",null,"M","M","?","?","M","R","E","M","T","E","?","$","E","M","R","B",null],"character_chosen":"IRONCLAD","items_purchased":["ClockworkSouvenir","Inflame","Ginger","Block Potion","Lizard Tail","Cauldron"],"campfire_rested":8,"item_purchase_floors":[3,3,19,19,46,46],"current_hp_per_floor":[80,80,80,80,80,80,79,80,80,80,80,80,80,80,80,80,80,80,80,80,70,75,80,69,69,69,70,75,80,66,68,80,80,80,79,65,65,65,32,56,59,58,58,57,57,57,69,80,80,80],"gold":79,"neow_bonus":"","is_daily":true,"chose_seed":false,"campfire_upgraded":0,"win_rate":0.0,"timestamp":1608476401,"path_taken":["M","?","$","M","M","R","?","R","T","M","E","?","E","M","R","BOSS","M","$","?","?","M","R","E","?","T","E","M","R","E","M","R","BOSS","M","M","?","?","M","R","E","M","T","E","?","$","E","M","R","BOSS"],"items_purchased_type":["Relic","Card","Relic","Potion","Relic","Relic"],"build_version":"2020-12-13","purchased_purges":0,"victory":true,"max_hp_per_floor":[80,80,80,80,80,80,80,80,80,80,80,80,80,80,80,80,80,80,80,80,80,80,80,80,80,80,80,80,80,80,80,80,80,80,80,80,80,80,80,80,80,80,80,80,80,80,80,80,80,80],"card_choices":[{"not_picked":["Havoc","Body Slam"],"picked":"Sword Boomerang","floor":0.0},{"not_picked":["Sword Boomerang","Havoc"],"picked":"Shrug It Off","floor":0.0},{"not_picked":["Flex","Combust"],"picked":"Rampage","floor":0.0},{"not_picked":["Power Through","Sword Boomerang"],"picked":"Cleave","floor":0.0},{"not_picked":["Flex","Wild Strike"],"picked":"Thunderclap","floor":0.0},{"not_picked":["Clash","Cleave"],"picked":"Iron Wave","floor":0.0},{"not_picked":["Clothesline","Power Through"],"picked":"Thunderclap","floor":0.0},{"not_picked":["Pommel Strike","Evolve"],"picked":"Cleave","floor":0.0},{"not_picked":["Clash","Headbutt"],"picked":"Twin Strike","floor":0.0},{"not_picked":["Headbutt","Pummel"],"picked":"Pommel Strike","floor":0.0},{"not_picked":["Shockwave","Warcry"],"picked":"Sword Boomerang","floor":0.0},{"not_picked":["Blood for Blood","Clash"],"picked":"Whirlwind","floor":0.0},{"not_picked":["Power Through","Battle Trance"],"picked":"Clothesline","floor":0.0},{"not_picked":["Ghostly Armor","Armaments"],"picked":"Shrug It Off","floor":0.0},{"not_picked":["Warcry","Pommel Strike"],"picked":"Armaments","floor":0.0},{"not_picked":["Blood for Blood","Anger"],"picked":"Iron Wave","floor":1.0},{"not_picked":["Blood for Blood","Sword Boomerang","Cleave"],"picked":"SKIP","floor":4.0},{"not_picked":["Sentinel","Clothesline"],"picked":"Shrug It Off","floor":5.0},{"not_picked":["Sentinel","Perfected Strike","Armaments"],"picked":"SKIP","floor":10.0},{"not_picked":["Double Tap","Berserk"],"picked":"Barricade","floor":11.0},{"not_picked":["Berserk","Immolate","Feed"],"picked":"SKIP","floor":13.0},{"not_picked":["Uppercut","Sword Boomerang"],"picked":"Metallicize","floor":14.0},{"not_picked":["Barricade","Juggernaut"],"picked":"Demon Form","floor":16.0},{"not_picked":["Perfected Strike+1","Sever Soul+1"],"picked":"Iron Wave+1","floor":18.0},{"not_picked":["Clothesline","Hemokinesis","Rupture"],"picked":"SKIP","floor":20.0},{"not_picked":["Wild Strike","Pommel Strike","Seeing Red"],"picked":"SKIP","floor":21.0},{"not_picked":["Flex","Shrug It Off+1","Evolve"],"picked":"SKIP","floor":22.0},{"not_picked":["Flex","Evolve"],"picked":"Shrug It Off+1","floor":22.0},{"not_picked":["Reaper","Demon Form","Double Tap"],"picked":"SKIP","floor":24.0},{"not_picked":["Limit Break","Impervious","Berserk"],"picked":"SKIP","floor":27.0},{"not_picked":["Headbutt+1","Rupture","Wild Strike"],"picked":"SKIP","floor":28.0},{"not_picked":["Double Tap","Berserk","Corruption"],"picked":"SKIP","floor":30},{"not_picked":["Iron Wave","Pommel Strike"],"picked":"Metallicize","floor":31},{"not_picked":["Cleave+1","Armaments+1"],"picked":"Disarm+1","floor":35},{"not_picked":["Clothesline+1","Evolve+1","Sever Soul+1"],"picked":"SKIP","floor":36},{"not_picked":["Rupture","Clothesline","Blood for Blood"],"picked":"SKIP","floor":39},{"not_picked":["Brutality","Fiend Fire","Bludgeon"],"picked":"SKIP","floor":41},{"not_picked":["Perfected Strike","Cleave","Battle Trance+1"],"picked":"SKIP","floor":42},{"not_picked":["Brutality+1","Barricade+1","Limit Break"],"picked":"SKIP","floor":44},{"not_picked":["Juggernaut+1","Fiend Fire","Barricade+1"],"picked":"SKIP","floor":47},{"not_picked":["Perfected Strike+1","Headbutt"],"picked":"Heavy Blade+1","floor":48}],"player_experience":1181229,"relics_obtained":[{"floor":7.0,"key":"Calipers"},{"floor":9.0,"key":"Incense Burner"},{"floor":11.0,"key":"Vajra"},{"floor":13.0,"key":"Bottled Flame"},{"floor":24.0,"key":"Potion Belt"},{"floor":26.0,"key":"Shuriken"},{"floor":27.0,"key":"War Paint"},{"floor":30,"key":"Oddly Smooth Stone"},{"floor":41,"key":"White Beast Statue"},{"floor":43,"key":"InkBottle"},{"floor":44,"key":"Frozen Egg 2"},{"floor":47,"key":"Turnip"}],"event_choices":[{"damage_healed":0.0,"max_hp_gain":0.0,"max_hp_loss":0.0,"gold_gain":175.0,"event_name":"Liars Game","player_choice":"AGREE","floor":2.0,"gold_loss":0.0,"damage_taken":0.0,"cards_obtained":["Doubt"]},{"damage_healed":0.0,"max_hp_gain":0.0,"max_hp_loss":0.0,"gold_gain":0.0,"event_name":"Dead Adventurer","player_choice":"Searched \u00272\u0027 times","floor":7.0,"gold_loss":0.0,"damage_taken":0.0},{"damage_healed":0.0,"max_hp_gain":0.0,"max_hp_loss":0.0,"gold_gain":99.0,"event_name":"Nest","player_choice":"Stole From Cult","floor":25.0,"gold_loss":0.0,"damage_taken":0.0},{"cards_removed":["Iron Wave"],"damage_healed":0,"gold_gain":0,"player_choice":"Removed Attack","damage_taken":0,"max_hp_gain":0,"max_hp_loss":0,"event_name":"Falling","floor":37,"gold_loss":0},{"damage_healed":0,"gold_gain":0,"player_choice":"Ignored","damage_taken":0,"max_hp_gain":0,"max_hp_loss":0,"event_name":"Tomb of Lord Red Mask","floor":38,"gold_loss":0},{"damage_healed":0,"gold_gain":0,"player_choice":"Ignored","damage_taken":0,"max_hp_gain":0,"max_hp_loss":0,"event_name":"Mysterious Sphere","floor":45,"gold_loss":0}],"is_beta":false,"boss_relics":[{"not_picked":["Snecko Eye","SlaversCollar"],"picked":"Velvet Choker"},{"not_picked":["Calling Bell","Black Star"],"picked":"Black Blood"}],"items_purged_floors":[],"is_endless":false,"potions_floor_spawned":[4,10,13,14,20,21,30,33,41,42,44,47,48],"ascension_level":0}}