{"host":"a5lz0e76zb3fcwkm","time":1608485855,"event":{"mods":["AchievementEnabler","BaseMod","Colored Map","Colored Powertips","Minty Spire (QoL Compilation)","StSLib","SuperFastMode"],"gold_per_floor":[111,111,123,123,45,80,80,115,160,160,160,178,5,24,24,102,102,122,47,57,57,76,76,93,126,149,10,10,20,20,20,20],"floor_reached":31,"playtime":820,"items_purged":["Clothesline+1","Defend_R"],"score":576,"play_id":"ecf242e3-4952-41f4-8922-93bc83de8530","local_time":"20201221023735","is_ascension_mode":true,"campfire_choices":[{"data":"Pommel Strike","floor":7,"key":"SMITH"},{"data":"Bash","floor":10,"key":"SMITH"},{"data":"Burning Pact","floor":15,"key":"SMITH"},{"floor":23,"key":"REST"}],"circlet_count":0,"master_deck":["AscendersBane","Defend_R+1","Defend_R","Defend_R","Bash+1","Pommel Strike+1","Dropkick","Shrug It Off","Second Wind","Burning Pact+1","Flame Barrier+1","Dropkick+1","Seeing Red+1"],"relics":["Burning Blood","NeowsBlessing","Happy Flower","Orrery","Astrolabe","Mummified Hand","Bronze Scales","Nloth\u0027s Gift"],"acts_visited":["Exordium","TheCity"],"potions_floor_usage":[8,8,16,16,25,25],"damage_taken":[{"damage":0.0,"enemies":"Cultist","floor":1.0,"turns":1.0},{"damage":0.0,"enemies":"Small Slimes","floor":3.0,"turns":1.0},{"damage":0,"enemies":"Gremlin Nob","floor":6,"turns":1},{"damage":21,"enemies":"Lagavulin","floor":8,"turns":8},{"damage":10,"enemies":"2 Louse","floor":12,"turns":3},{"damage":3,"enemies":"Blue Slaver","floor":14,"turns":4},{"damage":37,"enemies":"The Guardian","floor":16,"turns":13},{"damage":4,"enemies":"Chosen","floor":18,"turns":4},{"damage":18,"enemies":"3 Byrds","floor":20,"turns":5},{"damage":31,"enemies":"3 Cultists","floor":22,"turns":5},{"damage":16,"enemies":"Snake Plant","floor":24,"turns":4},{"damage":19,"enemies":"Gremlin Leader","floor":25,"turns":4},{"damage":4,"enemies":"Chosen and Byrds","floor":29,"turns":4},{"damage":34,"enemies":"Sentry and Sphere","floor":31,"turns":5}],"seed_played":"8921335724377969091","potions_obtained":[{"floor":1.0,"key":"Weak Potion"},{"floor":6,"key":"Energy Potion"},{"floor":8,"key":"Fire Potion"},{"floor":14,"key":"Explosive Potion"},{"floor":22,"key":"ColorlessPotion"},{"floor":24,"key":"DuplicationPotion"}],"is_trial":false,"path_per_floor":["M","?","M","?","$","E","R","E","T","R","?","M","$","M","R","B",null,"M","$","M","?","M","R","M","E","T","$","?","M","?","M"],"character_chosen":"IRONCLAD","items_purchased":["Dropkick","Orrery","Seeing Red"],"campfire_rested":1,"item_purchase_floors":[5,13,27],"current_hp_per_floor":[74,67,73,73,73,82,82,67,67,67,42,38,38,41,41,10,64,66,66,54,54,29,53,43,30,30,30,30,32,32,0,0],"gold":20,"neow_bonus":"THREE_ENEMY_KILL","is_daily":false,"chose_seed":false,"campfire_upgraded":3,"win_rate":0.0,"timestamp":1608485855,"path_taken":["M","?","M","?","$","E","R","E","T","R","?","M","?","M","R","BOSS","M","$","M","?","M","R","M","E","T","$","?","?","?","?"],"items_purchased_type":["Card","Relic","Card"],"build_version":"2020-12-13","purchased_purges":2,"victory":false,"max_hp_per_floor":[75,75,75,75,75,82,82,82,82,82,82,82,82,82,82,82,82,82,82,82,82,82,82,82,82,82,82,82,82,82,82,82],"card_choices":[{"not_picked":["Intimidate","Armaments"],"picked":"Pommel Strike","floor":1.0},{"not_picked":["True Grit","Perfected Strike","Cleave"],"picked":"SKIP","floor":3.0},{"not_picked":["Burning Pact","Twin Strike"],"picked":"Shrug It Off","floor":6},{"not_picked":["Iron Wave","Cleave","Rampage"],"picked":"SKIP","floor":8},{"not_picked":["Seeing Red","Disarm","Whirlwind"],"picked":"SKIP","floor":12},{"not_picked":["Spot Weakness","Shrug It Off"],"picked":"Second Wind","floor":13},{"not_picked":["Combust","Disarm"],"picked":"Burning Pact","floor":13},{"not_picked":["Disarm","Clash","Flame Barrier"],"picked":"SKIP","floor":14},{"not_picked":["Carnage","Body Slam","Disarm+1"],"picked":"SKIP","floor":18},{"not_picked":["Clash","Perfected Strike","Metallicize"],"picked":"SKIP","floor":20},{"not_picked":["Thunderclap","Carnage","Body Slam+1"],"picked":"SKIP","floor":22},{"not_picked":["Sword Boomerang","Headbutt","Bloodletting"],"picked":"SKIP","floor":24},{"not_picked":["Searing Blow","Perfected Strike","Shrug It Off"],"picked":"SKIP","floor":25},{"not_picked":["Perfected Strike","Wild Strike","True Grit"],"picked":"SKIP","floor":29}],"player_experience":1627382,"relics_obtained":[{"floor":6,"key":"Strawberry"},{"floor":9,"key":"Happy Flower"},{"floor":25,"key":"Mummified Hand"},{"floor":26,"key":"Bronze Scales"}],"event_choices":[{"cards_removed":["Strike_R"],"damage_healed":0.0,"max_hp_gain":0.0,"max_hp_loss":0.0,"gold_gain":0.0,"event_name":"Golden Wing","player_choice":"Card Removal","floor":2.0,"gold_loss":0.0,"damage_taken":7.0},{"cards_removed":["Strike_R"],"damage_healed":0,"gold_gain":0,"player_choice":"Forget","damage_taken":0,"max_hp_gain":0,"max_hp_loss":0,"event_name":"Living Wall","floor":4,"gold_loss":0},{"damage_healed":0,"gold_gain":0,"player_choice":"Entered Light","damage_taken":25,"max_hp_gain":0,"max_hp_loss":0,"event_name":"Shining Light","floor":11,"gold_loss":0,"cards_upgraded":["Defend_R","Strike_R"]},{"damage_healed":0,"gold_gain":0,"player_choice":"Traded Relic","damage_taken":0,"relics_obtained":["Nloth\u0027s Gift"],"max_hp_gain":0,"max_hp_loss":0,"event_name":"N\u0027loth","floor":28,"relics_lost":["Strawberry"],"gold_loss":0},{"damage_healed":0,"gold_gain":0,"player_choice":"Upgraded","damage_taken":0,"max_hp_gain":0,"max_hp_loss":0,"event_name":"Upgrade Shrine","floor":30,"gold_loss":0,"cards_upgraded":["Seeing Red"]}],"is_beta":false,"boss_relics":[{"not_picked":["Black Star","Tiny House"],"picked":"Astrolabe"}],"items_purged_floors":[19,27],"is_endless":false,"potions_floor_spawned":[1,6,8,14,22,24],"killed_by":"Sentry and Sphere","ascension_level":20}}