{"host":"Krakhan","time":1608454892,"event":{"mods":["AchievementEnabler","BaseMod","Colored Map","Colored Powertips","Downfall","Faster Ascension Climbing","Highlight Path","Minty Spire (QoL Compilation)","Rare Cards Sparkle","Relic Stats","StSLib"],"gold_per_floor":[99,130,130,162,3,3,28,178,103,133,149,149,149,149,169,274,274,199,213,288,319,333,353,353,61,81,107,140,140,140,140],"floor_reached":30,"playtime":2681,"items_purged":["Guardian:Strike_Guardian"],"score":349,"play_id":"0fff53ab-3db4-419e-b432-c516b851484e","local_time":"20201220040132","is_ascension_mode":true,"campfire_choices":[{"floor":1.0,"key":"RECALL"},{"data":"Guardian:ShieldCharger","floor":6.0,"key":"SMITH"},{"data":"Guardian:TwinSlam","floor":9.0,"key":"SMITH"},{"data":"Guardian:HyperBeam_Guardian","floor":18.0,"key":"SMITH"}],"circlet_count":0,"master_deck":["Guardian:Strike_Guardian+1","Guardian:Defend_Guardian","Guardian:Defend_Guardian","Guardian:Defend_Guardian+1","Guardian:Defend_Guardian+1","Guardian:CurlUp","Guardian:TwinSlam+1","Guardian:ShieldCharger+1","Guardian:FloatingOrbs+1","Guardian:ShieldSpikes+1","Slimebound:Icky","Guardian:Harden","Regret","Guardian:PiercingHide","Guardian:HyperBeam_Guardian+1","Guardian:Gem_Lightblue","Guardian:AncientConstruct","Guardian:WalkerClaw","Guardian:VentSteam+1","Guardian:Gem_Red","expansioncontent:CaCaw","Guardian:RefractedBeam","Guardian:Gem_Orange","Guardian:Suspension","Guardian:Gem_White","Guardian:BronzeArmor","Guardian:TemporalShield","Guardian:EvasiveProtocol"],"relics":["Guardian:ModeShifter","downfall:HeartsMalice","Pocketwatch","MealTicket","Sling","War Paint","downfall:HeartBlessingRed","Orichalcum","Oddly Smooth Stone","Sozu","downfall:HeartBlessingGreen","The Courier","Shuriken","PreservedInsect","Red Mask"],"acts_visited":["Exordium","TheCity"],"potions_floor_usage":[],"damage_taken":[{"damage":0.0,"enemies":"Gremlin Nob","floor":2.0,"turns":1.0},{"damage":0.0,"enemies":"Small Slimes","floor":3.0,"turns":1.0},{"damage":0.0,"enemies":"3 Sentries","floor":4.0,"turns":1.0},{"damage":0.0,"enemies":"downfall:FleeingMerchant","floor":5.0,"turns":4.0},{"damage":12.0,"enemies":"Lagavulin","floor":10.0,"turns":8.0},{"damage":7.0,"enemies":"2 Louse","floor":11.0,"turns":3.0},{"damage":3.0,"enemies":"Jaw Worm","floor":15.0,"turns":4.0},{"damage":19.0,"enemies":"downfall:Watcher","floor":16.0,"turns":15.0},{"damage":13.0,"enemies":"Chosen","floor":19.0,"turns":5.0},{"damage":19,"enemies":"Gremlin Leader","floor":21,"turns":8},{"damage":2,"enemies":"3 Byrds","floor":22,"turns":5},{"damage":1,"enemies":"Snake Plant","floor":23,"turns":4},{"damage":13,"enemies":"downfall:FleeingMerchant","floor":25,"turns":4},{"damage":6,"enemies":"Cultist and Chosen","floor":26,"turns":7},{"damage":6,"enemies":"Book of Stabbing","floor":27,"turns":5},{"damage":25,"enemies":"Masked Bandits","floor":28,"turns":4},{"damage":2,"enemies":"Shelled Parasite and Fungi","floor":30,"turns":5}],"seed_played":"1709501012043793979","potions_obtained":[{"floor":4.0,"key":"PowerPotion"},{"floor":11.0,"key":"ColorlessPotion"}],"is_trial":false,"path_per_floor":["R","E","M","E","$","R","T","?","R","E","M","?","T","?","M","B",null,"R","M","?","E","M","M","T","$","M","E","?","?","M"],"character_chosen":"GUARDIAN","items_purchased":["Sling","expansioncontent:CaCaw","Guardian:RefractedBeam","Guardian:Gem_Orange"],"campfire_rested":0,"item_purchase_floors":[5,25,25,25],"current_hp_per_floor":[80,80,80,80,80,80,80,80,80,68,61,61,61,61,58,39,80,80,67,67,48,46,45,45,47,41,35,10,2,0,0],"gold":140,"neow_bonus":"THREE_ENEMY_KILL","is_daily":false,"chose_seed":false,"campfire_upgraded":3,"win_rate":0.0,"timestamp":1608454892,"path_taken":["R","E","M","E","$","R","T","?","R","E","M","?","?","?","M","BOSS","R","M","?","E","M","M","T","$","?","E","?","?","?"],"items_purchased_type":["Relic","Card","Card","Card"],"build_version":"2020-12-18","purchased_purges":1,"victory":false,"max_hp_per_floor":[80,80,80,80,80,80,80,80,80,80,80,80,80,80,80,80,80,80,80,80,80,80,80,80,80,80,80,80,80,80,80],"relic_stats":{"Sozu":3,"counters":[17,81],"Shuriken":[5],"MealTicket":15,"PreservedInsect":0,"War Paint":["Guardian:ShieldSpikes","Guardian:Defend_Guardian"],"Orichalcum":[48],"obtain_stats":[{"downfall:HeartBlessingRed":9,"Guardian:ModeShifter":0,"Oddly Smooth Stone":13,"downfall:HeartsMalice":0,"downfall:HeartBlessingGreen":18,"The Courier":21,"PreservedInsect":27,"War Paint":7,"Orichalcum":10,"Sling":5,"Sozu":17,"Shuriken":24,"MealTicket":4,"Red Mask":28,"Pocketwatch":2},{"downfall:HeartBlessingRed":4,"Guardian:ModeShifter":0,"Oddly Smooth Stone":6,"downfall:HeartsMalice":0,"downfall:HeartBlessingGreen":8,"The Courier":10,"PreservedInsect":15,"War Paint":4,"Orichalcum":5,"Sling":4,"Sozu":8,"Shuriken":12,"MealTicket":3,"Red Mask":16,"Pocketwatch":1},{"downfall:HeartBlessingRed":4,"Guardian:ModeShifter":0,"Oddly Smooth Stone":15,"downfall:HeartsMalice":0,"downfall:HeartBlessingGreen":34,"The Courier":47,"PreservedInsect":72,"War Paint":4,"Orichalcum":12,"Sling":4,"Sozu":34,"Shuriken":56,"MealTicket":0,"Red Mask":76,"Pocketwatch":0}],"Pocketwatch":[54]},"card_choices":[{"not_picked":["Guardian:Clone","Guardian:Gem_Green"],"picked":"Guardian:ShieldCharger","floor":2.0},{"not_picked":["Guardian:Gem_Lightblue","Guardian:Gem_Red"],"picked":"Guardian:Gem_White","floor":3.0},{"not_picked":["Guardian:Incinerate","Guardian:TemporalStrike"],"picked":"Guardian:FloatingOrbs","floor":4.0},{"not_picked":["Guardian:PrismaticBarrier","Guardian:Gem_Fragmented"],"picked":"Guardian:ShieldSpikes","floor":5.0},{"not_picked":["Guardian:Planning","Guardian:PolyBeam"],"picked":"Guardian:Harden","floor":10.0},{"not_picked":["Guardian:SentryBeam","Guardian:Reroute"],"picked":"Guardian:Gem_Cyan","floor":11.0},{"not_picked":["Guardian:Recover","Guardian:Gem_Cyan"],"picked":"Guardian:PiercingHide","floor":15.0},{"not_picked":["Guardian:ConstructionForm","Guardian:TimeSifter"],"picked":"Guardian:HyperBeam_Guardian","floor":16.0},{"not_picked":["Guardian:Reroute+1","Guardian:TemporalShield"],"picked":"Guardian:Gem_Lightblue","floor":19.0},{"not_picked":["Guardian:BronzeOrb","Guardian:VentSteam"],"picked":"Guardian:AncientConstruct","floor":21},{"not_picked":["Guardian:Suspension","Guardian:Harden+1"],"picked":"Guardian:WalkerClaw","floor":22},{"not_picked":["Guardian:TimeCapacitor","Guardian:PiercingHide"],"picked":"Guardian:VentSteam+1","floor":23},{"not_picked":["Guardian:SpikerProtocol","Guardian:Gem_Green"],"picked":"Guardian:Gem_Red","floor":25},{"not_picked":["Guardian:Recover","Guardian:Planning"],"picked":"Guardian:Suspension","floor":26},{"not_picked":["Guardian:ShieldSpikes","Guardian:Reroute"],"picked":"Guardian:Gem_White","floor":27},{"not_picked":["Guardian:ArmoredProtocol","Guardian:RollAttack"],"picked":"Guardian:BronzeArmor","floor":28}],"player_experience":1216689,"relics_obtained":[{"floor":2.0,"key":"Pocketwatch"},{"floor":4.0,"key":"MealTicket"},{"floor":7.0,"key":"War Paint"},{"floor":10.0,"key":"Orichalcum"},{"floor":13.0,"key":"Oddly Smooth Stone"},{"floor":21,"key":"The Courier"},{"floor":24,"key":"Shuriken"},{"floor":27,"key":"PreservedInsect"},{"floor":28,"key":"Red Mask"}],"event_choices":[{"damage_healed":0,"gold_gain":0,"player_choice":"Fought Bandits","damage_taken":0,"max_hp_gain":0,"max_hp_loss":0,"event_name":"Masked Bandits","floor":28,"gold_loss":0}],"is_beta":true,"boss_relics":[{"not_picked":["Busted Crown","Calling Bell"],"picked":"Sozu"}],"items_purged_floors":[25],"is_endless":false,"potions_floor_spawned":[4,11,19,22,28],"killed_by":"Shelled Parasite and Fungi","ascension_level":1}}