{"host":"udzsrhbqdxqtlypj","time":1608468592,"event":{"mods":["BaseMod","Minty Spire (QoL Compilation)","Relic Stats"],"gold_per_floor":[14,33,53,53,72,108,108,147,147,183,202,43,78,96,96,216,216,241,241,265,281,297,321,321,321],"floor_reached":24,"playtime":1444,"items_purged":["Strike_R"],"score":371,"play_id":"ae251e44-de48-4f86-9f09-2a21b16df5e8","local_time":"20201220064952","is_ascension_mode":true,"campfire_choices":[{"data":"Inflame","floor":7,"key":"SMITH"},{"data":"Battle Trance","floor":15,"key":"SMITH"}],"circlet_count":0,"master_deck":["AscendersBane","Strike_R","Strike_R","Strike_R","Defend_R","Defend_R","Defend_R","Defend_R","Bash","Offering","Feel No Pain","Cleave","Perfected Strike","Inflame+1","Sword Boomerang","Battle Trance+1","Heavy Blade","Fire Breathing","Feel No Pain","Evolve","Feel No Pain","Corruption","Disarm+1","Anger","Heavy Blade+1","Battle Trance","Demon Form"],"relics":["Burning Blood","Golden Idol","Ornamental Fan","Mercury Hourglass","Pantograph","Odd Mushroom","Paper Frog","Snecko Eye"],"acts_visited":["Exordium","TheCity"],"potions_floor_usage":[6,10,13,16,18,18,20],"damage_taken":[{"damage":7,"enemies":"Cultist","floor":1,"turns":3},{"damage":5,"enemies":"2 Louse","floor":2,"turns":3},{"damage":8,"enemies":"Jaw Worm","floor":3,"turns":3},{"damage":9,"enemies":"3 Louse","floor":5,"turns":2},{"damage":16,"enemies":"3 Sentries","floor":6,"turns":7},{"damage":20,"enemies":"Lagavulin","floor":8,"turns":6},{"damage":6,"enemies":"The Mushroom Lair","floor":10,"turns":3},{"damage":10,"enemies":"Red Slaver","floor":11,"turns":2},{"damage":6,"enemies":"Gremlin Nob","floor":13,"turns":2},{"damage":9,"enemies":"Looter","floor":14,"turns":3},{"damage":32,"enemies":"Slime Boss","floor":16,"turns":8},{"damage":0,"enemies":"3 Byrds","floor":18,"turns":2},{"damage":2,"enemies":"Spheric Guardian","floor":20,"turns":4},{"damage":10,"enemies":"Chosen and Byrds","floor":21,"turns":4},{"damage":4,"enemies":"Sentry and Sphere","floor":22,"turns":5},{"damage":10,"enemies":"Cultist and Chosen","floor":23,"turns":5},{"damage":73,"enemies":"Gremlin Leader","floor":24,"turns":4}],"seed_played":"-5735582016537550368","potions_obtained":[{"floor":3,"key":"EssenceOfSteel"},{"floor":8,"key":"Ancient Potion"},{"floor":10,"key":"Swift Potion"},{"floor":11,"key":"SkillPotion"},{"floor":16,"key":"Explosive Potion"},{"floor":18,"key":"ElixirPotion"}],"is_trial":false,"path_per_floor":["M","M","M","?","M","E","R","E","T","?","M","$","E","M","R","B",null,"M","?","M","M","M","M","E"],"character_chosen":"IRONCLAD","items_purchased":["Feel No Pain","FearPotion"],"campfire_rested":0,"item_purchase_floors":[12,12],"current_hp_per_floor":[71,72,70,50,47,37,37,23,23,23,19,19,19,16,16,15,64,70,70,74,70,72,68,0,0],"gold":321,"neow_bonus":"THREE_RARE_CARDS","is_daily":false,"chose_seed":false,"campfire_upgraded":2,"win_rate":0.0,"timestamp":1608468592,"path_taken":["M","M","M","?","M","E","R","E","T","?","M","?","E","M","R","BOSS","M","?","M","?","M","M","E"],"items_purchased_type":["Card","Potion"],"build_version":"2020-12-13","purchased_purges":1,"victory":false,"max_hp_per_floor":[80,80,80,80,80,80,80,80,80,80,80,80,80,80,80,80,80,80,80,80,80,80,80,80,80],"relic_stats":{"counters":[17,65],"Golden Idol":86,"Ornamental Fan":[36],"Pantograph":25,"Snecko Eye":[53,44,47,45],"obtain_stats":[{"Golden Idol":4,"Ornamental Fan":6,"Pantograph":9,"Snecko Eye":17,"Odd Mushroom":10,"Burning Blood":0,"Mercury Hourglass":8,"Paper Frog":13},{"Golden Idol":3,"Ornamental Fan":5,"Pantograph":6,"Snecko Eye":11,"Odd Mushroom":7,"Burning Blood":0,"Mercury Hourglass":6,"Paper Frog":9},{"Golden Idol":9,"Ornamental Fan":18,"Pantograph":24,"Snecko Eye":41,"Odd Mushroom":27,"Burning Blood":0,"Mercury Hourglass":24,"Paper Frog":31}],"Burning Blood":96,"Mercury Hourglass":[180]},"card_choices":[{"not_picked":["Limit Break","Exhume"],"picked":"Offering","floor":0},{"not_picked":["Body Slam","Shrug It Off"],"picked":"Feel No Pain","floor":1},{"not_picked":["Thunderclap","Reckless Charge"],"picked":"Cleave","floor":2},{"not_picked":["Clash","Thunderclap"],"picked":"Perfected Strike","floor":3},{"not_picked":["Body Slam","Metallicize"],"picked":"Inflame","floor":5},{"not_picked":["Evolve","Reckless Charge"],"picked":"Sword Boomerang","floor":6},{"not_picked":["Clothesline","Disarm"],"picked":"Battle Trance","floor":8},{"not_picked":["Metallicize","Burning Pact"],"picked":"Heavy Blade","floor":10},{"not_picked":["Burning Pact","Armaments"],"picked":"Fire Breathing","floor":11},{"not_picked":["Pummel","Cleave"],"picked":"Evolve","floor":13},{"not_picked":["Wild Strike","Twin Strike"],"picked":"Feel No Pain","floor":14},{"not_picked":["Immolate","Feed"],"picked":"Corruption","floor":16},{"not_picked":["True Grit","Rage"],"picked":"Disarm+1","floor":18},{"not_picked":["Anger","Clash"],"picked":"Heavy Blade+1","floor":20},{"not_picked":["Sword Boomerang","Combust+1"],"picked":"Battle Trance","floor":21},{"not_picked":["Blood for Blood","Bloodletting+1"],"picked":"Demon Form","floor":22},{"not_picked":["Havoc","Rampage","Rupture"],"picked":"SKIP","floor":23}],"player_experience":2688474,"relics_obtained":[{"floor":6,"key":"Ornamental Fan"},{"floor":8,"key":"Mercury Hourglass"},{"floor":9,"key":"Pantograph"},{"floor":10,"key":"Odd Mushroom"},{"floor":13,"key":"Paper Frog"}],"event_choices":[{"damage_healed":0,"gold_gain":0,"player_choice":"Take Damage","damage_taken":20,"relics_obtained":["Golden Idol"],"max_hp_gain":0,"max_hp_loss":0,"event_name":"Golden Idol","floor":4,"gold_loss":0},{"damage_healed":0,"gold_gain":0,"player_choice":"Fought Mushrooms","damage_taken":0,"max_hp_gain":0,"max_hp_loss":0,"event_name":"Mushrooms","floor":10,"gold_loss":0},{"damage_healed":0,"gold_gain":0,"cards_transformed":["Strike_R"],"player_choice":"Transformed","damage_taken":0,"max_hp_gain":0,"max_hp_loss":0,"event_name":"Transmorgrifier","floor":19,"gold_loss":0,"cards_obtained":["Anger"]}],"is_beta":false,"boss_relics":[{"not_picked":["Cursed Key","Tiny House"],"picked":"Snecko Eye"}],"items_purged_floors":[12],"is_endless":false,"potions_floor_spawned":[3,8,10,11,16,18],"killed_by":"Gremlin Leader","ascension_level":10}}