{"host":"naykp6d9ulahlwib","time":1608438481,"event":{"mods":["BaseMod","Highlight Path","Minty Spire (QoL Compilation)","Shop Mod","StSLib"],"gold_per_floor":[117,42,53,53,53,53,63,63,117,128,128,143,162,62,62,137,137,155,155,30,30,47,47,47,47,47,72,72,89,15,15,15,89,139,158,172,186,206,56,82,82,102,127,127,147,160,160,178,178,178],"floor_reached":51,"playtime":8113,"items_purged":["Strike_P","Strike_P","Defend_P","Defend_P"],"score":1162,"play_id":"ea6bc6fb-93b7-42d7-b594-d6e58cda3dfb","local_time":"20201219222801","is_ascension_mode":true,"campfire_choices":[{"data":"Eruption","floor":6.0,"key":"SMITH"},{"data":"Blind","floor":8.0,"key":"SMITH"},{"data":"BattleHymn","floor":11.0,"key":"SMITH"},{"data":"Vigilance","floor":15.0,"key":"SMITH"},{"data":"SpiritShield","floor":23.0,"key":"SMITH"},{"floor":25.0,"key":"REST"},{"data":"WreathOfFlame","floor":32.0,"key":"SMITH"},{"data":"Vault","floor":41.0,"key":"SMITH"},{"data":"ForeignInfluence","floor":44,"key":"SMITH"},{"data":"Vault","floor":47,"key":"SMITH"},{"floor":49,"key":"REST"}],"circlet_count":0,"master_deck":["AscendersBane","Strike_P+1","Defend_P","Defend_P+1","Eruption+1","Vigilance+1","Blind+1","BattleHymn+1","SpiritShield+1","Conclude+1","Halt+1","EmptyFist+1","WreathOfFlame+1","Vault+1","ForeignInfluence+1","TalkToTheHand+1","EmptyBody","DeusExMachina","Swivel+1","Vault+1","DeceiveReality+1"],"relics":["PureWater","Damaru","Philosopher\u0027s Stone","Yang","Kunai","Tiny House","HornCleat","Whetstone"],"acts_visited":["Exordium","TheCity","TheBeyond"],"potions_floor_usage":[45,50,50],"damage_taken":[{"damage":0.0,"enemies":"Cultist","floor":1.0,"turns":3.0},{"damage":0.0,"enemies":"2 Louse","floor":3.0,"turns":3.0},{"damage":0.0,"enemies":"Jaw Worm","floor":7.0,"turns":4.0},{"damage":0.0,"enemies":"Large Slime","floor":10.0,"turns":5.0},{"damage":0.0,"enemies":"2 Fungi Beasts","floor":12.0,"turns":2.0},{"damage":0.0,"enemies":"Exordium Wildlife","floor":13.0,"turns":3.0},{"damage":6.0,"enemies":"Hexaghost","floor":16.0,"turns":9.0},{"damage":16.0,"enemies":"3 Byrds","floor":18.0,"turns":7.0},{"damage":0.0,"enemies":"Chosen","floor":22.0,"turns":3.0},{"damage":0.0,"enemies":"Gremlin Leader","floor":27.0,"turns":5.0},{"damage":7.0,"enemies":"Sentry and Sphere","floor":29.0,"turns":4.0},{"damage":24.0,"enemies":"Collector","floor":33.0,"turns":9.0},{"damage":0.0,"enemies":"3 Darklings","floor":35.0,"turns":3.0},{"damage":5.0,"enemies":"Orb Walker","floor":36.0,"turns":3.0},{"damage":4.0,"enemies":"Maw","floor":37.0,"turns":8.0},{"damage":10.0,"enemies":"Spire Growth","floor":38.0,"turns":5.0},{"damage":0.0,"enemies":"Reptomancer","floor":40.0,"turns":5.0},{"damage":0,"enemies":"Writhing Mass","floor":42,"turns":6},{"damage":0,"enemies":"Transient","floor":45,"turns":6},{"damage":0,"enemies":"Jaw Worm Horde","floor":46,"turns":5},{"damage":3,"enemies":"Writhing Mass","floor":48,"turns":7},{"damage":1,"enemies":"Awakened One","floor":50,"turns":20}],"seed_played":"7857057200661033514","potions_obtained":[{"floor":7.0,"key":"Swift Potion"},{"floor":13.0,"key":"Block Potion"},{"floor":33.0,"key":"EssenceOfSteel"},{"floor":37.0,"key":"SneckoOil"},{"floor":40.0,"key":"GamblersBrew"},{"floor":45,"key":"SkillPotion"}],"is_trial":false,"path_per_floor":["M","$","M","?","?","R","M","R","T","M","R","M","M","$","R","B",null,"M","?","$","?","M","R","?","R","T","E","?","M","$","?","R","B",null,"M","M","M","M","$","E","R","M","T","R","M","M","R","M","R","B",null],"character_chosen":"WATCHER","items_purchased":["WreathOfFlame"],"campfire_rested":2,"item_purchase_floors":[30],"current_hp_per_floor":[65,65,65,70,55,55,55,55,55,55,55,55,55,55,55,49,70,54,40,40,40,40,40,40,64,64,64,64,57,57,57,57,33,75,75,70,66,56,56,56,56,56,56,56,56,56,56,53,79,78],"gold":178,"neow_bonus":"RANDOM_COLORLESS","is_daily":false,"chose_seed":false,"campfire_upgraded":9,"win_rate":0.0,"timestamp":1608438481,"path_taken":["M","$","M","?","?","R","M","R","T","M","R","M","M","$","R","BOSS","M","?","$","?","M","R","?","R","T","E","?","?","?","?","R","BOSS","M","M","?","M","$","E","R","M","T","R","M","M","R","?","R","BOSS"],"items_purchased_type":["Card"],"build_version":"2020-12-13","purchased_purges":4,"victory":true,"max_hp_per_floor":[72,72,72,77,77,77,77,77,77,77,77,77,77,77,77,77,77,77,82,82,82,82,82,82,82,82,82,82,82,82,82,82,82,87,87,87,87,87,87,87,87,87,87,87,87,87,87,87,87,87],"card_choices":[{"not_picked":["Trip","Madness"],"picked":"Blind","floor":0.0},{"not_picked":["Indignation","Crescendo"],"picked":"BattleHymn","floor":1.0},{"not_picked":["Wireheading","WheelKick","FollowUp"],"picked":"SKIP","floor":3.0},{"not_picked":["CutThroughFate","SashWhip","Indignation"],"picked":"SKIP","floor":7.0},{"not_picked":["ClearTheMind","BowlingBash","EmptyFist"],"picked":"SKIP","floor":10.0},{"not_picked":["CrushJoints","JustLucky","EmptyFist"],"picked":"SKIP","floor":12.0},{"not_picked":["ReachHeaven","Consecrate","FlurryOfBlows"],"picked":"SKIP","floor":13.0},{"not_picked":["Blasphemy","Brilliance"],"picked":"SpiritShield","floor":16.0},{"not_picked":["Collect","Pray"],"picked":"Conclude","floor":18.0},{"not_picked":["Swivel","EmptyFist","CutThroughFate+1"],"picked":"SKIP","floor":22.0},{"not_picked":["FlurryOfBlows","Consecrate+1"],"picked":"Halt","floor":27.0},{"not_picked":["ClearTheMind","Study"],"picked":"EmptyFist+1","floor":29.0},{"not_picked":["Brilliance","DeusExMachina"],"picked":"Vault","floor":33.0},{"not_picked":["WindmillStrike","ClearTheMind"],"picked":"ForeignInfluence","floor":34.0},{"not_picked":["Tantrum","SashWhip","PathToVictory"],"picked":"SKIP","floor":35.0},{"not_picked":["Protect","WheelKick"],"picked":"TalkToTheHand","floor":36.0},{"not_picked":["WheelKick","FlyingSleeves","Fasting2"],"picked":"SKIP","floor":37.0},{"not_picked":["FlurryOfBlows+1","CrushJoints"],"picked":"EmptyBody","floor":38.0},{"not_picked":["Weave","WaveOfTheHand"],"picked":"DeusExMachina","floor":40.0},{"not_picked":["Evaluate","FollowUp","CrushJoints"],"picked":"SKIP","floor":42},{"not_picked":["LikeWater+1","Evaluate"],"picked":"Swivel+1","floor":45},{"not_picked":["ForeignInfluence","WaveOfTheHand"],"picked":"Vault","floor":46},{"not_picked":["BowlingBash","Protect"],"picked":"DeceiveReality+1","floor":48}],"player_experience":838606,"relics_obtained":[{"floor":9.0,"key":"Damaru"},{"floor":26.0,"key":"Yang"},{"floor":27.0,"key":"Kunai"},{"floor":40.0,"key":"HornCleat"},{"floor":43,"key":"Whetstone"}],"event_choices":[{"damage_healed":0.0,"max_hp_gain":5.0,"max_hp_loss":0.0,"gold_gain":0.0,"event_name":"Big Fish","player_choice":"Donut","floor":4.0,"gold_loss":0.0,"damage_taken":0.0},{"damage_healed":0.0,"max_hp_gain":0.0,"max_hp_loss":0.0,"gold_gain":0.0,"event_name":"Shining Light","player_choice":"Entered Light","floor":5.0,"gold_loss":0.0,"damage_taken":15.0,"cards_upgraded":["Strike_P","Defend_P"]},{"damage_healed":0.0,"max_hp_gain":5.0,"max_hp_loss":0.0,"gold_gain":0.0,"event_name":"Forgotten Altar","player_choice":"Shed Blood","floor":19.0,"gold_loss":0.0,"damage_taken":19.0},{"damage_healed":0.0,"max_hp_gain":0.0,"max_hp_loss":0.0,"gold_gain":0.0,"event_name":"Vampires","player_choice":"Ignored","floor":21.0,"gold_loss":0.0,"damage_taken":0.0},{"damage_healed":0.0,"max_hp_gain":0.0,"max_hp_loss":0.0,"gold_gain":0.0,"event_name":"Ghosts","player_choice":"Ignored","floor":24.0,"gold_loss":0.0,"damage_taken":0.0},{"damage_healed":0.0,"max_hp_gain":0.0,"max_hp_loss":0.0,"gold_gain":0.0,"event_name":"Cursed Tome","player_choice":"Ignored","floor":28.0,"gold_loss":0.0,"damage_taken":0.0},{"cards_removed":["Strike_P"],"damage_healed":0.0,"max_hp_gain":0.0,"max_hp_loss":0.0,"gold_gain":0.0,"event_name":"Bonfire Elementals","player_choice":"Offered Basic","floor":31.0,"gold_loss":0.0,"damage_taken":0.0}],"is_beta":false,"boss_relics":[{"not_picked":["Coffee Dripper","SacredBark"],"picked":"Philosopher\u0027s Stone"},{"not_picked":["Pandora\u0027s Box","Busted Crown"],"picked":"Tiny House"}],"items_purged_floors":[2,14,20,39],"is_endless":false,"potions_floor_spawned":[7,13,18,33,36,37,40,45,46],"ascension_level":13}}