{"host":"z5ogtnuuoxgup8y1","time":1608503149,"event":{"mods":["BaseMod","Better Third Choice","BetterRewards","Hermit","Hubris","Jorbs\u0027s Wanderer Trilogy","Minty Spire (QoL Compilation)","Replay The Spire","Spicy Shops","StSLib","The Cursed","The Disciple","The Hierophant","The Jungle","The Runesmith"],"gold_per_floor":[115,130,24,42,17,51,67,84,161,161,178,178,206,224,224,297,297,311,325,335,1,1,29,29,61,61,74,92,108,66,81,81,157,157,175,193,69,81,99,129,129,162,185,196,216,231,264,284,284,284,284,284],"floor_reached":51,"playtime":2670,"items_purged":["Strike_R","Defend_R","Defend_R","Strike_R"],"score":2052,"play_id":"ae953c8c-afe3-439a-a1cc-1524cf8b9046","local_time":"20201220222549","is_ascension_mode":true,"campfire_choices":[{"data":"True Grit","floor":10,"key":"SMITH"},{"data":"Carnage","floor":12,"key":"SMITH"},{"data":"Spot Weakness","floor":15,"key":"SMITH"},{"data":"Limit Break","floor":32,"key":"SMITH"},{"data":"Reprogram","floor":41,"key":"SMITH"},{"floor":49,"key":"REST"}],"circlet_count":0,"master_deck":["AscendersBane","Strike_R+1","Defend_R","Defend_R+1","Bash","Shrug It Off","Anger","True Grit+1","Spot Weakness+1","Shrug It Off","Whirlwind","Dropkick","Headbutt","Anger","Carnage+1","Hemokinesis","Limit Break+1","Body Slam+1","Intimidate+1","Double Tap+1","Anger+1","True Grit","Pommel Strike","Necronomicurse","Sword Boomerang+1","ReplayTheSpireMod:Muscle Training","Second Wind","Shockwave+1","Flame Barrier","TheCursedMod:SurpriseAttack+1","Reprogram+1","Flash of Steel+1","stsjorbsmod:SilverStrike","Streamline"],"relics":["Burning Blood","Lee\u0027s Waffle","Unceasing Top","Membership Card","CaptainsWheel","Dream Catcher","Bag of Marbles","Pear","Simple Rune","Astrolabe","Chemical X","hubris:HerbalPaste","Self Forming Clay","Necronomicon","Iron Hammer","Runesmith:AutoHammer","Red Skull","Philosopher\u0027s Stone","PrismaticShard","Replay:WaspNest","hubris:TenFootPole","Juzu Bracelet","Art of War"],"acts_visited":["Exordium","TheCity","TheBeyond"],"potions_floor_usage":[6,13,42,46,47,50],"damage_taken":[{"damage":6,"enemies":"2 Louse","floor":1,"turns":2},{"damage":0,"enemies":"Cultist","floor":2,"turns":4},{"damage":5,"enemies":"Small Slimes","floor":4,"turns":4},{"damage":11,"enemies":"Exordium Thugs","floor":5,"turns":4},{"damage":21,"enemies":"Gremlin Nob","floor":6,"turns":4},{"damage":0,"enemies":"3 Louse","floor":7,"turns":1},{"damage":6,"enemies":"Looter","floor":8,"turns":4},{"damage":0,"enemies":"Large Slime","floor":11,"turns":3},{"damage":0,"enemies":"Lagavulin","floor":13,"turns":3},{"damage":0,"enemies":"2 Fungi Beasts","floor":14,"turns":2},{"damage":83,"enemies":"Fading Forest","floor":16,"turns":13},{"damage":10,"enemies":"Shell Parasite","floor":18,"turns":3},{"damage":9,"enemies":"2 Thieves","floor":19,"turns":3},{"damage":16,"enemies":"Centurion and Healer","floor":20,"turns":5},{"damage":7,"enemies":"Book of Stabbing","floor":23,"turns":4},{"damage":0,"enemies":"Slavers","floor":25,"turns":1},{"damage":22,"enemies":"3 Cultists","floor":27,"turns":5},{"damage":0,"enemies":"Chosen and Byrds","floor":28,"turns":4},{"damage":0,"enemies":"Snake Plant","floor":29,"turns":1},{"damage":12,"enemies":"3 Cultists","floor":31,"turns":5},{"damage":54,"enemies":"Automaton","floor":33,"turns":8},{"damage":18,"enemies":"3 Shapes","floor":35,"turns":4},{"damage":0,"enemies":"3 Darklings","floor":36,"turns":1},{"damage":39,"enemies":"Sphere and 2 Shapes","floor":38,"turns":6},{"damage":3,"enemies":"Maw","floor":39,"turns":4},{"damage":1,"enemies":"R_Hoarder","floor":40,"turns":7},{"damage":24,"enemies":"Reptomancer","floor":42,"turns":3},{"damage":1,"enemies":"Spire Growth","floor":44,"turns":2},{"damage":11,"enemies":"3 Darklings","floor":45,"turns":4},{"damage":29,"enemies":"Maw","floor":46,"turns":5},{"damage":27,"enemies":"Giant Head","floor":47,"turns":5},{"damage":2,"enemies":"Sphere and 2 Shapes","floor":48,"turns":3},{"damage":56,"enemies":"hubris:GrandSnecko","floor":50,"turns":9},{"damage":69,"enemies":"Awakened One","floor":51,"turns":5}],"seed_played":"-4945476745289051569","potions_obtained":[{"floor":4,"key":"Dexterity Potion"},{"floor":5,"key":"Strength Potion"},{"floor":8,"key":"SteroidPotion"},{"floor":27,"key":"Energy Potion"},{"floor":44,"key":"Swift Potion"},{"floor":46,"key":"ColorlessPotion"}],"is_trial":false,"path_per_floor":["M","M","$","M","M","E","M","M","T","R","M","R","E","M","R","B",null,"M","M","M","$","?","E","?","E","T","M","M","M","$","M","R","B",null,"M","M","$","M","M","E","R","E","T","M","M","M","E","M","R","B","B"],"character_chosen":"IRONCLAD","items_purchased":["Lee\u0027s Waffle","Shrug It Off","Anger","True Grit","Membership Card","CaptainsWheel","Dream Catcher","Chemical X","hubris:HerbalPaste","Self Forming Clay","Second Wind","Flame Barrier","PrismaticShard"],"campfire_rested":1,"item_purchase_floors":[0,0,0,0,0,0,3,21,21,21,30,37,37],"current_hp_per_floor":[82,82,82,82,77,62,68,68,78,78,84,84,90,92,92,37,78,74,71,61,61,40,45,45,51,51,41,53,59,59,59,59,17,73,67,73,73,46,55,66,66,53,53,61,62,45,30,39,66,22,0,0],"gold":284,"neow_bonus":"","is_daily":false,"chose_seed":false,"campfire_upgraded":5,"win_rate":0.0,"timestamp":1608503149,"path_taken":["M","M","$","M","M","E","M","M","T","R","M","R","E","M","R","BOSS","M","M","M","$","?","E","?","E","T","M","?","M","$","M","R","BOSS","M","M","$","M","M","E","R","E","T","M","M","M","E","M","R","BOSS","BOSS"],"items_purchased_type":["Relic","Card","Card","Card","Relic","Relic","Relic","Relic","Relic","Relic","Card","Card","Relic"],"build_version":"2020-12-13","purchased_purges":4,"victory":false,"max_hp_per_floor":[82,82,82,82,82,82,82,82,92,92,92,92,92,92,92,92,92,92,92,92,92,92,92,92,92,92,92,92,92,92,92,92,92,92,92,92,92,92,92,92,92,92,92,92,92,92,92,92,92,92,92,92],"card_choices":[{"not_picked":["ReplayTheSpireMod:LeadingStrike","Intimidate"],"picked":"Spot Weakness","floor":1},{"not_picked":["ReplayTheSpireMod:Stacked","ReplayTheSpireMod:Corrosion Curse"],"picked":"Shrug It Off","floor":2},{"not_picked":["Wild Strike","ReplayTheSpireMod:Strike From Hell"],"picked":"Whirlwind","floor":4},{"not_picked":["Dropkick","Dual Wield","ReplayTheSpireMod:Corrosion Curse"],"picked":"SKIP","floor":5},{"not_picked":["Dual Wield","ReplayTheSpireMod:Corrosion Curse"],"picked":"Dropkick","floor":5},{"not_picked":["Armaments","Demon Form"],"picked":"Headbutt","floor":6},{"not_picked":["Sentinel","ReplayReversal","Body Slam"],"picked":"SKIP","floor":7},{"not_picked":["Twin Strike","ReplayTheSpireMod:Strike From Hell"],"picked":"Anger","floor":8},{"not_picked":["Combust","Clash"],"picked":"Carnage","floor":11},{"not_picked":["ReplayTheSpireMod:LeadingStrike","Replay:Undeath\u0027s Touch"],"picked":"Hemokinesis","floor":13},{"not_picked":["Whirlwind","hubris:SharpeningStone","Brutality"],"picked":"SKIP","floor":14},{"not_picked":["Eclipse","Feed"],"picked":"Limit Break","floor":16},{"not_picked":["Heavy Blade","Clash"],"picked":"Anger+1","floor":18},{"not_picked":["Carnage","Power Through+1","True Grit"],"picked":"SKIP","floor":19},{"not_picked":["Carnage","Power Through+1"],"picked":"True Grit","floor":19},{"not_picked":["Iron Wave","ReplayTheSpireMod:Stacked"],"picked":"Pommel Strike","floor":20},{"not_picked":["Armaments","Inflame","Rage"],"picked":"SKIP","floor":23},{"not_picked":["Second Wind","Hemokinesis+1"],"picked":"Sword Boomerang+1","floor":25},{"not_picked":["hubris:CleavingFinish","Metallicize"],"picked":"ReplayTheSpireMod:Muscle Training","floor":27},{"not_picked":["Pommel Strike","Reckless Charge","Armaments+1"],"picked":"SKIP","floor":28},{"not_picked":["Clash","Life Link","Body Slam"],"picked":"SKIP","floor":29},{"not_picked":["Searing Blow","hubris:SharpeningStone","Armaments"],"picked":"SKIP","floor":31},{"not_picked":["Sentinel","Heavy Blade"],"picked":"Shockwave+1","floor":35},{"not_picked":["Twin Strike","Anger","ReplayTheSpireMod:Strike From Hell"],"picked":"SKIP","floor":36},{"not_picked":["Capacitor","Recurrance+1","Runesmith:Overpower"],"picked":"SKIP","floor":38},{"not_picked":["Pommel Strike","TheCursedMod:Stretching"],"picked":"TheCursedMod:SurpriseAttack+1","floor":39},{"not_picked":["Runesmith:HammerThrow","Ball Lightning"],"picked":"Reprogram","floor":40},{"not_picked":["hermit:Glare","Searing Blow"],"picked":"Flash of Steel+1","floor":42},{"not_picked":["Replay:BasicMightCard","Runesmith:Grindstone","stsjorbsmod:SilverStrike"],"picked":"SKIP","floor":44},{"not_picked":["Replay:BasicMightCard","Runesmith:Grindstone"],"picked":"stsjorbsmod:SilverStrike","floor":44},{"not_picked":["Runesmith:Empowerment","Eclipse","hermit:LuckOfTheDraw"],"picked":"SKIP","floor":45},{"not_picked":["stsjorbsmod:Firebolt","Run Through"],"picked":"Streamline","floor":46},{"not_picked":["TheCursedMod:Mangle","Panic Button+1","TheCursedMod:DoubleShield+1"],"picked":"SKIP","floor":47},{"not_picked":["Deflect","Auto Shields","Collect"],"picked":"SKIP","floor":48}],"player_experience":660330,"relics_obtained":[{"floor":6,"key":"Bag of Marbles"},{"floor":9,"key":"Pear"},{"floor":13,"key":"Simple Rune"},{"floor":22,"key":"Necronomicon"},{"floor":23,"key":"Iron Hammer"},{"floor":25,"key":"Runesmith:AutoHammer"},{"floor":26,"key":"Red Skull"},{"floor":40,"key":"Replay:WaspNest"},{"floor":42,"key":"hubris:TenFootPole"},{"floor":43,"key":"Juzu Bracelet"},{"floor":47,"key":"Art of War"}],"event_choices":[{"damage_healed":0,"gold_gain":0,"player_choice":"Obtained Book","damage_taken":21,"max_hp_gain":0,"max_hp_loss":0,"event_name":"Cursed Tome","floor":22,"gold_loss":0},{"damage_healed":0,"gold_gain":0,"player_choice":"0 cards matched","damage_taken":0,"max_hp_gain":0,"max_hp_loss":0,"event_name":"Match and Keep!","floor":24,"gold_loss":0,"cards_obtained":[]}],"is_beta":false,"boss_relics":[{"not_picked":["SlaversCollar","Replay:Drink Me"],"picked":"Astrolabe"},{"not_picked":["Pandora\u0027s Box","Runic Pyramid"],"picked":"Philosopher\u0027s Stone"}],"items_purged_floors":[0,0,3,21],"is_endless":false,"potions_floor_spawned":[4,5,8,11,27,28,29,31,36,38,39,44,46],"killed_by":"Awakened One","ascension_level":20}}