{"host":"hhnl3ciqs3ht0ep9","time":1608485341,"event":{"mods":["AchievementEnabler","BaseMod","Colored Map","Keyboard Shortcuts","Minty Spire (QoL Compilation)","StSLib","SuperFastMode"],"gold_per_floor":[117,42,60,19,19,54,73,73,119,119,158,174,174,199,199,199,199],"floor_reached":16,"playtime":281,"items_purged":[],"score":270,"play_id":"a5c49403-68a4-45aa-8109-c10c24184873","local_time":"20201221022901","is_ascension_mode":true,"campfire_choices":[{"data":"Choke","floor":10.0,"key":"SMITH"},{"data":"Night Terror","floor":15.0,"key":"SMITH"}],"circlet_count":0,"master_deck":["AscendersBane","Strike_G","Strike_G","Strike_G","Strike_G","Defend_G","Defend_G","Defend_G","Defend_G","Defend_G","Survivor","Neutralize","Choke+1","PiercingWail","Escape Plan","Cloak And Dagger","Dagger Spray","Night Terror+1","Backflip"],"relics":["Ring of the Snake","NeowsBlessing","Golden Idol","Toy Ornithopter","PreservedInsect","InkBottle"],"acts_visited":["Exordium"],"potions_floor_usage":[16],"damage_taken":[{"damage":0.0,"enemies":"Small Slimes","floor":1.0,"turns":1.0},{"damage":0.0,"enemies":"Jaw Worm","floor":3.0,"turns":1.0},{"damage":0.0,"enemies":"Lagavulin","floor":6.0,"turns":1.0},{"damage":0.0,"enemies":"2 Louse","floor":7.0,"turns":3.0},{"damage":26.0,"enemies":"3 Sentries","floor":11.0,"turns":8.0},{"damage":0.0,"enemies":"Looter","floor":12.0,"turns":3.0},{"damage":11.0,"enemies":"Exordium Thugs","floor":14.0,"turns":5.0},{"damage":12,"enemies":"Hexaghost","floor":16,"turns":9}],"seed_played":"-4332773225936969170","potions_obtained":[{"floor":1.0,"key":"DistilledChaos"},{"floor":3.0,"key":"PowerPotion"}],"is_trial":false,"path_per_floor":["M","?","M","$","?","E","M","$","T","R","E","M","?","M","R","B"],"character_chosen":"THE_SILENT","items_purchased":["Escape Plan"],"campfire_rested":0,"item_purchase_floors":[4],"current_hp_per_floor":[59,59,59,59,36,36,36,36,36,36,15,15,15,4,4,0,0],"gold":199,"neow_bonus":"THREE_ENEMY_KILL","is_daily":false,"chose_seed":false,"campfire_upgraded":2,"win_rate":0.0,"timestamp":1608485341,"path_taken":["M","?","M","$","?","E","M","$","T","R","E","M","?","M","R","BOSS"],"items_purchased_type":["Card"],"build_version":"2020-12-13","purchased_purges":0,"victory":false,"max_hp_per_floor":[66,66,66,66,66,66,66,66,66,66,66,66,66,66,66,66,66],"card_choices":[{"not_picked":["Setup","Dodge and Roll"],"picked":"Choke","floor":1.0},{"not_picked":["Leg Sweep","Blade Dance"],"picked":"PiercingWail","floor":3.0},{"not_picked":["Deflect","Blade Dance"],"picked":"Cloak And Dagger","floor":6.0},{"not_picked":["Caltrops","PiercingWail","Terror"],"picked":"SKIP","floor":7.0},{"not_picked":["Underhanded Strike","Quick Slash"],"picked":"Dagger Spray","floor":11.0},{"not_picked":["Bane","Heel Hook"],"picked":"Night Terror","floor":12.0},{"not_picked":["Flying Knee","Acrobatics"],"picked":"Backflip","floor":14.0}],"player_experience":702631,"relics_obtained":[{"floor":6.0,"key":"Toy Ornithopter"},{"floor":9.0,"key":"PreservedInsect"},{"floor":11.0,"key":"InkBottle"}],"event_choices":[{"cards_removed":["Strike_G"],"damage_healed":0.0,"max_hp_gain":0.0,"max_hp_loss":0.0,"gold_gain":0.0,"event_name":"The Cleric","player_choice":"Card Removal","floor":2.0,"gold_loss":75.0,"damage_taken":0.0},{"damage_healed":0.0,"max_hp_gain":0.0,"max_hp_loss":0.0,"gold_gain":0.0,"event_name":"Golden Idol","player_choice":"Take Damage","floor":5.0,"gold_loss":0.0,"damage_taken":23.0,"relics_obtained":["Golden Idol"]},{"damage_healed":0.0,"max_hp_gain":0.0,"max_hp_loss":0.0,"gold_gain":0.0,"event_name":"Shining Light","player_choice":"Ignored","floor":13.0,"gold_loss":0.0,"damage_taken":0.0}],"is_beta":false,"boss_relics":[],"items_purged_floors":[],"is_endless":false,"potions_floor_spawned":[1,3,7],"killed_by":"Hexaghost","ascension_level":20}}