{"host":"6ve8qn5s1am4lo6s","time":1608432313,"event":{"mods":["AchievementEnabler","BaseMod","BetterRewards","Friendly Minions","GifTheSpireLib","Minty Spire (QoL Compilation)","Permanent Neow","Relic Stats","StSLib","The Marked"],"gold_per_floor":[109,209,221,232,39,39,74,74,74,74,85,85,118,129,129,227,227,241,259,11,11,24,24,39,39,39,39,39,39,54,72,72,176,176,191,191,101,113,128,128,148,166,166,166,179,197,197,208,208,208,208,208,11,42,42],"floor_reached":56,"playtime":4688,"items_purged":["theMarked:Strike","theMarked:Strike","theMarked:Defend"],"score":1138,"play_id":"9458824d-daaa-4ddd-a182-19904287ffeb","local_time":"20201219214513","is_ascension_mode":false,"campfire_choices":[{"data":"theMarked:SoldierOfQuellstein","floor":6.0,"key":"SMITH"},{"floor":8.0,"key":"RECALL"},{"data":"theMarked:WardOff","floor":12.0,"key":"SMITH"},{"data":"1","floor":15.0,"key":"LIFT"},{"data":"2","floor":23.0,"key":"LIFT"},{"data":"3","floor":25.0,"key":"LIFT"},{"data":"theMarked:EnhancedHearing","floor":27.0,"key":"SMITH"},{"data":"theMarked:Panic","floor":32.0,"key":"SMITH"},{"data":"theMarked:BindingBlade","floor":40.0,"key":"SMITH"},{"data":"theMarked:ParalyzingBlade","floor":44,"key":"SMITH"},{"data":"theMarked:Panic","floor":47,"key":"SMITH"},{"data":"theMarked:TurnInvisible","floor":49,"key":"SMITH"},{"data":"theMarked:Panic","floor":52,"key":"SMITH"}],"circlet_count":0,"master_deck":["theMarked:Strike","theMarked:Defend+1","theMarked:Defend","theMarked:SoldierOfQuellstein+1","theMarked:SuspiciousRaven","theMarked:ParalyzingBlade+1","theMarked:WardOff+1","theMarked:Panic+1","theMarked:BindingBlade+1","theMarked:Panic+1","theMarked:EnhancedHearing+1","theMarked:RogueSparks","theMarked:SoldierForm","theMarked:Panic+1","theMarked:BindingBlade","theMarked:ParalyzingBlade","theMarked:ChannelForce","theMarked:Overcharge+1","theMarked:TurnInvisible+1","theMarked:HeightenedSenses","theMarked:WardOff","theMarked:Panic+1","theMarked:MagicAdept+1"],"relics":["theMarked:ArtifactOfAir","Girya","Thread and Needle","Letter Opener","Coffee Dripper","DollysMirror","Empty Cage","Gambling Chip","Anchor"],"acts_visited":["Exordium","TheCity","TheBeyond","TheEnding"],"potions_floor_usage":[48,50,55,55,55],"damage_taken":[{"damage":0.0,"enemies":"Small Slimes","floor":1.0,"turns":3.0},{"damage":1.0,"enemies":"Cultist","floor":3.0,"turns":4.0},{"damage":2.0,"enemies":"Jaw Worm","floor":4.0,"turns":4.0},{"damage":18.0,"enemies":"3 Sentries","floor":7.0,"turns":6.0},{"damage":6.0,"enemies":"Red Slaver","floor":11.0,"turns":3.0},{"damage":4.0,"enemies":"Lagavulin","floor":13.0,"turns":5.0},{"damage":0.0,"enemies":"2 Fungi Beasts","floor":14.0,"turns":3.0},{"damage":22.0,"enemies":"Slime Boss","floor":16.0,"turns":10.0},{"damage":6.0,"enemies":"2 Thieves","floor":18.0,"turns":4.0},{"damage":3.0,"enemies":"Shell Parasite","floor":19.0,"turns":5.0},{"damage":5.0,"enemies":"Centurion and Healer","floor":22.0,"turns":4.0},{"damage":5.0,"enemies":"3 Cultists","floor":24.0,"turns":4.0},{"damage":6.0,"enemies":"Shelled Parasite and Fungi","floor":30.0,"turns":4.0},{"damage":1.0,"enemies":"Centurion and Healer","floor":31.0,"turns":4.0},{"damage":7.0,"enemies":"Champ","floor":33.0,"turns":11.0},{"damage":0.0,"enemies":"Orb Walker","floor":35.0,"turns":3.0},{"damage":5.0,"enemies":"3 Shapes","floor":38.0,"turns":2.0},{"damage":10.0,"enemies":"Sphere and 2 Shapes","floor":39.0,"turns":5.0},{"damage":4.0,"enemies":"4 Shapes","floor":41.0,"turns":5.0},{"damage":10.0,"enemies":"Jaw Worm Horde","floor":42.0,"turns":5.0},{"damage":3,"enemies":"3 Darklings","floor":45,"turns":5},{"damage":0,"enemies":"4 Shapes","floor":46,"turns":2},{"damage":11,"enemies":"Maw","floor":48,"turns":6},{"damage":2,"enemies":"Donu and Deca","floor":50,"turns":12},{"damage":0,"enemies":"Shield and Spear","floor":54,"turns":3},{"damage":48,"enemies":"The Heart","floor":55,"turns":6}],"seed_played":"-7489376781225062226","potions_obtained":[{"floor":1.0,"key":"theMarked:ChargePotion"},{"floor":11.0,"key":"Explosive Potion"},{"floor":18.0,"key":"Fire Potion"},{"floor":30.0,"key":"Swift Potion"},{"floor":33.0,"key":"ColorlessPotion"},{"floor":39.0,"key":"PowerPotion"},{"floor":41.0,"key":"DuplicationPotion"},{"floor":48,"key":"Weak Potion"}],"is_trial":false,"path_per_floor":["M","?","M","M","$","R","E","R","T","?","M","R","E","M","R","B",null,"M","M","$","?","M","R","M","R","T","R","?","$","M","M","R","B",null,"M","?","?","M","M","R","M","M","T","R","M","M","R","M","R","B",null,"R","$","E","B",null],"character_chosen":"THE_DEFAULT","items_purchased":["theMarked:Reabsorb","theMarked:Panic","DollysMirror","DistilledChaos"],"campfire_rested":0,"item_purchase_floors":[5,5,20,53],"current_hp_per_floor":[70,70,69,67,67,67,49,49,49,49,43,43,39,39,39,17,70,64,61,61,61,56,56,51,51,51,51,51,51,45,44,44,37,70,70,70,70,65,55,55,51,41,41,41,38,38,38,27,27,25,70,70,70,70,22],"gold":42,"neow_bonus":"TRANSFORM_CARD","is_daily":false,"chose_seed":false,"campfire_upgraded":9,"win_rate":0.0,"timestamp":1608432313,"path_taken":["M","?","?","M","$","R","E","R","T","?","M","R","E","M","R","BOSS","M","M","$","?","M","R","M","R","T","R","?","?","?","M","R","BOSS","M","?","?","?","M","R","M","M","T","R","M","M","R","M","R","BOSS","R","$","E","BOSS"],"items_purchased_type":["Card","Card","Relic","Potion"],"build_version":"2020-12-13","purchased_purges":3,"victory":true,"max_hp_per_floor":[70,70,70,70,70,70,70,70,70,70,70,70,70,70,70,70,70,70,70,70,70,70,70,70,70,70,70,70,70,70,70,70,70,70,70,70,70,70,70,70,70,70,70,70,70,70,70,70,70,70,70,70,70,70,70],"relic_stats":{"counters":[26,128],"Gambling Chip":[15],"Letter Opener":[490],"obtain_stats":[{"theMarked:ArtifactOfAir":0,"Girya":7,"Anchor":54,"DollysMirror":20,"Gambling Chip":43,"Thread and Needle":9,"Coffee Dripper":17,"Letter Opener":13,"Empty Cage":34},{"theMarked:ArtifactOfAir":0,"Girya":4,"Anchor":25,"DollysMirror":10,"Gambling Chip":20,"Thread and Needle":4,"Coffee Dripper":8,"Letter Opener":6,"Empty Cage":15},{"theMarked:ArtifactOfAir":0,"Girya":17,"Anchor":122,"DollysMirror":47,"Gambling Chip":94,"Thread and Needle":17,"Coffee Dripper":38,"Letter Opener":25,"Empty Cage":74}]},"card_choices":[{"not_picked":["theMarked:RepellingDischarge","theMarked:WardOff"],"picked":"theMarked:ParalyzingBlade","floor":1.0},{"not_picked":["theMarked:BanishingWave","theMarked:Parkour"],"picked":"theMarked:WardOff","floor":3.0},{"not_picked":["theMarked:Static","theMarked:WastefulDefense","theMarked:Frustration"],"picked":"SKIP","floor":4.0},{"not_picked":["theMarked:ComboAttacks","theMarked:RogueSparks"],"picked":"theMarked:BindingBlade","floor":7.0},{"not_picked":["theMarked:Electrify","theMarked:Static"],"picked":"theMarked:Panic","floor":11.0},{"not_picked":["theMarked:DeterminationOfTheMarked","theMarked:WastefulAttack"],"picked":"theMarked:EnhancedHearing","floor":13.0},{"not_picked":["theMarked:Aftermath","theMarked:Panic"],"picked":"theMarked:RogueSparks","floor":14.0},{"not_picked":["theMarked:DispelDoubt","theMarked:SuspiciousRaven"],"picked":"theMarked:SoldierForm","floor":16.0},{"not_picked":["theMarked:Opportunist","theMarked:Polarize"],"picked":"theMarked:Panic","floor":18.0},{"not_picked":["theMarked:Frustration","theMarked:Parkour","theMarked:Indomitable"],"picked":"SKIP","floor":19.0},{"not_picked":["theMarked:WastefulAttack","theMarked:MaelstromOfLightning","theMarked:ContemptForTheProud"],"picked":"SKIP","floor":22.0},{"not_picked":["theMarked:TakeCover","theMarked:Convert","theMarked:MaelstromOfLightning"],"picked":"SKIP","floor":24.0},{"not_picked":["theMarked:SelfDefenseTraining","theMarked:RogueSparks"],"picked":"theMarked:ParalyzingBlade","floor":30.0},{"not_picked":["theMarked:Frustration","theMarked:SwordAndMagic","theMarked:WastefulAttack+1"],"picked":"SKIP","floor":31.0},{"not_picked":["theMarked:Defy","theMarked:MuscleMemory"],"picked":"theMarked:ChannelForce","floor":33.0},{"not_picked":["theMarked:Overthink+1","theMarked:Electrocute+1"],"picked":"theMarked:Overcharge+1","floor":35.0},{"not_picked":["theMarked:Convert","theMarked:WastefulAttack","theMarked:ElectricStrings+1"],"picked":"SKIP","floor":38.0},{"not_picked":["theMarked:RogueSparks","theMarked:TwofoldDefense","theMarked:Aftermath+1"],"picked":"SKIP","floor":39.0},{"not_picked":["theMarked:StartUp","theMarked:ContemptForTheProud+1"],"picked":"theMarked:TurnInvisible","floor":41.0},{"not_picked":["theMarked:ParalyzingBlade+1","theMarked:Static+1"],"picked":"theMarked:HeightenedSenses","floor":42.0},{"not_picked":["theMarked:SwordAndMagic+1","theMarked:Parkour+1"],"picked":"theMarked:WardOff","floor":45},{"not_picked":["theMarked:ElectricStrings+1","theMarked:WastefulAttack"],"picked":"theMarked:Panic+1","floor":46},{"not_picked":["theMarked:GodGivenPower","theMarked:SwordAndMagic"],"picked":"theMarked:MagicAdept+1","floor":48},{"not_picked":["theMarked:ResourceFulStrike+1","theMarked:ReduceFriction+1","theMarked:RogueSparks+1"],"picked":"SKIP","floor":54}],"player_experience":250911,"relics_obtained":[{"floor":7.0,"key":"Girya"},{"floor":9.0,"key":"Thread and Needle"},{"floor":13.0,"key":"Letter Opener"},{"floor":43.0,"key":"Gambling Chip"},{"floor":54,"key":"Anchor"}],"event_choices":[{"damage_healed":0.0,"max_hp_gain":0.0,"max_hp_loss":0.0,"gold_gain":100.0,"event_name":"Golden Shrine","player_choice":"Pray","floor":2.0,"gold_loss":0.0,"damage_taken":0.0},{"damage_healed":0.0,"max_hp_gain":0.0,"max_hp_loss":0.0,"gold_gain":0.0,"event_name":"Wheel of Change","player_choice":"Cursed","floor":10.0,"gold_loss":0.0,"damage_taken":0.0,"cards_obtained":["Decay"]},{"damage_healed":0.0,"max_hp_gain":0.0,"max_hp_loss":0.0,"gold_gain":0.0,"event_name":"Ghosts","player_choice":"Ignored","floor":21.0,"gold_loss":0.0,"damage_taken":0.0},{"cards_removed":["theMarked:Strike"],"damage_healed":0.0,"max_hp_gain":0.0,"max_hp_loss":0.0,"gold_gain":0.0,"event_name":"Back to Basics","player_choice":"Elegance","floor":28.0,"gold_loss":0.0,"damage_taken":0.0},{"damage_healed":0.0,"max_hp_gain":0.0,"max_hp_loss":0.0,"gold_gain":0.0,"event_name":"Tomb of Lord Red Mask","player_choice":"Ignored","floor":36.0,"gold_loss":0.0,"damage_taken":0.0},{"cards_removed":["theMarked:Defend"],"damage_healed":0.0,"max_hp_gain":0.0,"max_hp_loss":0.0,"gold_gain":0.0,"event_name":"Designer","player_choice":"Upgrade and Remove","floor":37.0,"gold_loss":90.0,"damage_taken":0.0,"cards_upgraded":["theMarked:Defend"]}],"is_beta":false,"boss_relics":[{"not_picked":["SacredBark","Busted Crown"],"picked":"Coffee Dripper"},{"not_picked":["theMarked:Eyepatch","theMarked:BronzeBlade"],"picked":"Empty Cage"}],"items_purged_floors":[5,20,53],"is_endless":false,"potions_floor_spawned":[1,11,18,30,33,39,41,45,48,54],"ascension_level":0}}