{"host":"pgqkv8mh62pnrbci","time":1608433541,"event":{"mods":["AchievementEnabler","BaseMod","Custom Start","Minty Spire (QoL Compilation)","StSLib","SuperFastMode"],"gold_per_floor":[109,124,124,124,134,134,161,72,72,72,85,110,110,126,126,201,201,212,212,225,225,241,241,266,276,276,302,302,319,339,350,350,350,350],"floor_reached":33,"playtime":1200,"items_purged":[],"score":550,"play_id":"1e59711a-3840-4324-ba1d-0af3c622d571","local_time":"20201220120541","is_ascension_mode":true,"campfire_choices":[{"data":"Eruption","floor":6.0,"key":"SMITH"},{"data":"Halt","floor":10.0,"key":"SMITH"},{"data":"Tantrum","floor":13.0,"key":"SMITH"},{"data":"InnerPeace","floor":15.0,"key":"SMITH"},{"floor":23.0,"key":"REST"},{"floor":28.0,"key":"REST"},{"floor":32,"key":"REST"}],"circlet_count":0,"master_deck":["AscendersBane","Strike_P","Strike_P+1","Defend_P","Defend_P+1","Defend_P","Defend_P+1","Eruption+1","Vigilance","Evaluate","FearNoEvil+1","Halt+1","Finesse","Tantrum+1","InnerPeace+1","LessonLearned+1","Collect","EmptyFist","TalkToTheHand+1","Brilliance+1","Worship"],"relics":["PureWater","Tiny Chest","Pear","Dream Catcher","Strawberry","Fusion Hammer","MealTicket","Molten Egg 2","Art of War"],"acts_visited":["Exordium","TheCity"],"potions_floor_usage":[33],"damage_taken":[{"damage":2.0,"enemies":"Jaw Worm","floor":1.0,"turns":3.0},{"damage":4.0,"enemies":"2 Louse","floor":2.0,"turns":4.0},{"damage":0.0,"enemies":"Cultist","floor":5.0,"turns":3.0},{"damage":51.0,"enemies":"3 Sentries","floor":7.0,"turns":15.0},{"damage":1.0,"enemies":"Lots of Slimes","floor":11.0,"turns":5.0},{"damage":0.0,"enemies":"2 Fungi Beasts","floor":14.0,"turns":2.0},{"damage":11.0,"enemies":"Hexaghost","floor":16.0,"turns":9.0},{"damage":0.0,"enemies":"Spheric Guardian","floor":18.0,"turns":3.0},{"damage":0.0,"enemies":"Chosen","floor":20.0,"turns":3.0},{"damage":44.0,"enemies":"3 Cultists","floor":22.0,"turns":6.0},{"damage":26.0,"enemies":"Centurion and Healer","floor":25.0,"turns":6.0},{"damage":17.0,"enemies":"Book of Stabbing","floor":27.0,"turns":6.0},{"damage":5.0,"enemies":"Snake Plant","floor":29.0,"turns":4.0},{"damage":0.0,"enemies":"Snecko","floor":30.0,"turns":6.0},{"damage":15.0,"enemies":"Sentry and Sphere","floor":31.0,"turns":4.0},{"damage":61,"enemies":"Collector","floor":33,"turns":6}],"seed_played":"8313129687306411813","potions_obtained":[{"floor":1.0,"key":"BottledMiracle"},{"floor":14.0,"key":"EssenceOfSteel"},{"floor":20.0,"key":"Block Potion"},{"floor":22.0,"key":"Block Potion"},{"floor":27.0,"key":"LiquidMemories"},{"floor":31.0,"key":"EssenceOfSteel"}],"is_trial":false,"path_per_floor":["M","M","?","?","M","R","E","$","T","R","M","T","R","M","R","B",null,"M","?","M","?","M","R","T","M","T","E","R","M","M","M","R","B"],"character_chosen":"WATCHER","items_purchased":["Finesse"],"campfire_rested":3,"item_purchase_floors":[8],"current_hp_per_floor":[59,55,60,60,60,60,19,19,19,19,18,25,25,25,25,14,71,71,71,71,71,27,54,54,28,28,11,38,33,33,18,45,0,0],"gold":350,"neow_bonus":"RANDOM_COMMON_RELIC","is_daily":false,"chose_seed":false,"campfire_upgraded":4,"win_rate":0.0,"timestamp":1608433541,"path_taken":["M","M","?","?","M","R","E","$","T","R","?","?","R","M","R","BOSS","M","?","?","?","M","R","?","M","T","E","R","M","M","M","R","BOSS"],"items_purchased_type":["Card"],"build_version":"2020-12-13","purchased_purges":0,"victory":false,"max_hp_per_floor":[68,68,73,73,73,73,83,83,83,83,83,90,90,90,90,90,90,90,90,90,90,90,90,90,90,90,90,90,90,90,90,90,90,90],"card_choices":[{"not_picked":["Consecrate","WreathOfFlame","ThirdEye"],"picked":"SKIP","floor":1.0},{"not_picked":["Protect","Crescendo"],"picked":"Evaluate","floor":2.0},{"not_picked":["PathToVictory","FlurryOfBlows"],"picked":"FearNoEvil","floor":5.0},{"not_picked":["Vengeance","Fasting2"],"picked":"Halt","floor":7.0},{"not_picked":["CarveReality","FlurryOfBlows"],"picked":"Tantrum","floor":11.0},{"not_picked":["WheelKick","BowlingBash"],"picked":"InnerPeace","floor":14.0},{"not_picked":["SpiritShield","DevaForm"],"picked":"LessonLearned","floor":16.0},{"not_picked":["BowlingBash+1","LikeWater"],"picked":"Collect","floor":18.0},{"not_picked":["JustLucky","Study","Conclude"],"picked":"SKIP","floor":20.0},{"not_picked":["ThirdEye","SashWhip","CrushJoints"],"picked":"SKIP","floor":22.0},{"not_picked":["CutThroughFate","PathToVictory"],"picked":"EmptyFist","floor":23.0},{"not_picked":["ClearTheMind","FlyingSleeves"],"picked":"TalkToTheHand+1","floor":25.0},{"not_picked":["ThirdEye","EmptyFist+1","FlyingSleeves+1"],"picked":"SKIP","floor":27.0},{"not_picked":["Wireheading","Pray"],"picked":"Brilliance+1","floor":28.0},{"not_picked":["Tantrum+1","FollowUp+1","Perseverance"],"picked":"SKIP","floor":29.0},{"not_picked":["EmptyBody+1","Nirvana","SashWhip+1"],"picked":"SKIP","floor":30.0},{"not_picked":["FlurryOfBlows+1","LikeWater","Halt"],"picked":"SKIP","floor":31.0},{"not_picked":["WindmillStrike+1","CarveReality+1"],"picked":"Worship","floor":32}],"player_experience":559635,"relics_obtained":[{"floor":7.0,"key":"Pear"},{"floor":9.0,"key":"Dream Catcher"},{"floor":12.0,"key":"Strawberry"},{"floor":24.0,"key":"MealTicket"},{"floor":26.0,"key":"Molten Egg 2"},{"floor":27.0,"key":"Art of War"}],"event_choices":[{"damage_healed":0.0,"max_hp_gain":5.0,"max_hp_loss":0.0,"gold_gain":0.0,"event_name":"Big Fish","player_choice":"Donut","floor":3.0,"gold_loss":0.0,"damage_taken":0.0},{"cards_removed":["Strike_P"],"damage_healed":0.0,"max_hp_gain":0.0,"max_hp_loss":0.0,"gold_gain":0.0,"event_name":"Purifier","player_choice":"Purged","floor":4.0,"gold_loss":0.0,"damage_taken":0.0},{"damage_healed":0.0,"max_hp_gain":0.0,"max_hp_loss":0.0,"gold_gain":0.0,"event_name":"Upgrade Shrine","player_choice":"Upgraded","floor":19.0,"gold_loss":0.0,"damage_taken":0.0,"cards_upgraded":["LessonLearned"]},{"cards_removed":["Strike_P"],"damage_healed":0.0,"max_hp_gain":0.0,"max_hp_loss":0.0,"gold_gain":0.0,"event_name":"Back to Basics","player_choice":"Elegance","floor":21.0,"gold_loss":0.0,"damage_taken":0.0}],"is_beta":false,"boss_relics":[{"not_picked":["SacredBark","Runic Dome"],"picked":"Fusion Hammer"}],"items_purged_floors":[],"is_endless":false,"potions_floor_spawned":[1,14,20,22,27,31],"killed_by":"Collector","ascension_level":19}}