{"host":"cb9xh4d0ss8ax8yb","time":1608454662,"event":{"mods":["BaseMod","Minty Spire (QoL Compilation)","StSLib","The Alterego","The Dragon Tamer","The Gatherer"],"gold_per_floor":[115,115,133,133,58,58,82,82,82,116,16,32,32,57,57,177,177,196,220,220,241,257,257,301,301,301,216,268,268,291,425,425,557,557,587,164,187,187,196,240,265,265,274,274,283,133,171,189,189,189],"floor_reached":51,"playtime":4001,"items_purged":["Gatherer:Strike_Gatherer","Gatherer:Strike_Gatherer","Gatherer:Strike_Gatherer","Doubt"],"score":803,"play_id":"313eb692-3f37-4765-877b-55f8388be06b","local_time":"20201220175742","is_ascension_mode":true,"metric_token":413,"campfire_choices":[{"data":"Gatherer:Centralize","floor":6,"key":"SMITH"},{"data":"Gatherer:FlowerWhip","floor":8,"key":"SMITH"},{"data":"Gatherer:FlowerBeam","floor":13,"key":"SMITH"},{"data":"Gatherer:FlowerWhip+1","floor":15,"key":"SMITH"},{"data":"Gatherer:TacticalStrike","floor":23,"key":"SMITH"},{"data":"Gatherer:FlowerBeam+1","floor":25,"key":"SMITH"},{"data":"Gatherer:FlowerShield+1","floor":29,"key":"SMITH"},{"floor":32,"key":"REST"},{"data":"Gatherer:FlowerBeam+2","floor":42,"key":"SMITH"},{"data":"Gatherer:FlowerShield+2","floor":44,"key":"SMITH"},{"data":"Gatherer:FlowerShield+1","floor":49,"key":"SMITH"}],"circlet_count":0,"master_deck":["Gatherer:Strike_Gatherer","Gatherer:Strike_Gatherer","Gatherer:Defend_Gatherer","Gatherer:Defend_Gatherer","Gatherer:Defend_Gatherer","Gatherer:Centralize+1","Gatherer:FlowerWhip+2","Gatherer:BambuSword","Gatherer:FragileHammer","Gatherer:FlowerShield","Gatherer:FlowerBeam+3","Gatherer:FlowerFalling","Gatherer:LuckyClover+1","Gatherer:TacticalStrike+1","Gatherer:FlowerShield+3","Gatherer:BalancedGrowth+1","Gatherer:FlowerFalling+1","Gatherer:BomberForm+1","Gatherer:ColorfulGarden+1","Gatherer:FlowerShield+2","Mayhem+1","Gatherer:FlowerShield+1","Gatherer:SpareBottle+1"],"relics":["Gatherer:MiracleBag","Torii","Golden Idol","Frozen Egg 2","Boot","Juzu Bracelet","CaptainsWheel","Bottled Tornado","CeramicFish","Letter Opener","TungstenRod","Eternal Feather","Cursed Key","Anchor","ClockworkSouvenir","Blood Vial","StrikeDummy","Art of War"],"acts_visited":["Exordium","TheCity","TheBeyond"],"potions_floor_usage":[10,16,16,18,21,28,28,31,33,33,33,37,40,41,41,48,50],"damage_taken":[{"damage":0,"enemies":"Small Slimes","floor":1,"turns":3},{"damage":1,"enemies":"Jaw Worm","floor":3,"turns":2},{"damage":0,"enemies":"Cultist","floor":7,"turns":3},{"damage":9,"enemies":"3 Sentries","floor":10,"turns":6},{"damage":11,"enemies":"Red Slaver","floor":12,"turns":2},{"damage":0,"enemies":"Large Slime","floor":14,"turns":3},{"damage":26,"enemies":"The Guardian","floor":16,"turns":8},{"damage":11,"enemies":"2 Thieves","floor":18,"turns":3},{"damage":10,"enemies":"Chosen","floor":21,"turns":5},{"damage":15,"enemies":"Snake Plant","floor":22,"turns":5},{"damage":14,"enemies":"Gremlin Leader","floor":24,"turns":7},{"damage":36,"enemies":"Slavers","floor":28,"turns":4},{"damage":0,"enemies":"Cultist and Chosen","floor":30,"turns":5},{"damage":0,"enemies":"Colosseum Slavers","floor":31,"turns":4},{"damage":17,"enemies":"Colosseum Nobs","floor":31,"turns":4},{"damage":47,"enemies":"Champ","floor":33,"turns":10},{"damage":0,"enemies":"Orb Walker","floor":35,"turns":3},{"damage":0,"enemies":"3 Shapes","floor":37,"turns":5},{"damage":0,"enemies":"Nemesis","floor":40,"turns":5},{"damage":0,"enemies":"Spire Growth","floor":41,"turns":5},{"damage":0,"enemies":"Giant Head","floor":47,"turns":7},{"damage":0,"enemies":"Writhing Mass","floor":48,"turns":6},{"damage":16,"enemies":"Time Eater","floor":50,"turns":10}],"seed_played":"-3321459163265101898","potions_obtained":[{"floor":7,"key":"Ancient Potion"},{"floor":10,"key":"DuplicationPotion"},{"floor":12,"key":"Fire Potion"},{"floor":24,"key":"Ancient Potion"},{"floor":28,"key":"LiquidBronze"},{"floor":35,"key":"ColorlessPotion"},{"floor":41,"key":"SpeedPotion"},{"floor":48,"key":"Explosive Potion"}],"is_trial":false,"path_per_floor":["M","?","M","?","$","R","M","R","T","E","$","M","R","M","R","B",null,"M","T","?","M","M","R","E","R","T","?","E","R","M","?","R","B",null,"M","$","M","?","?","E","M","R","T","R","?","$","E","M","R","B",null],"character_chosen":"THE_GATHERER","items_purchased":["Anchor","ClockworkSouvenir"],"campfire_rested":1,"item_purchase_floors":[36,36],"current_hp_per_floor":[65,49,48,48,48,48,48,48,48,39,39,28,28,28,28,2,65,54,54,54,49,34,34,20,20,20,20,10,10,10,20,53,6,70,70,70,75,75,75,75,75,75,75,75,75,75,75,80,80,64],"gold":189,"neow_bonus":"ONE_RARE_RELIC","is_daily":false,"chose_seed":false,"campfire_upgraded":10,"win_rate":0.0,"timestamp":1608454662,"path_taken":["M","?","M","?","?","R","M","R","T","E","$","?","R","M","R","BOSS","M","?","?","M","M","R","E","R","T","?","E","R","M","?","R","BOSS","M","$","M","?","?","E","M","R","T","R","?","?","E","M","R","BOSS"],"items_purchased_type":["Relic","Relic"],"build_version":"2020-12-13","purchased_purges":4,"victory":true,"max_hp_per_floor":[65,65,65,65,65,65,65,65,65,65,65,65,65,65,65,65,65,65,65,65,70,70,70,70,70,70,70,70,70,70,70,70,70,70,70,70,75,75,75,75,75,75,75,75,75,75,75,80,80,80],"card_choices":[{"not_picked":["Gatherer:GatherMaterial","Gatherer:AromaProtection"],"picked":"Gatherer:BambuSword","floor":1},{"not_picked":["Gatherer:Herbalism","Gatherer:CollectorsShot"],"picked":"Gatherer:FragileHammer","floor":3},{"not_picked":["Gatherer:TacticalStrike","Gatherer:ScherryThrow"],"picked":"Gatherer:FlowerShield","floor":7},{"not_picked":["Gatherer:FlowerFalling","Gatherer:FlowerPower+1"],"picked":"Gatherer:FlowerBeam","floor":10},{"not_picked":["Gatherer:GatherMaterial","Gatherer:BigPouch"],"picked":"Gatherer:FlowerFalling","floor":12},{"not_picked":["Gatherer:FragileHammer","Gatherer:SaveValuables","Gatherer:AcidicSpray"],"picked":"SKIP","floor":14},{"not_picked":["Gatherer:HeartToFruit","Gatherer:CursedBlade"],"picked":"Gatherer:LuckyClover+1","floor":16},{"not_picked":["Gatherer:Frenzy","Gatherer:FragileHammer"],"picked":"Gatherer:TacticalStrike","floor":18},{"not_picked":["Gatherer:VenomBarrier","Gatherer:AromaProtection"],"picked":"Gatherer:FlowerShield+1","floor":21},{"not_picked":["Gatherer:ScentOfRosmari","Gatherer:AromaProtection+1","Gatherer:SaveValuables+1"],"picked":"SKIP","floor":22},{"not_picked":["Gatherer:ScrollOfWall","Gatherer:FlowerShield","Gatherer:BambuSword+1"],"picked":"SKIP","floor":24},{"not_picked":["Gatherer:FlowerBeam","Gatherer:FlowerShield+1"],"picked":"Gatherer:BalancedGrowth+1","floor":28},{"not_picked":["Gatherer:Pollute","Gatherer:ScherryThrow"],"picked":"Gatherer:FlowerFalling+1","floor":30},{"not_picked":["Gatherer:DrugPower","Gatherer:Frenzy+1"],"picked":"Gatherer:BomberForm+1","floor":31},{"not_picked":["Gatherer:Examine","Gatherer:GrowBook"],"picked":"Gatherer:ColorfulGarden+1","floor":33},{"not_picked":["Gatherer:EnergyBasket+1","Gatherer:FruitForce+1"],"picked":"Gatherer:FlowerShield+1","floor":35},{"not_picked":["Gatherer:TacticalStrike","Gatherer:ScrollOfWall+1","Gatherer:FragileHammer+1"],"picked":"SKIP","floor":37},{"not_picked":["Bandage Up","Apotheosis"],"picked":"Mayhem+1","floor":39},{"not_picked":["Gatherer:Transmute+1","Gatherer:FragileHammer"],"picked":"Gatherer:FlowerShield+1","floor":40},{"not_picked":["Gatherer:FlowerShield+1","Gatherer:Uplift+1","Gatherer:Frenzy"],"picked":"SKIP","floor":41},{"not_picked":["Gatherer:TreeGrowth","Gatherer:CarefulStrike","Gatherer:EchoOfNature"],"picked":"SKIP","floor":47},{"not_picked":["Gatherer:RecipeChange+1","Gatherer:AromaProtection+1","Gatherer:WoolGloves"],"picked":"SKIP","floor":48}],"player_experience":429532,"relics_obtained":[{"floor":9,"key":"Frozen Egg 2"},{"floor":10,"key":"Boot"},{"floor":19,"key":"Juzu Bracelet"},{"floor":24,"key":"CaptainsWheel"},{"floor":26,"key":"Bottled Tornado"},{"floor":28,"key":"Letter Opener"},{"floor":31,"key":"TungstenRod"},{"floor":31,"key":"Eternal Feather"},{"floor":40,"key":"Blood Vial"},{"floor":43,"key":"StrikeDummy"},{"floor":47,"key":"Art of War"}],"event_choices":[{"damage_healed":0,"gold_gain":0,"player_choice":"Take Damage","damage_taken":16,"relics_obtained":["Golden Idol"],"max_hp_gain":0,"max_hp_loss":0,"event_name":"Golden Idol","floor":2,"gold_loss":0},{"damage_healed":0,"gold_gain":0,"cards_transformed":["Gatherer:Defend_Gatherer"],"player_choice":"Change","damage_taken":0,"max_hp_gain":0,"max_hp_loss":0,"event_name":"Living Wall","floor":4,"gold_loss":0,"cards_obtained":["Gatherer:Misfortune"]},{"damage_healed":0,"gold_gain":0,"player_choice":"Ignored","damage_taken":0,"max_hp_gain":0,"max_hp_loss":0,"event_name":"Cursed Tome","floor":20,"gold_loss":0},{"damage_healed":0,"gold_gain":0,"player_choice":"Obtained Relic","damage_taken":0,"relics_obtained":["CeramicFish"],"max_hp_gain":0,"max_hp_loss":0,"event_name":"Addict","floor":27,"gold_loss":85},{"damage_healed":0,"gold_gain":0,"player_choice":"Fight","damage_taken":0,"max_hp_gain":0,"max_hp_loss":0,"event_name":"Colosseum","floor":31,"gold_loss":0},{"damage_healed":0,"gold_gain":0,"player_choice":"Fought Nobs","damage_taken":0,"max_hp_gain":0,"max_hp_loss":0,"event_name":"Colosseum","floor":31,"gold_loss":0},{"cards_removed":["Gatherer:Defend_Gatherer"],"damage_healed":0,"gold_gain":0,"player_choice":"Offered Basic","damage_taken":0,"max_hp_gain":0,"max_hp_loss":0,"event_name":"Bonfire Elementals","floor":38,"gold_loss":0},{"damage_healed":0,"gold_gain":0,"player_choice":"Memory 1","damage_taken":0,"max_hp_gain":0,"max_hp_loss":0,"event_name":"SensoryStone","floor":39,"gold_loss":0},{"cards_removed":["Gatherer:Misfortune"],"damage_healed":0,"gold_gain":0,"player_choice":"Got a Spare Bottle","damage_taken":0,"max_hp_gain":0,"max_hp_loss":0,"event_name":"Gatherer:BottleCollector","floor":45,"gold_loss":0,"cards_obtained":["Gatherer:SpareBottle"]}],"is_beta":false,"boss_relics":[{"not_picked":["Pandora\u0027s Box","Tiny House"],"picked":"Gatherer:MiracleBag"},{"not_picked":["Black Star","Snecko Eye"],"picked":"Cursed Key"}],"items_purged_floors":[5,11,36,46],"is_endless":false,"potions_floor_spawned":[7,10,12,24,28,31,35,41,48],"ascension_level":1}}