{"host":"5qewjvycy34u7aeo","time":1608489402,"event":{"mods":["Act Like it!","Aspiration","BaseMod","Conspire","Downfall","GifTheSpireLib","Hubris","Infinite Spire","Minty Spire (QoL Compilation)","Permanent Neow","Replay The Spire","Shop Mod","StSLib","Stuff the Spire"],"gold_per_floor":[99,110,124,138,138,157,157,186,36,69,88,98,115,2,16,112,112,37,52,68,82,82,101,124,124,124],"floor_reached":25,"playtime":1899,"items_purged":["sneckomod:Strike"],"score":269,"play_id":"b4b58cab-4efa-40fa-9bc9-9c4815d042e7","local_time":"20201220103642","is_ascension_mode":false,"campfire_choices":[{"floor":5,"key":"RECALL"},{"data":"sneckomod:SnekBite","floor":9,"key":"SMITH"},{"data":"sneckomod:UnknownRarePower","floor":18,"key":"SMITH"},{"data":"sneckomod:UnknownRareSkill","floor":22,"key":"SMITH"}],"circlet_count":0,"master_deck":["sneckomod:Strike","sneckomod:Defend","sneckomod:Defend","sneckomod:Defend","sneckomod:TailWhip","sneckomod:SnekBite+1","sneckomod:Unknown","sneckomod:Unknown","sneckomod:UnknownUncommonSkill","sneckomod:QuickBite","sneckomod:RainOfDice","sneckomod:UnknownCommonAttack","sneckomod:DiceBlock","sneckomod:SoulDraw","sneckomod:SerpentIdol","sneckomod:Restock","sneckomod:UnknownClassGUARDIAN","sneckomod:UnknownRareSkill+1","sneckomod:UnknownVulnerable","sneckomod:IronFang","sneckomod:UnknownRarePower+1","sneckomod:DiceCrush","sneckomod:DiceCrush","sneckomod:UnknownBlock","sneckomod:QuickMove+1"],"relics":["sneckomod:SuperSneckoSoul","hubris:SlimyHat","infinitespire:PuzzleCube","downfall:HeartBlessingGreen","downfall:HeartBlessingRed","StuffTheSpire:DarkSteelAnvil","downfall:HeartBlessingBlue","Potion Belt"],"acts_visited":["Exordium","TheCity"],"potions_floor_usage":[16],"damage_taken":[{"damage":0,"enemies":"2 Louse","floor":2,"turns":4},{"damage":0,"enemies":"Jaw Worm","floor":3,"turns":3},{"damage":0,"enemies":"Cultist","floor":4,"turns":2},{"damage":8,"enemies":"3 Louse","floor":6,"turns":4},{"damage":30,"enemies":"3 Sentries","floor":8,"turns":7},{"damage":14,"enemies":"Gremlin Nob","floor":10,"turns":3},{"damage":3,"enemies":"Lots of Slimes","floor":11,"turns":3},{"damage":8,"enemies":"Exordium Wildlife","floor":12,"turns":4},{"damage":5,"enemies":"3 Louse","floor":13,"turns":3},{"damage":0,"enemies":"downfall:FleeingMerchant","floor":14,"turns":4},{"damage":22,"enemies":"Lots of Slimes","floor":15,"turns":4},{"damage":25,"enemies":"downfall:Watcher","floor":16,"turns":8},{"damage":32,"enemies":"Shell Parasite","floor":19,"turns":8},{"damage":21,"enemies":"Snake Plant","floor":20,"turns":4},{"damage":28,"enemies":"Cultist and Chosen","floor":21,"turns":5},{"damage":20,"enemies":"Snecko","floor":23,"turns":4},{"damage":27,"enemies":"Shelled Parasite and Fungi","floor":25,"turns":4}],"seed_played":"3440126040082395333","potions_obtained":[{"floor":2,"key":"FairyPotion"},{"floor":6,"key":"SpeedPotion"},{"floor":10,"key":"PowerPotion"},{"floor":15,"key":"Adrenaline Potion"},{"floor":16,"key":"Dexterity Potion"},{"floor":23,"key":"sneckomod:MuddlingPotion"}],"is_trial":false,"path_per_floor":["R","M","M","M","R","M","T","E","R","E","M","M","M","$","M","B",null,"R","M","M","M","R","M","T","M"],"character_chosen":"THE_SNECKO","items_purchased":["sneckomod:UnknownVulnerable"],"campfire_rested":0,"item_purchase_floors":[14],"current_hp_per_floor":[90,91,91,92,92,85,85,55,55,41,38,30,26,28,12,29,113,123,91,70,42,42,22,22,0,0],"gold":124,"neow_bonus":"RANDOM_COMMON_RELIC","is_daily":false,"chose_seed":false,"campfire_upgraded":3,"win_rate":0.0,"timestamp":1608489402,"path_taken":["R","M","M","M","R","M","T","E","R","E","M","M","M","?","M","BOSS","R","M","?","M","R","M","T","M"],"items_purchased_type":["Card"],"build_version":"2020-12-13","purchased_purges":1,"victory":false,"max_hp_per_floor":[90,91,91,92,92,93,93,93,93,93,93,93,94,96,96,97,113,123,123,123,123,123,123,123,123,123],"card_choices":[{"not_picked":["sneckomod:IronFang","sneckomod:WideSting"],"picked":"sneckomod:UnknownUncommonSkill","floor":2},{"not_picked":["sneckomod:UnknownStrike","sneckomod:RainOfDice"],"picked":"sneckomod:QuickBite","floor":3},{"not_picked":["sneckomod:Unknown0Cost","sneckomod:DangerNoodle"],"picked":"sneckomod:RainOfDice","floor":4},{"not_picked":["sneckomod:QuickBite","sneckomod:DefensiveFlair"],"picked":"sneckomod:UnknownCommonAttack","floor":6},{"not_picked":["sneckomod:SerpentIdol","sneckomod:UnknownClassHEXA_GHOST_PURPLE"],"picked":"sneckomod:DiceBlock","floor":8},{"not_picked":["sneckomod:DiceBoulder","sneckomod:UnknownStrike"],"picked":"sneckomod:SoulDraw","floor":10},{"not_picked":["sneckomod:Unknown2Cost","sneckomod:IronFang"],"picked":"sneckomod:SerpentIdol","floor":11},{"not_picked":["sneckomod:SnekBeam","sneckomod:UnknownCommonSkill"],"picked":"sneckomod:Restock","floor":12},{"not_picked":["sneckomod:CheapStock","sneckomod:WideSting"],"picked":"sneckomod:UnknownClassGUARDIAN","floor":13},{"not_picked":["sneckomod:UnknownUncommonAttack","sneckomod:Nope"],"picked":"sneckomod:UnknownRareSkill","floor":14},{"not_picked":["sneckomod:UnknownX","sneckomod:UnknownStrike"],"picked":"sneckomod:IronFang","floor":15},{"not_picked":["sneckomod:DangerNoodle","sneckomod:Restock"],"picked":"sneckomod:UnknownRarePower","floor":16},{"not_picked":["sneckomod:UnknownEthereal","sneckomod:SoulRoll"],"picked":"sneckomod:DiceCrush","floor":19},{"not_picked":["sneckomod:UnknownStrike","sneckomod:UnknownClassGREEN"],"picked":"sneckomod:DiceCrush","floor":20},{"not_picked":["sneckomod:UnknownClassHEXA_GHOST_PURPLE","sneckomod:DiceBlock"],"picked":"sneckomod:UnknownBlock","floor":21},{"not_picked":["sneckomod:UnknownStrike","sneckomod:UnknownVulnerable+1"],"picked":"sneckomod:QuickMove+1","floor":23}],"player_experience":387742,"relics_obtained":[{"floor":8,"key":"infinitespire:PuzzleCube"},{"floor":10,"key":"StuffTheSpire:DarkSteelAnvil"},{"floor":24,"key":"Potion Belt"}],"event_choices":[],"is_beta":false,"boss_relics":[{"not_picked":["Philosopher\u0027s Stone","Calling Bell"],"picked":"sneckomod:SuperSneckoSoul"}],"items_purged_floors":[14],"is_endless":false,"potions_floor_spawned":[2,6,10,11,12,15,16,23],"killed_by":"Shelled Parasite and Fungi","ascension_level":0}}