{"host":"5dzuyvrjb30uqvwu","time":1608497403,"event":{"mods":["AchievementEnabler","BaseMod","Colored Powertips","Lobotomy","Minty Spire (QoL Compilation)","Quick Restart","slay the spire mod where everything is the same but ironclad has a cowboy hat"],"gold_per_floor":[114,127,139,214,226,251,270,281,281,308,181,181,213,231,231,327,327,340,92,109,109,121,121,146,146,170,170,182,201,230,246,246,346,346,365,365,416,291,291,291,321,0,26,76,102,102,128,128,128,128,128],"floor_reached":50,"playtime":5064,"items_purged":["Strike_R","Regret","Funeral"],"score":669,"play_id":"b0382a22-52c0-42a9-b8bc-d6fcd1ad2bdc","local_time":"20201220125003","is_ascension_mode":true,"campfire_choices":[{"data":"Demon Form","floor":15.0,"key":"SMITH"},{"data":"MHz","floor":23.0,"key":"PURGE"},{"data":"Barricade","floor":25.0,"key":"SMITH"},{"data":"Regret","floor":27.0,"key":"PURGE"},{"data":"MeltingLove","floor":32.0,"key":"PURGE"},{"floor":40.0,"key":"RECALL"},{"data":"Metallicize","floor":49.0,"key":"SMITH"}],"circlet_count":0,"master_deck":["ApocalypseBird","PunishingBird","LongBird","BigBird","Strike_R","Strike_R","Strike_R","Strike_R","Defend_R","Defend_R","Defend_R","Defend_R","WallGazer","Body Slam","Thunderclap","DreamingCurrent","Iron Wave","Scorched","Demon Form+1","BlackArmy","Heavy Blade","Shrug It Off+1","Iron Wave","Barricade+1","Rampage","Mercenary","Double Tap+1","DespairKnight","Metallicize+1","NothingThere","Offering","Madness","Madness","Shrug It Off+1","FieryBird","Writhe","MeatLantern"],"relics":["Burning Blood","CogitoBucket","PreservedInsect","Question Card","Peace Pipe","Art of War","Self Forming Clay","Cursed Key","Brimstone","War Paint","Nunchaku","AtMidnight","Pantograph","Coffee Dripper","Du-Vu Doll","Toxic Egg 2","Red Mask","Torii","Letter Opener","Twilight","Darkstone Periapt"],"acts_visited":["Exordium","TheCity","TheBeyond"],"potions_floor_usage":[],"damage_taken":[{"damage":15.0,"enemies":"Jaw Worm","floor":1.0,"turns":4.0},{"damage":12.0,"enemies":"2 Louse","floor":2.0,"turns":4.0},{"damage":12.0,"enemies":"Small Slimes","floor":3.0,"turns":4.0},{"damage":13.0,"enemies":"2 Fungi Beasts","floor":5.0,"turns":4.0},{"damage":85.0,"enemies":"3 Sentries","floor":6.0,"turns":15.0},{"damage":22.0,"enemies":"Gremlin Gang","floor":7.0,"turns":3.0},{"damage":13.0,"enemies":"Blue Slaver","floor":8.0,"turns":4.0},{"damage":39.0,"enemies":"Gremlin Nob","floor":10.0,"turns":4.0},{"damage":42.0,"enemies":"Lagavulin","floor":13.0,"turns":7.0},{"damage":6.0,"enemies":"2 Fungi Beasts","floor":14.0,"turns":2.0},{"damage":67.0,"enemies":"The Guardian","floor":16.0,"turns":8.0},{"damage":89.0,"enemies":"Shell Parasite","floor":18.0,"turns":12.0},{"damage":13.0,"enemies":"Chosen","floor":20.0,"turns":4.0},{"damage":20.0,"enemies":"Centurion and Healer","floor":22.0,"turns":3.0},{"damage":28.0,"enemies":"Book of Stabbing","floor":24.0,"turns":4.0},{"damage":40.0,"enemies":"Chosen and Byrds","floor":28.0,"turns":5.0},{"damage":91.0,"enemies":"Snake Plant","floor":29.0,"turns":13.0},{"damage":11.0,"enemies":"Gremlin Leader","floor":30.0,"turns":3.0},{"damage":14.0,"enemies":"Cultist and Chosen","floor":31.0,"turns":5.0},{"damage":148.0,"enemies":"Automaton","floor":33.0,"turns":8.0},{"damage":43.0,"enemies":"3 Shapes","floor":35.0,"turns":4.0},{"damage":22.0,"enemies":"2 Orb Walkers","floor":37.0,"turns":3.0},{"damage":42.0,"enemies":"Reptomancer","floor":41.0,"turns":4.0},{"damage":56.0,"enemies":"Mind Bloom Boss Battle","floor":44.0,"turns":6.0},{"damage":84.0,"enemies":"Nemesis","floor":45.0,"turns":4.0},{"damage":85.0,"enemies":"Orb Walker","floor":46.0,"turns":9.0},{"damage":45.0,"enemies":"Reptomancer","floor":47.0,"turns":4.0},{"damage":144,"enemies":"Time Eater","floor":50,"turns":3}],"seed_played":"6672657923644243626","potions_obtained":[{"floor":3.0,"key":"FearPotion"},{"floor":5.0,"key":"DuplicationPotion"},{"floor":6.0,"key":"Swift Potion"},{"floor":8.0,"key":"Fruit Juice"},{"floor":10.0,"key":"Explosive Potion"},{"floor":22.0,"key":"AttackPotion"},{"floor":28.0,"key":"ColorlessPotion"},{"floor":30.0,"key":"SteroidPotion"},{"floor":35.0,"key":"ElixirPotion"},{"floor":41.0,"key":"Swift Potion"},{"floor":44.0,"key":"Strength Potion"},{"floor":45.0,"key":"Regen Potion"}],"is_trial":false,"path_per_floor":["M","M","M","?","M","E","M","M","T","E","$","?","E","M","R","B",null,"M","$","M","?","M","R","E","R","T","R","M","M","E","M","R","B",null,"M","?","?","$","?","R","E","?","T","?","E","M","E","$","R","B"],"character_chosen":"IRONCLAD","items_purchased":["Shrug It Off","Brimstone"],"campfire_rested":0,"item_purchase_floors":[11,19],"current_hp_per_floor":[71,65,59,48,41,52,48,65,65,55,55,55,67,73,73,58,85,80,80,85,85,85,85,81,81,81,81,80,83,85,85,85,57,85,85,74,85,85,85,85,75,75,75,85,53,61,85,85,85,0,0],"gold":128,"neow_bonus":"","is_daily":false,"chose_seed":false,"campfire_upgraded":3,"win_rate":0.0,"timestamp":1608497403,"path_taken":["M","M","M","?","M","E","M","M","T","E","$","?","E","M","R","BOSS","M","$","?","?","M","R","E","R","T","R","M","M","E","M","R","BOSS","M","?","?","?","?","R","E","?","T","?","E","M","E","?","R","BOSS"],"items_purchased_type":["Card","Relic"],"build_version":"2020-12-13","purchased_purges":3,"victory":false,"max_hp_per_floor":[80,80,80,80,80,80,80,80,80,85,85,85,85,85,85,85,85,85,85,85,85,85,85,85,85,85,85,85,85,85,85,85,85,85,85,85,85,85,85,85,85,85,85,85,85,85,85,85,85,85,85],"card_choices":[{"not_picked":["Wellcheers","BeautyBeast"],"picked":"WallGazer","floor":1.0},{"not_picked":["Hemokinesis","Headbutt"],"picked":"Body Slam","floor":1.0},{"not_picked":["Fire Breathing","Clothesline","True Grit"],"picked":"SKIP","floor":2.0},{"not_picked":["Fire Breathing","Clothesline","True Grit"],"picked":"SKIP","floor":2.0},{"not_picked":["Headbutt","Anger"],"picked":"Thunderclap","floor":3.0},{"not_picked":["Laetitia","OldLady"],"picked":"DreamingCurrent","floor":5.0},{"not_picked":["Carnage","Bloodletting"],"picked":"Iron Wave","floor":5.0},{"not_picked":["BeautyBeast","OSAHOGD"],"picked":"Scorched","floor":6.0},{"not_picked":["Burning Pact","Cleave","Sentinel"],"picked":"SKIP","floor":6.0},{"not_picked":["Clash","Pummel","Havoc"],"picked":"SKIP","floor":7.0},{"not_picked":["Clash","Pummel","Havoc"],"picked":"SKIP","floor":7.0},{"not_picked":["Flex","Dual Wield"],"picked":"Demon Form","floor":8.0},{"not_picked":["GreedKing","HeroicMonk"],"picked":"BlackArmy","floor":10.0},{"not_picked":["Reckless Charge","Perfected Strike","Evolve"],"picked":"Heavy Blade","floor":10.0},{"not_picked":["Anger","Wild Strike","Thunderclap"],"picked":"Iron Wave","floor":13.0},{"not_picked":["Wild Strike","Headbutt","Clash","Dual Wield"],"picked":"SKIP","floor":14.0},{"not_picked":["Woodsman","Variant","OSAHOGD"],"picked":"Singing Bowl","floor":16.0},{"not_picked":["FairyFestival","Wellcheers"],"picked":"MHz","floor":16.0},{"not_picked":["Feed","Juggernaut","Limit Break"],"picked":"Barricade","floor":16.0},{"not_picked":["Bloodbath","CherryBlossoms","HeroicMonk"],"picked":"Singing Bowl","floor":18.0},{"not_picked":["Woodsman","GalaxyChild"],"picked":"PunishingBird","floor":18.0},{"not_picked":["Pommel Strike","Armaments","Second Wind"],"picked":"Rampage","floor":18.0},{"not_picked":["OSAHOGD","Scarecrow","VoidDream"],"picked":"Singing Bowl","floor":20.0},{"not_picked":["WhitesApple","QueenOfHatred"],"picked":"Mercenary","floor":20.0},{"not_picked":["Entrench+1","Havoc+1","Heavy Blade+1"],"picked":"Double Tap","floor":20.0},{"not_picked":["Bloodbath","OldLady"],"picked":"DespairKnight","floor":22.0},{"not_picked":["Sword Boomerang","Twin Strike+1","Flex+1"],"picked":"Metallicize","floor":22.0},{"not_picked":["Yin","Rudolta","SingingMachine"],"picked":"Singing Bowl","floor":24.0},{"not_picked":["Cleave","Shrug It Off+1","Exhume","Twin Strike+1"],"picked":"SKIP","floor":24.0},{"not_picked":["Cleave","Shrug It Off+1","Exhume","Twin Strike+1"],"picked":"SKIP","floor":24.0},{"not_picked":["Wellcheers","LaLuna","BeautyBeast"],"picked":"Singing Bowl","floor":28.0},{"not_picked":["Murderer","SpiderBud"],"picked":"MeltingLove","floor":28.0},{"not_picked":["Entrench","Headbutt","Cleave","Iron Wave"],"picked":"SKIP","floor":28.0},{"not_picked":["OSAHOGD","ShyLook","VoidDream"],"picked":"Singing Bowl","floor":29.0},{"not_picked":["Burning Pact+1","Thunderclap","Sentinel+1","Pommel Strike+1"],"picked":"SKIP","floor":29.0},{"not_picked":["GalaxyChild","VoidDream","QueenBee"],"picked":"Singing Bowl","floor":30.0},{"not_picked":["FieryBird","CrumblingArmor"],"picked":"LongBird","floor":30.0},{"not_picked":["Evolve","Spot Weakness+1","Berserk","Headbutt"],"picked":"SKIP","floor":30.0},{"not_picked":["Evolve","Spot Weakness+1","Berserk","Headbutt"],"picked":"SKIP","floor":30.0},{"not_picked":["WhitesApple","MeatLantern","HappyTeddy"],"picked":"Singing Bowl","floor":31.0},{"not_picked":["OSAHOGD","Bloodbath"],"picked":"NothingThere","floor":31.0},{"not_picked":["Ghostly Armor","Sword Boomerang","Wild Strike","Clothesline+1"],"picked":"SKIP","floor":31.0},{"not_picked":["PlagueDoctor","MeltingLove","OldLady"],"picked":"Singing Bowl","floor":33.0},{"not_picked":["Immolate","Berserk","Limit Break"],"picked":"Offering","floor":33.0},{"not_picked":["CherryBlossoms","BodiesMountain"],"picked":"Funeral","floor":35.0},{"not_picked":["Heavy Blade+1","Wild Strike","Feel No Pain","Iron Wave+1"],"picked":"SKIP","floor":35.0},{"not_picked":["Heavy Blade+1","Wild Strike","Feel No Pain","Iron Wave+1"],"picked":"SKIP","floor":35.0},{"not_picked":["NakedNest","Wellcheers","SnowQueen"],"picked":"Singing Bowl","floor":37.0},{"not_picked":["Entrench+1","Armaments","Ghostly Armor+1"],"picked":"Shrug It Off+1","floor":37.0},{"not_picked":["MeatLantern","WhitesApple","BlueStar"],"picked":"Singing Bowl","floor":41.0},{"not_picked":["MeltingLove","Laetitia"],"picked":"FieryBird","floor":41.0},{"not_picked":["Bloodletting+1","Sword Boomerang","Headbutt+1","Rage+1"],"picked":"SKIP","floor":41.0},{"not_picked":["Bloodletting+1","Sword Boomerang","Headbutt+1","Rage+1"],"picked":"SKIP","floor":41.0},{"not_picked":["NakedNest","Woodsman","Freischutz"],"picked":"Singing Bowl","floor":44.0},{"not_picked":["SpiderBud","GalaxyChild"],"picked":"BigBird","floor":45.0},{"not_picked":["Shockwave+1","Evolve+1","Body Slam","Thunderclap+1"],"picked":"SKIP","floor":45.0},{"not_picked":["Shockwave+1","Evolve+1","Body Slam","Thunderclap+1"],"picked":"SKIP","floor":45.0},{"not_picked":["RedShoes","WhitesApple","LittleHelper"],"picked":"Singing Bowl","floor":46.0},{"not_picked":["GalaxyChild","LittlePrince"],"picked":"MeatLantern","floor":47.0},{"not_picked":["Bludgeon","Warcry+1","Immolate","Rampage"],"picked":"SKIP","floor":47.0}],"player_experience":297389,"relics_obtained":[{"floor":6.0,"key":"PreservedInsect"},{"floor":9.0,"key":"Question Card"},{"floor":10.0,"key":"Peace Pipe"},{"floor":13.0,"key":"Self Forming Clay"},{"floor":24.0,"key":"War Paint"},{"floor":26.0,"key":"Nunchaku"},{"floor":29.0,"key":"AtMidnight"},{"floor":30.0,"key":"Pantograph"},{"floor":37.0,"key":"Du-Vu Doll"},{"floor":41.0,"key":"Toxic Egg 2"},{"floor":44.0,"key":"Torii"},{"floor":45.0,"key":"Letter Opener"},{"floor":46.0,"key":"Twilight"},{"floor":47.0,"key":"Darkstone Periapt"}],"event_choices":[{"damage_healed":0.0,"max_hp_gain":0.0,"max_hp_loss":0.0,"gold_gain":75.0,"event_name":"World of Goop","player_choice":"Gather Gold","floor":4.0,"gold_loss":0.0,"damage_taken":11.0},{"damage_healed":0.0,"max_hp_gain":0.0,"max_hp_loss":0.0,"gold_gain":0.0,"event_name":"Big Fish","player_choice":"Box","floor":12.0,"gold_loss":0.0,"damage_taken":0.0,"relics_obtained":["Art of War"],"cards_obtained":["Regret"]},{"damage_healed":0.0,"max_hp_gain":0.0,"max_hp_loss":0.0,"gold_gain":0.0,"event_name":"The Woman in Blue","player_choice":"Bought 0 Potions","floor":21.0,"gold_loss":0.0,"damage_taken":0.0},{"damage_healed":0.0,"max_hp_gain":0.0,"max_hp_loss":0.0,"gold_gain":0.0,"event_name":"Winding Halls","player_choice":"Embrace Madness","floor":36.0,"gold_loss":0.0,"damage_taken":11.0,"cards_obtained":["Madness","Madness"]},{"damage_healed":0.0,"max_hp_gain":0.0,"max_hp_loss":0.0,"gold_gain":0.0,"event_name":"Mysterious Sphere","player_choice":"Fight","floor":37.0,"gold_loss":0.0,"damage_taken":0.0},{"cards_removed":["Bash"],"damage_healed":0.0,"max_hp_gain":0.0,"max_hp_loss":0.0,"gold_gain":0.0,"event_name":"Falling","player_choice":"Removed Attack","floor":39.0,"gold_loss":0.0,"damage_taken":0.0},{"damage_healed":0.0,"max_hp_gain":0.0,"max_hp_loss":0.0,"gold_gain":0.0,"event_name":"Tomb of Lord Red Mask","player_choice":"Paid","floor":42.0,"gold_loss":321.0,"damage_taken":0.0,"relics_obtained":["Red Mask"]},{"damage_healed":0.0,"max_hp_gain":0.0,"max_hp_loss":0.0,"gold_gain":0.0,"event_name":"MindBloom","player_choice":"Fight","floor":44.0,"gold_loss":0.0,"damage_taken":0.0}],"is_beta":false,"boss_relics":[{"not_picked":["Busted Crown","Mark of Pain"],"picked":"Cursed Key"},{"not_picked":["Velvet Choker","Calling Bell"],"picked":"Coffee Dripper"}],"items_purged_floors":[11,19,38],"is_endless":false,"potions_floor_spawned":[3,5,6,8,10,22,28,30,35,41,44,45],"killed_by":"Time Eater","ascension_level":1}}