{"host":"s9dep4x43c14s74h","time":1608486052,"event":{"mods":["BaseMod","Downfall","Gremlin Mod","Hermit","HololiveMod","Jorbs\u0027s Wanderer Trilogy","Lobotomy","Marisa????????","Minty Spire (QoL Compilation)","Replay The Spire","StSLib","The Animator","The Bug Knight","The Construct","The Cursed","The Necromancer","The Runesmith","The Servant 0.9.4"],"gold_per_floor":[99,374,404,414,434,434,434,453,453,453],"floor_reached":9,"playtime":2522,"items_purged":[],"score":70,"play_id":"c870b1ef-09a3-4f54-bfa1-b7db60cb17c5","local_time":"20201220204052","is_ascension_mode":true,"campfire_choices":[{"data":"Slimebound:Split","floor":1,"key":"SMITH"},{"data":"Slimebound:ComboTackle","floor":6,"key":"SMITH"}],"circlet_count":0,"master_deck":["Slimebound:Strike_Slimebound","Slimebound:Strike_Slimebound","Slimebound:Strike_Slimebound","Slimebound:Tackle","Slimebound:Defend_Slimebound","Slimebound:Defend_Slimebound","Slimebound:Defend_Slimebound","Slimebound:Defend_Slimebound","Slimebound:Split+1","Slimebound:CorrosiveSpit","Regret","Slimebound:SamplingLick","Slimebound:GoopSpray","Slimebound:ComboTackle+1","Slimebound:SplitAcid"],"relics":["Slimebound:AbsorbEndCombat","Lizard Tail","Replay:WaspNest","Gremlin Horn"],"acts_visited":[],"potions_floor_usage":[],"damage_taken":[{"damage":78,"enemies":"Gremlin Nob","floor":3,"turns":5},{"damage":8,"enemies":"Small Slimes","floor":4,"turns":3},{"damage":14,"enemies":"Cultist","floor":5,"turns":3},{"damage":23,"enemies":"Jaw Worm","floor":8,"turns":2},{"damage":42,"enemies":"Lagavulin","floor":9,"turns":2}],"seed_played":"6592403004423830951","potions_obtained":[{"floor":3,"key":"Explosive Potion"}],"is_trial":false,"path_per_floor":["R","?","E","M","M","R","T","M","E"],"character_chosen":"SLIMEBOUND","items_purchased":[],"campfire_rested":0,"item_purchase_floors":[],"current_hp_per_floor":[54,54,35,47,45,45,45,34,0,0],"gold":453,"neow_bonus":"ONE_RARE_RELIC","is_daily":false,"chose_seed":false,"campfire_upgraded":2,"win_rate":0.0,"timestamp":1608486052,"path_taken":["R","?","E","M","?","R","T","M","E"],"items_purchased_type":[],"build_version":"2020-12-13","purchased_purges":0,"victory":false,"max_hp_per_floor":[54,54,54,54,54,54,54,54,54,54],"card_choices":[{"not_picked":["Slimebound:Grow","Slimebound:Gluttony"],"picked":"Slimebound:SamplingLick","floor":3},{"not_picked":["Slimebound:GrowthPunch","Slimebound:ProtectTheBoss"],"picked":"Slimebound:GoopSpray","floor":4},{"not_picked":["Slimebound:SamplingLick","Slimebound:Gluttony"],"picked":"Slimebound:ComboTackle","floor":5},{"not_picked":["Slimebound:SplitLeeching","Slimebound:LeechingTouch"],"picked":"Slimebound:SplitAcid","floor":8}],"player_experience":781262,"relics_obtained":[{"floor":3,"key":"Replay:WaspNest"},{"floor":7,"key":"Gremlin Horn"}],"event_choices":[],"is_beta":false,"boss_relics":[],"items_purged_floors":[],"is_endless":false,"potions_floor_spawned":[3],"killed_by":"Lagavulin","ascension_level":3}}