{"host":"zt56gx41altgtukx","time":1608451018,"event":{"mods":["Act Like it!","Aspiration","BaseMod","Better Altar","Better Match","Better Note","Better Sensory Stone","Better Skull","Better Third Choice","BetterRewards","Conspire","Downfall","GifTheSpireLib","Halation","Hallownest","Highlight Path","Hubris","Mimic Mod","Minty Spire (QoL Compilation)","Replay The Spire","Shade Mod","StSLib","Stuff the Spire","The Cursed","Unceasing Turn Reminder","everything is the same but u backflip on backflip"],"gold_per_floor":[99,132,132,132,132,132,172,272,272,315,429,449,127,127,151,151,151],"floor_reached":16,"playtime":1433,"items_purged":[],"score":129,"play_id":"8f8fad86-09df-4b62-a29a-ac5b745edd34","local_time":"20201220015658","is_ascension_mode":false,"campfire_choices":[{"data":"hexamod:Sear","floor":1,"key":"SMITH"},{"data":"hexamod:RadiantFlame","floor":6,"key":"SMITH"},{"data":"hexamod:Float","floor":6,"key":"SMITH"},{"floor":9,"key":"REST"}],"circlet_count":0,"master_deck":["hexamod:Strike","hexamod:Strike","hexamod:Strike","hexamod:Defend","hexamod:Defend","hexamod:Defend","hexamod:Defend","hexamod:Sear+1","hexamod:Float+1","hexamod:RadiantFlame+1","hexamod:HauntingEcho","hexamod:ThirdSeal","hexamod:Firestarter+1","hexamod:AdvancingGuard+1","hexamod:Firestarter","hexamod:SecondSeal","hexamod:ThirdSeal","hexamod:CatchUp","hexamod:SixthSeal","hexamod:EtherealExpedition","hexamod:NightmareGuise","hexamod:BurningTouch","hexamod:ChargedBarrage","hexamod:PhantomCloak","hexamod:VolcanoVisage+1","hexamod:HeatMetal+1","hexamod:ShieldOfDarkness+1","hexamod:ShieldOfDarkness+1","hexamod:EmpoweredFlame+1","hexamod:HeatMetal+1","hexamod:HexaLevel+1","hexamod:RadiantFlame"],"relics":["hexamod:SpiritBrand","downfall:HeartsMalice","Golden Egg","halation:PenCase","Regal Pillow","Peace Pipe","Blood Vial"],"acts_visited":["Exordium"],"potions_floor_usage":[],"damage_taken":[{"damage":0,"enemies":"3 Sentries","floor":2,"turns":1},{"damage":0,"enemies":"2 Louse","floor":3,"turns":1},{"damage":0,"enemies":"Jaw Worm","floor":4,"turns":1},{"damage":5,"enemies":"Small Slimes","floor":7,"turns":6},{"damage":49,"enemies":"downfall:Heads","floor":8,"turns":7},{"damage":7,"enemies":"Lagavulin","floor":10,"turns":6},{"damage":4,"enemies":"Small Slimes","floor":12,"turns":3},{"damage":10,"enemies":"downfall:FleeingMerchant","floor":13,"turns":4},{"damage":15,"enemies":"Lots of Slimes","floor":15,"turns":4},{"damage":14,"enemies":"downfall:Ironclad","floor":16,"turns":2}],"seed_played":"2082980938635654136","potions_obtained":[{"floor":2,"key":"BlessingOfTheForge"},{"floor":12,"key":"Weak Potion"},{"floor":15,"key":"Ancient Potion"}],"is_trial":false,"path_per_floor":["R","E","M","M","?","R","MIM","?","R","E","?","M","$","?","M","B"],"character_chosen":"THE_SPIRIT","items_purchased":["Blood Vial","hexamod:EmpoweredFlame","hexamod:HeatMetal"],"campfire_rested":1,"item_purchase_floors":[13,13,13],"current_hp_per_floor":[70,70,70,70,70,70,65,16,52,45,28,24,14,14,1,0,0],"gold":151,"neow_bonus":"THREE_ENEMY_KILL","is_daily":false,"chose_seed":false,"campfire_upgraded":3,"win_rate":0.0,"timestamp":1608451018,"path_taken":["R","E","M","M","?","R","MIM","?","R","E","?","M","$","?","M","BOSS"],"items_purchased_type":["Relic","Card","Card"],"build_version":"2020-12-13","purchased_purges":0,"victory":false,"max_hp_per_floor":[70,70,70,70,70,70,70,70,70,70,70,70,70,70,70,70,70],"card_choices":[{"not_picked":["hexamod:Hexaguard","hexamod:GhostShield"],"picked":"hexamod:RadiantFlame","floor":2},{"not_picked":["hexamod:AdvancingGuard","hexamod:ShieldOfDarkness"],"picked":"hexamod:HauntingEcho","floor":3},{"not_picked":["hexamod:BacktrackSmack","hexamod:SwordOfDarkness"],"picked":"hexamod:ThirdSeal","floor":4},{"not_picked":["hexamod:GhostLash","hexamod:HeatShield"],"picked":"hexamod:Firestarter","floor":7},{"not_picked":["hexamod:GhostLash","hexamod:NightmareStrike"],"picked":"hexamod:AdvancingGuard","floor":7},{"not_picked":["hexamod:HauntingEcho","hexamod:NightmareStrike"],"picked":"hexamod:Firestarter","floor":8},{"not_picked":["hexamod:AdvancingGuard","hexamod:ChargedBarrage"],"picked":"hexamod:SecondSeal","floor":8},{"not_picked":["hexamod:AdvancingGuard","hexamod:GhostShield"],"picked":"hexamod:CatchUp","floor":10},{"not_picked":["hexamod:FirstSeal","hexamod:SwordOfDarkness"],"picked":"hexamod:SixthSeal","floor":10},{"not_picked":["hexamod:Again","hexamod:GhostLash"],"picked":"hexamod:EtherealExpedition","floor":10},{"not_picked":["hexamod:NightmareStrike","hexamod:AdvancingGuard"],"picked":"hexamod:NightmareGuise","floor":11},{"not_picked":["hexamod:AdvancingGuard","hexamod:Firestarter"],"picked":"hexamod:BurningTouch","floor":11},{"not_picked":["hexamod:RainOfEmbers","hexamod:Hexaguard"],"picked":"hexamod:ChargedBarrage","floor":11},{"not_picked":["hexamod:RadiantFlame","hexamod:BacktrackSmack"],"picked":"hexamod:PhantomCloak","floor":12},{"not_picked":["hexamod:Hexaguard","hexamod:RecurringNightmare"],"picked":"hexamod:VolcanoVisage","floor":12},{"not_picked":["hexamod:Firestarter","hexamod:GhostflameBarrier"],"picked":"hexamod:HeatMetal","floor":13},{"not_picked":["hexamod:NightmareGuise","hexamod:HeatShield"],"picked":"hexamod:ShieldOfDarkness","floor":13},{"not_picked":["hexamod:GhostShield","hexamod:SwordOfDarkness"],"picked":"hexamod:ShieldOfDarkness","floor":13},{"not_picked":["hexamod:GhostOfSpireFuture","hexamod:HeatCrush"],"picked":"hexamod:HexaLevel","floor":15},{"not_picked":["hexamod:EtherealExpedition","hexamod:BurningTouch"],"picked":"hexamod:RadiantFlame","floor":15}],"player_experience":38715,"relics_obtained":[{"floor":2,"key":"Golden Egg"},{"floor":7,"key":"Regal Pillow"},{"floor":10,"key":"Peace Pipe"}],"event_choices":[{"damage_healed":0,"gold_gain":0,"player_choice":"Ignored","damage_taken":0,"max_hp_gain":0,"max_hp_loss":0,"event_name":"betterNote:BetterNote","floor":14,"gold_loss":0,"cards_obtained":["Shade:Defend_Shade"]}],"is_beta":false,"boss_relics":[],"items_purged_floors":[],"is_endless":false,"potions_floor_spawned":[2,12,15],"killed_by":"downfall:Ironclad","ascension_level":0}}