{"host":"6pgtslebjnyv5xmi","time":1608457532,"event":{"mods":["AchievementEnabler","BaseMod","Colored Map","Minty Spire (QoL Compilation)","Rare Cards Sparkle","SuperFastMode","everything is the same but u backflip on backflip"],"gold_per_floor":[115,75,91,91,16,44,10,10,10,85,85,97,97,111,111,207,207,220,230,230,145,145,145],"floor_reached":22,"playtime":730,"items_purged":["Defend_R"],"score":217,"play_id":"9337acd7-bb37-44b2-991c-c308c959e0de","local_time":"20201220184532","is_ascension_mode":true,"campfire_choices":[{"data":"Searing Blow","floor":8,"key":"SMITH"},{"data":"Searing Blow+1","floor":11,"key":"SMITH"},{"data":"Searing Blow+2","floor":13,"key":"SMITH"},{"data":"Searing Blow+3","floor":15,"key":"SMITH"}],"circlet_count":0,"master_deck":["Strike_R+1","Strike_R+1","Strike_R+1","Strike_R+1","Defend_R+1","Defend_R+1","Defend_R+1","Bash","Entrench","Feel No Pain","Searing Blow+4","Ghostly Armor","Bloodletting","Thunderclap","Double Tap","CurseOfTheBell","Seeing Red+1"],"relics":["Burning Blood","NeowsBlessing","Anchor","Calling Bell","Regal Pillow","Letter Opener","Unceasing Top","Potion Belt"],"acts_visited":["Exordium","TheCity"],"potions_floor_usage":[14,16,16,16,19],"damage_taken":[{"damage":0,"enemies":"Small Slimes","floor":1,"turns":1},{"damage":0,"enemies":"Cultist","floor":3,"turns":1},{"damage":0,"enemies":"Gremlin Nob","floor":6,"turns":1},{"damage":3,"enemies":"Jaw Worm","floor":12,"turns":3},{"damage":0,"enemies":"Exordium Wildlife","floor":14,"turns":4},{"damage":24,"enemies":"The Guardian","floor":16,"turns":11},{"damage":43,"enemies":"Chosen","floor":18,"turns":7},{"damage":26,"enemies":"Spheric Guardian","floor":19,"turns":7},{"damage":24,"enemies":"Chosen and Byrds","floor":22,"turns":4}],"seed_played":"1837677806907982939","potions_obtained":[{"floor":1,"key":"PowerPotion"},{"floor":2,"key":"ElixirPotion"},{"floor":2,"key":"HeartOfIron"},{"floor":2,"key":"HeartOfIron"},{"floor":14,"key":"SpeedPotion"},{"floor":16,"key":"SmokeBomb"},{"floor":18,"key":"Block Potion"},{"floor":19,"key":"SteroidPotion"}],"is_trial":false,"path_per_floor":["M","?","M","?","$","E","$","R","T","?","R","M","R","M","R","B",null,"M","M","?","?","M"],"character_chosen":"IRONCLAD","items_purchased":["Bloodletting"],"campfire_rested":0,"item_purchase_floors":[7],"current_hp_per_floor":[80,80,80,80,80,80,80,80,80,69,69,72,72,78,78,60,80,43,23,23,23,0,0],"gold":145,"neow_bonus":"THREE_ENEMY_KILL","is_daily":false,"chose_seed":false,"campfire_upgraded":4,"win_rate":0.0,"timestamp":1608457532,"path_taken":["M","?","?","?","$","E","?","R","T","?","R","M","R","M","R","BOSS","M","M","?","?","M"],"items_purchased_type":["Card"],"build_version":"2020-12-13","purchased_purges":1,"victory":false,"max_hp_per_floor":[80,80,80,80,80,80,80,80,80,80,80,80,80,80,80,80,80,80,80,80,80,80,80],"card_choices":[{"not_picked":["Cleave","Pommel Strike"],"picked":"Entrench","floor":1},{"not_picked":["True Grit","Armaments"],"picked":"Feel No Pain","floor":3},{"not_picked":["Juggernaut","Searing Blow"],"picked":"Ghostly Armor","floor":6},{"not_picked":["Pummel","Iron Wave","Burning Pact"],"picked":"SKIP","floor":12},{"not_picked":["Clothesline","Iron Wave"],"picked":"Thunderclap","floor":14},{"not_picked":["Demon Form","Reaper"],"picked":"Double Tap","floor":16},{"not_picked":["Shrug It Off","Cleave"],"picked":"Seeing Red+1","floor":18},{"not_picked":["Perfected Strike+1","Dark Embrace","Iron Wave"],"picked":"SKIP","floor":19}],"player_experience":281875,"relics_obtained":[{"floor":6,"key":"Anchor"},{"floor":17,"key":"Regal Pillow"},{"floor":17,"key":"Letter Opener"},{"floor":17,"key":"Unceasing Top"}],"event_choices":[{"damage_healed":0,"gold_gain":0,"player_choice":"Bought 3 Potions","damage_taken":0,"max_hp_gain":0,"max_hp_loss":0,"event_name":"The Woman in Blue","floor":2,"gold_loss":0},{"damage_healed":0,"gold_gain":0,"cards_transformed":["Strike_R"],"player_choice":"Transformed","damage_taken":0,"max_hp_gain":0,"max_hp_loss":0,"event_name":"Transmorgrifier","floor":4,"gold_loss":0,"cards_obtained":["Searing Blow"]},{"damage_healed":0,"gold_gain":75,"player_choice":"Gather Gold","damage_taken":11,"max_hp_gain":0,"max_hp_loss":0,"event_name":"World of Goop","floor":10,"gold_loss":0},{"damage_healed":0,"gold_gain":0,"player_choice":"Simplicity","damage_taken":0,"max_hp_gain":0,"max_hp_loss":0,"event_name":"Back to Basics","floor":20,"gold_loss":0,"cards_upgraded":["Strike_R","Strike_R","Strike_R","Strike_R","Defend_R","Defend_R","Defend_R"]},{"damage_healed":0,"gold_gain":0,"player_choice":"Obtained Relic","damage_taken":0,"relics_obtained":["Potion Belt"],"max_hp_gain":0,"max_hp_loss":0,"event_name":"Addict","floor":21,"gold_loss":85}],"is_beta":false,"boss_relics":[{"not_picked":["Tiny House","Runic Dome"],"picked":"Calling Bell"}],"items_purged_floors":[5],"is_endless":false,"potions_floor_spawned":[1,3,14,16,18,19],"killed_by":"Chosen and Byrds","ascension_level":1}}