{"host":"f5n4tidiz2n5sooh","time":1608448905,"event":{"mods":["BaseMod","Bestiary","Colored Map","Minty Spire (QoL Compilation)","Relic Stats","StSLib"],"gold_per_floor":[117,117,134,148,148,148,177,177,245,256,256,256,286,298,310,397,409,435,462,492,73,123,123,123,133,133,133,133],"floor_reached":27,"playtime":782,"items_purged":[],"score":442,"play_id":"a0aef743-fb7c-4ceb-8a48-dcfc9daf3738","local_time":"20201220012145","is_ascension_mode":true,"campfire_choices":[{"data":"Shockwave","floor":6,"key":"SMITH"},{"data":"Fiend Fire","floor":8,"key":"SMITH"},{"data":"Bash","floor":11,"key":"SMITH"},{"floor":15,"key":"REST"},{"floor":23,"key":"REST"}],"circlet_count":0,"master_deck":["AscendersBane","Strike_R","Strike_R","Defend_R+1","Defend_R+1","Defend_R","Defend_R","Bash+1","Clothesline","Shockwave+1","Fiend Fire+1","Warcry+1","Feed+1","Reaper+1","Iron Wave+1","Pommel Strike+1","Power Through+1","Barricade"],"relics":["Philosopher\u0027s Stone","Ancient Tea Set","Toxic Egg 2","MawBank","Astrolabe","Gambling Chip","Question Card"],"acts_visited":["Exordium","TheCity"],"potions_floor_usage":[7,13,27],"damage_taken":[{"damage":9,"enemies":"2 Louse","floor":1,"turns":3},{"damage":0,"enemies":"Cultist","floor":3,"turns":2},{"damage":9,"enemies":"Jaw Worm","floor":4,"turns":3},{"damage":17,"enemies":"Lagavulin","floor":7,"turns":5},{"damage":16,"enemies":"Exordium Wildlife","floor":10,"turns":3},{"damage":22,"enemies":"3 Sentries","floor":13,"turns":7},{"damage":23,"enemies":"The Guardian","floor":16,"turns":11},{"damage":1,"enemies":"Chosen","floor":18,"turns":4},{"damage":16,"enemies":"Shell Parasite","floor":19,"turns":4},{"damage":51,"enemies":"Shelled Parasite and Fungi","floor":20,"turns":5},{"damage":10,"enemies":"3 Cultists","floor":25,"turns":6},{"damage":71,"enemies":"Gremlin Leader","floor":27,"turns":8}],"seed_played":"-4698026276332118181","potions_obtained":[{"floor":3,"key":"Ancient Potion"},{"floor":4,"key":"Strength Potion"},{"floor":7,"key":"BloodPotion"},{"floor":16,"key":"EssenceOfSteel"}],"is_trial":false,"path_per_floor":["M","?","M","M","?","R","E","R","T","M","R","?","E","T","R","B",null,"M","M","M","$","?","R","?","M","T","E"],"character_chosen":"IRONCLAD","items_purchased":["Gambling Chip","Power Through+1"],"campfire_rested":2,"item_purchase_floors":[21,21],"current_hp_per_floor":[59,36,36,27,52,52,35,35,35,19,19,19,12,12,34,11,59,63,50,9,9,9,33,33,48,48,0,0],"gold":133,"neow_bonus":"BOSS_RELIC","is_daily":false,"chose_seed":false,"campfire_upgraded":3,"win_rate":0.0,"timestamp":1608448905,"path_taken":["M","?","M","M","?","R","E","R","T","M","R","?","E","?","R","BOSS","M","M","M","$","?","R","?","M","T","E"],"items_purchased_type":["Relic","Card"],"build_version":"2020-12-13","purchased_purges":0,"victory":false,"max_hp_per_floor":[75,75,75,75,75,75,75,75,75,75,75,75,75,75,75,75,75,75,78,81,81,81,81,81,85,85,85,85],"relic_stats":{"counters":[12,61],"Astrolabe":["Reaper","Iron Wave","Pommel Strike"],"Gambling Chip":[6],"MawBank":96,"Question Card":0,"obtain_stats":[{"Astrolabe":17,"Gambling Chip":21,"Philosopher\u0027s Stone":0,"Toxic Egg 2":9,"Ancient Tea Set":7,"MawBank":13,"Question Card":26,"Burning Blood":0},{"Astrolabe":7,"Gambling Chip":10,"Philosopher\u0027s Stone":0,"Toxic Egg 2":4,"Ancient Tea Set":4,"MawBank":6,"Question Card":11,"Burning Blood":0},{"Astrolabe":34,"Gambling Chip":47,"Philosopher\u0027s Stone":0,"Toxic Egg 2":13,"Ancient Tea Set":13,"MawBank":23,"Question Card":53,"Burning Blood":0}]},"card_choices":[{"not_picked":["Heavy Blade","Armaments"],"picked":"Clothesline","floor":1},{"not_picked":["Fire Breathing","Clothesline"],"picked":"Shockwave","floor":3},{"not_picked":["Warcry","Body Slam","Perfected Strike"],"picked":"SKIP","floor":4},{"not_picked":["Anger","Carnage"],"picked":"Fiend Fire","floor":7},{"not_picked":["Flex+1","Headbutt","Clothesline"],"picked":"SKIP","floor":10},{"not_picked":["Uppercut","Clash"],"picked":"Warcry+1","floor":13},{"not_picked":["Demon Form","Exhume+1"],"picked":"Feed","floor":16},{"not_picked":["Clash","Twin Strike","Uppercut"],"picked":"SKIP","floor":18},{"not_picked":["Sword Boomerang","Flex+1","Perfected Strike"],"picked":"SKIP","floor":19},{"not_picked":["Rupture","Havoc+1","Anger"],"picked":"SKIP","floor":20},{"not_picked":["Anger","Flex+1"],"picked":"Barricade","floor":25}],"player_experience":1902935,"relics_obtained":[{"floor":7,"key":"Ancient Tea Set"},{"floor":9,"key":"Toxic Egg 2"},{"floor":13,"key":"MawBank"},{"floor":26,"key":"Question Card"}],"event_choices":[{"damage_healed":0,"gold_gain":0,"player_choice":"Entered Light","damage_taken":23,"max_hp_gain":0,"max_hp_loss":0,"event_name":"Shining Light","floor":2,"gold_loss":0,"cards_upgraded":["Defend_R","Defend_R"]},{"damage_healed":25,"gold_gain":0,"player_choice":"Banana","damage_taken":0,"max_hp_gain":0,"max_hp_loss":0,"event_name":"Big Fish","floor":5,"gold_loss":0},{"damage_healed":0,"gold_gain":0,"player_choice":"Ignored","damage_taken":0,"max_hp_gain":0,"max_hp_loss":0,"event_name":"Liars Game","floor":12,"gold_loss":0},{"damage_healed":0,"gold_gain":50,"player_choice":"Stole From Cult","damage_taken":0,"max_hp_gain":0,"max_hp_loss":0,"event_name":"Nest","floor":22,"gold_loss":0},{"damage_healed":0,"gold_gain":0,"player_choice":"Upgraded","damage_taken":0,"max_hp_gain":0,"max_hp_loss":0,"event_name":"Upgrade Shrine","floor":24,"gold_loss":0,"cards_upgraded":["Feed"]}],"is_beta":false,"boss_relics":[{"not_picked":["Cursed Key","Empty Cage"],"picked":"Astrolabe"}],"items_purged_floors":[],"is_endless":false,"potions_floor_spawned":[3,4,7,16,19],"killed_by":"Gremlin Leader","ascension_level":20}}