{"host":"iphsb0ccnjx0pfn6","time":1608443927,"event":{"mods":["2.2 Compatiblity","AchievementEnabler","BaseMod","Colored Map","DeckTracker","Keyboard Shortcuts","Minty Spire (QoL Compilation)","Permanent Neow","Quick Restart","Relic Stats","StSLib","SuperFastMode","Uncapped","everything is the same but u backflip on backflip"],"gold_per_floor":[116,132,147,165,90,121,21,49,76,91,101,132,161,161,161,248,248,263,290,62,71,90,90,90,57,57,77,2,14,42,42,42],"floor_reached":31,"playtime":870,"items_purged":["Strike_R","Strike_R","Strike_R","Strike_R"],"score":554,"play_id":"cb6b92d1-2b39-489a-a10d-9518ca386610","local_time":"20201220145847","is_ascension_mode":true,"campfire_choices":[{"floor":15.0,"key":"REST"},{"data":"Battle Trance","floor":23,"key":"SMITH"}],"circlet_count":0,"master_deck":["AscendersBane","Strike_R+1","Defend_R","Defend_R","Defend_R","Defend_R","Bash","True Grit","Clash","Pommel Strike","Sever Soul+1","Corruption","Bludgeon","Flame Barrier","Dark Embrace","Feel No Pain","Impervious","Ghostly","Ghostly","Ghostly","Battle Trance+1","Shrug It Off","Evolve","Entrench"],"relics":["Burning Blood","PreservedInsect","Bag of Marbles","Whetstone","Akabeko","CeramicFish","Philosopher\u0027s Stone","Membership Card","Kunai","Boot"],"acts_visited":["Exordium","TheCity"],"potions_floor_usage":[16,16,29,30],"damage_taken":[{"damage":8.0,"enemies":"Cultist","floor":1.0,"turns":5.0},{"damage":4.0,"enemies":"Jaw Worm","floor":2.0,"turns":5.0},{"damage":2.0,"enemies":"2 Louse","floor":3.0,"turns":3.0},{"damage":9.0,"enemies":"Exordium Wildlife","floor":4.0,"turns":5.0},{"damage":23.0,"enemies":"Lagavulin","floor":6.0,"turns":4.0},{"damage":32.0,"enemies":"Gremlin Nob","floor":8.0,"turns":4.0},{"damage":18.0,"enemies":"Red Slaver","floor":10.0,"turns":4.0},{"damage":0.0,"enemies":"Large Slime","floor":11.0,"turns":3.0},{"damage":10.0,"enemies":"3 Sentries","floor":12.0,"turns":5.0},{"damage":0.0,"enemies":"2 Fungi Beasts","floor":13.0,"turns":3.0},{"damage":29,"enemies":"The Guardian","floor":16,"turns":15},{"damage":38,"enemies":"Shell Parasite","floor":18,"turns":5},{"damage":0,"enemies":"Spheric Guardian","floor":22,"turns":4},{"damage":6,"enemies":"Snake Plant","floor":27,"turns":4},{"damage":0,"enemies":"Centurion and Healer","floor":29,"turns":7},{"damage":36,"enemies":"Gremlin Leader","floor":30,"turns":7},{"damage":0,"enemies":"Chosen and Byrds","floor":31,"turns":5}],"seed_played":"2082705272404356582","potions_obtained":[{"floor":2.0,"key":"Strength Potion"},{"floor":4.0,"key":"Energy Potion"},{"floor":12.0,"key":"Block Potion"},{"floor":13.0,"key":"SteroidPotion"},{"floor":16,"key":"LiquidMemories"},{"floor":22,"key":"Explosive Potion"},{"floor":27,"key":"DistilledChaos"},{"floor":29,"key":"Strength Potion"}],"is_trial":false,"path_per_floor":["M","M","M","M","$","E","$","E","T","M","M","E","M","?","R","B",null,"M","?","$","?","M","R","?","$","T","M","$","M","E","M"],"character_chosen":"IRONCLAD","items_purchased":["Membership Card","Evolve"],"campfire_rested":1,"item_purchase_floors":[20,25],"current_hp_per_floor":[66,68,72,69,69,52,52,26,26,14,20,16,22,11,33,10,59,27,27,27,27,33,33,33,33,33,33,33,37,7,7,7],"gold":42,"neow_bonus":"RANDOM_COMMON_RELIC","is_daily":false,"chose_seed":false,"campfire_upgraded":1,"win_rate":0.0,"timestamp":1608443927,"path_taken":["M","M","M","M","$","E","?","E","T","M","M","E","M","?","R","BOSS","M","?","$","?","M","R","?","$","T","?","?","M","E","M"],"items_purchased_type":["Relic","Card"],"build_version":"2020-12-13","purchased_purges":4,"victory":false,"max_hp_per_floor":[75,75,75,75,75,75,75,75,75,75,75,75,75,75,75,75,75,75,37,37,37,37,37,37,37,37,37,37,37,37,37,37],"relic_stats":{"counters":[17,88],"CeramicFish":81,"PreservedInsect":128,"Whetstone":["Strike_R","Sever Soul"],"Kunai":[5],"Boot":[0],"obtain_stats":[{"CeramicFish":12,"Philosopher\u0027s Stone":17,"PreservedInsect":0,"Bag of Marbles":6,"Whetstone":8,"Membership Card":20,"Kunai":26,"Boot":30,"Burning Blood":0,"Akabeko":9},{"CeramicFish":9,"Philosopher\u0027s Stone":11,"PreservedInsect":0,"Bag of Marbles":5,"Whetstone":6,"Membership Card":12,"Kunai":13,"Boot":16,"Burning Blood":0,"Akabeko":6},{"CeramicFish":38,"Philosopher\u0027s Stone":56,"PreservedInsect":0,"Bag of Marbles":22,"Whetstone":26,"Membership Card":61,"Kunai":65,"Boot":83,"Burning Blood":0,"Akabeko":26}],"Burning Blood":94},"card_choices":[{"not_picked":["Bloodletting","Heavy Blade"],"picked":"True Grit","floor":1.0},{"not_picked":["Searing Blow","Heavy Blade"],"picked":"Clash","floor":2.0},{"not_picked":["Clothesline","Sever Soul"],"picked":"Pommel Strike","floor":3.0},{"not_picked":["Armaments","True Grit"],"picked":"Sever Soul","floor":4.0},{"not_picked":["Twin Strike","Seeing Red"],"picked":"Corruption","floor":6.0},{"not_picked":["Sentinel","Twin Strike"],"picked":"Bludgeon","floor":8.0},{"not_picked":["Spot Weakness","Inflame"],"picked":"Flame Barrier","floor":10.0},{"not_picked":["Body Slam","True Grit","Dark Embrace"],"picked":"SKIP","floor":11.0},{"not_picked":["Body Slam","True Grit"],"picked":"Dark Embrace","floor":11.0},{"not_picked":["Rupture","Clothesline","Anger"],"picked":"SKIP","floor":12.0},{"not_picked":["Headbutt","Infernal Blade"],"picked":"Feel No Pain","floor":13.0},{"not_picked":["Feed","Juggernaut"],"picked":"Impervious","floor":16},{"not_picked":["Armaments","True Grit","Combust"],"picked":"SKIP","floor":18},{"not_picked":["Hemokinesis+1","Thunderclap"],"picked":"Shrug It Off","floor":22},{"not_picked":["Rampage","Warcry+1"],"picked":"Entrench","floor":27},{"not_picked":["Evolve","Perfected Strike","Searing Blow"],"picked":"SKIP","floor":29},{"not_picked":["Cleave","Bloodletting","Rage+1"],"picked":"SKIP","floor":30}],"player_experience":1253812,"relics_obtained":[{"floor":6.0,"key":"Bag of Marbles"},{"floor":8.0,"key":"Whetstone"},{"floor":9.0,"key":"Akabeko"},{"floor":12.0,"key":"CeramicFish"},{"floor":26,"key":"Kunai"},{"floor":30,"key":"Boot"}],"event_choices":[{"damage_healed":0.0,"max_hp_gain":0.0,"max_hp_loss":0.0,"gold_gain":0.0,"event_name":"Wheel of Change","player_choice":"Damaged","floor":14.0,"gold_loss":0.0,"damage_taken":11.0},{"damage_healed":0,"gold_gain":0,"player_choice":"Became a Ghost","damage_taken":0,"max_hp_gain":0,"max_hp_loss":38,"event_name":"Ghosts","floor":19,"gold_loss":0,"cards_obtained":["Ghostly","Ghostly","Ghostly"]},{"damage_healed":0,"gold_gain":0,"player_choice":"Read","damage_taken":0,"max_hp_gain":0,"max_hp_loss":0,"event_name":"The Library","floor":21,"gold_loss":0,"cards_obtained":["Battle Trance"]},{"damage_healed":0,"gold_gain":0,"player_choice":"Ignored","damage_taken":0,"max_hp_gain":0,"max_hp_loss":0,"event_name":"Vampires","floor":24,"gold_loss":0}],"is_beta":false,"boss_relics":[{"not_picked":["Runic Pyramid","Sozu"],"picked":"Philosopher\u0027s Stone"}],"items_purged_floors":[5,7,20,28],"is_endless":false,"potions_floor_spawned":[2,4,12,13,16,22,27,29],"killed_by":"Chosen and Byrds","ascension_level":20}}