{"host":"egyxg9lnjq7g2hmw","time":1608427488,"event":{"mods":["AchievementEnabler","BaseMod","Block Reminder","Colored Map","Colored Powertips","Highlight Path","Minty Spire (QoL Compilation)","Rare Cards Sparkle","StSLib"],"gold_per_floor":[116,129,139,8,8,41,41,64,145,165,165,208,208,238,238,328,328,341,151,165,188,207,207,240,240,267,267,267,319,279,309,309,309,309],"floor_reached":33,"playtime":1960,"items_purged":["Strike_G","Strike_G"],"score":590,"play_id":"5ced1140-1000-4887-805d-8b05e4ea94e3","local_time":"20201219172448","is_ascension_mode":true,"campfire_choices":[{"floor":7.0,"key":"REST"},{"data":"Sucker Punch","floor":11.0,"key":"SMITH"},{"floor":15.0,"key":"REST"},{"data":"Adrenaline","floor":23.0,"key":"SMITH"},{"data":"Caltrops","floor":25.0,"key":"SMITH"},{"floor":27.0,"key":"REST"},{"floor":32.0,"key":"REST"}],"circlet_count":0,"master_deck":["AscendersBane","Strike_G","Strike_G","Strike_G","Defend_G","Defend_G","Defend_G","Defend_G","Defend_G","Survivor","Neutralize","Slice","Leg Sweep","Caltrops+1","Backflip","Glass Knife","Sucker Punch+1","After Image","Adrenaline+1","Footwork","Masterful Stab","Unload","Footwork","Underhanded Strike","Terror+1","Dash+1"],"relics":["Ring of the Snake","NeowsBlessing","Golden Idol","Pocketwatch","HornCleat","Strawberry","TungstenRod","Sozu","Mummified Hand","Blood Vial","CeramicFish"],"acts_visited":["Exordium","TheCity"],"potions_floor_usage":[],"damage_taken":[{"damage":0.0,"enemies":"Jaw Worm","floor":1.0,"turns":1.0},{"damage":0.0,"enemies":"2 Louse","floor":2.0,"turns":1.0},{"damage":0.0,"enemies":"Cultist","floor":3.0,"turns":1.0},{"damage":42.0,"enemies":"Gremlin Nob","floor":6.0,"turns":6.0},{"damage":1.0,"enemies":"2 Fungi Beasts","floor":8.0,"turns":3.0},{"damage":0.0,"enemies":"Large Slime","floor":10.0,"turns":5.0},{"damage":24.0,"enemies":"Lagavulin","floor":12.0,"turns":7.0},{"damage":28.0,"enemies":"Hexaghost","floor":16.0,"turns":15.0},{"damage":0.0,"enemies":"3 Byrds","floor":18.0,"turns":4.0},{"damage":2.0,"enemies":"Chosen","floor":20.0,"turns":7.0},{"damage":0.0,"enemies":"Centurion and Healer","floor":21.0,"turns":8.0},{"damage":2.0,"enemies":"3 Cultists","floor":22.0,"turns":7.0},{"damage":45.0,"enemies":"Gremlin Leader","floor":24.0,"turns":8.0},{"damage":4.0,"enemies":"Book of Stabbing","floor":29.0,"turns":5.0},{"damage":10.0,"enemies":"Snake Plant","floor":31.0,"turns":6.0},{"damage":51,"enemies":"Champ","floor":33,"turns":22}],"seed_played":"-1029378378775813446","potions_obtained":[{"floor":2.0,"key":"AttackPotion"},{"floor":6.0,"key":"ColorlessPotion"},{"floor":10.0,"key":"Explosive Potion"},{"floor":12.0,"key":"AttackPotion"}],"is_trial":false,"path_per_floor":["M","M","M","$","?","E","R","M","T","M","R","E","?","?","R","B",null,"M","$","M","M","M","R","E","R","T","R","?","E","?","M","R","B"],"character_chosen":"THE_SILENT","items_purchased":["Backflip","Masterful Stab"],"campfire_rested":4,"item_purchase_floors":[4,19],"current_hp_per_floor":[59,59,59,59,59,17,35,34,34,34,34,17,22,22,43,15,58,58,58,56,56,54,54,9,9,9,30,30,28,28,20,41,0,0],"gold":309,"neow_bonus":"THREE_ENEMY_KILL","is_daily":false,"chose_seed":false,"campfire_upgraded":3,"win_rate":0.0,"timestamp":1608427488,"path_taken":["M","M","M","$","?","E","R","M","T","M","R","E","?","?","R","BOSS","M","$","M","M","M","R","E","R","T","R","?","E","?","?","R","BOSS"],"items_purchased_type":["Card","Card"],"build_version":"2020-12-13","purchased_purges":2,"victory":false,"max_hp_per_floor":[66,66,66,66,60,60,60,60,60,60,60,67,72,72,72,72,72,72,72,72,72,72,72,72,72,72,72,72,72,72,72,72,72,72],"card_choices":[{"not_picked":["Acrobatics","Calculated Gamble","Slice"],"picked":"SKIP","floor":1.0},{"not_picked":["Acrobatics","Calculated Gamble"],"picked":"Slice","floor":1.0},{"not_picked":["Dash","Deadly Poison"],"picked":"Leg Sweep","floor":2.0},{"not_picked":["Prepared","Noxious Fumes"],"picked":"Caltrops","floor":3.0},{"not_picked":["Heel Hook","Quick Slash"],"picked":"Glass Knife","floor":6.0},{"not_picked":["Flechettes","Deadly Poison","Poisoned Stab"],"picked":"SKIP","floor":8.0},{"not_picked":["Underhanded Strike","Dagger Spray"],"picked":"Sucker Punch","floor":10.0},{"not_picked":["All Out Attack","PiercingWail"],"picked":"After Image","floor":12.0},{"not_picked":["Doppelganger","Corpse Explosion"],"picked":"Adrenaline","floor":16.0},{"not_picked":["Backflip","Poisoned Stab+1"],"picked":"Footwork","floor":18.0},{"not_picked":["Dagger Spray","Outmaneuver+1","Sucker Punch"],"picked":"SKIP","floor":20.0},{"not_picked":["Prepared","Predator"],"picked":"Unload","floor":21.0},{"not_picked":["Reflex","Deflect","Bane"],"picked":"SKIP","floor":22.0},{"not_picked":["Poisoned Stab","All Out Attack"],"picked":"Footwork","floor":24.0},{"not_picked":["Dash","Backflip"],"picked":"Terror+1","floor":29.0},{"not_picked":["Escape Plan","Cloak And Dagger"],"picked":"Dash+1","floor":31.0}],"player_experience":534012,"relics_obtained":[{"floor":6.0,"key":"Pocketwatch"},{"floor":9.0,"key":"HornCleat"},{"floor":12.0,"key":"Strawberry"},{"floor":24.0,"key":"Mummified Hand"},{"floor":26.0,"key":"Blood Vial"},{"floor":29.0,"key":"CeramicFish"}],"event_choices":[{"damage_healed":0.0,"max_hp_gain":0.0,"max_hp_loss":6.0,"gold_gain":0.0,"event_name":"Golden Idol","player_choice":"Lose Max HP","floor":5.0,"gold_loss":0.0,"damage_taken":0.0,"relics_obtained":["Golden Idol"]},{"damage_healed":0.0,"max_hp_gain":5.0,"max_hp_loss":0.0,"gold_gain":0.0,"event_name":"Big Fish","player_choice":"Donut","floor":13.0,"gold_loss":0.0,"damage_taken":0.0},{"damage_healed":0.0,"max_hp_gain":0.0,"max_hp_loss":0.0,"gold_gain":30.0,"event_name":"Dead Adventurer","player_choice":"Searched \u00272\u0027 times","floor":14.0,"gold_loss":0.0,"damage_taken":0.0,"relics_obtained":["TungstenRod"]},{"damage_healed":0.0,"max_hp_gain":0.0,"max_hp_loss":0.0,"gold_gain":0.0,"event_name":"The Library","player_choice":"Read","floor":28.0,"gold_loss":0.0,"damage_taken":0.0,"cards_obtained":["Underhanded Strike"]},{"damage_healed":0.0,"max_hp_gain":0.0,"max_hp_loss":0.0,"gold_gain":0.0,"event_name":"The Woman in Blue","player_choice":"Bought 3 Potions","floor":30.0,"gold_loss":0.0,"damage_taken":0.0}],"is_beta":false,"boss_relics":[{"not_picked":["Tiny House","Fusion Hammer"],"picked":"Sozu"}],"items_purged_floors":[4,19],"is_endless":false,"potions_floor_spawned":[2,6,10,12,29,31],"killed_by":"Champ","ascension_level":20}}