{"host":"cxlfijb3ipw68228","time":1608450950,"event":{"mods":["2.2 Compatiblity","AchievementEnabler","Aspiration","BaseMod","Better Altar","Better Match","Better Note","Better Sensory Stone","Better Skull","Better Third Choice","BetterRewards","CCEM","Colored Map","Conspire","Downfall","Halation","Highlight Path","Hubris","Minty Spire (QoL Compilation)","Permanent Neow","Shop Mod","Spicy Shops","StSLib","The Servant 0.9.4"],"gold_per_floor":[199,3806,3837,3853,3869,2850,2876,2895,2895,2930,1783,5374,5384,5397,5407,5512,5512,5512,5512,5512,5531,5542,4900,4949,4874,4891,4923,4939,4958,4958,4363,4377,4478,4478,4403,3320,3320,3245,3245,2246,2246,2258,2283,2283,1103,1116,1130,1140,1156,1156,1156,1191,1156,1182,659,659,659],"floor_reached":58,"playtime":4598,"items_purged":["Doubt","Doubt","sneckomod:Strike","sneckomod:Defend","Regret","sneckomod:Defend","sneckomod:Strike","sneckomod:Defend","sneckomod:Strike"],"score":1394,"play_id":"deabc6fc-f96b-466b-8ccd-e844220451a3","local_time":"20201220025550","is_ascension_mode":false,"campfire_choices":[{"data":"sneckomod:Unknown","floor":1,"key":"SMITH"},{"data":"expansioncontent:QuickStudy","floor":25,"key":"SMITH"},{"floor":35,"key":"RECALL"},{"data":"sneckomod:SerpentIdol","floor":38,"key":"SMITH"},{"data":"sneckomod:RainOfDice","floor":44,"key":"SMITH"},{"data":"Searing Blow+1","floor":56,"key":"SMITH"}],"circlet_count":0,"master_deck":["Infernal Blade","Thunderclap+1","Rupture","sneckomod:DiceBoulder+1","expansioncontent:DashGenerateEvil+1","Searing Blow+2","sneckomod:UnknownRareAttack+1","sneckomod:QuickBite+1","Guardian:TemporalStrike+1","expansioncontent:Chronoboost+1","sneckomod:UnknownClassEV_BLUE_COLOR+1","expansioncontent:PrepareCrush+1","sneckomod:ImprovisedGuard","sneckomod:UnknownUncommonSkill","sneckomod:DangerNoodle+1","sneckomod:RainOfDice+1","sneckomod:RainOfDice+1","sneckomod:DiceBlock","sneckomod:DiceCrush+1","Bandage Up","expansioncontent:QuickStudy+1","Blind+1","sneckomod:UnknownExhaust","sneckomod:RainOfDice+1","sneckomod:UnknownVulnerable","sneckomod:SlitherStrike","sneckomod:MasterEye","sneckomod:CheapStock+1","sneckomod:UnknownUncommonSkill","sneckomod:UnknownClassSILVER","sneckomod:SerpentIdol+1","sneckomod:QuickMove","sneckomod:UnknownRareAttack","sneckomod:ImprovisedAttack","sneckomod:UnknownUncommonPower","sneckomod:IronFang","sneckomod:Unknown","sneckomod:Unknown+1","sneckomod:SnekBite+1","sneckomod:TailWhip+1","Heavy Blade+1"],"relics":["sneckomod:SneckoSoul","CaptainsWheel","aspiration:DSix","halation:LostSnail","CCEMRelics:JestersCrown","aspiration:ArtOfWarUpgrade","ClockworkSouvenir","hubris:DeckOfHolding","conspire:TopHat","TheAbacus","Gremlin Horn","Whetstone","aspiration:Lifesprig","Letter Opener","hubris:CuriousFeather","Strawberry","Nunchaku","halation:Diary","Molten Egg 2","CCEMRelics:Barrel","CCEMRelics:TinyMinotavrHorn","Busted Crown","WarpedTongs","CCEMRelics:CocoNut","CCEMRelics:FestiveHat","conspire:DeflatedDodgeball","Singing Bowl","downfall:HeartBlessingBlue","Regal Pillow","halation:LettersToHer","CCEMRelics:OverlyComfyChair","aspiration:IroncladSkillbook","downfall:HeartBlessingGreen","White Beast Statue","sneckomod:ConfusingCodex","downfall:HeartBlessingRed","sneckomod:LoadedDie","halation:Komachan","MealTicket","Chemical X","Centennial Puzzle","aspiration:ChemicalBlood","halation:TwoAmDonut","hubris:BottledRain","MerchantsRug","halation:AfternoonTea","Orichalcum","Frozen Eye","Toy Ornithopter","Medical Kit"],"acts_visited":["Exordium","TheCity","TheBeyond","TheEnding"],"potions_floor_usage":[16,16,23,33,50,52,57],"damage_taken":[{"damage":0,"enemies":"downfall:FleeingMerchant","floor":2,"turns":4},{"damage":19,"enemies":"3 Sentries","floor":3,"turns":9},{"damage":0,"enemies":"Cultist","floor":4,"turns":4},{"damage":2,"enemies":"2 Louse","floor":5,"turns":2},{"damage":5,"enemies":"downfall:FleeingMerchant","floor":6,"turns":4},{"damage":2,"enemies":"conspire:RoseBush","floor":8,"turns":3},{"damage":6,"enemies":"Gremlin Nob","floor":10,"turns":4},{"damage":6,"enemies":"downfall:FleeingMerchant","floor":11,"turns":4},{"damage":10,"enemies":"downfall:FleeingMerchant","floor":12,"turns":4},{"damage":3,"enemies":"Large Slime","floor":13,"turns":2},{"damage":0,"enemies":"3 Louse","floor":14,"turns":2},{"damage":2,"enemies":"Exordium Thugs","floor":15,"turns":2},{"damage":7,"enemies":"The Guardian","floor":16,"turns":5},{"damage":9,"enemies":"3 Byrds","floor":21,"turns":3},{"damage":28,"enemies":"conspire:FuzzyDice","floor":22,"turns":3},{"damage":16,"enemies":"downfall:FleeingMerchant","floor":23,"turns":3},{"damage":0,"enemies":"3 Cultists","floor":26,"turns":3},{"damage":7,"enemies":"conspire:Head Lice","floor":27,"turns":3},{"damage":6,"enemies":"Sentry and Sphere","floor":28,"turns":4},{"damage":2,"enemies":"Shelled Parasite and Fungi","floor":29,"turns":3},{"damage":6,"enemies":"conspire:HollyBat","floor":32,"turns":6},{"damage":39,"enemies":"downfall:Silent","floor":33,"turns":8},{"damage":0,"enemies":"3 Shapes","floor":42,"turns":1},{"damage":0,"enemies":"Nemesis","floor":43,"turns":3},{"damage":0,"enemies":"3 Darklings","floor":46,"turns":3},{"damage":6,"enemies":"Writhing Mass","floor":47,"turns":2},{"damage":7,"enemies":"Jaw Worm Horde","floor":48,"turns":2},{"damage":16,"enemies":"Spire Growth","floor":49,"turns":3},{"damage":0,"enemies":"downfall:Watcher","floor":50,"turns":4},{"damage":12,"enemies":"downfall:CharBossMerchant","floor":52,"turns":6},{"damage":43,"enemies":"downfall:CharBossMerchant","floor":54,"turns":6},{"damage":17,"enemies":"downfall:NeowBoss","floor":57,"turns":16}],"seed_played":"5405729160455058762","potions_obtained":[{"floor":5,"key":"Ancient Potion"},{"floor":22,"key":"sneckomod:OffclassReductionPotion"},{"floor":52,"key":"DuplicationPotion"}],"is_trial":false,"path_per_floor":["R","$","E","M","M","$","T","M","R","E","$","$","M","M","M","B",null,"R","?","?","M","M","$","T","R","M","E","M","M","?","$","M","B",null,"R","$","?","R","?","$","T","M","E","R","$","M","M","M","M","B",null,"E","$","E","$","R","B",null],"character_chosen":"THE_SNECKO","items_purchased":["sneckomod:UnknownUncommonPower","CaptainsWheel","sneckomod:ImprovisedAttack","sneckomod:UnknownRareAttack","aspiration:DSix","halation:LostSnail","CCEMRelics:JestersCrown","Art of War","ClockworkSouvenir","sneckomod:QuickMove","DistilledChaos","conspire:TopHat","TheAbacus","Gremlin Horn","sneckomod:MasterEye","sneckomod:SlitherStrike","Whetstone","CultistPotion","hubris:CuriousFeather","Strawberry","Nunchaku","halation:Diary","Blind","sneckomod:DiceRollPotion","expansioncontent:QuickStudy","hubris:Spice","Bandage Up","Molten Egg 2","CCEMRelics:Barrel","CCEMRelics:TinyMinotavrHorn","sneckomod:DiceCrush+1","CCEMRelics:CocoNut","CCEMRelics:FestiveHat","conspire:DeflatedDodgeball","Singing Bowl","hubris:Spice","EssenceOfSteel","sneckomod:ImprovisedGuard","halation:LettersToHer","CCEMRelics:OverlyComfyChair","sneckomod:QuickBite+1","White Beast Statue","sneckomod:ConfusingCodex","DuplicationPotion","Searing Blow+1","expansioncontent:DashGenerateEvil+1","sneckomod:LoadedDie","halation:Komachan","MealTicket","hubris:Spice","Chemical X","aspiration:ChemicalBlood","halation:TwoAmDonut","hubris:BottledRain","MerchantsRug","sneckomod:DiceBoulder+1","Rupture","Thunderclap+1","Swift Strike+1","aspiration:FetidBarrel","CCEMRelics:WarHorn","halation:Convergence","Orichalcum","Frozen Eye","Toy Ornithopter","Medical Kit"],"campfire_rested":0,"item_purchase_floors":[2,2,2,2,2,2,2,2,2,2,2,6,6,6,6,6,6,6,11,11,11,11,11,11,11,12,12,12,12,12,12,23,23,23,23,23,23,23,31,31,31,36,36,36,36,36,40,40,40,40,40,45,45,45,45,45,45,45,53,53,53,53,55,55,55,55],"current_hp_per_floor":[90,92,73,74,73,68,68,67,67,61,63,68,65,69,67,64,111,111,111,103,100,103,105,105,115,121,125,129,144,144,144,141,108,148,148,148,148,148,148,140,140,142,144,144,144,146,144,143,139,143,150,142,130,99,114,114,110],"gold":659,"neow_bonus":"HUNDRED_GOLD","is_daily":false,"chose_seed":false,"campfire_upgraded":5,"win_rate":0.0,"timestamp":1608450950,"path_taken":["R","?","E","M","M","$","T","M","R","E","$","$","M","M","M","BOSS","R","?","?","M","M","$","T","R","?","E","M","?","?","$","M","BOSS","R","$","?","R","?","$","T","M","E","R","?","M","M","M","M","BOSS","E","$","E","$","R","BOSS"],"items_purchased_type":["Card","Relic","Card","Card","Relic","Relic","Relic","Relic","Relic","Card","Potion","Relic","Relic","Relic","Card","Card","Relic","Potion","Relic","Relic","Relic","Relic","Card","Potion","Card","Relic","Card","Relic","Relic","Relic","Card","Relic","Relic","Relic","Relic","Relic","Potion","Card","Relic","Relic","Card","Relic","Relic","Potion","Card","Card","Relic","Relic","Relic","Relic","Relic","Relic","Relic","Relic","Relic","Card","Card","Card","Card","Relic","Relic","Relic","Relic","Relic","Relic","Relic"],"build_version":"2020-12-13","purchased_purges":9,"victory":true,"max_hp_per_floor":[90,92,92,93,94,94,94,95,95,95,103,111,111,111,111,111,111,111,111,111,111,111,125,125,135,137,140,142,144,144,144,147,148,148,148,148,148,148,148,140,140,142,144,144,144,146,146,148,150,150,150,150,130,130,130,130,130],"card_choices":[{"not_picked":["sneckomod:Nope","sneckomod:SoulDraw"],"picked":"sneckomod:IronFang","floor":2},{"not_picked":["sneckomod:Mudshield","sneckomod:SoulRoll"],"picked":"sneckomod:SerpentIdol","floor":3},{"not_picked":["sneckomod:SoulRoll","sneckomod:Nope"],"picked":"sneckomod:UnknownClassSILVER","floor":4},{"not_picked":["sneckomod:SoulDraw","sneckomod:UnknownBlock"],"picked":"sneckomod:UnknownUncommonSkill","floor":5},{"not_picked":["sneckomod:UnknownClassHEXA_GHOST_PURPLE","sneckomod:Unknown1Cost"],"picked":"sneckomod:CheapStock","floor":6},{"not_picked":["sneckomod:SoulDraw","sneckomod:UnknownCommonSkill"],"picked":"sneckomod:UnknownVulnerable","floor":8},{"not_picked":["sneckomod:UnknownWeak","sneckomod:SnakeSap"],"picked":"sneckomod:RainOfDice","floor":10},{"not_picked":["sneckomod:UnknownUncommonSkill","sneckomod:UnknownStrike"],"picked":"sneckomod:UnknownExhaust","floor":11},{"not_picked":["sneckomod:Nope","sneckomod:QuickMove","sneckomod:UnknownCommonAttack"],"picked":"SKIP","floor":12},{"not_picked":["sneckomod:UnknownCommonSkill","sneckomod:Unknown3Cost"],"picked":"sneckomod:DiceBlock","floor":13},{"not_picked":["sneckomod:DiceCrush+1","sneckomod:SoulRoll"],"picked":"sneckomod:RainOfDice+1","floor":14},{"not_picked":["sneckomod:UnknownCommonAttack+1","sneckomod:DiceCrush+1"],"picked":"sneckomod:RainOfDice+1","floor":15},{"not_picked":["sneckomod:SoulExchange","sneckomod:UnknownRareAttack+1"],"picked":"sneckomod:DangerNoodle+1","floor":16},{"not_picked":["sneckomod:QuickMove"],"picked":"SKIP","floor":21},{"not_picked":["sneckomod:Nope"],"picked":"SKIP","floor":22},{"not_picked":[],"picked":"sneckomod:UnknownUncommonSkill","floor":23},{"not_picked":[],"picked":"expansioncontent:PrepareCrush+1","floor":26},{"not_picked":["sneckomod:UnknownStrike+1"],"picked":"Singing Bowl","floor":26},{"not_picked":["Impatience+1"],"picked":"Singing Bowl","floor":27},{"not_picked":[],"picked":"sneckomod:UnknownClassEV_BLUE_COLOR+1","floor":27},{"not_picked":[],"picked":"expansioncontent:Chronoboost+1","floor":28},{"not_picked":["sneckomod:UnknownWeak"],"picked":"Singing Bowl","floor":28},{"not_picked":["sneckomod:Unknown1Cost"],"picked":"Singing Bowl","floor":29},{"not_picked":["sneckomod:UnknownClassEV_BLUE_COLOR"],"picked":"Singing Bowl","floor":32},{"not_picked":[],"picked":"sneckomod:UnknownRareAttack+1","floor":33},{"not_picked":["Entrench","sneckomod:SnekBeam+1"],"picked":"Singing Bowl","floor":42},{"not_picked":["Dual Wield+1","hubris:SpiceAddiction"],"picked":"Singing Bowl","floor":43},{"not_picked":["Sword Boomerang+1","Warcry"],"picked":"Singing Bowl","floor":46},{"not_picked":["Cleave+1"],"picked":"Infernal Blade","floor":47},{"not_picked":["Anger+1","Battle Trance"],"picked":"Singing Bowl","floor":48},{"not_picked":["Cleave+1","True Grit"],"picked":"Singing Bowl","floor":49},{"not_picked":["sneckomod:TrashToTreasure"],"picked":"Dropkick+1","floor":52},{"not_picked":["sneckomod:UnknownWeak"],"picked":"Heavy Blade+1","floor":54}],"player_experience":541396,"relics_obtained":[{"floor":3,"key":"hubris:DeckOfHolding"},{"floor":7,"key":"aspiration:Lifesprig"},{"floor":10,"key":"Letter Opener"},{"floor":27,"key":"Regal Pillow"},{"floor":41,"key":"halation:LettersToHer"},{"floor":43,"key":"Centennial Puzzle"},{"floor":52,"key":"CCEMRelics:DissonantTune"},{"floor":54,"key":"halation:AfternoonTea"}],"event_choices":[{"damage_healed":0,"gold_gain":0,"player_choice":"Rummage","damage_taken":0,"relics_obtained":["WarpedTongs"],"max_hp_gain":0,"max_hp_loss":0,"event_name":"Accursed Blacksmith","floor":19,"gold_loss":0,"cards_obtained":["Pain"]}],"is_beta":false,"boss_relics":[{"not_picked":["Runic Dome","hubris:GrandSneckoEye"],"picked":"Busted Crown"},{"not_picked":["hubris:Spice","hubris:Spice"],"picked":"aspiration:IroncladSkillbook"}],"items_purged_floors":[2,6,11,12,23,31,36,40,45],"is_endless":false,"potions_floor_spawned":[5,8,13,14,15,22,26,28,32,42,43,46,47,48,49,52,54],"ascension_level":0}}