{"host":"373g0ui1bgeshz9m","time":1608440941,"event":{"mods":["Act Like it!","Aspiration","BaseMod","Beaked The Cultist","Better Third Choice","Colored Map","Conspire","Downfall","Halation","Hermit","Hubris","Infinite Spire","Jorbs\u0027s Wanderer Trilogy","Minty Spire (QoL Compilation)","Pale of the Ancients","Permanent Neow","Quick Restart","Replay The Spire","Shade Mod","Shop Mod","Spikes Relics","StSLib","The Animator","The Bladedancer","The Bug Knight","The Construct","The Cursed","The Factory","The Florist","The Judge","The Jungle","The Necromancer","The Sage","The Wild Card","Trackpad","vexMod"],"gold_per_floor":[112,112,132,132,132,132,146,160,183,197,207,222,222,240,240,335,335,346,346,357,368,113,113,125,150,232,232,232],"floor_reached":27,"playtime":1376,"items_purged":[],"score":229,"play_id":"92042de1-fee8-4fa9-b5fa-4e75cacbc618","local_time":"20201220000901","is_ascension_mode":false,"campfire_choices":[{"floor":6,"key":"RECALL"},{"floor":15,"key":"REST"},{"floor":23,"key":"REST"}],"circlet_count":0,"master_deck":["Strike_B","Strike_B","Strike_B+1","Strike_B","Defend_B","Defend_B","Defend_B","Zap","Dualcast","All For One","Chaos","Conserve Battery","Rebound","Beam Cell","Streamline+1","BootSequence+1","Go for the Eyes","Defragment","expansioncontent:DashGenerateEvil","Ball Lightning+1","Barrage"],"relics":["Cracked Core","halation:EternalFortune","Regal Pillow","AncientExoskeleton","Lantern","Molten Egg 2"],"acts_visited":["Exordium","TheCity"],"potions_floor_usage":[27],"damage_taken":[{"damage":1,"enemies":"Cultist","floor":1,"turns":3},{"damage":2,"enemies":"Small Slimes","floor":3,"turns":2},{"damage":0,"enemies":"2 Louse","floor":7,"turns":2},{"damage":12,"enemies":"Exordium Thugs","floor":8,"turns":5},{"damage":9,"enemies":"Lots of Slimes","floor":10,"turns":4},{"damage":4,"enemies":"2 Fungi Beasts","floor":11,"turns":3},{"damage":11,"enemies":"Gremlin Gang","floor":12,"turns":4},{"damage":7,"enemies":"3 Louse","floor":14,"turns":3},{"damage":66,"enemies":"The Guardian","floor":16,"turns":12},{"damage":0,"enemies":"Chosen","floor":18,"turns":4},{"damage":14,"enemies":"Spheric Guardian","floor":20,"turns":4},{"damage":9,"enemies":"Centurion and Healer","floor":21,"turns":6},{"damage":14,"enemies":"Sentry and Sphere","floor":24,"turns":4},{"damage":18,"enemies":"Nightmare","floor":25,"turns":8},{"damage":57,"enemies":"Gremlin Leader","floor":27,"turns":5}],"seed_played":"4023363894691673923","potions_obtained":[{"floor":1,"key":"Reflective Coating"},{"floor":8,"key":"SpeedPotion"},{"floor":12,"key":"FocusPotion"}],"is_trial":false,"path_per_floor":["M","?","M","?","?","R","M","M","T","M","M","M","?","M","R","B",null,"M","AVR","M","M","$","R","M","NM","T","E"],"character_chosen":"DEFECT","items_purchased":["Defragment","expansioncontent:DashGenerateEvil"],"campfire_rested":2,"item_purchase_floors":[22,22],"current_hp_per_floor":[74,74,72,75,75,75,75,66,66,57,53,42,42,35,74,8,81,81,81,70,61,61,84,70,52,52,0,0],"gold":232,"neow_bonus":"TRANSFORM_CARD","is_daily":false,"chose_seed":false,"campfire_upgraded":0,"win_rate":0.0,"timestamp":1608440941,"path_taken":["M","?","M","?","?","R","M","?","T","?","M","M","?","M","R","BOSS","M","AVR","?","M","$","R","M","NM","T","E"],"items_purchased_type":["Card","Card"],"build_version":"2020-12-13","purchased_purges":0,"victory":false,"max_hp_per_floor":[75,75,75,78,78,78,78,81,81,81,81,81,81,81,81,81,81,81,81,84,84,84,84,84,84,84,84,84],"card_choices":[{"not_picked":["Stack","Redo","Hello World"],"picked":"SKIP","floor":1},{"not_picked":["Steam","Double Energy"],"picked":"Chaos","floor":3},{"not_picked":["ReplayTheSpireMod:GoodbyeWorld","Rebound"],"picked":"Conserve Battery","floor":7},{"not_picked":["Panic Button","Conserve Battery"],"picked":"Rebound","floor":8},{"not_picked":["Panic Button","Fusion"],"picked":"Beam Cell","floor":10},{"not_picked":["Rebound","Turbo"],"picked":"Streamline","floor":11},{"not_picked":["conspire:SharedLibrary","Beam Cell","ReplayTheSpireMod:GoodbyeWorld"],"picked":"SKIP","floor":12},{"not_picked":["conspire:SharedLibrary","Sunder","Beam Cell"],"picked":"SKIP","floor":14},{"not_picked":["Steam","Stack+1"],"picked":"BootSequence+1","floor":18},{"not_picked":["Hologram","Turbo"],"picked":"Go for the Eyes","floor":20},{"not_picked":["Conserve Battery+1","Rebound","Steam"],"picked":"SKIP","floor":21},{"not_picked":["ReplayGash","Biased Cognition"],"picked":"Ball Lightning+1","floor":24},{"not_picked":["Go for the Eyes+1","Stack+1"],"picked":"Barrage","floor":25}],"player_experience":119947,"relics_obtained":[{"floor":8,"key":"halation:EternalFortune"},{"floor":9,"key":"Regal Pillow"},{"floor":20,"key":"halation:EternalFortune"},{"floor":25,"key":"Lantern"},{"floor":26,"key":"Molten Egg 2"}],"event_choices":[{"damage_healed":0,"gold_gain":0,"player_choice":"Bought 0 Potions","damage_taken":0,"max_hp_gain":0,"max_hp_loss":0,"event_name":"The Woman in Blue","floor":5,"gold_loss":0},{"damage_healed":0,"gold_gain":0,"player_choice":"Forge","damage_taken":0,"max_hp_gain":0,"max_hp_loss":0,"event_name":"Accursed Blacksmith","floor":13,"gold_loss":0,"cards_upgraded":["Streamline"]}],"is_beta":false,"boss_relics":[{"not_picked":["Runic Dome","Replay:Fungal Core"],"picked":"AncientExoskeleton"}],"items_purged_floors":[],"is_endless":false,"potions_floor_spawned":[1,8,12,16,20,24,25],"killed_by":"Gremlin Leader","ascension_level":0}}