{"host":"4a6fro0of1ie0h2w","time":1608455241,"event":{"mods":["Aspiration","BaseMod","CCEM","Colored Map","Conspire","Downfall","GifTheSpireLib","Halation","Highlight Path","Hubris","Infinite Spire","Marisa????????","Minty Spire (QoL Compilation)","Permanent Neow","Replay The Spire","StSLib","Stuff the Spire","The Servant 0.9.4"],"gold_per_floor":[99,125,125,152,152,182,237,162,197,197,214,9,109,122,137,240,540,540,552,552,571,496,530,530,560,560,586,686,700,762,782,798,897,997,922,972,1024,728,805,805,805,843,943,943,1154,1111,1243,1370,1475,1579,1579,1705,1010,1010,1325],"floor_reached":56,"playtime":3639,"items_purged":["champ:Strike","Slimebound:Icky","Replay:Sluggish","Injury"],"score":2381,"play_id":"9af515d7-f294-4d00-be27-f83f767ccfce","local_time":"20201220110721","is_ascension_mode":true,"campfire_choices":[{"data":"champ:Taunt","floor":1.0,"key":"SMITH"},{"data":"champ:Aggression","floor":8.0,"key":"SMITH"},{"floor":10.0,"key":"REST"},{"floor":20.0,"key":"RECALL"},{"data":"champ:Improvising","floor":22.0,"key":"SMITH"},{"data":"champ:BerserkerStyle","floor":35,"key":"SMITH"},{"data":"champ:EnchantSword","floor":35,"key":"SMITH"},{"data":"champ:BerserkerStyle","floor":40,"key":"SMITH"},{"data":"champ:EndlessRage","floor":40,"key":"SMITH"},{"data":"champ:Encircle","floor":44,"key":"SMITH"},{"data":"champ:Devastate","floor":44,"key":"SMITH"},{"data":"champ:VampiricStrike","floor":54,"key":"SMITH"},{"data":"champ:AdrenalArmor","floor":54,"key":"SMITH"}],"circlet_count":0,"master_deck":["champ:Strike","champ:Strike","champ:Defend","champ:Defend","champ:Defend","champ:Execute","champ:Taunt+1","champ:VampiricStrike+1","champ:Aggression+1","champ:PerfectedStrike","ReplayTheSpireMod:Private Reserves+1","champ:EndlessRage+1","expansioncontent:LastStand+1","conspire:Banana+1","champ:Improvising+1","champ:BerserkerStyle+1","champ:AdrenalArmor+1","champ:BerserkersShout","champ:Devastate+1","champ:ShieldSigil","champ:Encircle+1","champ:AdrenalArmor","champ:AdrenalArmor","champ:Encircle+1","champ:EnchantSword+1","CurseOfTheBell","champ:Aggression+1","champ:BerserkerStyle+1","champ:RecklessLeap+1"],"relics":["champ:ChampionCrown","aspiration:StickyExplosives_weak","hubris:Icosahedron","CCEMRelics:FestiveHat","hubris:TinFlute","downfall:HeartBlessingBlue","Replay:Rubber Ducky","Replay:Ancient Bell","halation:PromiseList","Mummified Hand","Old Coin","downfall:HeartBlessingRed","hubris:PeanutButter","CCEMRelics:TechnogenicHelmet","aspiration:Lifesprig","Potion Belt","downfall:CloakOfManyFaces","CultistMask","FaceOfCleric","NlothsMask","GremlinMask","SsserpentHead","Replay:Grab Bag","StuffTheSpire:RunicConfusion","Replay:Wanted Poster","Calling Bell","halation:PinkAlligatorPlush","halation:IllGainedPizza","infinitespire:Midas Blood","Replay:Arrowhead","downfall:HeartBlessingGreen","halation:PinkSoulGem","Frozen Eye","Molten Egg 2","White Beast Statue","hubris:TenFootPole","infinitespire:Beetle Shell","Bag of Marbles","infinitespire:WardingShard","Pen Nib","Toolbox"],"acts_visited":[],"potions_floor_usage":[46,46,55,55,55,55,55],"damage_taken":[{"damage":46.0,"enemies":"Gremlin Nob","floor":2.0,"turns":5.0},{"damage":45.0,"enemies":"3 Sentries","floor":4.0,"turns":6.0},{"damage":31.0,"enemies":"Lagavulin","floor":6.0,"turns":4.0},{"damage":59.0,"enemies":"Gremlin Nob","floor":9.0,"turns":4.0},{"damage":7.0,"enemies":"Jaw Worm","floor":11.0,"turns":3.0},{"damage":28.0,"enemies":"downfall:FleeingMerchant","floor":12.0,"turns":4.0},{"damage":25.0,"enemies":"Cultist","floor":14.0,"turns":4.0},{"damage":53.0,"enemies":"2 Louse","floor":15.0,"turns":6.0},{"damage":94.0,"enemies":"downfall:Watcher","floor":16.0,"turns":7.0},{"damage":64.0,"enemies":"Shell Parasite","floor":19.0,"turns":7.0},{"damage":36.0,"enemies":"Spheric Guardian","floor":21.0,"turns":3.0},{"damage":84.0,"enemies":"Gremlin Leader","floor":23.0,"turns":6.0},{"damage":65.0,"enemies":"Book of Stabbing","floor":25.0,"turns":4.0},{"damage":55.0,"enemies":"conspire:SneckoGhost","floor":27.0,"turns":7.0},{"damage":54,"enemies":"downfall:FaceTrader","floor":28,"turns":6},{"damage":27,"enemies":"Snake Plant","floor":29,"turns":4},{"damage":43,"enemies":"Sentry and Sphere","floor":30,"turns":5},{"damage":27,"enemies":"Snecko","floor":31,"turns":5},{"damage":21,"enemies":"Shelled Parasite and Fungi","floor":32,"turns":3},{"damage":81,"enemies":"downfall:Ironclad","floor":33,"turns":8},{"damage":21,"enemies":"downfall:FleeingMerchant","floor":38,"turns":4},{"damage":53,"enemies":"Orb Walker","floor":39,"turns":4},{"damage":13,"enemies":"3 Shapes","floor":42,"turns":3},{"damage":68,"enemies":"R_Hoarder","floor":43,"turns":6},{"damage":67,"enemies":"downfall:LadyInBlue","floor":45,"turns":5},{"damage":45,"enemies":"downfall:FleeingMerchant","floor":46,"turns":4},{"damage":105,"enemies":"Spire Growth","floor":47,"turns":7},{"damage":54,"enemies":"3 Darklings","floor":48,"turns":4},{"damage":93,"enemies":"Jaw Worm Horde","floor":49,"turns":4},{"damage":123,"enemies":"downfall:Silent","floor":50,"turns":5},{"damage":135,"enemies":"downfall:CharBossMerchant","floor":52,"turns":5},{"damage":276,"enemies":"downfall:NeowBoss","floor":55,"turns":18}],"seed_played":"7966405039930236902","potions_obtained":[{"floor":9.0,"key":"BlessingOfTheForge"},{"floor":11.0,"key":"SpeedPotion"},{"floor":16.0,"key":"Flashbang"},{"floor":28,"key":"Languid Potion"},{"floor":29,"key":"Death Potion"},{"floor":31,"key":"DistilledChaos"},{"floor":46,"key":"Swift Potion"},{"floor":47,"key":"FearPotion"},{"floor":49,"key":"DuplicationPotion"},{"floor":52,"key":"Adrenaline Potion"}],"is_trial":false,"path_per_floor":["R","E","?","E","?","E","T","R","E","R","M","$","?","M","M","B",null,"R_BF","M","R","M","R","E","T","E","?","E","?","M","M","M","M","B",null,"R","?","?","$","M","R","T","M","E","R","?","$","M","M","M","B",null,"E","$","R","B",null],"character_chosen":"THE_CHAMP","items_purchased":["champ:BerserkerStyle","champ:AdrenalArmor","Frozen Eye","champ:BerserkerStyle","hubris:TenFootPole","infinitespire:Beetle Shell","infinitespire:WardingShard","Pen Nib","Toolbox"],"campfire_rested":1,"item_purchase_floors":[12,12,38,38,46,46,53,53,53],"current_hp_per_floor":[90,68,68,46,46,34,34,44,25,55,64,85,85,104,111,105,113,113,106,106,117,117,119,119,114,114,121,123,116,116,130,133,135,136,136,136,116,139,140,140,140,141,144,144,137,148,151,154,148,137,160,125,125,125,166],"gold":1325,"neow_bonus":"ONE_RANDOM_RARE_CARD","is_daily":false,"chose_seed":false,"campfire_upgraded":11,"win_rate":0.0,"timestamp":1608455241,"path_taken":["R","E","?","E","?","E","T","R","E","R","?","$","?","M","M","BOSS","R_BF","M","R","M","R","E","T","E","?","E","?","M","?","M","M","BOSS","R","?","?","$","M","R","T","M","E","R","?","$","M","?","M","BOSS","E","$","R","BOSS"],"items_purchased_type":["Card","Card","Relic","Card","Relic","Relic","Relic","Relic","Relic"],"build_version":"2020-12-13","purchased_purges":4,"victory":true,"max_hp_per_floor":[90,90,90,90,90,90,90,100,100,100,100,102,102,104,111,113,113,113,115,115,117,117,119,119,119,119,121,123,124,127,130,133,136,136,136,136,136,139,140,140,140,141,144,144,147,148,151,154,157,160,160,163,163,163,166],"card_choices":[{"not_picked":["champ:BringItOn","champ:SwordSigil"],"picked":"champ:FightOn","floor":2.0},{"not_picked":["champ:Lariat","champ:Riposte"],"picked":"champ:Aggression","floor":4.0},{"not_picked":["ReplayTheSpireMod:Trickstab+1","Crow Ritual+1"],"picked":"ReplayTheSpireMod:Private Reserves+1","floor":6.0},{"not_picked":["champ:StanceDance","champ:RisingSlash"],"picked":"champ:EndlessRage","floor":6.0},{"not_picked":["Replay:SS_forest_2+1","expansioncontent:CaCaw+1"],"picked":"expansioncontent:LastStand+1","floor":9.0},{"not_picked":["champ:CrookedStrike","champ:BringItOn","champ:PerfectedStrike"],"picked":"SKIP","floor":9.0},{"not_picked":["ReplayTheSpireMod:Private Reserves+1","StuffTheSpire:PlasmaPulse+1"],"picked":"conspire:Banana+1","floor":11.0},{"not_picked":["champ:FaceSlap","champ:Circumvent","champ:BringItOn"],"picked":"SKIP","floor":11.0},{"not_picked":["champ:TornadoPunch","champ:CheapShot"],"picked":"champ:Improvising","floor":12.0},{"not_picked":["champ:PerfectedStrike","champ:GladiatorsShout","champ:DefensiveShout"],"picked":"SKIP","floor":14.0},{"not_picked":["champ:FocusedBerserking","champ:EnGarde"],"picked":"champ:BerserkersShout","floor":15.0},{"not_picked":["champ:PerfectForm","champ:ShieldThrow"],"picked":"champ:Devastate","floor":16.0},{"not_picked":["hexamod:Haunted","Delirium"],"picked":"Injury","floor":17.0},{"not_picked":["CurseOfTheBell","sneckomod:Bewildered"],"picked":"Slimebound:Icky","floor":17.0},{"not_picked":["sneckomod:Bewildered","Shame"],"picked":"Replay:Sluggish","floor":17.0},{"not_picked":["champ:Circumvent","champ:FocusedGladiator"],"picked":"champ:Encircle+1","floor":19.0},{"not_picked":["champ:FocusedBerserking","champ:ShieldSlam"],"picked":"champ:AdrenalArmor","floor":21.0},{"not_picked":["champ:FlashCut","champ:RapidStrikes","champ:PerfectedStrike"],"picked":"SKIP","floor":23.0},{"not_picked":["champ:PerfectForm","champ:EnragedBash","champ:BerserkersShout"],"picked":"SKIP","floor":25.0},{"not_picked":["champ:StanceDance","champ:SwordSigil+1"],"picked":"champ:AdrenalArmor","floor":27},{"not_picked":["champ:GladiatorStyle","champ:ViciousMockery+1","champ:FlashCut"],"picked":"SKIP","floor":29},{"not_picked":["champ:StanceDance+1","champ:Haymaker","champ:BerserkersShout"],"picked":"SKIP","floor":30},{"not_picked":["champ:BladeFlurry","champ:RapidStrikes","champ:GladiatorsShout+1"],"picked":"SKIP","floor":31},{"not_picked":["champ:Lariat","champ:StanceDance+1"],"picked":"champ:Encircle","floor":32},{"not_picked":["champ:CheapShot","champ:PerfectForm"],"picked":"champ:EnchantSword","floor":33},{"not_picked":["champ:FocusedBerserking+1","champ:GutPunch+1"],"picked":"champ:Aggression+1","floor":38},{"not_picked":["champ:EnGarde+1","champ:StanceDance+1","champ:TornadoPunch"],"picked":"SKIP","floor":39},{"not_picked":["champ:FanOfKnives","champ:ShieldSigil","champ:StanceDance"],"picked":"SKIP","floor":42},{"not_picked":["champ:Riposte+1","champ:SwordSigil","champ:HeartStrike+1"],"picked":"SKIP","floor":43},{"not_picked":["champ:FanOfKnives+1","champ:StanceDance+1","champ:BerserkersShout"],"picked":"SKIP","floor":46},{"not_picked":["champ:ShieldWall","champ:FlashCut+1","champ:BerserkersShout+1"],"picked":"SKIP","floor":47},{"not_picked":["champ:PreciseThrust+1","champ:GladiatorStyle"],"picked":"champ:RecklessLeap+1","floor":48},{"not_picked":["champ:DefensiveShout","champ:Encircle+1","champ:CrookedStrike+1"],"picked":"SKIP","floor":49},{"not_picked":["champ:BladeFlurry+1","champ:EnragedBash+1","champ:PerfectedStrike+1"],"picked":"SKIP","floor":52}],"player_experience":202160,"relics_obtained":[{"floor":2.0,"key":"aspiration:StickyExplosives_weak"},{"floor":4.0,"key":"CCEMRelics:FestiveHat"},{"floor":6.0,"key":"hubris:TinFlute"},{"floor":9.0,"key":"Replay:Rubber Ducky"},{"floor":23.0,"key":"hubris:PeanutButter"},{"floor":24.0,"key":"CCEMRelics:TechnogenicHelmet"},{"floor":25.0,"key":"aspiration:Lifesprig"},{"floor":27,"key":"Potion Belt"},{"floor":28,"key":"downfall:CloakOfManyFaces"},{"floor":34,"key":"halation:IllGainedPizza"},{"floor":34,"key":"infinitespire:Midas Blood"},{"floor":34,"key":"Replay:Arrowhead"},{"floor":43,"key":"Molten Egg 2"},{"floor":45,"key":"White Beast Statue"},{"floor":52,"key":"Bag of Marbles"}],"event_choices":[{"damage_healed":0.0,"max_hp_gain":0.0,"max_hp_loss":0.0,"gold_gain":0.0,"cards_transformed":["champ:Strike"],"event_name":"Transmorgrifier","player_choice":"Transformed","floor":5.0,"gold_loss":0.0,"damage_taken":0.0,"cards_obtained":["champ:PerfectedStrike"]},{"damage_healed":0.0,"max_hp_gain":0.0,"max_hp_loss":0.0,"gold_gain":0.0,"event_name":"Ghosts","player_choice":"Ignored","floor":26.0,"gold_loss":0.0,"damage_taken":0.0}],"is_beta":false,"boss_relics":[{"not_picked":["hubris:GrandSneckoEye","Kintsugi"],"picked":"Replay:Ancient Bell"},{"not_picked":["Vajra","Oddly Smooth Stone"],"picked":"halation:PromiseList"},{"not_picked":["halation:SelfBoilingWater","CCEMRelics:TinyMinotavrHorn"],"picked":"Mummified Hand"},{"not_picked":["aspiration:DSix","hubris:GlazedTorus"],"picked":"Old Coin"},{"not_picked":["SacredBark","hubris:TerracottaHorce"],"picked":"Replay:Grab Bag"},{"not_picked":["infinitespire:Cupcake","aspiration:FutureDiary"],"picked":"StuffTheSpire:RunicConfusion"},{"not_picked":["ReplayTheSpireMod:Onyx Gauntlets","halation:SmartPhone"],"picked":"Replay:Wanted Poster"},{"not_picked":["halation:HeavySnake","hubris:BlackHole"],"picked":"Calling Bell"},{"not_picked":["Replay:Drink Me","Astrolabe"],"picked":"halation:PinkAlligatorPlush"}],"items_purged_floors":[12,38,46,53],"is_endless":false,"potions_floor_spawned":[9,11,16,25,28,29,31,32,33,43,46,47,48,49,52],"ascension_level":1}}