{"host":"4qkvkh7pd9qr2mca","time":1608423569,"event":{"mods":["AchievementEnabler","BaseMod","Colored Map","Colored Powertips","Highlight Path","Minty Spire (QoL Compilation)","Permanent Neow","Quick Restart","StSLib","SuperFastMode"],"gold_per_floor":[116,131,131,151,151,151,176,176,200,231,231,245,270,270,270,345,345,364,381,393,73,73,73,108,108,159,175,185,185,210,23,23,96,96,111,157,33,33,33,60,88,100,158,181,220,244,12,26,26,26,26],"floor_reached":52,"playtime":2745,"items_purged":[],"score":2186,"play_id":"dfd238b1-1b13-4d23-bdfe-b087334e1c7a","local_time":"20201220011929","is_ascension_mode":true,"campfire_choices":[{"data":"Zap","floor":6.0,"key":"SMITH"},{"floor":8.0,"key":"REST"},{"data":"Darkness","floor":15.0,"key":"SMITH"},{"data":"Barrage","floor":23.0,"key":"SMITH"},{"data":"Turbo","floor":25.0,"key":"SMITH"},{"data":"Hologram","floor":29,"key":"SMITH"},{"data":"Machine Learning","floor":32,"key":"SMITH"},{"data":"1","floor":42,"key":"LIFT"},{"floor":49,"key":"REST"}],"circlet_count":0,"master_deck":["AscendersBane","Zap+1","Dualcast+1","All For One","BootSequence","Auto Shields","Hologram+1","Darkness+1","Buffer+1","Capacitor","All For One","Core Surge","Gash","Electrodynamics","Compile Driver","Sweeping Beam","Steam Power","Glacier","Consume","Coolheaded+1","Barrage+1","Turbo+1","Beam Cell","Go for the Eyes","Machine Learning+1","Leap","Biased Cognition+1","Reinforced Body","Go for the Eyes+1","Dark Shackles","Steam","Scrape+1","Steam Power+1","Leap","Double Energy+1","Beam Cell+1","Seek","Capacitor"],"relics":["Cracked Core","Omamori","Oddly Smooth Stone","Symbiotic Virus","MealTicket","Pandora\u0027s Box","Kunai","HornCleat","Nunchaku","Meat on the Bone","Anchor","Nuclear Battery","Girya","MawBank","Smiling Mask","DataDisk"],"acts_visited":["Exordium","TheCity","TheBeyond"],"potions_floor_usage":[27,30,30,50,50],"damage_taken":[{"damage":1.0,"enemies":"Cultist","floor":1.0,"turns":3.0},{"damage":0.0,"enemies":"2 Louse","floor":2.0,"turns":3.0},{"damage":1.0,"enemies":"Small Slimes","floor":4.0,"turns":4.0},{"damage":22.0,"enemies":"3 Sentries","floor":7.0,"turns":8.0},{"damage":6.0,"enemies":"Gremlin Nob","floor":10.0,"turns":3.0},{"damage":0.0,"enemies":"3 Louse","floor":12.0,"turns":3.0},{"damage":0.0,"enemies":"Lagavulin","floor":13.0,"turns":5.0},{"damage":7.0,"enemies":"Slime Boss","floor":16.0,"turns":11.0},{"damage":0.0,"enemies":"Spheric Guardian","floor":18.0,"turns":2.0},{"damage":11.0,"enemies":"2 Thieves","floor":19.0,"turns":5.0},{"damage":7.0,"enemies":"Sentry and Sphere","floor":20.0,"turns":4.0},{"damage":13.0,"enemies":"Gremlin Leader","floor":24.0,"turns":6.0},{"damage":0,"enemies":"Snecko","floor":27,"turns":3},{"damage":0,"enemies":"Centurion and Healer","floor":28,"turns":4},{"damage":18,"enemies":"Slavers","floor":30,"turns":6},{"damage":10,"enemies":"Automaton","floor":33,"turns":10},{"damage":3,"enemies":"3 Darklings","floor":35,"turns":3},{"damage":12,"enemies":"2 Orb Walkers","floor":36,"turns":4},{"damage":0,"enemies":"Giant Head","floor":40,"turns":10},{"damage":0,"enemies":"Orb Walker","floor":41,"turns":2},{"damage":0,"enemies":"Spire Growth","floor":44,"turns":4},{"damage":5,"enemies":"Reptomancer","floor":45,"turns":6},{"damage":0,"enemies":"3 Darklings","floor":46,"turns":4},{"damage":25,"enemies":"Jaw Worm Horde","floor":48,"turns":3},{"damage":0,"enemies":"Donu and Deca","floor":50,"turns":7},{"damage":16,"enemies":"Awakened One","floor":51,"turns":12}],"seed_played":"8996159405202537525","potions_obtained":[{"floor":4.0,"key":"Fruit Juice"},{"floor":7.0,"key":"LiquidMemories"},{"floor":12.0,"key":"Energy Potion"},{"floor":13.0,"key":"SpeedPotion"},{"floor":18.0,"key":"Ancient Potion"},{"floor":24.0,"key":"Ancient Potion"},{"floor":28,"key":"FearPotion"},{"floor":33,"key":"SpeedPotion"},{"floor":36,"key":"Ancient Potion"}],"is_trial":false,"path_per_floor":["M","M","?","M","?","R","E","R","T","E","?","M","E","?","R","B",null,"M","M","M","$","?","R","E","R","T","M","M","R","E","$","R","B",null,"M","?","$","?","?","E","M","R","T","M","E","M","$","M","R","B","B",null],"character_chosen":"DEFECT","items_purchased":["Kunai","Barrage","Anchor","Leap","Dark Shackles","Steam","Seek","Capacitor"],"campfire_rested":2,"item_purchase_floors":[21,21,31,31,37,37,47,47],"current_hp_per_floor":[63,63,63,62,48,48,26,46,46,40,33,33,33,33,33,26,58,58,47,40,55,55,55,42,42,42,42,42,42,24,39,39,41,62,59,47,62,62,62,62,62,62,62,62,57,57,66,41,60,60,44],"gold":26,"neow_bonus":"THREE_RARE_CARDS","is_daily":false,"chose_seed":false,"campfire_upgraded":6,"win_rate":0.0,"timestamp":1608423569,"path_taken":["M","M","?","M","?","R","E","R","T","E","?","M","E","?","R","BOSS","M","M","M","$","?","R","E","R","T","M","M","R","E","?","R","BOSS","M","?","$","?","?","E","?","R","T","?","E","M","$","M","R","BOSS","BOSS"],"items_purchased_type":["Relic","Card","Relic","Card","Card","Card","Card","Card"],"build_version":"2020-12-13","purchased_purges":0,"victory":true,"max_hp_per_floor":[64,64,64,64,69,69,69,69,69,69,69,69,69,69,69,69,69,69,69,69,69,69,69,69,69,69,69,69,69,69,69,69,69,69,69,69,69,66,66,66,66,66,66,66,66,66,66,66,66,66,66],"card_choices":[{"not_picked":["Buffer","Rainbow"],"picked":"All For One","floor":0.0},{"not_picked":["Leap","Redo"],"picked":"BootSequence","floor":1.0},{"not_picked":["Coolheaded","Compile Driver"],"picked":"Auto Shields","floor":2.0},{"not_picked":["Fusion","Stack"],"picked":"Hologram","floor":4.0},{"not_picked":["Force Field","Coolheaded"],"picked":"Darkness","floor":7.0},{"not_picked":["Storm","Hello World","Streamline"],"picked":"SKIP","floor":10.0},{"not_picked":["Recycle","FTL"],"picked":"Buffer","floor":12.0},{"not_picked":["Rebound","FTL"],"picked":"Capacitor","floor":13.0},{"not_picked":["Hyperbeam","Thunder Strike"],"picked":"All For One","floor":16.0},{"not_picked":["Conserve Battery","Go for the Eyes"],"picked":"Consume","floor":18.0},{"not_picked":["Conserve Battery+1","Skim"],"picked":"Coolheaded+1","floor":19.0},{"not_picked":["Coolheaded","Streamline","Compile Driver"],"picked":"SKIP","floor":20.0},{"not_picked":["White Noise","Ball Lightning"],"picked":"Turbo","floor":24.0},{"not_picked":["Rebound","Redo"],"picked":"Beam Cell","floor":27},{"not_picked":["Steam","Ball Lightning"],"picked":"Go for the Eyes","floor":28},{"not_picked":["Leap","Heatsinks"],"picked":"Machine Learning","floor":30},{"not_picked":["Seek","Thunder Strike"],"picked":"Biased Cognition","floor":33},{"not_picked":["Barrage","Reprogram"],"picked":"Reinforced Body","floor":35},{"not_picked":["Rebound","Compile Driver+1"],"picked":"Go for the Eyes+1","floor":36},{"not_picked":["Gash","Cold Snap+1"],"picked":"Scrape+1","floor":40},{"not_picked":["Fusion","FTL"],"picked":"Steam Power+1","floor":41},{"not_picked":["Compile Driver+1","Streamline+1","Leap"],"picked":"SKIP","floor":44},{"not_picked":["Compile Driver+1","Streamline+1"],"picked":"Leap","floor":44},{"not_picked":["Fusion","FTL"],"picked":"Double Energy+1","floor":45},{"not_picked":["BootSequence","Ball Lightning"],"picked":"Beam Cell+1","floor":46},{"not_picked":["Steam Power","Rebound+1","Ball Lightning"],"picked":"SKIP","floor":48}],"player_experience":462745,"relics_obtained":[{"floor":7.0,"key":"Omamori"},{"floor":9.0,"key":"Oddly Smooth Stone"},{"floor":10.0,"key":"Symbiotic Virus"},{"floor":13.0,"key":"MealTicket"},{"floor":24.0,"key":"HornCleat"},{"floor":26.0,"key":"Nunchaku"},{"floor":30,"key":"Meat on the Bone"},{"floor":36,"key":"Girya"},{"floor":40,"key":"MawBank"},{"floor":43,"key":"Smiling Mask"},{"floor":45,"key":"DataDisk"}],"event_choices":[{"damage_healed":0.0,"max_hp_gain":0.0,"max_hp_loss":0.0,"gold_gain":0.0,"event_name":"Liars Game","player_choice":"Ignored","floor":3.0,"gold_loss":0.0,"damage_taken":0.0},{"damage_healed":0.0,"max_hp_gain":0.0,"max_hp_loss":0.0,"gold_gain":0.0,"event_name":"Shining Light","player_choice":"Entered Light","floor":5.0,"gold_loss":0.0,"damage_taken":19.0,"cards_upgraded":["Dualcast","Defend_B"]},{"cards_removed":["Strike_B"],"damage_healed":0.0,"max_hp_gain":0.0,"max_hp_loss":0.0,"gold_gain":0.0,"event_name":"Golden Wing","player_choice":"Card Removal","floor":11.0,"gold_loss":0.0,"damage_taken":7.0},{"damage_healed":0.0,"max_hp_gain":0.0,"max_hp_loss":0.0,"gold_gain":0.0,"event_name":"Living Wall","player_choice":"Grow","floor":14.0,"gold_loss":0.0,"damage_taken":0.0,"cards_upgraded":["Buffer"]},{"damage_healed":0.0,"max_hp_gain":0.0,"max_hp_loss":0.0,"gold_gain":0.0,"event_name":"Vampires","player_choice":"Ignored","floor":22.0,"gold_loss":0.0,"damage_taken":0.0},{"damage_healed":0,"gold_gain":0,"player_choice":"Fight","damage_taken":0,"max_hp_gain":0,"max_hp_loss":0,"event_name":"Mysterious Sphere","floor":36,"gold_loss":0},{"damage_healed":0,"gold_gain":0,"player_choice":"Max HP","damage_taken":0,"max_hp_gain":0,"max_hp_loss":3,"event_name":"Winding Halls","floor":38,"gold_loss":0},{"damage_healed":0,"gold_gain":0,"player_choice":"Upgraded","damage_taken":0,"max_hp_gain":0,"max_hp_loss":0,"event_name":"Upgrade Shrine","floor":39,"gold_loss":0,"cards_upgraded":["Biased Cognition"]}],"is_beta":false,"boss_relics":[{"not_picked":["Fusion Hammer","Empty Cage"],"picked":"Pandora\u0027s Box"},{"not_picked":["Astrolabe","Black Star"],"picked":"Nuclear Battery"}],"items_purged_floors":[],"is_endless":false,"potions_floor_spawned":[4,7,12,13,16,18,19,24,28,33,36,41,45,46,48],"ascension_level":20}}