{"host":"cjhtzh7tp54jdfyv","time":1608451268,"event":{"mods":["AchievementEnabler","BaseMod","Colored Map","Colored Powertips","Filter the Spire","Minty Spire (QoL Compilation)","RNG Fix","StSLib","ojb\u0027s Better Paths Mod","ojb\u0027s Info Mod"],"gold_per_floor":[121,149,171,199,211,223,270,282,294,306,5,36,52,62,62,134,134,147,159,359,370,6,37,37,64,89,109,34,114,130,155,155,228,228,244,269,279,7,24,24,24],"floor_reached":40,"playtime":2744,"items_purged":["Strike_G","Strike_G"],"score":1041,"play_id":"23be6dad-1bf4-4b48-9338-6f3b69c71e5d","local_time":"20201220030108","is_ascension_mode":true,"campfire_choices":[{"data":"Tools of the Trade","floor":6.0,"key":"SMITH"},{"floor":10.0,"key":"REST"},{"data":"Footwork","floor":15.0,"key":"SMITH"},{"data":"Catalyst","floor":24.0,"key":"SMITH"},{"data":"Catalyst","floor":32.0,"key":"SMITH"}],"circlet_count":0,"master_deck":["AscendersBane","Strike_G","Strike_G","Strike_G","Defend_G","Defend_G","Defend_G","Defend_G","Defend_G","Survivor","Neutralize","CurseOfTheBell","Terror","Crippling Poison+1","Tools of the Trade+1","Endless Agony","Calculated Gamble","Catalyst+1","Footwork+1","Corpse Explosion","Dodge and Roll","Catalyst+1","Footwork","Cloak And Dagger","Acrobatics","Cloak And Dagger","PiercingWail","Wraith Form v2","Tactician","Backflip"],"relics":["Calling Bell","MawBank","White Beast Statue","Du-Vu Doll","PreservedInsect","Meat on the Bone","Kunai","Vajra","HoveringKite","TungstenRod","Nunchaku","Darkstone Periapt","Juzu Bracelet","Ornamental Fan","MealTicket","SlaversCollar","Peace Pipe","Potion Belt"],"acts_visited":["Exordium","TheCity","TheBeyond"],"potions_floor_usage":[33,35,39,40],"damage_taken":[{"damage":1.0,"enemies":"Cultist","floor":1.0,"turns":5.0},{"damage":0.0,"enemies":"Small Slimes","floor":2.0,"turns":5.0},{"damage":0.0,"enemies":"2 Louse","floor":3.0,"turns":2.0},{"damage":18.0,"enemies":"Gremlin Gang","floor":4.0,"turns":6.0},{"damage":16.0,"enemies":"3 Sentries","floor":7.0,"turns":11.0},{"damage":0.0,"enemies":"Gremlin Nob","floor":12.0,"turns":3.0},{"damage":2.0,"enemies":"Looter","floor":13.0,"turns":3.0},{"damage":7.0,"enemies":"Lots of Slimes","floor":14.0,"turns":2.0},{"damage":16.0,"enemies":"Hexaghost","floor":16.0,"turns":11.0},{"damage":24.0,"enemies":"Spheric Guardian","floor":18.0,"turns":7.0},{"damage":14.0,"enemies":"2 Thieves","floor":19.0,"turns":3.0},{"damage":5.0,"enemies":"Snecko","floor":21.0,"turns":6.0},{"damage":26.0,"enemies":"Book of Stabbing","floor":23.0,"turns":5.0},{"damage":30.0,"enemies":"Gremlin Leader","floor":25.0,"turns":5.0},{"damage":1.0,"enemies":"Centurion and Healer","floor":27.0,"turns":4.0},{"damage":10.0,"enemies":"Snake Plant","floor":30.0,"turns":4.0},{"damage":8.0,"enemies":"Slavers","floor":31.0,"turns":4.0},{"damage":15,"enemies":"Automaton","floor":33,"turns":12},{"damage":15,"enemies":"3 Darklings","floor":35,"turns":2},{"damage":11,"enemies":"Mind Bloom Boss Battle","floor":36,"turns":11},{"damage":2,"enemies":"Orb Walker","floor":37,"turns":5},{"damage":8,"enemies":"Transient","floor":39,"turns":6},{"damage":56,"enemies":"Reptomancer","floor":40,"turns":6}],"seed_played":"1467557874736362816","potions_obtained":[{"floor":1.0,"key":"Strength Potion"},{"floor":2.0,"key":"Explosive Potion"},{"floor":3.0,"key":"CultistPotion"},{"floor":4.0,"key":"SpeedPotion"},{"floor":7.0,"key":"FearPotion"},{"floor":12.0,"key":"LiquidMemories"},{"floor":13.0,"key":"Fire Potion"},{"floor":14.0,"key":"BlessingOfTheForge"},{"floor":16.0,"key":"DistilledChaos"},{"floor":18.0,"key":"Fruit Juice"},{"floor":19.0,"key":"Block Potion"},{"floor":21.0,"key":"SkillPotion"},{"floor":23.0,"key":"PowerPotion"},{"floor":25.0,"key":"CunningPotion"},{"floor":27.0,"key":"SteroidPotion"},{"floor":30.0,"key":"AttackPotion"},{"floor":31.0,"key":"ColorlessPotion"},{"floor":33,"key":"LiquidMemories"},{"floor":35,"key":"SpeedPotion"},{"floor":36,"key":"CunningPotion"},{"floor":39,"key":"Swift Potion"}],"is_trial":false,"path_per_floor":["M","M","M","M","?","R","E","?","T","R","$","E","M","M","R","B",null,"M","M","?","M","$","E","R","E","T","M","$","T","M","E","R","B",null,"M","?","M","$","M","E"],"character_chosen":"THE_SILENT","items_purchased":["Kunai","Calculated Gamble","TungstenRod","Footwork","Potion Belt"],"campfire_rested":1,"item_purchase_floors":[11,11,22,22,38],"current_hp_per_floor":[58,58,58,40,40,40,24,6,6,25,25,37,35,40,40,36,59,35,38,38,45,45,31,31,13,13,24,24,24,26,30,30,27,60,45,46,44,59,51,0,0],"gold":24,"neow_bonus":"BOSS_RELIC","is_daily":false,"chose_seed":false,"campfire_upgraded":4,"win_rate":0.0,"timestamp":1608451268,"path_taken":["M","M","M","M","?","R","E","?","T","R","$","E","M","M","R","BOSS","M","?","?","M","$","E","R","E","T","M","?","?","M","E","R","BOSS","M","?","M","$","M","E"],"items_purchased_type":["Relic","Card","Relic","Card","Relic"],"build_version":"2020-12-13","purchased_purges":2,"victory":false,"max_hp_per_floor":[66,66,66,66,66,66,66,66,66,66,66,66,66,66,66,66,66,66,71,71,71,71,71,71,71,71,71,71,71,71,71,71,71,71,71,71,71,71,71,71,71],"card_choices":[{"not_picked":["Underhanded Strike","Dodge and Roll"],"picked":"Terror","floor":1.0},{"not_picked":["Cloak And Dagger","Concentrate"],"picked":"Crippling Poison","floor":2.0},{"not_picked":["Prepared","All Out Attack"],"picked":"Tools of the Trade","floor":3.0},{"not_picked":["Choke","Prepared"],"picked":"Endless Agony","floor":4.0},{"not_picked":["Caltrops","Deadly Poison","Crippling Poison"],"picked":"SKIP","floor":7.0},{"not_picked":["Eviscerate","Prepared"],"picked":"Catalyst","floor":12.0},{"not_picked":["Flechettes","Prepared"],"picked":"Footwork","floor":13.0},{"not_picked":["Prepared","Bane","Deadly Poison"],"picked":"SKIP","floor":14.0},{"not_picked":["Die Die Die","Malaise"],"picked":"Corpse Explosion","floor":16.0},{"not_picked":["Flying Knee","Outmaneuver+1"],"picked":"Dodge and Roll","floor":18.0},{"not_picked":["Cloak And Dagger","Backflip+1"],"picked":"Catalyst","floor":19.0},{"not_picked":["Prepared","Accuracy","Phantasmal Killer"],"picked":"SKIP","floor":21.0},{"not_picked":["Deflect","Finisher","Distraction"],"picked":"SKIP","floor":23.0},{"not_picked":["Setup+1","Slice"],"picked":"Cloak And Dagger","floor":25.0},{"not_picked":["Sucker Punch+1","PiercingWail"],"picked":"Acrobatics","floor":27.0},{"not_picked":["Bane","Backflip"],"picked":"Cloak And Dagger","floor":30.0},{"not_picked":["Storm of Steel","Terror"],"picked":"PiercingWail","floor":31.0},{"not_picked":["Unload","Malaise"],"picked":"Wraith Form v2","floor":33},{"not_picked":["Endless Agony","Deflect"],"picked":"Tactician","floor":35},{"not_picked":["Prepared","Predator+1"],"picked":"Backflip","floor":36},{"not_picked":["Dagger Spray","Dagger Throw+1","Quick Slash"],"picked":"SKIP","floor":37},{"not_picked":["Dagger Throw","Deadly Poison","Footwork"],"picked":"SKIP","floor":39},{"not_picked":["Dagger Throw","Deadly Poison","Footwork"],"picked":"SKIP","floor":39}],"player_experience":4316398,"relics_obtained":[{"floor":0.0,"key":"MawBank"},{"floor":0.0,"key":"White Beast Statue"},{"floor":0.0,"key":"Du-Vu Doll"},{"floor":7.0,"key":"PreservedInsect"},{"floor":9.0,"key":"Meat on the Bone"},{"floor":12.0,"key":"Vajra"},{"floor":23.0,"key":"Nunchaku"},{"floor":25.0,"key":"Darkstone Periapt"},{"floor":26.0,"key":"Juzu Bracelet"},{"floor":29.0,"key":"Ornamental Fan"},{"floor":31.0,"key":"MealTicket"},{"floor":36,"key":"Peace Pipe"}],"event_choices":[{"damage_healed":0.0,"max_hp_gain":0.0,"max_hp_loss":0.0,"gold_gain":0.0,"event_name":"Upgrade Shrine","player_choice":"Upgraded","floor":5.0,"gold_loss":0.0,"damage_taken":0.0,"cards_upgraded":["Crippling Poison"]},{"damage_healed":0.0,"max_hp_gain":0.0,"max_hp_loss":0.0,"gold_gain":0.0,"event_name":"Scrap Ooze","player_choice":"Fled","floor":8.0,"gold_loss":0.0,"damage_taken":18.0},{"damage_healed":0.0,"max_hp_gain":0.0,"max_hp_loss":0.0,"gold_gain":250.0,"event_name":"The Joust","player_choice":"Bet on Owner","floor":20.0,"gold_loss":50.0,"damage_taken":0.0},{"damage_healed":0,"gold_gain":0,"player_choice":"Fight","damage_taken":0,"max_hp_gain":0,"max_hp_loss":0,"event_name":"MindBloom","floor":36,"gold_loss":0}],"is_beta":false,"boss_relics":[{"not_picked":["Tiny House","Snecko Eye"],"picked":"HoveringKite"},{"not_picked":["Sozu","Coffee Dripper"],"picked":"SlaversCollar"}],"items_purged_floors":[28,38],"is_endless":false,"potions_floor_spawned":[1,2,3,4,7,12,13,14,16,18,19,21,23,25,27,30,31,33,35,36,37,39],"killed_by":"Reptomancer","ascension_level":20}}