{"host":"mi0eibewekhugwl1","time":1608480579,"event":{"mods":["AchievementEnabler","BaseMod","Colored Map","Colored Powertips","DeckTracker","Keyboard Shortcuts","Minty Spire (QoL Compilation)","Quick Restart","Rare Cards Sparkle","Relic Stats","StSLib","SuperFastMode","everything is the same but u backflip on backflip"],"gold_per_floor":[111,126,51,51,51,51,68,81,81,98,124,124,137,155,155,229,229,243,28,28,28,40,60,60,77,159,176,194,194,10,38,38,38,38],"floor_reached":33,"playtime":570,"items_purged":["Strike_R","Clumsy"],"score":592,"play_id":"271e496f-542e-43fc-ab07-3056c7f2b92a","local_time":"20201221010939","is_ascension_mode":true,"campfire_choices":[{"data":"Inflame","floor":6,"key":"SMITH"},{"data":"Sword Boomerang","floor":12,"key":"SMITH"},{"data":"Uppercut","floor":15,"key":"SMITH"},{"data":"Barricade","floor":24,"key":"SMITH"},{"data":"Body Slam","floor":29,"key":"SMITH"},{"data":"Entrench","floor":32,"key":"SMITH"}],"circlet_count":0,"master_deck":["AscendersBane","Strike_R","Strike_R","Defend_R+1","Defend_R+1","Defend_R","Defend_R","Bash","Pommel Strike","Inflame+1","Fire Breathing","Uppercut+1","Impervious","Cleave","Sword Boomerang+1","Burning Pact","Shrug It Off","Barricade+1","Body Slam+1","Power Through","Body Slam+1","Second Wind","Feel No Pain","Entrench+1"],"relics":["Burning Blood","NeowsBlessing","Du-Vu Doll","War Paint","HornCleat","Cursed Key","OrangePellets","Self Forming Clay","Art of War"],"acts_visited":["Exordium","TheCity"],"potions_floor_usage":[11,16,28,31,33],"damage_taken":[{"damage":0,"enemies":"Cultist","floor":1,"turns":1},{"damage":0,"enemies":"Jaw Worm","floor":2,"turns":1},{"damage":0,"enemies":"2 Louse","floor":7,"turns":1},{"damage":17,"enemies":"Exordium Thugs","floor":8,"turns":4},{"damage":12,"enemies":"3 Louse","floor":10,"turns":4},{"damage":0,"enemies":"Gremlin Nob","floor":11,"turns":2},{"damage":5,"enemies":"Exordium Wildlife","floor":13,"turns":3},{"damage":21,"enemies":"Gremlin Gang","floor":14,"turns":3},{"damage":31,"enemies":"The Guardian","floor":16,"turns":11},{"damage":9,"enemies":"2 Thieves","floor":18,"turns":4},{"damage":0,"enemies":"Chosen","floor":22,"turns":4},{"damage":25,"enemies":"Sentry and Sphere","floor":23,"turns":6},{"damage":0,"enemies":"Snecko","floor":25,"turns":4},{"damage":0,"enemies":"Centurion and Healer","floor":27,"turns":6},{"damage":28,"enemies":"3 Cultists","floor":28,"turns":5},{"damage":10,"enemies":"Book of Stabbing","floor":31,"turns":5},{"damage":53,"enemies":"Automaton","floor":33,"turns":6}],"seed_played":"1914393801160761426","potions_obtained":[{"floor":7,"key":"DistilledChaos"},{"floor":8,"key":"BlessingOfTheForge"},{"floor":11,"key":"CultistPotion"},{"floor":22,"key":"Block Potion"},{"floor":31,"key":"LiquidBronze"}],"is_trial":false,"path_per_floor":["M","M","$","T","?","R","M","M","T","M","E","R","M","M","R","B",null,"M","$","?","$","M","M","R","M","T","M","M","R","$","E","R","B"],"character_chosen":"IRONCLAD","items_purchased":["Body Slam","OrangePellets","Feel No Pain"],"campfire_rested":0,"item_purchase_floors":[19,19,30],"current_hp_per_floor":[74,75,75,75,75,75,75,64,64,58,64,64,65,50,50,25,63,60,60,60,60,66,47,47,53,53,59,37,37,37,33,33,0,0],"gold":38,"neow_bonus":"THREE_ENEMY_KILL","is_daily":false,"chose_seed":false,"campfire_upgraded":6,"win_rate":0.0,"timestamp":1608480579,"path_taken":["M","?","$","?","?","R","?","M","T","M","E","R","M","M","R","BOSS","M","$","?","?","M","M","R","M","T","M","M","R","$","E","R","BOSS"],"items_purchased_type":["Card","Relic","Card"],"build_version":"2020-12-13","purchased_purges":2,"victory":false,"max_hp_per_floor":[75,75,75,75,75,75,75,75,75,75,75,75,75,75,75,75,75,75,75,75,75,75,75,75,75,75,75,75,75,75,75,75,75,75],"relic_stats":{"OrangePellets":[1],"counters":[17,70],"Self Forming Clay":[24],"Art of War":[0],"War Paint":["Defend_R","Defend_R"],"Cursed Key":1,"obtain_stats":[{"Du-Vu Doll":4,"OrangePellets":19,"HornCleat":11,"NeowsBlessing":0,"Self Forming Clay":26,"Art of War":31,"War Paint":9,"Cursed Key":17,"Burning Blood":0},{"Du-Vu Doll":2,"OrangePellets":10,"HornCleat":6,"NeowsBlessing":0,"Self Forming Clay":13,"Art of War":16,"War Paint":4,"Cursed Key":9,"Burning Blood":0},{"Du-Vu Doll":2,"OrangePellets":34,"HornCleat":13,"NeowsBlessing":0,"Self Forming Clay":48,"Art of War":64,"War Paint":7,"Cursed Key":30,"Burning Blood":0}],"Burning Blood":85},"card_choices":[{"not_picked":["Clothesline","Wild Strike"],"picked":"Pommel Strike","floor":1},{"not_picked":["Wild Strike","Clash"],"picked":"Inflame","floor":2},{"not_picked":["Pommel Strike","Sword Boomerang"],"picked":"Uppercut","floor":7},{"not_picked":["Perfected Strike","Dark Embrace"],"picked":"Impervious","floor":8},{"not_picked":["Hemokinesis","Clash","Cleave"],"picked":"SKIP","floor":10},{"not_picked":["Hemokinesis","Clash"],"picked":"Cleave","floor":10},{"not_picked":["Anger","Juggernaut"],"picked":"Sword Boomerang","floor":11},{"not_picked":["Armaments","Shockwave"],"picked":"Burning Pact","floor":13},{"not_picked":["Heavy Blade","Reckless Charge"],"picked":"Shrug It Off","floor":14},{"not_picked":["Brutality","Limit Break"],"picked":"Barricade","floor":16},{"not_picked":["Combust+1","Fire Breathing+1","Flex"],"picked":"SKIP","floor":18},{"not_picked":["Armaments","Wild Strike","Clothesline"],"picked":"SKIP","floor":22},{"not_picked":["Disarm","Rampage"],"picked":"Power Through","floor":23},{"not_picked":["Iron Wave+1","Havoc","Rupture"],"picked":"SKIP","floor":25},{"not_picked":["Warcry","Twin Strike"],"picked":"Body Slam+1","floor":27},{"not_picked":["Shrug It Off","Anger"],"picked":"Second Wind","floor":28},{"not_picked":["Thunderclap","Fire Breathing"],"picked":"Entrench","floor":31}],"player_experience":1692197,"relics_obtained":[{"floor":4,"key":"Du-Vu Doll"},{"floor":9,"key":"War Paint"},{"floor":11,"key":"HornCleat"},{"floor":26,"key":"Self Forming Clay"},{"floor":31,"key":"Art of War"}],"event_choices":[{"damage_healed":0,"gold_gain":0,"cards_transformed":["Strike_R"],"player_choice":"Transformed","damage_taken":0,"max_hp_gain":0,"max_hp_loss":0,"event_name":"Transmorgrifier","floor":5,"gold_loss":0,"cards_obtained":["Fire Breathing"]},{"cards_removed":["Strike_R"],"damage_healed":0,"gold_gain":0,"player_choice":"Purged","damage_taken":0,"max_hp_gain":0,"max_hp_loss":0,"event_name":"Purifier","floor":20,"gold_loss":0}],"is_beta":false,"boss_relics":[{"not_picked":["Coffee Dripper","Fusion Hammer"],"picked":"Cursed Key"}],"items_purged_floors":[3,30],"is_endless":false,"potions_floor_spawned":[7,8,10,11,22,27,31],"killed_by":"Automaton","ascension_level":20}}