{"host":"mqhvlr3kpxebko0t","time":1608442506,"event":{"mods":["AchievementEnabler","BaseMod","Colored Map","Colored Powertips","Keyboard Shortcuts","Minty Spire (QoL Compilation)","StSLib","SuperFastMode"],"gold_per_floor":[114,29,46,46,46,46,79,79,79,90,90,15,32,82,82,156,156,172,72,84,101,101,101],"floor_reached":22,"playtime":363,"items_purged":["Strike_P","Strike_P"],"score":387,"play_id":"b504edcb-5ec1-41c0-b89e-2fe120b2f3a9","local_time":"20201220143506","is_ascension_mode":true,"campfire_choices":[{"data":"Eruption","floor":6.0,"key":"SMITH"},{"data":"Adaptation","floor":8.0,"key":"SMITH"},{"data":"MentalFortress","floor":15.0,"key":"SMITH"}],"circlet_count":0,"master_deck":["AscendersBane","Strike_P","Strike_P","Defend_P","Defend_P","Defend_P","Eruption+1","Vigilance","Adaptation+1","MentalFortress+1","FearNoEvil","Adaptation"],"relics":["HolyWater","NeowsBlessing","Pocketwatch","Dream Catcher","Singing Bowl"],"acts_visited":["Exordium","TheCity"],"potions_floor_usage":[22,22],"damage_taken":[{"damage":0.0,"enemies":"2 Louse","floor":1.0,"turns":1.0},{"damage":0.0,"enemies":"Jaw Worm","floor":3.0,"turns":1.0},{"damage":0.0,"enemies":"Gremlin Nob","floor":7.0,"turns":1.0},{"damage":0.0,"enemies":"Cultist","floor":10.0,"turns":2.0},{"damage":8.0,"enemies":"Large Slime","floor":13.0,"turns":5.0},{"damage":24.0,"enemies":"The Guardian","floor":16.0,"turns":13.0},{"damage":15.0,"enemies":"Shell Parasite","floor":18.0,"turns":5.0},{"damage":19.0,"enemies":"Chosen","floor":20.0,"turns":5.0},{"damage":26.0,"enemies":"Centurion and Healer","floor":21.0,"turns":6.0},{"damage":0,"enemies":"Snake Plant","floor":22,"turns":2}],"seed_played":"-4714811486035635566","potions_obtained":[{"floor":7.0,"key":"FearPotion"},{"floor":10.0,"key":"Block Potion"},{"floor":21.0,"key":"SteroidPotion"}],"is_trial":false,"path_per_floor":["M","$","M","?","?","R","E","R","T","M","?","$","M","?","R","B",null,"M","$","M","M","M"],"character_chosen":"WATCHER","items_purchased":["MentalFortress"],"campfire_rested":0,"item_purchase_floors":[2],"current_hp_per_floor":[61,61,61,61,50,50,50,50,50,50,50,50,44,37,37,15,58,45,45,28,4,4,4],"gold":101,"neow_bonus":"THREE_ENEMY_KILL","is_daily":false,"chose_seed":false,"campfire_upgraded":3,"win_rate":0.0,"timestamp":1608442506,"path_taken":["M","$","M","?","?","R","E","R","T","M","?","$","?","?","R","BOSS","M","$","M","?","M"],"items_purchased_type":["Card"],"build_version":"2020-12-13","purchased_purges":2,"victory":false,"max_hp_per_floor":[68,68,68,68,68,68,68,68,68,68,68,68,70,70,70,72,72,74,74,76,78,78,78],"card_choices":[{"not_picked":["EmptyBody","PathToVictory"],"picked":"Adaptation","floor":1.0},{"not_picked":["Indignation","TalkToTheHand","SignatureMove"],"picked":"SKIP","floor":3.0},{"not_picked":["SashWhip","CrushJoints"],"picked":"FearNoEvil","floor":7.0},{"not_picked":["BattleHymn","Crescendo"],"picked":"Adaptation","floor":10.0},{"not_picked":["FollowUp","Halt","EmptyFist"],"picked":"Singing Bowl","floor":13.0},{"not_picked":["Wish","Alpha","LessonLearned"],"picked":"Singing Bowl","floor":16.0},{"not_picked":["Wallop","Perseverance","FlyingSleeves"],"picked":"Singing Bowl","floor":18.0},{"not_picked":["Perseverance","BowlingBash","Collect+1"],"picked":"Singing Bowl","floor":20.0},{"not_picked":["CutThroughFate","ForeignInfluence","Evaluate"],"picked":"Singing Bowl","floor":21.0}],"player_experience":655424,"relics_obtained":[{"floor":7.0,"key":"Dream Catcher"},{"floor":9.0,"key":"Singing Bowl"}],"event_choices":[{"damage_healed":0.0,"max_hp_gain":0.0,"max_hp_loss":0.0,"gold_gain":0.0,"event_name":"Liars Game","player_choice":"Ignored","floor":4.0,"gold_loss":0.0,"damage_taken":0.0},{"damage_healed":0.0,"max_hp_gain":0.0,"max_hp_loss":0.0,"gold_gain":0.0,"event_name":"Scrap Ooze","player_choice":"Success","floor":5.0,"gold_loss":0.0,"damage_taken":11.0,"relics_obtained":["Pocketwatch"]},{"cards_removed":["Defend_P"],"damage_healed":0.0,"max_hp_gain":0.0,"max_hp_loss":0.0,"gold_gain":0.0,"event_name":"Purifier","player_choice":"Purged","floor":11.0,"gold_loss":0.0,"damage_taken":0.0},{"damage_healed":0.0,"max_hp_gain":0.0,"max_hp_loss":0.0,"gold_gain":50.0,"event_name":"FaceTrader","player_choice":"Touch","floor":14.0,"gold_loss":0.0,"damage_taken":7.0}],"is_beta":false,"boss_relics":[{"not_picked":["Runic Dome","Runic Pyramid"],"picked":"HolyWater"}],"items_purged_floors":[12,19],"is_endless":false,"potions_floor_spawned":[7,10,16,21],"killed_by":"Snake Plant","ascension_level":17}}