{"host":"85dtmvttrcbdj5h5","time":1608498325,"event":{"mods":["AchievementEnabler","BaseMod","Bestiary","Colored Powertips","Filter the Spire","Highlight Path","Minty Spire (QoL Compilation)","Potion Indicator Mod","Relic Stats"],"gold_per_floor":[110,124,124,140,153,153,180,180,180,198,209,14,40,40,40,169,169,182,205,205,10,10,10,41,41,64,89,89,102,121,147,147,246,246,263,183,233,233,247,247,274,274,274,308,308,90,105,131,131,131],"floor_reached":51,"playtime":4405,"items_purged":["Strike_G","Defend_G","Strike_G"],"score":945,"play_id":"ee160665-ebd7-4264-b6a5-8b6406196eb8","local_time":"20201220160525","is_ascension_mode":true,"campfire_choices":[{"data":"Riddle With Holes","floor":6.0,"key":"SMITH"},{"data":"Burst","floor":15,"key":"SMITH"},{"data":"Apotheosis","floor":23,"key":"SMITH"},{"data":"Adrenaline","floor":25,"key":"SMITH"},{"floor":28,"key":"DIG"},{"floor":32,"key":"DIG"},{"floor":40,"key":"DIG"},{"floor":45,"key":"DIG"},{"floor":49,"key":"DIG"}],"circlet_count":0,"master_deck":["Defend_G","Defend_G","Defend_G","Survivor","Neutralize+1","Riddle With Holes+1","Deadly Poison","Well Laid Plans","Bouncing Flask","Burst+1","Slice","Masterful Stab","Bouncing Flask","Adrenaline+1","Glass Knife+1","Dagger Throw+1","Bouncing Flask+1","PiercingWail","Backstab+1","Ghostly","Ghostly","Ghostly","Ghostly","Ghostly","Apotheosis+1","Cloak And Dagger+1","Distraction+1","Prepared","Phantasmal Killer","Prepared","Outmaneuver+1","Backstab+1"],"relics":["Ring of the Snake","Meat on the Bone","Shovel","Anchor","Dead Branch","Tough Bandages","Bloody Idol","Astrolabe","Ginger","Blue Candle","The Courier","Bag of Marbles","Blood Vial","HoveringKite","Thread and Needle","Ancient Tea Set","Ninja Scroll","Kunai","Bottled Lightning","Pocketwatch","Snake Skull","MealTicket","Akabeko"],"acts_visited":["Exordium","TheCity","TheBeyond"],"potions_floor_usage":[13,13,16,19],"damage_taken":[{"damage":0.0,"enemies":"Small Slimes","floor":1.0,"turns":3.0},{"damage":0.0,"enemies":"Cultist","floor":2.0,"turns":3.0},{"damage":0.0,"enemies":"2 Louse","floor":4.0,"turns":2.0},{"damage":7.0,"enemies":"Large Slime","floor":5.0,"turns":7.0},{"damage":21.0,"enemies":"3 Sentries","floor":7.0,"turns":11.0},{"damage":0,"enemies":"3 Louse","floor":10,"turns":2},{"damage":0,"enemies":"Exordium Wildlife","floor":11,"turns":4},{"damage":11,"enemies":"Lagavulin","floor":13,"turns":4},{"damage":6,"enemies":"The Guardian","floor":16,"turns":8},{"damage":8,"enemies":"Shell Parasite","floor":18,"turns":3},{"damage":2,"enemies":"2 Thieves","floor":19,"turns":4},{"damage":1,"enemies":"Book of Stabbing","floor":24,"turns":8},{"damage":3,"enemies":"Gremlin Leader","floor":27,"turns":9},{"damage":0,"enemies":"Chosen and Byrds","floor":29,"turns":4},{"damage":0,"enemies":"Centurion and Healer","floor":30,"turns":4},{"damage":17,"enemies":"Book of Stabbing","floor":31,"turns":6},{"damage":7,"enemies":"Champ","floor":33,"turns":11},{"damage":0,"enemies":"3 Shapes","floor":35,"turns":4},{"damage":1,"enemies":"Mind Bloom Boss Battle","floor":37,"turns":6},{"damage":0,"enemies":"Orb Walker","floor":39,"turns":1},{"damage":0,"enemies":"Nemesis","floor":41,"turns":5},{"damage":0,"enemies":"Giant Head","floor":44,"turns":5},{"damage":0,"enemies":"4 Shapes","floor":47,"turns":2},{"damage":0,"enemies":"Reptomancer","floor":48,"turns":4},{"damage":0,"enemies":"Donu and Deca","floor":50,"turns":7}],"seed_played":"-6083767258750426319","potions_obtained":[{"floor":1.0,"key":"Fruit Juice"},{"floor":2.0,"key":"Block Potion"},{"floor":13,"key":"Energy Potion"},{"floor":16,"key":"SpeedPotion"},{"floor":24,"key":"FairyPotion"},{"floor":29,"key":"Dexterity Potion"},{"floor":31,"key":"SpeedPotion"},{"floor":39,"key":"FairyPotion"}],"is_trial":false,"path_per_floor":["M","M","?","M","M","R","E","?","T","M","M","$","E","?","R","B",null,"M","M","?","$","?","R","E","R","T","E","R","M","M","E","R","B",null,"M","$","?","?","M","R","E","?","T","E","R","$","M","E","R","B",null],"character_chosen":"THE_SILENT","items_purchased":["DuplicationPotion","Poison Potion","Apotheosis","Snake Skull"],"campfire_rested":0,"item_purchase_floors":[12,12,21,46],"current_hp_per_floor":[75,75,75,75,68,68,47,47,47,47,47,47,48,30,30,36,75,67,65,37,37,37,37,37,37,37,37,37,37,37,25,25,25,37,37,37,37,37,37,37,37,37,37,37,37,37,37,37,37,37],"gold":131,"neow_bonus":"UPGRADE_CARD","is_daily":false,"chose_seed":false,"campfire_upgraded":4,"win_rate":0.0,"timestamp":1608498325,"path_taken":["M","M","?","?","M","R","E","?","T","M","M","$","E","?","R","BOSS","M","M","?","$","?","R","E","R","T","E","R","M","M","E","R","BOSS","M","$","?","?","M","R","E","?","T","E","R","$","M","E","R","BOSS"],"items_purchased_type":["Potion","Potion","Card","Relic"],"build_version":"2020-12-13","purchased_purges":3,"victory":true,"max_hp_per_floor":[75,75,75,75,75,75,75,75,75,75,75,75,75,75,75,75,75,75,75,37,37,37,37,37,37,37,37,37,37,37,37,37,37,37,37,37,37,37,37,37,37,37,37,37,37,37,37,37,37,37],"relic_stats":{"counters":[25,127],"Dead Branch":[184],"Astrolabe":["Glass Knife","Dagger Throw","Bouncing Flask"],"Blue Candle":[0],"HoveringKite":[18],"Snake Skull":[48],"Ginger":[7],"Blood Vial":2,"Tough Bandages":[207],"Shovel":5,"Bloody Idol":15,"MealTicket":0,"Kunai":[15],"obtain_stats":[{"Golden Idol":14,"Dead Branch":9,"Astrolabe":17,"Blue Candle":27,"HoveringKite":34,"Thread and Needle":37,"The Courier":28,"Snake Skull":46,"Ginger":24,"Ancient Tea Set":40,"Akabeko":49,"Blood Vial":32,"Anchor":8,"Tough Bandages":13,"Shovel":7,"Ninja Scroll":41,"Bloody Idol":22,"MealTicket":48,"Bag of Marbles":31,"Kunai":43,"Bottled Lightning":44,"Ring of the Snake":0,"Meat on the Bone":3,"Pocketwatch":45},{"Golden Idol":8,"Dead Branch":5,"Astrolabe":9,"Blue Candle":13,"HoveringKite":17,"Thread and Needle":19,"The Courier":13,"Snake Skull":22,"Ginger":12,"Ancient Tea Set":20,"Akabeko":24,"Blood Vial":16,"Anchor":5,"Tough Bandages":8,"Shovel":5,"Ninja Scroll":21,"Bloody Idol":11,"MealTicket":24,"Bag of Marbles":16,"Kunai":21,"Bottled Lightning":22,"Ring of the Snake":0,"Meat on the Bone":2,"Pocketwatch":22},{"Golden Idol":36,"Dead Branch":26,"Astrolabe":44,"Blue Candle":68,"HoveringKite":93,"Thread and Needle":103,"The Courier":68,"Snake Skull":114,"Ginger":59,"Ancient Tea Set":104,"Akabeko":120,"Blood Vial":82,"Anchor":26,"Tough Bandages":36,"Shovel":26,"Ninja Scroll":109,"Bloody Idol":51,"MealTicket":120,"Bag of Marbles":82,"Kunai":109,"Bottled Lightning":114,"Ring of the Snake":0,"Meat on the Bone":6,"Pocketwatch":114}],"Ring of the Snake":[50],"Meat on the Bone":24,"Pocketwatch":[3]},"card_choices":[{"not_picked":["Reflex","Deflect"],"picked":"Riddle With Holes","floor":1.0},{"not_picked":["Dagger Spray","Outmaneuver"],"picked":"Deadly Poison","floor":2.0},{"not_picked":["Flying Knee","Bane"],"picked":"Well Laid Plans","floor":4.0},{"not_picked":["Accuracy","Dagger Spray"],"picked":"Bouncing Flask","floor":5.0},{"not_picked":["Caltrops","Dagger Spray"],"picked":"Burst","floor":7.0},{"not_picked":["Underhanded Strike","Dagger Spray"],"picked":"Slice","floor":10},{"not_picked":["Eviscerate","Cloak And Dagger"],"picked":"Masterful Stab","floor":11},{"not_picked":["Deflect","Bane"],"picked":"Bouncing Flask","floor":13},{"not_picked":["Unload","Phantasmal Killer"],"picked":"Adrenaline","floor":16},{"not_picked":["Skewer+1","Dodge and Roll"],"picked":"PiercingWail","floor":18},{"not_picked":["Expertise","Poisoned Stab"],"picked":"Backstab+1","floor":19},{"not_picked":["Die Die Die","Well Laid Plans"],"picked":"Cloak And Dagger+1","floor":24},{"not_picked":["Underhanded Strike","Choke"],"picked":"Distraction+1","floor":27},{"not_picked":["Quick Slash","Escape Plan"],"picked":"Prepared","floor":29},{"not_picked":["Sucker Punch","Prepared","Blur+1"],"picked":"SKIP","floor":30},{"not_picked":["Underhanded Strike","Flying Knee","Noxious Fumes"],"picked":"SKIP","floor":31},{"not_picked":["Glass Knife","Doppelganger"],"picked":"Phantasmal Killer","floor":33},{"not_picked":["Underhanded Strike+1","Well Laid Plans+1","Poisoned Stab+1"],"picked":"SKIP","floor":35},{"not_picked":["Dagger Throw","Dodge and Roll+1"],"picked":"Prepared","floor":37},{"not_picked":["Blur+1","Quick Slash+1"],"picked":"Outmaneuver+1","floor":39},{"not_picked":["Underhanded Strike+1","Leg Sweep+1","Deadly Poison"],"picked":"SKIP","floor":41},{"not_picked":["Acrobatics+1","Blade Dance","Deflect+1"],"picked":"SKIP","floor":44},{"not_picked":["Escape Plan","Well Laid Plans+1","Endless Agony"],"picked":"SKIP","floor":47},{"not_picked":["Backflip+1","Dagger Spray"],"picked":"Backstab+1","floor":48}],"player_experience":140479,"relics_obtained":[{"floor":7.0,"key":"Shovel"},{"floor":9.0,"key":"Dead Branch"},{"floor":13,"key":"Tough Bandages"},{"floor":24,"key":"Ginger"},{"floor":27,"key":"Blue Candle"},{"floor":28,"key":"The Courier"},{"floor":31,"key":"Bag of Marbles"},{"floor":32,"key":"Blood Vial"},{"floor":37,"key":"Thread and Needle"},{"floor":40,"key":"Ancient Tea Set"},{"floor":41,"key":"Ninja Scroll"},{"floor":43,"key":"Kunai"},{"floor":44,"key":"Bottled Lightning"},{"floor":45,"key":"Pocketwatch"},{"floor":48,"key":"MealTicket"},{"floor":49,"key":"Akabeko"}],"event_choices":[{"damage_healed":0.0,"max_hp_gain":0.0,"max_hp_loss":0.0,"gold_gain":0.0,"event_name":"WeMeetAgain","player_choice":"Gave Potion","floor":3.0,"gold_loss":0.0,"damage_taken":0.0,"relics_obtained":["Meat on the Bone"]},{"damage_healed":0.0,"max_hp_gain":0.0,"max_hp_loss":0.0,"gold_gain":0.0,"event_name":"Dead Adventurer","player_choice":"Searched \u00271\u0027 times","floor":8.0,"gold_loss":0.0,"damage_taken":0.0,"relics_obtained":["Anchor"]},{"damage_healed":0,"gold_gain":0,"player_choice":"Take Damage","damage_taken":18,"relics_obtained":["Golden Idol"],"max_hp_gain":0,"max_hp_loss":0,"event_name":"Golden Idol","floor":14,"gold_loss":0},{"damage_healed":0,"gold_gain":0,"player_choice":"Became a Ghost","damage_taken":0,"max_hp_gain":0,"max_hp_loss":38,"event_name":"Ghosts","floor":20,"gold_loss":0,"cards_obtained":["Ghostly","Ghostly","Ghostly","Ghostly","Ghostly"]},{"damage_healed":0,"gold_gain":0,"player_choice":"Gave Idol","damage_taken":0,"relics_obtained":["Bloody Idol"],"max_hp_gain":0,"max_hp_loss":0,"event_name":"Forgotten Altar","floor":22,"relics_lost":["Golden Idol"],"gold_loss":0},{"damage_healed":0,"gold_gain":0,"player_choice":"Fight","damage_taken":0,"max_hp_gain":0,"max_hp_loss":0,"event_name":"MindBloom","floor":37,"gold_loss":0},{"cards_removed":["Strike_G"],"damage_healed":0,"gold_gain":0,"player_choice":"Removed Attack","damage_taken":0,"max_hp_gain":0,"max_hp_loss":0,"event_name":"Falling","floor":38,"gold_loss":0},{"damage_healed":0,"gold_gain":0,"player_choice":"Ignored","damage_taken":0,"max_hp_gain":0,"max_hp_loss":0,"event_name":"Tomb of Lord Red Mask","floor":42,"gold_loss":0}],"is_beta":false,"boss_relics":[{"not_picked":["Tiny House","Philosopher\u0027s Stone"],"picked":"Astrolabe"},{"not_picked":["Cursed Key","Coffee Dripper"],"picked":"HoveringKite"}],"items_purged_floors":[12,36,46],"is_endless":false,"potions_floor_spawned":[1,2,13,16,24,29,31,37,39,48],"ascension_level":1}}