{"host":"wha9hktbkslqvblg","time":1608428618,"event":{"mods":["BaseMod","Colored Map","Minty Spire (QoL Compilation)","Relic Stats","SuperFastMode","everything is the same but u backflip on backflip"],"gold_per_floor":[109,34,34,49,65,65,99,116,140,171,10,21,48,64,64,64,64],"floor_reached":16,"playtime":495,"items_purged":["Bash"],"score":344,"play_id":"e0be5891-2671-4fa4-a5df-7316f19e48a1","local_time":"20201220104338","is_ascension_mode":true,"campfire_choices":[{"data":"Armaments","floor":6.0,"key":"SMITH"},{"floor":15.0,"key":"REST"}],"circlet_count":0,"master_deck":["AscendersBane","Seeing Red","Fiend Fire","Uppercut","True Grit","Armaments+1","Offering","Power Through","Anger","Power Through","Battle Trance","Entrench"],"relics":["Pandora\u0027s Box","Tiny Chest","Anchor","Oddly Smooth Stone","Membership Card","Calipers"],"acts_visited":["Exordium"],"potions_floor_usage":[16],"damage_taken":[{"damage":6.0,"enemies":"Cultist","floor":1.0,"turns":3.0},{"damage":0.0,"enemies":"2 Louse","floor":4.0,"turns":2.0},{"damage":6.0,"enemies":"Jaw Worm","floor":5.0,"turns":1.0},{"damage":6.0,"enemies":"Lagavulin","floor":7.0,"turns":3.0},{"damage":6.0,"enemies":"Blue Slaver","floor":8.0,"turns":2.0},{"damage":6.0,"enemies":"Gremlin Nob","floor":10.0,"turns":2.0},{"damage":10.0,"enemies":"Gremlin Gang","floor":12.0,"turns":3.0},{"damage":16.0,"enemies":"3 Sentries","floor":13.0,"turns":7.0},{"damage":6.0,"enemies":"Lots of Slimes","floor":14.0,"turns":4.0},{"damage":14,"enemies":"The Guardian","floor":16,"turns":13}],"seed_played":"6823072026471424530","potions_obtained":[{"floor":3.0,"key":"Explosive Potion"},{"floor":3.0,"key":"ElixirPotion"},{"floor":5.0,"key":"Dexterity Potion"},{"floor":8.0,"key":"FearPotion"},{"floor":13.0,"key":"FearPotion"}],"is_trial":false,"path_per_floor":["M","$","?","M","M","R","E","M","T","E","$","M","E","M","R","B"],"character_chosen":"IRONCLAD","items_purchased":["Membership Card"],"campfire_rested":1,"item_purchase_floors":[11],"current_hp_per_floor":[62,62,62,62,56,56,50,44,44,38,38,28,12,6,28,14,14],"gold":64,"neow_bonus":"BOSS_RELIC","is_daily":false,"chose_seed":false,"campfire_upgraded":1,"win_rate":0.0,"timestamp":1608428618,"path_taken":["M","?","?","?","M","R","E","?","T","E","$","M","E","M","R","BOSS"],"items_purchased_type":["Relic"],"build_version":"2020-12-13","purchased_purges":1,"victory":false,"max_hp_per_floor":[75,75,75,75,75,75,75,75,75,75,75,75,75,75,75,75,75],"relic_stats":{"counters":[10,40],"Pandora\u0027s Box":["Seeing Red","Fiend Fire","Uppercut","True Grit","Armaments","Offering","Power Through","Anger","Power Through"],"Tiny Chest":0,"obtain_stats":[{"Anchor":9,"Calipers":13,"Oddly Smooth Stone":10,"Pandora\u0027s Box":0,"Tiny Chest":7,"Membership Card":11,"Burning Blood":0},{"Anchor":5,"Calipers":8,"Oddly Smooth Stone":6,"Pandora\u0027s Box":0,"Tiny Chest":4,"Membership Card":6,"Burning Blood":0},{"Anchor":11,"Calipers":23,"Oddly Smooth Stone":13,"Pandora\u0027s Box":0,"Tiny Chest":9,"Membership Card":13,"Burning Blood":0}]},"card_choices":[{"not_picked":["Sword Boomerang","True Grit","Thunderclap"],"picked":"SKIP","floor":1.0},{"not_picked":["Rupture","Twin Strike"],"picked":"Battle Trance","floor":4.0},{"not_picked":["Twin Strike","Spot Weakness","Shockwave"],"picked":"SKIP","floor":5.0},{"not_picked":["Warcry","Searing Blow","Juggernaut"],"picked":"SKIP","floor":7.0},{"not_picked":["Clash","Headbutt"],"picked":"Entrench","floor":8.0},{"not_picked":["Spot Weakness","Havoc","Flex"],"picked":"SKIP","floor":10.0},{"not_picked":["Warcry","Flex","Cleave"],"picked":"SKIP","floor":12.0},{"not_picked":["Iron Wave","Double Tap","Warcry"],"picked":"SKIP","floor":13.0},{"not_picked":["Wild Strike","Iron Wave","Pommel Strike"],"picked":"SKIP","floor":14.0}],"player_experience":876126,"relics_obtained":[{"floor":7.0,"key":"Tiny Chest"},{"floor":9.0,"key":"Anchor"},{"floor":10.0,"key":"Oddly Smooth Stone"},{"floor":13.0,"key":"Calipers"}],"event_choices":[{"damage_healed":0.0,"max_hp_gain":0.0,"max_hp_loss":0.0,"gold_gain":0.0,"event_name":"Lab","player_choice":"Got Potions","floor":3.0,"gold_loss":0.0,"damage_taken":0.0}],"is_beta":false,"boss_relics":[],"items_purged_floors":[2],"is_endless":false,"potions_floor_spawned":[5,8,10,13],"killed_by":"The Guardian","ascension_level":20}}