{"host":"84n1izmkmjxmwtxe","time":1608428709,"event":{"mods":["BaseMod","Minty Spire (QoL Compilation)"],"gold_per_floor":[10,25,45,58,58,87,87,97,165,165,199,210,221,233,233,310,310,322,322,237,0,13,31,31,31],"floor_reached":24,"playtime":1161,"items_purged":["Bash"],"score":424,"play_id":"91b27307-eedc-4930-9bdc-8018225fc94a","local_time":"20201219194509","is_ascension_mode":true,"campfire_choices":[{"data":"Searing Blow","floor":7,"key":"SMITH"},{"data":"Searing Blow+1","floor":10,"key":"SMITH"},{"data":"True Grit","floor":15,"key":"SMITH"}],"circlet_count":0,"master_deck":["AscendersBane","Clothesline","Shockwave","Battle Trance","Thunderclap","Searing Blow+2","Spot Weakness","Armaments","Immolate","True Grit+1","Flame Barrier","Exhume","Rage","Spot Weakness","Demon Form","Inflame","Heavy Blade","Dropkick","Shrug It Off","Flex","Disarm","Dual Wield","Bloodletting"],"relics":["Burning Blood","Red Skull","Pantograph","Torii","Pandora\u0027s Box","Enchiridion","Bag of Marbles","Vajra"],"acts_visited":["Exordium","TheCity"],"potions_floor_usage":[6,6,14,16,16,23],"damage_taken":[{"damage":10,"enemies":"2 Louse","floor":1,"turns":3},{"damage":6,"enemies":"Cultist","floor":2,"turns":3},{"damage":19,"enemies":"Jaw Worm","floor":3,"turns":4},{"damage":14,"enemies":"3 Louse","floor":4,"turns":5},{"damage":12,"enemies":"Gremlin Nob","floor":6,"turns":4},{"damage":8,"enemies":"2 Fungi Beasts","floor":8,"turns":3},{"damage":25,"enemies":"3 Sentries","floor":11,"turns":4},{"damage":2,"enemies":"Looter","floor":12,"turns":3},{"damage":6,"enemies":"3 Louse","floor":13,"turns":2},{"damage":0,"enemies":"Exordium Thugs","floor":14,"turns":2},{"damage":37,"enemies":"The Guardian","floor":16,"turns":8},{"damage":0,"enemies":"3 Byrds","floor":18,"turns":4},{"damage":0,"enemies":"Spheric Guardian","floor":22,"turns":4},{"damage":19,"enemies":"3 Cultists","floor":23,"turns":4},{"damage":10,"enemies":"Gremlin Leader","floor":24,"turns":5}],"seed_played":"-876723273919456143","potions_obtained":[{"floor":2,"key":"PowerPotion"},{"floor":4,"key":"HeartOfIron"},{"floor":11,"key":"Fire Potion"},{"floor":12,"key":"LiquidBronze"},{"floor":14,"key":"SneckoOil"},{"floor":22,"key":"Fire Potion"}],"is_trial":false,"path_per_floor":["M","M","M","M","?","E","R","M","T","R","E","M","M","M","R","B",null,"M","?","?","$","M","M","E"],"character_chosen":"IRONCLAD","items_purchased":["Vajra"],"campfire_rested":0,"item_purchase_floors":[21],"current_hp_per_floor":[78,78,65,57,57,51,51,49,49,49,30,34,34,40,40,34,75,81,60,60,60,66,53,43,43],"gold":31,"neow_bonus":"TWENTY_PERCENT_HP_BONUS","is_daily":false,"chose_seed":false,"campfire_upgraded":3,"win_rate":0.0,"timestamp":1608428709,"path_taken":["M","M","M","M","?","E","R","M","T","R","E","?","M","M","R","BOSS","M","?","?","$","M","M","E"],"items_purchased_type":["Relic"],"build_version":"2020-12-13","purchased_purges":1,"victory":false,"max_hp_per_floor":[89,89,89,89,89,89,89,89,89,89,89,89,89,89,89,89,89,89,89,89,89,89,89,89,89],"card_choices":[{"not_picked":["Body Slam","Flex"],"picked":"Clothesline","floor":1},{"not_picked":["Anger","Intimidate"],"picked":"Shockwave","floor":2},{"not_picked":["Rupture","Armaments"],"picked":"Battle Trance","floor":3},{"not_picked":["Perfected Strike","Havoc"],"picked":"Thunderclap","floor":4},{"not_picked":["Thunderclap","Shockwave"],"picked":"Searing Blow","floor":6},{"not_picked":["Dropkick","Armaments"],"picked":"Spot Weakness","floor":8},{"not_picked":["Burning Pact","Sword Boomerang"],"picked":"Armaments","floor":11},{"not_picked":["Sword Boomerang","Iron Wave"],"picked":"Immolate","floor":12},{"not_picked":["Clash","Intimidate"],"picked":"True Grit","floor":13},{"not_picked":["Armaments","Heavy Blade"],"picked":"Flame Barrier","floor":14},{"not_picked":["Berserk","Feed"],"picked":"Exhume","floor":16},{"not_picked":["Iron Wave","Havoc"],"picked":"Dual Wield","floor":18},{"not_picked":["Feel No Pain","Perfected Strike"],"picked":"Bloodletting","floor":22},{"not_picked":["Clash","Anger+1","Armaments"],"picked":"SKIP","floor":23}],"player_experience":1135068,"relics_obtained":[{"floor":6,"key":"Red Skull"},{"floor":9,"key":"Pantograph"},{"floor":11,"key":"Torii"},{"floor":19,"key":"Enchiridion"}],"event_choices":[{"damage_healed":0,"gold_gain":0,"player_choice":"Got Potions","damage_taken":0,"max_hp_gain":0,"max_hp_loss":0,"event_name":"Lab","floor":5,"gold_loss":0},{"damage_healed":0,"gold_gain":0,"player_choice":"Obtained Book","damage_taken":21,"max_hp_gain":0,"max_hp_loss":0,"event_name":"Cursed Tome","floor":19,"gold_loss":0},{"damage_healed":0,"gold_gain":0,"player_choice":"Obtained Relic","damage_taken":0,"relics_obtained":["Bag of Marbles"],"max_hp_gain":0,"max_hp_loss":0,"event_name":"Addict","floor":20,"gold_loss":85}],"is_beta":false,"boss_relics":[{"not_picked":["Calling Bell","SacredBark"],"picked":"Pandora\u0027s Box"}],"items_purged_floors":[21],"is_endless":false,"potions_floor_spawned":[2,4,11,12,14,22],"killed_by":"Gremlin Leader","ascension_level":20}}