{"host":"f5gffvlv6a66yqkd","time":1608454796,"event":{"mods":["2.2 Compatiblity","BaseMod","Colored Map","DeckTracker","Keyboard Shortcuts","Minty Spire (QoL Compilation)","Permanent Neow","Quick Restart","Relic Stats","StSLib","SuperFastMode"],"gold_per_floor":[109,109,34,34,54,54,72,72,72,72,115,265,265,286,286,376,376,399,76,97,97,112,112,136,136,136],"floor_reached":25,"playtime":625,"items_purged":["Strike_B","Strike_B"],"score":402,"play_id":"a21f0b8e-2de4-4709-9f08-078757207a21","local_time":"20201220175956","is_ascension_mode":true,"campfire_choices":[{"data":"Zap","floor":6.0,"key":"SMITH"},{"data":"Dualcast","floor":8.0,"key":"SMITH"},{"floor":10.0,"key":"REST"},{"data":"Streamline","floor":15.0,"key":"SMITH"},{"floor":23,"key":"REST"}],"circlet_count":0,"master_deck":["AscendersBane","Defend_B","Defend_B","Defend_B","Defend_B","Zap+1","Dualcast+1","Rebound","Conserve Battery","Streamline+1","Glacier","Cold Snap","Doom and Gloom","Core Surge","Beam Cell","Redo","Turbo","Hologram","Undo","Compile Driver"],"relics":["Cracked Core","Golden Idol","Bottled Lightning","Bag of Marbles","Pen Nib","Empty Cage","Medical Kit"],"acts_visited":["Exordium","TheCity"],"potions_floor_usage":[16,25],"damage_taken":[{"damage":4.0,"enemies":"Small Slimes","floor":1.0,"turns":3.0},{"damage":5.0,"enemies":"2 Louse","floor":5.0,"turns":3.0},{"damage":0.0,"enemies":"Cultist","floor":7.0,"turns":3.0},{"damage":21.0,"enemies":"Lagavulin","floor":11.0,"turns":7.0},{"damage":0.0,"enemies":"Looter","floor":14.0,"turns":2.0},{"damage":25,"enemies":"Slime Boss","floor":16,"turns":11},{"damage":15,"enemies":"Shell Parasite","floor":18,"turns":7},{"damage":5,"enemies":"Spheric Guardian","floor":20,"turns":6},{"damage":34,"enemies":"Cultist and Chosen","floor":22,"turns":7},{"damage":15,"enemies":"Snake Plant","floor":24,"turns":3},{"damage":8,"enemies":"Shelled Parasite and Fungi","floor":25,"turns":2}],"seed_played":"-7595829216586900702","potions_obtained":[{"floor":1.0,"key":"Dexterity Potion"},{"floor":7.0,"key":"ColorlessPotion"},{"floor":18,"key":"Fire Potion"}],"is_trial":false,"path_per_floor":["M","?","$","?","M","R","M","R","T","R","E","?","T","M","R","B",null,"M","$","M","?","M","R","M","M"],"character_chosen":"DEFECT","items_purchased":["Medical Kit","Redo"],"campfire_rested":2,"item_purchase_floors":[19,19],"current_hp_per_floor":[60,36,36,41,36,36,36,36,36,58,37,37,37,37,37,12,60,45,45,40,40,6,28,13,5,5],"gold":136,"neow_bonus":"THREE_CARDS","is_daily":false,"chose_seed":false,"campfire_upgraded":3,"win_rate":0.0,"timestamp":1608454796,"path_taken":["M","?","$","?","M","R","M","R","T","R","E","?","?","?","R","BOSS","M","$","M","?","?","R","M","M"],"items_purchased_type":["Relic","Card"],"build_version":"2020-12-13","purchased_purges":2,"victory":false,"max_hp_per_floor":[71,71,71,76,76,76,76,76,76,76,76,76,76,76,76,76,76,76,76,76,76,76,76,76,76,76],"relic_stats":{"counters":[11,54],"Golden Idol":56,"Pen Nib":[4],"Medical Kit":[0],"obtain_stats":[{"Golden Idol":2,"Pen Nib":13,"Bag of Marbles":11,"Bottled Lightning":9,"Cracked Core":0,"Empty Cage":17,"Medical Kit":19},{"Golden Idol":1,"Pen Nib":4,"Bag of Marbles":4,"Bottled Lightning":3,"Cracked Core":0,"Empty Cage":6,"Medical Kit":7},{"Golden Idol":3,"Pen Nib":16,"Bag of Marbles":16,"Bottled Lightning":9,"Cracked Core":0,"Empty Cage":29,"Medical Kit":36}]},"card_choices":[{"not_picked":["Stack","Storm"],"picked":"Rebound","floor":0.0},{"not_picked":["Chill","Melter"],"picked":"Conserve Battery","floor":1.0},{"not_picked":["Reprogram","Sunder"],"picked":"Streamline","floor":5.0},{"not_picked":["Streamline","Hologram"],"picked":"Glacier","floor":7.0},{"not_picked":["BootSequence","Beam Cell"],"picked":"Cold Snap","floor":11.0},{"not_picked":["Genetic Algorithm","Gash"],"picked":"Doom and Gloom","floor":14.0},{"not_picked":["All For One","Hyperbeam"],"picked":"Core Surge","floor":16},{"not_picked":["Sweeping Beam+1","Streamline"],"picked":"Beam Cell","floor":18},{"not_picked":["Rebound+1","Beam Cell"],"picked":"Turbo","floor":20},{"not_picked":["Stack","Gash"],"picked":"Undo","floor":22},{"not_picked":["Rip and Tear","Conserve Battery","Compile Driver"],"picked":"SKIP","floor":24},{"not_picked":["Rip and Tear","Conserve Battery"],"picked":"Compile Driver","floor":24}],"player_experience":1475636,"relics_obtained":[{"floor":9.0,"key":"Bottled Lightning"},{"floor":11.0,"key":"Bag of Marbles"},{"floor":13.0,"key":"Pen Nib"}],"event_choices":[{"damage_healed":0.0,"max_hp_gain":0.0,"max_hp_loss":0.0,"gold_gain":0.0,"event_name":"Golden Idol","player_choice":"Take Damage","floor":2.0,"gold_loss":0.0,"damage_taken":24.0,"relics_obtained":["Golden Idol"]},{"damage_healed":0.0,"max_hp_gain":5.0,"max_hp_loss":0.0,"gold_gain":0.0,"event_name":"Big Fish","player_choice":"Donut","floor":4.0,"gold_loss":0.0,"damage_taken":0.0},{"damage_healed":0.0,"max_hp_gain":0.0,"max_hp_loss":0.0,"gold_gain":150.0,"event_name":"Liars Game","player_choice":"AGREE","floor":12.0,"gold_loss":0.0,"damage_taken":0.0,"cards_obtained":["Doubt"]},{"damage_healed":0,"gold_gain":0,"cards_transformed":["Strike_B"],"player_choice":"Transformed","damage_taken":0,"max_hp_gain":0,"max_hp_loss":0,"event_name":"Transmorgrifier","floor":21,"gold_loss":0,"cards_obtained":["Hologram"]}],"is_beta":false,"boss_relics":[{"not_picked":["Ectoplasm","SacredBark"],"picked":"Empty Cage"}],"items_purged_floors":[3,19],"is_endless":false,"potions_floor_spawned":[1,7,18,20,22,24],"killed_by":"Shelled Parasite and Fungi","ascension_level":20}}