{"host":"ln76an1o32p2wxtf","time":1608481189,"event":{"mods":["AchievementEnabler","Act Like it!","BaseMod","BetterRewards","Colored Powertips","Energized Spire","GifTheSpireLib","Infinite Spire","Minty Spire (QoL Compilation)","Shop Mod","StSLib"],"gold_per_floor":[113,113,113,113,113,141,153,183,240,32,52,63,63,63],"floor_reached":13,"playtime":429,"items_purged":["Defend_P"],"score":113,"play_id":"fb4aaad7-e677-44fa-aaa9-bbab46fa0ba4","local_time":"20201221001949","is_ascension_mode":true,"campfire_choices":[{"floor":7,"key":"RECALL"}],"circlet_count":0,"master_deck":["Strike_P","Strike_P","Strike_P","Defend_P","Defend_P","Defend_P","Eruption","Vigilance","Vengeance","Study"],"relics":["Cracked Core","NeowsBlessing","infinitespire:Cubic Diamond","Pen Nib","MawBank","Damaru"],"acts_visited":["Exordium"],"potions_floor_usage":[],"damage_taken":[{"damage":0,"enemies":"Small Slimes","floor":1,"turns":1},{"damage":0,"enemies":"Gremlin Nob","floor":6,"turns":1},{"damage":0,"enemies":"2 Louse","floor":8,"turns":1},{"damage":2,"enemies":"Cultist","floor":11,"turns":5},{"damage":30,"enemies":"Gremlin Gang","floor":12,"turns":7},{"damage":0,"enemies":"3 Sentries","floor":13,"turns":1}],"seed_played":"6348630364887208836","potions_obtained":[{"floor":1,"key":"infinitespire:BlackPotion"},{"floor":6,"key":"PowerPotion"},{"floor":8,"key":"FearPotion"},{"floor":12,"key":"LiquidMemories"}],"is_trial":false,"path_per_floor":["M","?","?","?","?","E","R","M","T","$","M","M","E"],"character_chosen":"WATCHER","items_purchased":["Damaru"],"campfire_rested":0,"item_purchase_floors":[10],"current_hp_per_floor":[72,72,65,70,70,70,70,70,70,70,68,38,38,38],"gold":63,"neow_bonus":"THREE_ENEMY_KILL","is_daily":false,"chose_seed":false,"campfire_upgraded":0,"win_rate":0.0,"timestamp":1608481189,"path_taken":["M","?","?","?","?","E","R","M","T","$","M","M","E"],"items_purchased_type":["Relic"],"build_version":"2020-12-13","purchased_purges":1,"victory":false,"max_hp_per_floor":[72,72,72,77,77,77,77,77,77,77,77,77,77,77],"card_choices":[{"not_picked":["CrushJoints","JustLucky","EmptyFist"],"picked":"SKIP","floor":1},{"not_picked":["EmptyBody","Meditate","FollowUp"],"picked":"SKIP","floor":6},{"not_picked":["Swivel","JustLucky","SandsOfTime"],"picked":"SKIP","floor":8},{"not_picked":["SignatureMove","Consecrate"],"picked":"Study","floor":11},{"not_picked":["Halt","SandsOfTime","WindmillStrike"],"picked":"SKIP","floor":12}],"player_experience":642029,"relics_obtained":[{"floor":6,"key":"MawBank"}],"event_choices":[{"damage_healed":0,"gold_gain":0,"player_choice":"Success","damage_taken":7,"relics_obtained":["Pen Nib"],"max_hp_gain":0,"max_hp_loss":0,"event_name":"Scrap Ooze","floor":3,"gold_loss":0},{"damage_healed":0,"gold_gain":0,"player_choice":"Donut","damage_taken":0,"max_hp_gain":5,"max_hp_loss":0,"event_name":"Big Fish","floor":4,"gold_loss":0},{"damage_healed":0,"gold_gain":0,"cards_transformed":["Strike_P"],"player_choice":"Transformed","damage_taken":0,"max_hp_gain":0,"max_hp_loss":0,"event_name":"Transmorgrifier","floor":5,"gold_loss":0,"cards_obtained":["Vengeance"]}],"is_beta":false,"boss_relics":[],"items_purged_floors":[10],"is_endless":false,"potions_floor_spawned":[1,6,8,12],"killed_by":"3 Sentries","ascension_level":1}}