{"host":"85dtmvttrcbdj5h5","time":1608442871,"event":{"mods":["AchievementEnabler","BaseMod","Bestiary","Colored Powertips","Filter the Spire","Highlight Path","Minty Spire (QoL Compilation)","Potion Indicator Mod","Relic Stats"],"gold_per_floor":[119,131,143,158,172,172,201,201,201,230,205,221,24,42,42,143,143,158,158,28,39,39,39,68,68,95,95,109,109,136,151,151,247,247,259,269,25,40,40,75,75,106,160,160,193,208,237,252,252,252,252,252,12,40,40,40],"floor_reached":55,"playtime":4947,"items_purged":["Strike_P"],"score":956,"play_id":"654428ea-ff3b-441c-b780-bd202cfc8e9a","local_time":"20201220004111","is_ascension_mode":true,"campfire_choices":[{"data":"Scrawl","floor":6.0,"key":"SMITH"},{"data":"Eruption","floor":8.0,"key":"SMITH"},{"floor":15.0,"key":"REST"},{"data":"Wallop","floor":23.0,"key":"SMITH"},{"data":"Halt","floor":25.0,"key":"SMITH"},{"data":"Ragnarok","floor":27.0,"key":"SMITH"},{"data":"DeusExMachina","floor":32.0,"key":"SMITH"},{"data":"TalkToTheHand","floor":41.0,"key":"SMITH"},{"floor":49.0,"key":"RECALL"},{"data":"SashWhip","floor":52.0,"key":"SMITH"}],"circlet_count":0,"master_deck":["Strike_P","Strike_P","Strike_P","Defend_P","Defend_P","Defend_P","Defend_P","Eruption+1","Vigilance","Wallop+1","Halt+1","Adaptation","Scrawl+1","FlurryOfBlows","ThirdEye","EmptyBody","Conclude","FlurryOfBlows","SashWhip+1","Tantrum","CrushJoints","Ragnarok+1","WheelKick","DeusExMachina+1","Wallop+1","Ragnarok","Protect+1","Omniscience","TalkToTheHand+1","Madness","Madness","ConjureBlade","Clumsy","Halt+1","EmptyMind+1","WheelKick+1","Ragnarok","Wallop+1","WaveOfTheHand+1"],"relics":["PureWater","Prayer Wheel","Bottled Tornado","Snecko Eye","Nloth\u0027s Gift","Gremlin Horn","Blood Vial","Question Card","Cursed Key","HornCleat","Nunchaku","TungstenRod","The Courier","Smiling Mask","Medical Kit","Bronze Scales","Mummified Hand"],"acts_visited":["Exordium","TheCity","TheBeyond","TheEnding"],"potions_floor_usage":[],"damage_taken":[{"damage":0.0,"enemies":"Cultist","floor":1.0,"turns":3.0},{"damage":1.0,"enemies":"Jaw Worm","floor":2.0,"turns":3.0},{"damage":0.0,"enemies":"Small Slimes","floor":3.0,"turns":2.0},{"damage":3.0,"enemies":"Gremlin Gang","floor":4.0,"turns":4.0},{"damage":3.0,"enemies":"Large Slime","floor":5.0,"turns":3.0},{"damage":33.0,"enemies":"Gremlin Nob","floor":7.0,"turns":4.0},{"damage":14.0,"enemies":"Lagavulin","floor":10.0,"turns":11.0},{"damage":1.0,"enemies":"Blue Slaver","floor":12.0,"turns":3.0},{"damage":0.0,"enemies":"2 Fungi Beasts","floor":14.0,"turns":1.0},{"damage":21.0,"enemies":"The Guardian","floor":16.0,"turns":13.0},{"damage":7.0,"enemies":"Shell Parasite","floor":18.0,"turns":5.0},{"damage":8.0,"enemies":"3 Byrds","floor":21.0,"turns":3.0},{"damage":15.0,"enemies":"Gremlin Leader","floor":24.0,"turns":4.0},{"damage":0.0,"enemies":"3 Cultists","floor":28.0,"turns":3.0},{"damage":0.0,"enemies":"Book of Stabbing","floor":30.0,"turns":2.0},{"damage":0.0,"enemies":"Snecko","floor":31.0,"turns":2.0},{"damage":52.0,"enemies":"Collector","floor":33.0,"turns":10.0},{"damage":0.0,"enemies":"3 Shapes","floor":35.0,"turns":3.0},{"damage":0.0,"enemies":"Orb Walker","floor":36.0,"turns":2.0},{"damage":0.0,"enemies":"3 Darklings","floor":38.0,"turns":3.0},{"damage":0.0,"enemies":"Giant Head","floor":40.0,"turns":3.0},{"damage":0.0,"enemies":"Nemesis","floor":42.0,"turns":5.0},{"damage":9.0,"enemies":"Reptomancer","floor":45.0,"turns":4.0},{"damage":4.0,"enemies":"Writhing Mass","floor":46.0,"turns":7.0},{"damage":0.0,"enemies":"Giant Head","floor":47.0,"turns":5.0},{"damage":14.0,"enemies":"Sphere and 2 Shapes","floor":48.0,"turns":4.0},{"damage":7.0,"enemies":"Awakened One","floor":50.0,"turns":9.0},{"damage":28.0,"enemies":"Shield and Spear","floor":54.0,"turns":5.0},{"damage":47,"enemies":"The Heart","floor":55,"turns":8}],"seed_played":"-1060267787589138003","potions_obtained":[{"floor":4.0,"key":"GamblersBrew"},{"floor":7.0,"key":"EssenceOfSteel"},{"floor":12.0,"key":"Swift Potion"},{"floor":16.0,"key":"Energy Potion"},{"floor":31.0,"key":"Fire Potion"},{"floor":35.0,"key":"LiquidMemories"},{"floor":36.0,"key":"FearPotion"},{"floor":40.0,"key":"DistilledChaos"},{"floor":47.0,"key":"BlessingOfTheForge"}],"is_trial":false,"path_per_floor":["M","M","M","M","M","R","E","R","T","E","?","M","$","M","R","B",null,"M","?","$","M","?","R","E","R","T","R","M","?","E","M","R","B",null,"M","M","$","M","?","E","R","E","T","?","E","M","E","M","R","B",null,"R","$","E","B"],"character_chosen":"WATCHER","items_purchased":["Tantrum","BottledMiracle","WheelKick","Energy Potion","HornCleat","Medical Kit","Bronze Scales"],"campfire_rested":1,"item_purchase_floors":[13,13,20,20,37,53,53],"current_hp_per_floor":[72,71,71,68,65,65,32,32,32,18,18,17,17,17,38,17,72,65,65,65,57,57,57,42,42,42,42,44,68,70,72,72,20,72,72,72,72,72,63,65,65,67,67,67,60,58,60,48,48,43,72,72,72,44,0,0],"gold":40,"neow_bonus":"THREE_CARDS","is_daily":false,"chose_seed":false,"campfire_upgraded":8,"win_rate":0.0,"timestamp":1608442871,"path_taken":["M","M","?","M","M","R","E","R","T","E","?","M","?","M","R","BOSS","M","?","$","M","?","R","E","R","T","R","?","?","E","M","R","BOSS","M","M","$","M","?","E","R","E","T","?","E","M","E","M","R","BOSS","R","$","E","BOSS"],"items_purchased_type":["Card","Potion","Card","Potion","Relic","Relic","Relic"],"build_version":"2020-12-13","purchased_purges":1,"victory":false,"max_hp_per_floor":[72,72,72,72,72,72,72,72,72,72,72,72,72,72,72,72,72,72,72,72,72,72,72,72,72,72,72,72,72,72,72,72,72,72,72,72,72,72,72,72,72,72,72,72,72,72,72,72,72,72,72,72,72,72,72,72],"relic_stats":{"Gremlin Horn":[20,21],"counters":[29,134],"Question Card":18,"Cursed Key":1,"Smiling Mask":0,"Medical Kit":[4],"Blood Vial":22,"Nunchaku":[15],"Mummified Hand":[1],"Bronze Scales":[129],"Snecko Eye":[211,203,172,214],"Prayer Wheel":11,"Nloth\u0027s Gift":9,"obtain_stats":[{"Gremlin Horn":24,"The Courier":45,"Bottled Tornado":9,"Question Card":30,"Cursed Key":34,"Smiling Mask":47,"Medical Kit":53,"Blood Vial":26,"Bottled Flame":10,"Nunchaku":40,"HornCleat":37,"Mummified Hand":54,"Bronze Scales":53,"Snecko Eye":17,"Prayer Wheel":7,"Nloth\u0027s Gift":22,"PureWater":0,"TungstenRod":42},{"Gremlin Horn":13,"The Courier":23,"Bottled Tornado":6,"Question Card":15,"Cursed Key":17,"Smiling Mask":25,"Medical Kit":27,"Blood Vial":13,"Bottled Flame":7,"Nunchaku":21,"HornCleat":19,"Mummified Hand":28,"Bronze Scales":27,"Snecko Eye":10,"Prayer Wheel":6,"Nloth\u0027s Gift":12,"PureWater":0,"TungstenRod":22},{"Gremlin Horn":59,"The Courier":96,"Bottled Tornado":19,"Question Card":64,"Cursed Key":76,"Smiling Mask":108,"Medical Kit":121,"Blood Vial":59,"Bottled Flame":30,"Nunchaku":87,"HornCleat":81,"Mummified Hand":126,"Bronze Scales":121,"Snecko Eye":47,"Prayer Wheel":19,"Nloth\u0027s Gift":55,"PureWater":0,"TungstenRod":92}],"TungstenRod":37},"card_choices":[{"not_picked":["PathToVictory","Adaptation"],"picked":"Wallop","floor":0.0},{"not_picked":["EmptyFist","FlyingSleeves"],"picked":"Halt","floor":1.0},{"not_picked":["Protect","FollowUp"],"picked":"Adaptation","floor":2.0},{"not_picked":["Adaptation","Weave"],"picked":"Scrawl","floor":3.0},{"not_picked":["Collect","Adaptation"],"picked":"FlurryOfBlows","floor":4.0},{"not_picked":["Vengeance","EmptyBody"],"picked":"ThirdEye","floor":5.0},{"not_picked":["FlyingSleeves","DeusExMachina"],"picked":"EmptyBody","floor":7.0},{"not_picked":["CarveReality","Nirvana"],"picked":"Conclude","floor":10.0},{"not_picked":["Conclude","BowlingBash"],"picked":"FlurryOfBlows","floor":12.0},{"not_picked":["Weave","EmptyMind"],"picked":"SashWhip","floor":12.0},{"not_picked":["WreathOfFlame","PathToVictory"],"picked":"CrushJoints","floor":14.0},{"not_picked":["FlyingSleeves","BowlingBash","Crescendo"],"picked":"SKIP","floor":14.0},{"not_picked":["Alpha","Blasphemy"],"picked":"Ragnarok","floor":16.0},{"not_picked":["Halt","FlyingSleeves","Crescendo+1"],"picked":"SKIP","floor":18.0},{"not_picked":["JustLucky+1","Conclude","ThirdEye+1"],"picked":"SKIP","floor":18.0},{"not_picked":["EmptyFist+1","BattleHymn","Halt"],"picked":"SKIP","floor":21.0},{"not_picked":["Study","JustLucky","FearNoEvil"],"picked":"SKIP","floor":21.0},{"not_picked":["Evaluate+1","BattleHymn","EmptyBody+1"],"picked":"SKIP","floor":24.0},{"not_picked":["EmptyFist+1","FlurryOfBlows+1"],"picked":"DeusExMachina","floor":28.0},{"not_picked":["Consecrate","FlurryOfBlows+1"],"picked":"Wallop","floor":28.0},{"not_picked":["WreathOfFlame+1","Weave"],"picked":"Ragnarok","floor":30.0},{"not_picked":["Consecrate","Wireheading+1","FollowUp+1"],"picked":"Protect+1","floor":31.0},{"not_picked":["ThirdEye","MentalFortress","EmptyFist","InnerPeace"],"picked":"SKIP","floor":31.0},{"not_picked":["Establishment","Scrawl","MasterReality"],"picked":"Omniscience","floor":33.0},{"not_picked":["SignatureMove+1","SashWhip+1","ClearTheMind","FlurryOfBlows+1"],"picked":"SKIP","floor":35.0},{"not_picked":["Consecrate+1","FlyingSleeves+1","ClearTheMind","FearNoEvil+1"],"picked":"SKIP","floor":35.0},{"not_picked":["ReachHeaven+1","Pray","ThirdEye+1"],"picked":"TalkToTheHand","floor":36.0},{"not_picked":["Evaluate+1","DeceiveReality+1","Consecrate+1","JustLucky"],"picked":"SKIP","floor":36.0},{"not_picked":["EmptyFist+1","SashWhip+1","JustLucky","BattleHymn"],"picked":"SKIP","floor":38.0},{"not_picked":["CutThroughFate","Brilliance","WreathOfFlame","SashWhip"],"picked":"SKIP","floor":38.0},{"not_picked":["Devotion","Evaluate","Judgement"],"picked":"ConjureBlade","floor":40.0},{"not_picked":["FlyingSleeves+1","Adaptation+1","Nirvana+1","PathToVictory"],"picked":"SKIP","floor":42.0},{"not_picked":["CrushJoints+1","Brilliance","ConjureBlade"],"picked":"Halt+1","floor":45.0},{"not_picked":["Pray","Consecrate","Crescendo"],"picked":"EmptyMind+1","floor":46.0},{"not_picked":["PathToVictory+1","JustLucky+1","BowlingBash+1","CarveReality"],"picked":"SKIP","floor":46.0},{"not_picked":["Establishment","JustLucky","Judgement"],"picked":"WheelKick+1","floor":47.0},{"not_picked":["Fasting2","FlyingSleeves+1","SignatureMove+1"],"picked":"Ragnarok","floor":48.0},{"not_picked":["Halt+1","FlyingSleeves+1","BowlingBash"],"picked":"Wallop+1","floor":48.0},{"not_picked":["JustLucky+1","LessonLearned","WreathOfFlame+1"],"picked":"WaveOfTheHand+1","floor":54.0}],"player_experience":131855,"relics_obtained":[{"floor":7.0,"key":"Prayer Wheel"},{"floor":9.0,"key":"Bottled Tornado"},{"floor":10.0,"key":"Bottled Flame"},{"floor":24.0,"key":"Gremlin Horn"},{"floor":26.0,"key":"Blood Vial"},{"floor":30.0,"key":"Question Card"},{"floor":40.0,"key":"Nunchaku"},{"floor":42.0,"key":"TungstenRod"},{"floor":45.0,"key":"The Courier"},{"floor":47.0,"key":"Smiling Mask"},{"floor":54.0,"key":"Mummified Hand"}],"event_choices":[{"damage_healed":0.0,"max_hp_gain":0.0,"max_hp_loss":0.0,"gold_gain":0.0,"event_name":"World of Goop","player_choice":"Left Gold","floor":11.0,"gold_loss":25.0,"damage_taken":0.0},{"damage_healed":0.0,"max_hp_gain":0.0,"max_hp_loss":0.0,"gold_gain":0.0,"event_name":"Ghosts","player_choice":"Ignored","floor":19.0,"gold_loss":0.0,"damage_taken":0.0},{"damage_healed":0.0,"max_hp_gain":0.0,"max_hp_loss":0.0,"gold_gain":0.0,"event_name":"N\u0027loth","player_choice":"Traded Relic","floor":22.0,"relics_lost":["Bottled Flame"],"gold_loss":0.0,"damage_taken":0.0,"relics_obtained":["Nloth\u0027s Gift"]},{"damage_healed":24.0,"max_hp_gain":0.0,"max_hp_loss":0.0,"gold_gain":0.0,"event_name":"The Library","player_choice":"Heal","floor":29.0,"gold_loss":0.0,"damage_taken":0.0},{"damage_healed":0.0,"max_hp_gain":0.0,"max_hp_loss":0.0,"gold_gain":0.0,"event_name":"Winding Halls","player_choice":"Embrace Madness","floor":39.0,"gold_loss":0.0,"damage_taken":9.0,"cards_obtained":["Madness","Madness"]},{"damage_healed":0.0,"max_hp_gain":0.0,"max_hp_loss":0.0,"gold_gain":0.0,"event_name":"Accursed Blacksmith","player_choice":"Forge","floor":44.0,"gold_loss":0.0,"damage_taken":0.0,"cards_upgraded":["Wallop"]}],"is_beta":false,"boss_relics":[{"not_picked":["Empty Cage","SlaversCollar"],"picked":"Snecko Eye"},{"not_picked":["Tiny House","Runic Pyramid"],"picked":"Cursed Key"}],"items_purged_floors":[13],"is_endless":false,"potions_floor_spawned":[4,7,12,16,31,35,36,40,47],"killed_by":"The Heart","ascension_level":1}}