{"host":"xi8yg1ddhptuxb9d","time":1608480944,"event":{"mods":["AchievementEnabler","AlwaysNeverKeys","BaseMod","Block Reminder","Minty Spire (QoL Compilation)","Relic Sorter","StSLib"],"gold_per_floor":[109,129,143,163,173,173,206,206,206,239,287,287,287,257,257,336,336,351,351,371,386,435,435,463,463,490,490,504,554,370,395,395,473,473,520,178,222,277,277,277,312,312,312,324,371,30,30,44,44,44,44],"floor_reached":50,"playtime":2821,"items_purged":["Pain"],"score":1221,"play_id":"3117cd74-a44e-4d24-8198-420ff103a7ab","local_time":"20201220111544","is_ascension_mode":true,"campfire_choices":[{"data":"Eruption","floor":6.0,"key":"SMITH"},{"data":"Wish","floor":8.0,"key":"SMITH"},{"floor":13.0,"key":"REST"},{"data":"TalkToTheHand","floor":15.0,"key":"SMITH"},{"data":"Vault","floor":23.0,"key":"SMITH"},{"floor":25.0,"key":"REST"},{"floor":27.0,"key":"REST"},{"data":"Meditate","floor":32.0,"key":"SMITH"},{"data":"Devotion","floor":40.0,"key":"SMITH"},{"floor":42.0,"key":"REST"},{"data":"TalkToTheHand","floor":44.0,"key":"SMITH"},{"data":"Apotheosis","floor":47.0,"key":"SMITH"},{"floor":49,"key":"REST"}],"circlet_count":0,"master_deck":["AscendersBane","Strike_P","Strike_P","Strike_P","Strike_P","Defend_P","Defend_P","Defend_P+1","Defend_P","Eruption+1","Vigilance","Brilliance","WheelKick","FearNoEvil","Crescendo","Conclude","CutThroughFate+1","Wish+1","TalkToTheHand+1","Evaluate","Vault+1","EmptyBody","ThirdEye","ClearTheMind+1","Meditate+1","TalkToTheHand+1","DeceiveReality","Adaptation","Prostrate","Protect","Devotion+1","Prostrate","Ragnarok","Protect","Tantrum","Crescendo+1","Apotheosis+1","Brilliance"],"relics":["PureWater","TeardropLocket","Potion Belt","Pen Nib","Philosopher\u0027s Stone","Letter Opener","Regal Pillow","InkBottle","Sozu","Blood Vial","StoneCalendar","WarpedTongs","Pear","MawBank","Shuriken"],"acts_visited":["Exordium","TheCity","TheBeyond"],"potions_floor_usage":[],"damage_taken":[{"damage":0.0,"enemies":"Cultist","floor":1.0,"turns":2.0},{"damage":0.0,"enemies":"Small Slimes","floor":2.0,"turns":1.0},{"damage":6.0,"enemies":"2 Louse","floor":3.0,"turns":3.0},{"damage":14.0,"enemies":"Lots of Slimes","floor":4.0,"turns":4.0},{"damage":4.0,"enemies":"Red Slaver","floor":5.0,"turns":2.0},{"damage":5.0,"enemies":"3 Sentries","floor":7.0,"turns":3.0},{"damage":0.0,"enemies":"Lagavulin","floor":10.0,"turns":3.0},{"damage":0.0,"enemies":"2 Fungi Beasts","floor":11.0,"turns":2.0},{"damage":17.0,"enemies":"The Guardian","floor":16.0,"turns":7.0},{"damage":17.0,"enemies":"Spheric Guardian","floor":18.0,"turns":6.0},{"damage":0.0,"enemies":"Shell Parasite","floor":20.0,"turns":2.0},{"damage":0.0,"enemies":"Cultist and Chosen","floor":21.0,"turns":1.0},{"damage":4.0,"enemies":"Snecko","floor":22.0,"turns":5.0},{"damage":23.0,"enemies":"Slavers","floor":24.0,"turns":11.0},{"damage":4.0,"enemies":"Centurion and Healer","floor":28.0,"turns":2.0},{"damage":14.0,"enemies":"Book of Stabbing","floor":31.0,"turns":4.0},{"damage":20.0,"enemies":"Champ","floor":33.0,"turns":11.0},{"damage":5.0,"enemies":"Orb Walker","floor":35.0,"turns":3.0},{"damage":18.0,"enemies":"3 Shapes","floor":37.0,"turns":3.0},{"damage":0.0,"enemies":"Mind Bloom Boss Battle","floor":38.0,"turns":5.0},{"damage":23.0,"enemies":"Nemesis","floor":41.0,"turns":5.0},{"damage":27.0,"enemies":"Giant Head","floor":45.0,"turns":7.0},{"damage":10,"enemies":"Sphere and 2 Shapes","floor":48,"turns":5},{"damage":75,"enemies":"Time Eater","floor":50,"turns":5}],"seed_played":"7216851749687280464","potions_obtained":[{"floor":2.0,"key":"Weak Potion"},{"floor":5.0,"key":"Strength Potion"},{"floor":11.0,"key":"Swift Potion"},{"floor":14.0,"key":"Block Potion"},{"floor":14.0,"key":"SkillPotion"},{"floor":16.0,"key":"GamblersBrew"},{"floor":22.0,"key":"DuplicationPotion"},{"floor":24.0,"key":"SneckoOil"},{"floor":28.0,"key":"StancePotion"}],"is_trial":false,"path_per_floor":["M","M","M","M","M","R","E","R","T","E","M","?","R","?","R","B",null,"M","$","M","M","M","R","E","R","T","R","M","?","$","E","R","B",null,"M","$","M","?","?","R","E","R","T","R","E","$","R","M","R","B"],"character_chosen":"WATCHER","items_purchased":["DeceiveReality","Adaptation","Prostrate","Blood Vial","Ragnarok","Apotheosis","Brilliance"],"campfire_rested":5,"item_purchase_floors":[30,30,30,36,36,46,46],"current_hp_per_floor":[61,61,55,41,37,37,32,32,32,32,32,12,32,32,32,15,55,38,38,38,38,34,34,11,31,31,66,62,62,62,48,48,28,58,53,53,37,39,39,39,28,66,66,66,41,41,41,33,71,0,0],"gold":44,"neow_bonus":"ONE_RANDOM_RARE_CARD","is_daily":false,"chose_seed":false,"campfire_upgraded":8,"win_rate":0.0,"timestamp":1608480944,"path_taken":["M","M","M","M","?","R","E","R","T","E","M","?","R","?","R","BOSS","M","?","?","M","M","R","E","R","T","R","M","?","$","E","R","BOSS","M","?","M","?","?","R","E","R","T","R","E","$","R","M","R","BOSS"],"items_purchased_type":["Card","Card","Card","Relic","Card","Card","Card"],"build_version":"2020-12-13","purchased_purges":1,"victory":false,"max_hp_per_floor":[68,68,68,68,68,68,68,68,68,68,68,68,68,68,68,68,68,68,68,68,68,68,68,68,68,68,68,68,68,68,68,68,68,68,68,68,68,68,68,68,78,78,78,78,78,78,78,78,78,78,78],"card_choices":[{"not_picked":["CrushJoints","Protect"],"picked":"WheelKick","floor":1.0},{"not_picked":["Crescendo","BowlingBash"],"picked":"FearNoEvil","floor":2.0},{"not_picked":["SashWhip","Halt"],"picked":"Crescendo","floor":3.0},{"not_picked":["ThirdEye","DeceiveReality"],"picked":"Conclude","floor":4.0},{"not_picked":["Consecrate","FlurryOfBlows"],"picked":"CutThroughFate","floor":5.0},{"not_picked":["ThirdEye","FlyingSleeves"],"picked":"Wish","floor":7.0},{"not_picked":["FlyingSleeves","FollowUp"],"picked":"TalkToTheHand","floor":10.0},{"not_picked":["FlyingSleeves","Prostrate"],"picked":"Evaluate","floor":11.0},{"not_picked":["MasterReality","Scrawl"],"picked":"Vault","floor":16.0},{"not_picked":["PathToVictory","Prostrate"],"picked":"EmptyBody","floor":18.0},{"not_picked":["Wish","SignatureMove"],"picked":"ThirdEye","floor":20.0},{"not_picked":["Prostrate","JustLucky","Indignation"],"picked":"SKIP","floor":21.0},{"not_picked":["CutThroughFate","Fasting2"],"picked":"ClearTheMind+1","floor":22.0},{"not_picked":["Vengeance","ClearTheMind"],"picked":"Meditate","floor":24.0},{"not_picked":["Weave","CutThroughFate+1"],"picked":"TalkToTheHand","floor":28.0},{"not_picked":["Evaluate","Fasting2"],"picked":"Protect","floor":31.0},{"not_picked":["Wish","Blasphemy"],"picked":"Devotion","floor":33.0},{"not_picked":["ThirdEye","CutThroughFate"],"picked":"Prostrate","floor":35.0},{"not_picked":["BowlingBash+1","Consecrate+1"],"picked":"Protect","floor":37.0},{"not_picked":["Sanctity","PathToVictory"],"picked":"Tantrum","floor":38.0},{"not_picked":["FlurryOfBlows","JustLucky+1"],"picked":"Crescendo+1","floor":41.0},{"not_picked":["SashWhip","Protect","Pray"],"picked":"SKIP","floor":45.0},{"not_picked":["JustLucky","Crescendo","Ragnarok"],"picked":"SKIP","floor":48}],"player_experience":634732,"relics_obtained":[{"floor":7.0,"key":"TeardropLocket"},{"floor":9.0,"key":"Potion Belt"},{"floor":10.0,"key":"Pen Nib"},{"floor":24.0,"key":"Letter Opener"},{"floor":26.0,"key":"Regal Pillow"},{"floor":31.0,"key":"InkBottle"},{"floor":38.0,"key":"StoneCalendar"},{"floor":41.0,"key":"Pear"},{"floor":43.0,"key":"MawBank"},{"floor":45.0,"key":"Shuriken"}],"event_choices":[{"damage_healed":0.0,"max_hp_gain":0.0,"max_hp_loss":0.0,"gold_gain":0.0,"event_name":"Shining Light","player_choice":"Entered Light","floor":12.0,"gold_loss":0.0,"damage_taken":20.0,"cards_upgraded":["CutThroughFate","Defend_P"]},{"damage_healed":0.0,"max_hp_gain":0.0,"max_hp_loss":0.0,"gold_gain":0.0,"event_name":"The Woman in Blue","player_choice":"Bought 2 Potions","floor":14.0,"gold_loss":0.0,"damage_taken":0.0},{"damage_healed":0.0,"max_hp_gain":0.0,"max_hp_loss":0.0,"gold_gain":100.0,"event_name":"The Joust","player_choice":"Bet on Murderer","floor":29.0,"gold_loss":50.0,"damage_taken":0.0},{"damage_healed":0.0,"max_hp_gain":0.0,"max_hp_loss":0.0,"gold_gain":0.0,"event_name":"MindBloom","player_choice":"Fight","floor":38.0,"gold_loss":0.0,"damage_taken":0.0},{"damage_healed":0.0,"max_hp_gain":0.0,"max_hp_loss":0.0,"gold_gain":0.0,"event_name":"Accursed Blacksmith","player_choice":"Rummage","floor":39.0,"gold_loss":0.0,"damage_taken":0.0,"relics_obtained":["WarpedTongs"],"cards_obtained":["Pain"]}],"is_beta":false,"boss_relics":[{"not_picked":["Fusion Hammer","Calling Bell"],"picked":"Philosopher\u0027s Stone"},{"not_picked":["Black Star","Tiny House"],"picked":"Sozu"}],"items_purged_floors":[46],"is_endless":false,"potions_floor_spawned":[2,5,11,16,22,24,28,35,45],"killed_by":"Time Eater","ascension_level":20}}