{"host":"3c27c697js19kaoo","time":1608440759,"event":{"mods":["Aspiration","BaseMod","CapriCore","Dota2Spire","Hermit","Minty Spire (QoL Compilation)","Quick Restart","Remilia£®¿Ÿ√◊¿Ú—«£©","Replay The Spire","Robot Space Explorer","Spicy Shops","StSLib","The Alterego","The Cursed","The Runesmith","The Servant 0.9.4","vexMod","°æ“≈ŒÔø®≈∆°øREMEMod"],"gold_per_floor":[116,129,129,69,69,97,116,116,195,206,241,241,258,269,269,385,1063,1088,1120,1162,1189,1201,1213,1237,1269,1305,1317,1317],"floor_reached":27,"playtime":819,"items_purged":["Parasite"],"score":277,"play_id":"9b0f6e58-ee2e-4bdf-b49a-7d0dc6be5e09","local_time":"20201220130559","is_ascension_mode":false,"campfire_choices":[{"data":"Runesmith:UnlimitedPower","floor":8,"key":"SMITH"},{"floor":15,"key":"DIG"},{"floor":23,"key":"REST"}],"circlet_count":0,"master_deck":["Runesmith:Strike_RS","Runesmith:Strike_RS","Runesmith:Strike_RS","Runesmith:Defend_RS","Runesmith:Defend_RS","Runesmith:Defend_RS","Runesmith:Defend_RS","Runesmith:CraftFirestone","Runesmith:Fortify","RobotSpaceExplorer:ChargingLaser","Runesmith:UnlimitedPower+1","Runesmith:CraftIncendium","Runesmith:CraftIncendium","Runesmith:ReplicatingBarrier","Runesmith:StaticCage+1","Runesmith:ChiselStab","Runesmith:GrandSlam"],"relics":["Runesmith:BrokenRuby","REME_ComplimentaryCards","NeowsBlessing","ReplayTheSpireMod:CursedCoin","Iron Hammer","MealTicket","REME_HourglassOfDeath","Bronze Scales","MawBank","vexMod:RockOfEvil","Red Mask","CultistMask","Dota2Spire:BladeMail"],"acts_visited":["Exordium","TheCity"],"potions_floor_usage":[2,14,20,25,25,27],"damage_taken":[{"damage":0,"enemies":"Cultist","floor":1,"turns":1},{"damage":0,"enemies":"Small Slimes","floor":2,"turns":1},{"damage":0,"enemies":"Lagavulin","floor":6,"turns":1},{"damage":2,"enemies":"Jaw Worm","floor":7,"turns":3},{"damage":1,"enemies":"2 Fungi Beasts","floor":10,"turns":3},{"damage":10,"enemies":"Gremlin Nob","floor":11,"turns":4},{"damage":0,"enemies":"Red Slaver","floor":13,"turns":3},{"damage":8,"enemies":"3 Louse","floor":14,"turns":2},{"damage":24,"enemies":"Hexaghost","floor":16,"turns":7},{"damage":0,"enemies":"Spheric Guardian","floor":18,"turns":3},{"damage":3,"enemies":"3 Byrds","floor":19,"turns":2},{"damage":17,"enemies":"Masked Bandits","floor":20,"turns":4},{"damage":0,"enemies":"Shelled Parasite and Fungi","floor":21,"turns":5},{"damage":7,"enemies":"Chosen and Byrds","floor":24,"turns":6},{"damage":12,"enemies":"Snake Plant","floor":25,"turns":4},{"damage":10,"enemies":"Slavers","floor":27,"turns":2}],"seed_played":"6556442407951930303","potions_obtained":[{"floor":1,"key":"Strength Potion"},{"floor":2,"key":"EntropicBrew"},{"floor":11,"key":"SkillPotion"},{"floor":16,"key":"Toxic Potion"},{"floor":20,"key":"Flashbang"},{"floor":21,"key":"DistilledChaos"},{"floor":25,"key":"Energy Potion"}],"is_trial":false,"path_per_floor":["M","M","?","$","T","E","M","R","T","M","E","?","M","M","R","B",null,"M","M","?","M","?","R","M","M","T","E"],"character_chosen":"RUNESMITH_CLASS","items_purchased":["ReplayTheSpireMod:CursedCoin","Runesmith:UnlimitedPower"],"campfire_rested":1,"item_purchase_floors":[4,4],"current_hp_per_floor":[70,70,70,67,67,67,65,65,65,64,54,54,54,46,46,22,34,34,31,14,14,14,24,17,5,5,0,0],"gold":1317,"neow_bonus":"THREE_ENEMY_KILL","is_daily":false,"chose_seed":false,"campfire_upgraded":1,"win_rate":0.0,"timestamp":1608440759,"path_taken":["M","?","?","$","?","E","M","R","T","M","E","?","M","M","R","BOSS","M","?","?","M","?","R","M","M","T","E"],"items_purchased_type":["Relic","Card"],"build_version":"2020-12-13","purchased_purges":1,"victory":false,"max_hp_per_floor":[70,70,70,67,67,67,67,67,67,67,67,67,67,67,67,67,34,34,34,34,34,34,34,34,34,34,34,34],"card_choices":[{"not_picked":["Runesmith:EarthShield","Runesmith:Accelerate","Runesmith:CraftMagma"],"picked":"SKIP","floor":1},{"not_picked":["Runesmith:RuneHurl","Runesmith:Malloc","Runesmith:MakeshiftArmor"],"picked":"SKIP","floor":2},{"not_picked":["Runesmith:MakeshiftArmor","Runesmith:HammerThrow"],"picked":"Runesmith:CraftIncendium","floor":6},{"not_picked":["Runesmith:MakeshiftArmor","Runesmith:GoWithTheFlow","Runesmith:Electrocute"],"picked":"SKIP","floor":7},{"not_picked":["Runesmith:HeatExchange","Runesmith:HeatedChisel","Runesmith:EarthShield"],"picked":"SKIP","floor":10},{"not_picked":["Runesmith:FrozenChisel","Runesmith:DuctTape"],"picked":"Runesmith:CraftIncendium","floor":11},{"not_picked":["Runesmith:RuneHurl","Runesmith:ShiftingStrike","Runesmith:HammerTime"],"picked":"SKIP","floor":13},{"not_picked":["Runesmith:CraftReservo","Runesmith:ShiftingStrike","Runesmith:HammerAndChisel"],"picked":"SKIP","floor":14},{"not_picked":["Runesmith:ArcReactor","Runesmith:LightningRod"],"picked":"Runesmith:ReplicatingBarrier","floor":16},{"not_picked":["Runesmith:UnstableHammer","Runesmith:ShiftingStrike"],"picked":"Runesmith:StaticCage+1","floor":18},{"not_picked":["Runesmith:StaticCage","Runesmith:HeatExchange","Runesmith:RuneHurl"],"picked":"SKIP","floor":19},{"not_picked":["Runesmith:EarthShield","Runesmith:Refine"],"picked":"Runesmith:ChiselStab","floor":20},{"not_picked":["Runesmith:MakeshiftArmor+1","Runesmith:NegativeSpace+1","Runesmith:EnergizedChisel"],"picked":"SKIP","floor":21},{"not_picked":["Runesmith:HeatExchange","Runesmith:HammerAndChisel"],"picked":"Runesmith:GrandSlam","floor":24},{"not_picked":["Runesmith:Grindstone","Runesmith:EnergizedChisel+1","Runesmith:BackupBattery"],"picked":"SKIP","floor":25}],"player_experience":143746,"relics_obtained":[{"floor":5,"key":"Iron Hammer"},{"floor":6,"key":"MealTicket"},{"floor":9,"key":"REME_HourglassOfDeath"},{"floor":11,"key":"Bronze Scales"},{"floor":15,"key":"MawBank"},{"floor":20,"key":"Red Mask"},{"floor":26,"key":"Dota2Spire:BladeMail"}],"event_choices":[{"cards_removed":["Runesmith:Strike_RS"],"damage_healed":0,"gold_gain":0,"player_choice":"Purged","damage_taken":0,"max_hp_gain":0,"max_hp_loss":0,"event_name":"Purifier","floor":3,"gold_loss":0},{"damage_healed":0,"gold_gain":0,"player_choice":"Bought 0 Potions","damage_taken":0,"max_hp_gain":0,"max_hp_loss":0,"event_name":"The Woman in Blue","floor":12,"gold_loss":0},{"damage_healed":0,"gold_gain":0,"player_choice":"Fought Bandits","damage_taken":0,"max_hp_gain":0,"max_hp_loss":0,"event_name":"Masked Bandits","floor":20,"gold_loss":0},{"damage_healed":0,"gold_gain":0,"player_choice":"Trade","damage_taken":0,"relics_obtained":["CultistMask"],"max_hp_gain":0,"max_hp_loss":0,"event_name":"FaceTrader","floor":22,"gold_loss":0}],"is_beta":false,"boss_relics":[{"not_picked":["Replay:Grab Bag","Replay:Wanted Poster"],"picked":"vexMod:RockOfEvil"}],"items_purged_floors":[4],"is_endless":false,"potions_floor_spawned":[1,2,10,11,16,19,20,21,25],"killed_by":"Slavers","ascension_level":0}}