{"host":"knoo6yq0od847mqf","time":1608476577,"event":{"mods":["BaseMod","Bestiary","CatGirl Mod","Displayed Cursed Tome","Downfall","Hermit","Hubris","Marisa????????","Minty Spire (QoL Compilation)","Prisma Mod","Replay The Spire","StSLib","The Alterego","The Bug Knight","The Cursed","The Dragon Tamer","The Exalted","The Vixen"],"gold_per_floor":[364,364,380,398,417,417,445,459,459,534,545,545,572,542,542,637,637,649,661,383,308,308,341,359,372,372,372,382,382,410,425,425,530,530,540,540,540,540,566,407,407,441,457,457,457,457,457],"floor_reached":51,"playtime":2048,"items_purged":["hubris:Wrath","Strike_MRS"],"score":853,"play_id":"89e10c68-0aa7-46a2-a2df-443a2b59c172","local_time":"20201220160256","is_ascension_mode":false,"campfire_choices":[{"data":"TreasureHunter","floor":6,"key":"SMITH"},{"floor":12,"key":"REST"},{"floor":15,"key":"REST"},{"floor":27,"key":"REST"},{"data":"CollectingQuirk","floor":29,"key":"SMITH"},{"data":"BlazeAway","floor":32,"key":"SMITH"},{"data":"MagicChant","floor":40,"key":"SMITH"},{"floor":47,"key":"REST"},{"data":"FinalSpark","floor":49,"key":"SMITH"}],"circlet_count":0,"master_deck":["TreasureHunter+1","Strike_MRS+1","Defend_MRS","Defend_MRS","Defend_MRS","Defend_MRS","MasterSpark","UpSweep+1","MagicChant+1","BlazingStar+1","BlazeAway+1","GasGiant","CasketOfStar","MachineGunSpark+1","Singularity","ChargingUp","PropBag","CollectingQuirk+1","DoubleSpark+1","FinalSpark+1","PulseMagic+1","SprinkleStarSeal+1","Decay","PropBag","Replay:Sssssssssshield"],"relics":["MiniHakkero","Boot","hubris:Metronome","AmplifyWand","Gremlin Food","Darkstone Periapt","CaptainsWheel","Replay:Ancient Bell","Omamori","White Beast Statue","Torii","Membership Card","Regal Pillow","Orichalcum","Bronze Scales","Mummified Hand","Blue Doll","hubris:Teleporter","Replay:Grab Bag","Cursed Key","hubris:TerracottaHorce","Black Star","SacredBark","PreservedInsect","Bottled Flame","Bag of Preparation","Mirror","hubris:SphereOfDissonance","Nunchaku"],"acts_visited":["Exordium","TheCity","TheBeyond"],"potions_floor_usage":[1,7,16,19,23,23,23,23,25,28,30,30,33,33,33,33,35,50],"damage_taken":[{"damage":0,"enemies":"2 Louse","floor":1,"turns":2},{"damage":1,"enemies":"Cultist","floor":3,"turns":3},{"damage":8,"enemies":"Jaw Worm","floor":4,"turns":3},{"damage":2,"enemies":"3 Louse","floor":5,"turns":3},{"damage":22,"enemies":"Gremlin Nob","floor":7,"turns":4},{"damage":16,"enemies":"Large Slime","floor":8,"turns":4},{"damage":3,"enemies":"Blue Slaver","floor":11,"turns":3},{"damage":26,"enemies":"Lagavulin","floor":13,"turns":5},{"damage":29,"enemies":"Hexaghost","floor":16,"turns":10},{"damage":1,"enemies":"Chosen","floor":18,"turns":5},{"damage":1,"enemies":"3 Byrds","floor":19,"turns":3},{"damage":24,"enemies":"Slavers","floor":23,"turns":4},{"damage":8,"enemies":"Snake Plant","floor":24,"turns":3},{"damage":20,"enemies":"Centurion and Healer","floor":25,"turns":4},{"damage":0,"enemies":"Sentry and Sphere","floor":28,"turns":3},{"damage":14,"enemies":"Book of Stabbing","floor":30,"turns":3},{"damage":1,"enemies":"Cultist and Chosen","floor":31,"turns":3},{"damage":7,"enemies":"Pondfish","floor":33,"turns":7},{"damage":0,"enemies":"Orb Walker","floor":35,"turns":1},{"damage":45,"enemies":"Giant Head","floor":41,"turns":6},{"damage":0,"enemies":"Nemesis","floor":44,"turns":1},{"damage":0,"enemies":"3 Darklings","floor":45,"turns":1},{"damage":8,"enemies":"Replay:Hell Engine","floor":50,"turns":4}],"seed_played":"-5174887916143603904","potions_obtained":[{"floor":1,"key":"Fruit Juice"},{"floor":5,"key":"AttackPotion"},{"floor":8,"key":"sneckomod:MuddlingPotion"},{"floor":14,"key":"PowerPotion"},{"floor":14,"key":"ColorlessPotion"},{"floor":16,"key":"EntropicBrew"},{"floor":18,"key":"BottledSpark"},{"floor":19,"key":"Reflective Coating"},{"floor":23,"key":"FearPotion"},{"floor":25,"key":"BottledSpark"},{"floor":28,"key":"Fire Potion"},{"floor":30,"key":"Elixir"},{"floor":31,"key":"EntropicBrew"},{"floor":33,"key":"AttackPotion"},{"floor":35,"key":"Energy Potion"},{"floor":41,"key":"GamblersBrew"}],"is_trial":false,"path_per_floor":["M","?","M","M","M","R","E","M","T","?","M","R","E","?","R","B",null,"M","M","$","?","?","E","M","M","T","R","M","R","E","M","R","B",null,"M","?","?","R","E","$","T","E","M","R","?","R","B",null],"character_chosen":"MARISA","items_purchased":["Membership Card","ChargingUp","Regal Pillow","Bag of Preparation","LiquidMemories"],"campfire_rested":4,"item_purchase_floors":[20,20,20,42,42],"current_hp_per_floor":[80,80,79,71,69,69,47,31,31,20,17,41,15,15,39,10,86,85,84,84,84,84,60,52,32,32,72,72,72,58,57,57,50,77,77,77,77,77,32,32,38,38,38,80,80,80,72],"gold":457,"neow_bonus":"TWO_FIFTY_GOLD","is_daily":false,"chose_seed":false,"campfire_upgraded":5,"win_rate":0.0,"timestamp":1608476576,"path_taken":["M","?","?","M","M","R","E","M","T","?","M","R","E","?","R","BOSS","M","M","$","?","?","E","M","?","T","R","M","R","E","M","R","BOSS","M","?","?","R","E","$","T","E","M","R","?","R","BOSS"],"items_purchased_type":["Relic","Card","Relic","Relic","Potion"],"build_version":"2020-12-13","purchased_purges":2,"victory":true,"max_hp_per_floor":[80,80,80,80,80,80,80,80,80,80,80,80,80,80,80,80,86,86,86,86,86,86,86,86,86,86,86,86,86,86,86,86,86,86,86,86,86,86,86,86,92,92,92,92,92,92,92],"card_choices":[{"not_picked":["PowerUp","StarBarrage"],"picked":"MagicChant","floor":1},{"not_picked":["ManaConvection","GrandCross","PowerUp"],"picked":"SKIP","floor":3},{"not_picked":["DragonMeteor","PowerUp","DoubleSpark"],"picked":"SKIP","floor":4},{"not_picked":["DarkSpark","6A","DC"],"picked":"SKIP","floor":5},{"not_picked":["DC","DoubleSpark"],"picked":"BlazingStar","floor":7},{"not_picked":["Singularity","GravityBeat","ShootingEcho"],"picked":"SKIP","floor":8},{"not_picked":["MeteoricShower","DarkMatter"],"picked":"BlazeAway","floor":11},{"not_picked":["OrrerysSun","DC"],"picked":"GasGiant","floor":13},{"not_picked":["SatelliteIllusion","AbsoluteMagnitude"],"picked":"CasketOfStar","floor":16},{"not_picked":["ReplayTheSpireMod:Splinters","Sickly"],"picked":"Voices","floor":17},{"not_picked":["TheCursedMod:Dregs","Overencumbered"],"picked":"Hallucinations","floor":17},{"not_picked":["Delirium","ReplayTheSpireMod:IOU"],"picked":"hubris:Wrath","floor":17},{"not_picked":["Robbery","ShootingEcho"],"picked":"MachineGunSpark+1","floor":18},{"not_picked":["WitchOfGreed+1","SuperPerseids+1"],"picked":"Singularity","floor":19},{"not_picked":["ChargeUpSpray","Occultation","DC"],"picked":"SKIP","floor":23},{"not_picked":["FairyDestructionRay","UnstableBomb+1","Occultation"],"picked":"SKIP","floor":24},{"not_picked":["MagicChant","SprinkleStarSeal"],"picked":"PropBag","floor":25},{"not_picked":["AlicesGift+1","FairyDestructionRay"],"picked":"CollectingQuirk","floor":28},{"not_picked":["DeepEcoloBomb","IllusionStar"],"picked":"DoubleSpark+1","floor":30},{"not_picked":["LuminesStrike","NonDirectionalLaser","PowerUp+1"],"picked":"SKIP","floor":31},{"not_picked":["CasketOfStar","MaximisePower"],"picked":"FinalSpark","floor":33},{"not_picked":["OneTimeOff+1","MeteoricShower"],"picked":"PulseMagic+1","floor":35},{"not_picked":["OneTimeOff","AlicesGift+1"],"picked":"SprinkleStarSeal+1","floor":41},{"not_picked":["MagicChant","ChargeUpSpray"],"picked":"PropBag","floor":44},{"not_picked":["MilkyWay+1","NonDirectionalLaser","DC+1"],"picked":"SKIP","floor":45},{"not_picked":["Survey Options","expansioncontent:Flail"],"picked":"Replay:Sssssssssshield","floor":48}],"player_experience":207443,"relics_obtained":[{"floor":7,"key":"Boot"},{"floor":7,"key":"hubris:Metronome"},{"floor":9,"key":"AmplifyWand"},{"floor":13,"key":"Gremlin Food"},{"floor":13,"key":"Darkstone Periapt"},{"floor":16,"key":"CaptainsWheel"},{"floor":23,"key":"Orichalcum"},{"floor":23,"key":"Bronze Scales"},{"floor":26,"key":"Mummified Hand"},{"floor":30,"key":"Blue Doll"},{"floor":33,"key":"hubris:Teleporter"},{"floor":41,"key":"PreservedInsect"},{"floor":41,"key":"Bottled Flame"},{"floor":43,"key":"Mirror"},{"floor":44,"key":"hubris:SphereOfDissonance"},{"floor":44,"key":"Nunchaku"}],"event_choices":[{"cards_removed":["Replay:Hysterical Blindness"],"damage_healed":0,"gold_gain":0,"player_choice":"Removed Curses","damage_taken":0,"max_hp_gain":0,"max_hp_loss":0,"event_name":"Fountain of Cleansing","floor":2,"gold_loss":0},{"damage_healed":0,"gold_gain":75,"player_choice":"Gather Gold","damage_taken":11,"max_hp_gain":0,"max_hp_loss":0,"event_name":"World of Goop","floor":10,"gold_loss":0},{"damage_healed":0,"gold_gain":0,"player_choice":"Bought 2 Potions","damage_taken":0,"max_hp_gain":0,"max_hp_loss":0,"event_name":"The Woman in Blue","floor":14,"gold_loss":0},{"cards_removed":["Strike_MRS"],"damage_healed":0,"gold_gain":0,"player_choice":"Gave Gold","damage_taken":0,"max_hp_gain":0,"max_hp_loss":0,"event_name":"Beggar","floor":21,"gold_loss":75},{"cards_removed":["Strike_MRS"],"damage_healed":0,"gold_gain":0,"player_choice":"Offered Basic","damage_taken":0,"max_hp_gain":0,"max_hp_loss":0,"event_name":"Bonfire Elementals","floor":22,"gold_loss":0},{"damage_healed":0,"gold_gain":0,"player_choice":"Ignored","damage_taken":0,"max_hp_gain":0,"max_hp_loss":0,"event_name":"Tomb of Lord Red Mask","floor":37,"gold_loss":0},{"damage_healed":0,"gold_gain":0,"player_choice":"Ignored","damage_taken":0,"max_hp_gain":0,"max_hp_loss":0,"event_name":"Mysterious Sphere","floor":38,"gold_loss":0},{"damage_healed":0,"gold_gain":0,"player_choice":"Memory 1","damage_taken":0,"max_hp_gain":0,"max_hp_loss":0,"event_name":"SensoryStone","floor":48,"gold_loss":0}],"is_beta":false,"boss_relics":[{"not_picked":["SlaversCollar","Runic Pyramid"],"picked":"Replay:Ancient Bell"},{"not_picked":["Dream Catcher","MealTicket"],"picked":"Omamori"},{"not_picked":["Question Card","Bromod:ArcaneDeflection"],"picked":"White Beast Statue"},{"not_picked":["WingedGreaves","Pocketwatch"],"picked":"Torii"},{"not_picked":["hubris:ScarierMask","Kintsugi"],"picked":"Replay:Grab Bag"},{"not_picked":["Coffee Dripper","Philosopher\u0027s Stone"],"picked":"Cursed Key"},{"not_picked":["hubris:VirtuousBlindfold","RampagingMagicTools"],"picked":"hubris:TerracottaHorce"},{"not_picked":["Bromod:ArcaneGrace","BewitchedHakkero"],"picked":"Black Star"},{"not_picked":["Pandora\u0027s Box","Replay:Drink Me"],"picked":"SacredBark"}],"items_purged_floors":[20,42],"is_endless":false,"potions_floor_spawned":[1,5,8,16,18,19,23,24,25,28,30,31,33,35,41,44,45],"ascension_level":0}}