{"host":"k462j3h42oodq1er","time":1608489428,"event":{"mods":["AchievementEnabler","BaseMod","Colored Powertips","Minty Spire (QoL Compilation)","StSLib","SuperFastMode"],"gold_per_floor":[109,59,234,309,159,175,205,29,29,29,42,75,87,98,98,199,199,213,213,312,330,357,357,391,391,416,426,426,438,438,438],"floor_reached":30,"playtime":1843,"items_purged":["Doubt"],"score":308,"play_id":"080ba90a-93cb-4721-9c75-b3312316b9c3","local_time":"20201220193708","is_ascension_mode":false,"campfire_choices":[{"data":"Poisoned Stab","floor":10,"key":"SMITH"},{"data":"Noxious Fumes","floor":15,"key":"SMITH"},{"floor":23,"key":"REST"},{"floor":25,"key":"REST"}],"circlet_count":0,"master_deck":["Strike_G","Defend_G","Defend_G","Defend_G","Defend_G","Defend_G","Survivor","Neutralize","Deadly Poison","Noxious Fumes+1","Poisoned Stab+1","Noxious Fumes","Noxious Fumes","Night Terror","Noxious Fumes","Wraith Form v2","Footwork+1","Prepared+1","Cloak And Dagger+1","Quick Slash","Crippling Poison+1"],"relics":["Ring of the Snake","NeowsBlessing","The Courier","TwistedFunnel","Shuriken","Astrolabe","Regal Pillow","Red Mask","Paper Crane","Tiny Chest"],"acts_visited":["Exordium","TheCity"],"potions_floor_usage":[21,22],"damage_taken":[{"damage":0,"enemies":"Jaw Worm","floor":1,"turns":1},{"damage":0,"enemies":"2 Louse","floor":6,"turns":1},{"damage":0,"enemies":"Gremlin Nob","floor":7,"turns":1},{"damage":0,"enemies":"Small Slimes","floor":11,"turns":3},{"damage":18,"enemies":"3 Sentries","floor":12,"turns":6},{"damage":0,"enemies":"Looter","floor":13,"turns":2},{"damage":7,"enemies":"Large Slime","floor":14,"turns":5},{"damage":30,"enemies":"Slime Boss","floor":16,"turns":5},{"damage":15,"enemies":"Shell Parasite","floor":18,"turns":6},{"damage":9,"enemies":"2 Thieves","floor":21,"turns":5},{"damage":39,"enemies":"Masked Bandits","floor":22,"turns":4},{"damage":42,"enemies":"Slavers","floor":24,"turns":4},{"damage":4,"enemies":"Snecko","floor":27,"turns":5},{"damage":6,"enemies":"3 Cultists","floor":29,"turns":4},{"damage":27,"enemies":"Book of Stabbing","floor":30,"turns":5}],"seed_played":"2641874918324300646","potions_obtained":[{"floor":6,"key":"SteroidPotion"},{"floor":11,"key":"SpeedPotion"},{"floor":12,"key":"EssenceOfSteel"},{"floor":24,"key":"Energy Potion"},{"floor":28,"key":"Strength Potion"}],"is_trial":false,"path_per_floor":["M","?","?","?","$","M","E","$","T","R","M","E","M","M","R","B",null,"M","?","?","M","?","R","E","R","T","M","?","M","E"],"character_chosen":"THE_SILENT","items_purchased":["Noxious Fumes","TwistedFunnel","Noxious Fumes"],"campfire_rested":2,"item_purchase_floors":[5,8,8],"current_hp_per_floor":[70,70,70,59,59,59,59,59,59,59,59,41,41,34,34,4,70,55,55,55,46,7,43,1,37,37,33,33,27,0,0],"gold":438,"neow_bonus":"THREE_ENEMY_KILL","is_daily":false,"chose_seed":false,"campfire_upgraded":2,"win_rate":0.0,"timestamp":1608489428,"path_taken":["M","?","?","?","$","M","E","$","T","R","M","E","M","M","R","BOSS","M","?","?","M","?","R","E","R","T","M","?","M","E"],"items_purchased_type":["Card","Relic","Card"],"build_version":"2020-12-13","purchased_purges":1,"victory":false,"max_hp_per_floor":[70,70,70,70,70,70,70,70,70,70,70,70,70,70,70,70,70,70,70,70,70,70,70,70,70,70,70,70,70,70,70],"card_choices":[{"not_picked":["Slice","Sucker Punch"],"picked":"Deadly Poison","floor":1},{"not_picked":["Caltrops","Dagger Throw","Deflect"],"picked":"SKIP","floor":6},{"not_picked":["Terror","Acrobatics"],"picked":"Poisoned Stab","floor":7},{"not_picked":["Backflip","Finisher"],"picked":"Noxious Fumes","floor":11},{"not_picked":["Caltrops","Acrobatics"],"picked":"Night Terror","floor":12},{"not_picked":["Dodge and Roll","Quick Slash"],"picked":"Noxious Fumes","floor":13},{"not_picked":["Outmaneuver","Accuracy","Bane"],"picked":"SKIP","floor":14},{"not_picked":["Die Die Die","A Thousand Cuts"],"picked":"Wraith Form v2","floor":16},{"not_picked":["Flechettes","Dodge and Roll","Escape Plan+1"],"picked":"SKIP","floor":18},{"not_picked":["Outmaneuver","Slice"],"picked":"Quick Slash","floor":21},{"not_picked":["Choke","Quick Slash"],"picked":"Crippling Poison+1","floor":22},{"not_picked":["Quick Slash+1","Eviscerate","Acrobatics"],"picked":"SKIP","floor":24},{"not_picked":["Flechettes","Flying Knee+1","Expertise"],"picked":"SKIP","floor":27},{"not_picked":["Eviscerate","Prepared","Flying Knee"],"picked":"SKIP","floor":29}],"player_experience":134749,"relics_obtained":[{"floor":7,"key":"The Courier"},{"floor":12,"key":"Shuriken"},{"floor":22,"key":"Red Mask"},{"floor":24,"key":"Paper Crane"},{"floor":26,"key":"Tiny Chest"}],"event_choices":[{"cards_removed":["Strike_G"],"damage_healed":0,"gold_gain":0,"player_choice":"Card Removal","damage_taken":0,"max_hp_gain":0,"max_hp_loss":0,"event_name":"The Cleric","floor":2,"gold_loss":50},{"damage_healed":0,"gold_gain":175,"player_choice":"AGREE","damage_taken":0,"max_hp_gain":0,"max_hp_loss":0,"event_name":"Liars Game","floor":3,"gold_loss":0,"cards_obtained":["Doubt"]},{"damage_healed":0,"gold_gain":75,"player_choice":"Gather Gold","damage_taken":11,"max_hp_gain":0,"max_hp_loss":0,"event_name":"World of Goop","floor":4,"gold_loss":0},{"damage_healed":0,"gold_gain":0,"player_choice":"Opened","damage_taken":0,"relics_obtained":["Regal Pillow"],"max_hp_gain":0,"max_hp_loss":0,"event_name":"The Mausoleum","floor":19,"gold_loss":0},{"damage_healed":0,"gold_gain":99,"player_choice":"Stole From Cult","damage_taken":0,"max_hp_gain":0,"max_hp_loss":0,"event_name":"Nest","floor":20,"gold_loss":0},{"damage_healed":0,"gold_gain":0,"player_choice":"Fought Bandits","damage_taken":0,"max_hp_gain":0,"max_hp_loss":0,"event_name":"Masked Bandits","floor":22,"gold_loss":0},{"damage_healed":0,"gold_gain":0,"player_choice":"Got Potions","damage_taken":0,"max_hp_gain":0,"max_hp_loss":0,"event_name":"Lab","floor":28,"gold_loss":0}],"is_beta":false,"boss_relics":[{"not_picked":["Philosopher\u0027s Stone","HoveringKite"],"picked":"Astrolabe"}],"items_purged_floors":[5],"is_endless":false,"potions_floor_spawned":[6,11,12,14,16,18,24],"killed_by":"Book of Stabbing","ascension_level":0}}