{"host":"i3w38rq1z4slkels","time":1608472103,"event":{"mods":["2.2 Compatiblity","Act Like it!","BaseMod","Better Match","Better Vampires","BetterRewards","Conspire","Downfall","Hallownest","Infinite Spire","Minty Spire (QoL Compilation)","Rare Cards Sparkle","Replay The Spire","StSLib","The Bug Knight"],"gold_per_floor":[99,99,24,24,24,50,50,77,62,162,177,197,97,112,129,129,129],"floor_reached":16,"playtime":646,"items_purged":[],"score":173,"play_id":"223f2271-c188-4e1c-bd9a-9fef9e6e6c6f","local_time":"20201220204823","is_ascension_mode":true,"campfire_choices":[{"floor":1,"key":"RECALL"},{"data":"Guardian:TwinSlam","floor":3,"key":"SMITH"}],"circlet_count":0,"master_deck":["Guardian:Strike_Guardian","Guardian:Strike_Guardian","Guardian:Strike_Guardian","Guardian:Strike_Guardian","Guardian:Defend_Guardian","Guardian:Defend_Guardian","Guardian:Defend_Guardian","Guardian:CurlUp","Guardian:TwinSlam+1","Guardian:RefractedBeam+1","Guardian:Gem_Purple","Guardian:PrismaticBeam","Guardian:FloatingOrbs","Guardian:Gem_Green","Guardian:Gem_Red","conspire:SpireCoStock","conspire:SpireCoStock"],"relics":["Guardian:ModeShifter","downfall:HeartsMalice","downfall:HeartBlessingRed","TungstenRod","infinitespire:WardingShard","Gremlin Food"],"acts_visited":["Exordium"],"potions_floor_usage":[16,16],"damage_taken":[{"damage":0,"enemies":"Jaw Worm","floor":4,"turns":1},{"damage":0,"enemies":"Cultist","floor":5,"turns":1},{"damage":0,"enemies":"Lagavulin","floor":6,"turns":1},{"damage":15,"enemies":"Gremlin Nob","floor":8,"turns":4},{"damage":0,"enemies":"downfall:FleeingMerchant","floor":9,"turns":4},{"damage":4,"enemies":"2 Louse","floor":11,"turns":2},{"damage":5,"enemies":"Blue Slaver","floor":12,"turns":2},{"damage":10,"enemies":"Gremlin Gang","floor":14,"turns":7},{"damage":8,"enemies":"2 Fungi Beasts","floor":15,"turns":3},{"damage":30,"enemies":"downfall:Silent","floor":16,"turns":4}],"seed_played":"-9135887757911392869","potions_obtained":[{"floor":6,"key":"Reflective Coating"},{"floor":12,"key":"FearPotion"},{"floor":14,"key":"LiquidBronze"}],"is_trial":false,"path_per_floor":["R","?","R","M","M","E","T","E","$","?","M","M","?","M","M","B"],"character_chosen":"GUARDIAN","items_purchased":[],"campfire_rested":0,"item_purchase_floors":[],"current_hp_per_floor":[72,72,72,72,72,72,72,57,57,57,53,48,48,38,30,0,0],"gold":129,"neow_bonus":"THREE_ENEMY_KILL","is_daily":false,"chose_seed":false,"campfire_upgraded":1,"win_rate":0.0,"timestamp":1608472103,"path_taken":["R","?","R","M","M","E","T","E","$","?","?","M","?","M","M","BOSS"],"items_purchased_type":[],"build_version":"2020-12-13","purchased_purges":0,"victory":false,"max_hp_per_floor":[80,80,80,80,80,80,80,80,80,80,80,80,80,80,80,80,80],"card_choices":[{"not_picked":["Guardian:TemporalStrike","Guardian:DecasProtection"],"picked":"Guardian:Gem_Purple","floor":4},{"not_picked":["Guardian:DecasProtection","Guardian:Reroute"],"picked":"Guardian:PrismaticBeam","floor":5},{"not_picked":["Guardian:RollAttack","Guardian:DecasProtection"],"picked":"Guardian:FloatingOrbs","floor":6},{"not_picked":["Guardian:Preprogram","Guardian:Recover","Guardian:ShieldSpikes"],"picked":"SKIP","floor":8},{"not_picked":["Guardian:Orbwalk","Guardian:PrimingBeam","Guardian:Reroute"],"picked":"SKIP","floor":9},{"not_picked":["Guardian:Gem_Lightblue","Guardian:SentryBeam"],"picked":"Guardian:Gem_Green","floor":11},{"not_picked":["Guardian:ChargeCore","Guardian:TimeBomb"],"picked":"Guardian:Gem_Red","floor":12},{"not_picked":["Guardian:ArmoredProtocol","Guardian:Clone","Guardian:Incinerate"],"picked":"SKIP","floor":14},{"not_picked":["Guardian:RollAttack","Guardian:Gem_Red","Guardian:Planning"],"picked":"SKIP","floor":15}],"player_experience":471925,"relics_obtained":[{"floor":6,"key":"TungstenRod"},{"floor":7,"key":"infinitespire:WardingShard"},{"floor":8,"key":"Gremlin Food"}],"event_choices":[{"damage_healed":0,"gold_gain":0,"player_choice":"Invest 2","damage_taken":0,"max_hp_gain":0,"max_hp_loss":0,"event_name":"conspire:Investor","floor":13,"gold_loss":0}],"is_beta":false,"boss_relics":[],"items_purged_floors":[],"is_endless":false,"potions_floor_spawned":[6,12,14],"killed_by":"downfall:Silent","ascension_level":6}}