{"host":"9ndbo4kgsfoemf7y","time":1608431237,"event":{"mods":["AchievementEnabler","BaseMod","Colored Map","DeckTracker","Keyboard Shortcuts","Minty Spire (QoL Compilation)","Permanent Neow","Quick Restart","Relic Stats","StSLib","SuperFastMode"],"gold_per_floor":[112,122,138,21,21,57,57,100,100,100,116,156,156,181,181,181,181],"floor_reached":16,"playtime":543,"items_purged":["Strike_R"],"score":236,"play_id":"09908ea5-1afd-4314-bf53-fb712e765233","local_time":"20201220112717","is_ascension_mode":true,"campfire_choices":[{"data":"Feed","floor":7.0,"key":"SMITH"},{"data":"Bash","floor":10.0,"key":"SMITH"},{"floor":15.0,"key":"REST"}],"circlet_count":0,"master_deck":["AscendersBane","Strike_R","Strike_R","Strike_R","Strike_R","Defend_R","Defend_R","Defend_R","Defend_R","Bash+1","Feed+1","Pommel Strike","Shrug It Off","Perfected Strike","Evolve","Inflame","Perfected Strike","Twin Strike","Shockwave"],"relics":["Burning Blood","Golden Idol","Toy Ornithopter","FossilizedHelix","Sundial","Juzu Bracelet","Calipers","Odd Mushroom"],"acts_visited":["Exordium"],"potions_floor_usage":[16,16],"damage_taken":[{"damage":9.0,"enemies":"Jaw Worm","floor":1.0,"turns":4.0},{"damage":7.0,"enemies":"2 Louse","floor":2.0,"turns":3.0},{"damage":0.0,"enemies":"Cultist","floor":3.0,"turns":3.0},{"damage":30.0,"enemies":"3 Sentries","floor":6.0,"turns":11.0},{"damage":32.0,"enemies":"Gremlin Nob","floor":8.0,"turns":4.0},{"damage":0.0,"enemies":"Blue Slaver","floor":11.0,"turns":2.0},{"damage":12.0,"enemies":"Lagavulin","floor":12.0,"turns":5.0},{"damage":20.0,"enemies":"The Mushroom Lair","floor":14.0,"turns":6.0},{"damage":72,"enemies":"Hexaghost","floor":16,"turns":9}],"seed_played":"-5447086678580704687","potions_obtained":[{"floor":3.0,"key":"SkillPotion"},{"floor":8.0,"key":"Explosive Potion"},{"floor":11.0,"key":"SkillPotion"},{"floor":12.0,"key":"BloodPotion"}],"is_trial":false,"path_per_floor":["M","M","M","$","?","E","R","E","T","R","M","E","?","?","R","B"],"character_chosen":"IRONCLAD","items_purchased":["Evolve"],"campfire_rested":1,"item_purchase_floors":[4],"current_hp_per_floor":[68,70,79,79,76,55,55,29,29,29,39,37,26,16,43,0,0],"gold":181,"neow_bonus":"ONE_RANDOM_RARE_CARD","is_daily":false,"chose_seed":false,"campfire_upgraded":2,"win_rate":0.0,"timestamp":1608431237,"path_taken":["M","M","M","$","?","E","R","E","T","R","M","E","?","?","R","BOSS"],"items_purchased_type":["Card"],"build_version":"2020-12-13","purchased_purges":1,"victory":false,"max_hp_per_floor":[78,81,84,84,76,79,79,79,79,79,83,87,87,91,91,91,91],"relic_stats":{"counters":[9,47],"Golden Idol":32,"Sundial":[2],"Juzu Bracelet":1,"obtain_stats":[{"Calipers":13,"Golden Idol":5,"Sundial":9,"Juzu Bracelet":12,"Odd Mushroom":14,"Burning Blood":0,"Toy Ornithopter":6,"FossilizedHelix":8},{"Calipers":7,"Golden Idol":3,"Sundial":5,"Juzu Bracelet":7,"Odd Mushroom":8,"Burning Blood":0,"Toy Ornithopter":4,"FossilizedHelix":5},{"Calipers":32,"Golden Idol":10,"Sundial":25,"Juzu Bracelet":32,"Odd Mushroom":38,"Burning Blood":0,"Toy Ornithopter":21,"FossilizedHelix":25}],"Burning Blood":48,"Toy Ornithopter":10},"card_choices":[{"not_picked":["Clothesline","Dark Embrace"],"picked":"Pommel Strike","floor":1.0},{"not_picked":["Pummel","Sword Boomerang"],"picked":"Shrug It Off","floor":2.0},{"not_picked":["Flex","Clothesline"],"picked":"Perfected Strike","floor":3.0},{"not_picked":["Burning Pact","Evolve"],"picked":"Inflame","floor":6.0},{"not_picked":["Cleave","Sever Soul"],"picked":"Perfected Strike","floor":8.0},{"not_picked":["Warcry","Iron Wave"],"picked":"Twin Strike","floor":11.0},{"not_picked":["True Grit","Disarm","Iron Wave"],"picked":"SKIP","floor":12.0},{"not_picked":["Inflame","Dropkick"],"picked":"Shockwave","floor":14.0}],"player_experience":715832,"relics_obtained":[{"floor":6.0,"key":"Toy Ornithopter"},{"floor":8.0,"key":"FossilizedHelix"},{"floor":9.0,"key":"Sundial"},{"floor":12.0,"key":"Juzu Bracelet"},{"floor":14.0,"key":"Odd Mushroom"}],"event_choices":[{"damage_healed":0.0,"max_hp_gain":0.0,"max_hp_loss":8.0,"gold_gain":0.0,"event_name":"Golden Idol","player_choice":"Lose Max HP","floor":5.0,"gold_loss":0.0,"damage_taken":0.0,"relics_obtained":["Golden Idol"]},{"damage_healed":0.0,"max_hp_gain":0.0,"max_hp_loss":0.0,"gold_gain":0.0,"event_name":"Scrap Ooze","player_choice":"Success","floor":13.0,"gold_loss":0.0,"damage_taken":11.0,"relics_obtained":["Calipers"]},{"damage_healed":0.0,"max_hp_gain":0.0,"max_hp_loss":0.0,"gold_gain":0.0,"event_name":"Mushrooms","player_choice":"Fought Mushrooms","floor":14.0,"gold_loss":0.0,"damage_taken":0.0}],"is_beta":false,"boss_relics":[],"items_purged_floors":[4],"is_endless":false,"potions_floor_spawned":[3,8,11,12,14],"killed_by":"Hexaghost","ascension_level":20}}