{"host":"684z1xpuwaoqmmh1","time":1608471682,"event":{"mods":["BaseMod","Downfall","Hermit","Jorbs\u0027s Wanderer Trilogy","Marisa????????","Minty Spire (QoL Compilation)","StSLib","The Hierophant","The Mystic"],"gold_per_floor":[115,131,150,167,242,242,253,270,294,294,294],"floor_reached":10,"playtime":615,"items_purged":[],"score":87,"play_id":"d3346594-6211-44b5-8ff9-3ea3e2f02f30","local_time":"20201220154122","is_ascension_mode":true,"campfire_choices":[{"data":"hermit:FullyLoaded","floor":6,"key":"SMITH"}],"circlet_count":0,"master_deck":["hermit:Strike_Hermit","hermit:Strike_Hermit","hermit:Strike_Hermit","hermit:Defend_Hermit","hermit:Defend_Hermit","hermit:Defend_Hermit","hermit:Snapshot","hermit:Covet","Shame","hermit:TakeCover","hermit:FullyLoaded+1","hermit:Shortfuse","hermit:Determination","hermit:Virtue","hermit:FromBeyond","hermit:Deadeye"],"relics":["hermit:Momento","Potion Belt"],"acts_visited":["Exordium"],"potions_floor_usage":[7,10],"damage_taken":[{"damage":5,"enemies":"Jaw Worm","floor":1,"turns":5},{"damage":4,"enemies":"2 Louse","floor":2,"turns":3},{"damage":1,"enemies":"Cultist","floor":3,"turns":3},{"damage":12,"enemies":"Exordium Thugs","floor":4,"turns":6},{"damage":1,"enemies":"Gremlin Gang","floor":7,"turns":4},{"damage":4,"enemies":"Large Slime","floor":8,"turns":5},{"damage":35,"enemies":"3 Sentries","floor":10,"turns":7}],"seed_played":"3978665138584070141","potions_obtained":[{"floor":1,"key":"SneckoOil"},{"floor":4,"key":"PowerPotion"}],"is_trial":false,"path_per_floor":["M","M","M","M","?","R","M","M","T","E"],"character_chosen":"HERMIT","items_purchased":[],"campfire_rested":0,"item_purchase_floors":[],"current_hp_per_floor":[63,59,58,46,35,35,34,30,30,0,0],"gold":294,"neow_bonus":"TRANSFORM_TWO_CARDS","is_daily":false,"chose_seed":false,"campfire_upgraded":1,"win_rate":0.0,"timestamp":1608471682,"path_taken":["M","M","M","M","?","R","M","M","T","E"],"items_purchased_type":[],"build_version":"2020-12-13","purchased_purges":0,"victory":false,"max_hp_per_floor":[75,75,75,75,75,75,75,75,75,75,75],"card_choices":[{"not_picked":["hermit:Snipe","hermit:Roulette"],"picked":"hermit:Shortfuse","floor":1},{"not_picked":["hermit:TakeCover","hermit:LoneWolf","hermit:TrackingShot"],"picked":"SKIP","floor":2},{"not_picked":["hermit:Quickdraw","hermit:CalledShot"],"picked":"hermit:Determination","floor":3},{"not_picked":["hermit:Coalescence","hermit:TakeCover"],"picked":"hermit:Virtue","floor":4},{"not_picked":["hermit:Misfire","hermit:Cheat"],"picked":"hermit:FromBeyond","floor":7},{"not_picked":["hermit:WideOpen","hermit:Spite"],"picked":"hermit:Deadeye","floor":8}],"player_experience":2356085,"relics_obtained":[{"floor":9,"key":"Potion Belt"}],"event_choices":[{"damage_healed":0,"gold_gain":75,"player_choice":"Gather Gold","damage_taken":11,"max_hp_gain":0,"max_hp_loss":0,"event_name":"World of Goop","floor":5,"gold_loss":0}],"is_beta":false,"boss_relics":[],"items_purged_floors":[],"is_endless":false,"potions_floor_spawned":[1,4],"killed_by":"3 Sentries","ascension_level":8}}