{"host":"jyuuog6ydc2s7nd8","time":1608447235,"event":{"mods":["BaseMod","Better Vampires","Minty Spire (QoL Compilation)","Shop Mod","StSLib","The Hierophant","The Servant 0.9.4","TheBandit","[IsaacMod]ÒÔÈö¼âËþ"],"gold_per_floor":[119,138,138,63,63,63,91,91,115,148,148,168,227,261,261,338,338,400,451,463,536,569,569],"floor_reached":22,"playtime":538,"items_purged":["Strike_R","Strike_R"],"score":610,"play_id":"00896e39-8cd8-44ef-8082-3da37a821115","local_time":"20201220145355","is_ascension_mode":true,"campfire_choices":[{"data":"EpicFetus","floor":6.0,"key":"SMITH"},{"data":"Body Slam","floor":11.0,"key":"SMITH"},{"data":"Bash","floor":15.0,"key":"SMITH"}],"circlet_count":0,"master_deck":["AscendersBane","Strike_R","Strike_R","Defend_R+1","Defend_R","Defend_R+1","Defend_R","Bash+1","EpicFetus+1","Pommel Strike","Second Wind","Body Slam+1","Shrug It Off","Sever Soul","Sentinel","Offering","True Grit"],"relics":["Burning Blood","HushsDoor","NeowsBlessing","BookOfRevelations","InkBottle","Bronze Scales","War Paint","SalivaCoin","ChampionBelt","BelialBook","GuppysCollar","MawBank","Shovel"],"acts_visited":["Exordium","TheCity"],"potions_floor_usage":[22],"damage_taken":[{"damage":0.0,"enemies":"Cultist","floor":1.0,"turns":1.0},{"damage":0.0,"enemies":"Small Slimes","floor":2.0,"turns":1.0},{"damage":0.0,"enemies":"3 Sentries","floor":7.0,"turns":2.0},{"damage":10.0,"enemies":"Gremlin Nob","floor":10.0,"turns":3.0},{"damage":0.0,"enemies":"2 Louse","floor":12.0,"turns":3.0},{"damage":0.0,"enemies":"3 Sentries","floor":13.0,"turns":4.0},{"damage":25.0,"enemies":"Looter","floor":14.0,"turns":4.0},{"damage":0.0,"enemies":"Hexaghost","floor":16.0,"turns":7.0},{"damage":20.0,"enemies":"Book of Stabbing","floor":18.0,"turns":4.0},{"damage":17.0,"enemies":"Shell Parasite","floor":19.0,"turns":3.0},{"damage":21.0,"enemies":"Slavers","floor":21.0,"turns":5.0},{"damage":14,"enemies":"Book of Stabbing","floor":22,"turns":3}],"seed_played":"1377725308607589515","potions_obtained":[{"floor":1.0,"key":"DistilledChaos"},{"floor":12.0,"key":"Weak Potion"},{"floor":13.0,"key":"Strength Potion"},{"floor":21.0,"key":"Swift Potion"}],"is_trial":false,"path_per_floor":["M","M","?","$","?","R","E","$","T","E","R","M","?","M","R","B",null,"M","M","?","M","M"],"character_chosen":"IRONCLAD","items_purchased":["BelialBook","GuppysCollar"],"campfire_rested":0,"item_purchase_floors":[17,17],"current_hp_per_floor":[74,75,75,75,68,68,74,74,74,70,70,75,75,56,56,62,47,33,22,22,7,0,0],"gold":569,"neow_bonus":"THREE_ENEMY_KILL","is_daily":false,"chose_seed":false,"campfire_upgraded":3,"win_rate":0.0,"timestamp":1608447235,"path_taken":["M","?","?","$","?","R","E","?","T","E","R","M","?","?","R","BOSS","M","M","?","M","M"],"items_purchased_type":["Relic","Relic"],"build_version":"2020-12-13","purchased_purges":2,"victory":false,"max_hp_per_floor":[75,75,75,75,75,75,75,75,75,75,75,75,75,75,75,75,47,47,47,47,47,47,47],"card_choices":[{"not_picked":[],"picked":"EpicFetus","floor":0.0},{"not_picked":["Armaments","Havoc"],"picked":"Pommel Strike","floor":1.0},{"not_picked":["Spot Weakness","True Grit","Headbutt"],"picked":"SKIP","floor":2.0},{"not_picked":["True Grit","Ghostly Armor"],"picked":"Second Wind","floor":7.0},{"not_picked":["Whirlwind","Dropkick"],"picked":"Body Slam","floor":10.0},{"not_picked":["Inflame","Thunderclap"],"picked":"Shrug It Off","floor":12.0},{"not_picked":["Double Tap","Shrug It Off"],"picked":"Sever Soul","floor":13.0},{"not_picked":["Pummel","Perfected Strike"],"picked":"Sentinel","floor":14.0},{"not_picked":["Berserk","Barricade"],"picked":"Offering","floor":16.0},{"not_picked":["Thunderclap","Metallicize","Cleave"],"picked":"SKIP","floor":18.0},{"not_picked":["Thunderclap","Havoc"],"picked":"True Grit","floor":19.0},{"not_picked":["Rampage","Cleave","Body Slam"],"picked":"SKIP","floor":21.0}],"player_experience":1760080,"relics_obtained":[{"floor":7.0,"key":"InkBottle"},{"floor":9.0,"key":"Bronze Scales"},{"floor":10.0,"key":"War Paint"},{"floor":13.0,"key":"SalivaCoin"},{"floor":18.0,"key":"MawBank"},{"floor":21.0,"key":"Shovel"}],"event_choices":[{"damage_healed":0.0,"max_hp_gain":0.0,"max_hp_loss":0.0,"gold_gain":0.0,"event_name":"Liars Game","player_choice":"Ignored","floor":3.0,"gold_loss":0.0,"damage_taken":0.0},{"cards_removed":["Strike_R"],"damage_healed":0.0,"max_hp_gain":0.0,"max_hp_loss":0.0,"gold_gain":0.0,"event_name":"Golden Wing","player_choice":"Card Removal","floor":5.0,"gold_loss":0.0,"damage_taken":7.0},{"damage_healed":0.0,"max_hp_gain":0.0,"max_hp_loss":0.0,"gold_gain":0.0,"event_name":"Dead Adventurer","player_choice":"Searched \u00271\u0027 times","floor":13.0,"gold_loss":0.0,"damage_taken":0.0},{"damage_healed":0.0,"max_hp_gain":0.0,"max_hp_loss":0.0,"gold_gain":0.0,"event_name":"Vampires","player_choice":"Ignored","floor":20.0,"gold_loss":0.0,"damage_taken":0.0}],"is_beta":false,"boss_relics":[{"not_picked":["Cursed Key","Runic Cube"],"picked":"ChampionBelt"},{"not_picked":[]}],"items_purged_floors":[4,17],"is_endless":false,"potions_floor_spawned":[1,12,13,21],"killed_by":"Book of Stabbing","ascension_level":20}}