{"host":"2461dio7vetlq1z3","time":1608506503,"event":{"mods":["2.2 Compatiblity","AchievementEnabler","BaseMod","Better Third Choice","Downfall","Hermit","Marisa????????","Minty Spire (QoL Compilation)","Relic Stats","Spicy Shops","StSLib","Waifu the Spire"],"gold_per_floor":[15,35,46,56,91,111,111,146,146,174,274,305,318,318,318,416,416,429,54,54,74,74,93,140,158,214,242,242,269,282,121,121,226,226,241,260,279,297,147,147,147,158,184,203,234,159,209,226,226,226,226,251,10,10,10],"floor_reached":56,"playtime":3580,"items_purged":["champ:Strike","champ:Strike","champ:Strike","champ:HeartStrike+1","Parasite"],"score":2176,"play_id":"d3040756-e906-4d18-b6e6-76ce1646cb8e","local_time":"20201221002143","is_ascension_mode":true,"campfire_choices":[{"data":"champ:Taunt","floor":9,"key":"SMITH"},{"data":"champ:AdrenalArmor","floor":15,"key":"SMITH"},{"data":"expansioncontent:Chronoboost","floor":22,"key":"SMITH"},{"data":"champ:AdrenalArmor","floor":28,"key":"SMITH"},{"floor":32,"key":"RECALL"},{"data":"champ:GutPunch","floor":39,"key":"SMITH"},{"data":"champ:EndlessRage","floor":46,"key":"SMITH"},{"data":"champ:BerserkersShout","floor":49,"key":"SMITH"},{"data":"champ:HoldFirm","floor":54,"key":"SMITH"}],"circlet_count":0,"master_deck":["champ:Defend","champ:Defend","champ:Defend","champ:Execute","champ:Taunt+1","champ:BladeFlurry","champ:GutPunch+1","champ:AdrenalArmor+1","champ:CrookedStrike","champ:Encircle","champ:BringItOn","champ:RisingSlash","champ:Aggression","champ:HoldFirm+1","champ:BerserkerStyle+1","champ:BerserkersShout+1","champ:DeathBlow+1","champ:VampiricStrike+1","champ:Encircle+1","expansioncontent:Chronoboost+1","champ:Encircle+1","champ:SteelEdge+1","champ:RecklessLeap+1","champ:AdrenalArmor+1","champ:VampiricStrike+1","expansioncontent:DashGenerateEvil+1","champ:Devastate+1","champ:CalledShot+1","champ:BerserkerStyle+1","expansioncontent:Collect","expansioncontent:PolyBeam+1","expansioncontent:DarkVoid+1","champ:EndlessRage+1","champ:BerserkerStyle+1"],"relics":["champ:ChampionCrown","Akabeko","CaptainsWheel","Bottled Flame","Unceasing Top","CloakClasp","Molten Egg 2","Velvet Choker","Strawberry","Membership Card","Orichalcum","champ:FightingForDummies","Sozu","downfall:HeartBlessingGreen","downfall:HeartBlessingRed","Du-Vu Doll","Bird Faced Urn","downfall:HeartBlessingBlue","TungstenRod","Mercury Hourglass","Lantern"],"acts_visited":["Exordium","TheCity","TheBeyond","TheEnding"],"potions_floor_usage":[5,8,16,29,33],"damage_taken":[{"damage":1,"enemies":"2 Louse","floor":1,"turns":2},{"damage":6,"enemies":"Cultist","floor":2,"turns":4},{"damage":14,"enemies":"Small Slimes","floor":3,"turns":5},{"damage":7,"enemies":"2 Fungi Beasts","floor":4,"turns":2},{"damage":29,"enemies":"Lagavulin","floor":5,"turns":7},{"damage":5,"enemies":"3 Louse","floor":6,"turns":3},{"damage":9,"enemies":"3 Sentries","floor":8,"turns":4},{"damage":19,"enemies":"Gremlin Nob","floor":10,"turns":4},{"damage":24,"enemies":"Gremlin Nob","floor":11,"turns":5},{"damage":35,"enemies":"Lagavulin","floor":12,"turns":5},{"damage":17,"enemies":"Exordium Thugs","floor":13,"turns":3},{"damage":61,"enemies":"downfall:Ironclad","floor":16,"turns":4},{"damage":56,"enemies":"3 Byrds","floor":18,"turns":4},{"damage":59,"enemies":"downfall:FleeingMerchant","floor":19,"turns":4},{"damage":54,"enemies":"Spheric Guardian","floor":21,"turns":3},{"damage":58,"enemies":"Centurion and Healer","floor":23,"turns":3},{"damage":43,"enemies":"Sentry and Sphere","floor":25,"turns":3},{"damage":60,"enemies":"downfall:FleeingMerchant","floor":26,"turns":4},{"damage":45,"enemies":"Gremlin Leader","floor":27,"turns":3},{"damage":96,"enemies":"Slavers","floor":29,"turns":2},{"damage":39,"enemies":"Snecko","floor":30,"turns":3},{"damage":105,"enemies":"downfall:Silent","floor":33,"turns":5},{"damage":61,"enemies":"3 Darklings","floor":35,"turns":3},{"damage":37,"enemies":"3 Shapes","floor":36,"turns":3},{"damage":78,"enemies":"Jaw Worm Horde","floor":37,"turns":4},{"damage":60,"enemies":"3 Darklings","floor":38,"turns":3},{"damage":89,"enemies":"Writhing Mass","floor":42,"turns":4},{"damage":114,"enemies":"Giant Head","floor":43,"turns":6},{"damage":33,"enemies":"Sphere and 2 Shapes","floor":44,"turns":3},{"damage":77,"enemies":"Reptomancer","floor":45,"turns":4},{"damage":78,"enemies":"Mind Bloom Boss Battle","floor":47,"turns":6},{"damage":77,"enemies":"Jaw Worm Horde","floor":48,"turns":3},{"damage":70,"enemies":"downfall:Watcher","floor":50,"turns":6},{"damage":141,"enemies":"downfall:CharBossMerchant","floor":52,"turns":6},{"damage":247,"enemies":"downfall:NeowBoss","floor":55,"turns":15}],"seed_played":"-3384113975883968716","potions_obtained":[{"floor":1,"key":"Strength Potion"},{"floor":2,"key":"SkillPotion"},{"floor":6,"key":"Fire Potion"},{"floor":11,"key":"PowerPotion"},{"floor":18,"key":"ColorlessPotion"},{"floor":21,"key":"DistilledChaos"},{"floor":23,"key":"SpeedPotion"}],"is_trial":false,"path_per_floor":["M","M","M","M","E","M","T","E","R","E","?","E","M","?","R","B",null,"M","$","?","M","R","M","T","M","$","E","R","E","M","$","R","B",null,"M","M","M","M","R","?","T","M","E","M","E","R","?","M","R","B",null,"E","$","R","B",null],"character_chosen":"THE_CHAMP","items_purchased":["expansioncontent:Chronoboost","Membership Card","champ:AdrenalArmor","champ:HeartStrike+1","expansioncontent:DashGenerateEvil+1","Lantern"],"campfire_rested":0,"item_purchase_floors":[19,26,26,26,31,53],"current_hp_per_floor":[90,90,85,85,82,82,82,82,82,80,73,72,72,72,72,72,90,90,90,75,75,75,80,87,95,97,97,97,81,97,97,97,97,97,97,97,97,97,97,87,87,97,97,97,97,107,107,107,107,107,107,107,104,104,104],"gold":10,"neow_bonus":"TRANSFORM_TWO_CARDS","is_daily":false,"chose_seed":false,"campfire_upgraded":8,"win_rate":0.0,"timestamp":1608506503,"path_taken":["M","M","M","M","E","M","T","E","R","E","?","E","M","?","R","BOSS","M","$","?","?","R","M","T","M","$","E","R","E","M","$","R","BOSS","M","M","?","M","R","?","T","M","E","M","E","R","?","M","R","BOSS","E","$","R","BOSS"],"items_purchased_type":["Card","Relic","Card","Card","Card","Relic"],"build_version":"2020-12-13","purchased_purges":5,"victory":true,"max_hp_per_floor":[90,90,90,90,90,90,90,90,90,90,90,90,90,90,90,90,90,90,90,90,90,90,90,97,97,97,97,97,97,97,97,97,97,97,97,97,97,97,97,97,97,97,97,97,97,107,107,107,107,107,107,107,104,104,104],"relic_stats":{"Sozu":5,"counters":[35,148],"Bird Faced Urn":[20],"CloakClasp":[151],"Orichalcum":[108],"obtain_stats":[{"Lantern":53,"downfall:HeartBlessingRed":39,"Velvet Choker":17,"champ:ChampionCrown":0,"downfall:HeartBlessingGreen":39,"CloakClasp":11,"Orichalcum":27,"Akabeko":5,"Mercury Hourglass":52,"Sozu":34,"Du-Vu Doll":43,"CaptainsWheel":7,"Bottled Flame":8,"downfall:HeartBlessingBlue":46,"Strawberry":24,"Bird Faced Urn":45,"Molten Egg 2":12,"Membership Card":26,"champ:FightingForDummies":29,"Unceasing Top":10,"TungstenRod":47},{"Lantern":34,"downfall:HeartBlessingRed":26,"Velvet Choker":12,"champ:ChampionCrown":0,"downfall:HeartBlessingGreen":26,"CloakClasp":9,"Orichalcum":19,"Akabeko":5,"Mercury Hourglass":34,"Sozu":22,"Du-Vu Doll":28,"CaptainsWheel":6,"Bottled Flame":7,"downfall:HeartBlessingBlue":30,"Strawberry":16,"Bird Faced Urn":30,"Molten Egg 2":10,"Membership Card":18,"champ:FightingForDummies":20,"Unceasing Top":8,"TungstenRod":31},{"Lantern":133,"downfall:HeartBlessingRed":95,"Velvet Choker":48,"champ:ChampionCrown":0,"downfall:HeartBlessingGreen":95,"CloakClasp":36,"Orichalcum":72,"Akabeko":20,"Mercury Hourglass":133,"Sozu":82,"Du-Vu Doll":105,"CaptainsWheel":23,"Bottled Flame":27,"downfall:HeartBlessingBlue":112,"Strawberry":62,"Bird Faced Urn":112,"Molten Egg 2":41,"Membership Card":69,"champ:FightingForDummies":74,"Unceasing Top":31,"TungstenRod":118}],"Unceasing Top":[10],"TungstenRod":149,"Mercury Hourglass":[39]},"card_choices":[{"not_picked":["champ:FightOn","champ:Riposte"],"picked":"champ:AdrenalArmor","floor":1},{"not_picked":["champ:DefensiveShout","champ:GladiatorsShout"],"picked":"champ:CrookedStrike","floor":2},{"not_picked":["champ:GladiatorsShout","champ:FlashCut"],"picked":"champ:Encircle","floor":3},{"not_picked":["champ:DefensiveStyle","champ:Backstep"],"picked":"champ:BringItOn","floor":4},{"not_picked":["champ:SwordSigil","champ:BladeFlurry"],"picked":"champ:RisingSlash","floor":5},{"not_picked":["champ:GladiatorStyle","champ:Riposte"],"picked":"champ:Aggression","floor":6},{"not_picked":["champ:Haymaker","champ:ShieldWall"],"picked":"champ:HoldFirm","floor":8},{"not_picked":["champ:BladeFlurry","champ:SwordSigil"],"picked":"champ:BerserkerStyle","floor":10},{"not_picked":["champ:StanceDance","champ:IronFortress"],"picked":"champ:BerserkersShout","floor":11},{"not_picked":["champ:Aggression","champ:RapidStrikes+1","champ:FlashCut+1"],"picked":"SKIP","floor":12},{"not_picked":["champ:ViciousMockery","champ:FanOfKnives+1"],"picked":"champ:DeathBlow+1","floor":13},{"not_picked":["champ:MurderStrike+1","champ:IgnorePain"],"picked":"champ:VampiricStrike+1","floor":16},{"not_picked":["champ:Haymaker+1","champ:FocusedDefense"],"picked":"champ:Encircle+1","floor":18},{"not_picked":["champ:GladiatorStyle","champ:FlashCut+1","champ:FanOfKnives+1"],"picked":"SKIP","floor":19},{"not_picked":["champ:BringItOn","champ:DefensiveShout","champ:RisingSlash+1"],"picked":"SKIP","floor":21},{"not_picked":["champ:RageSigil","champ:IronFortress"],"picked":"champ:Encircle+1","floor":23},{"not_picked":["champ:FightOn","champ:TornadoPunch+1"],"picked":"champ:SteelEdge+1","floor":25},{"not_picked":["champ:FocusedGladiator","champ:Aggression"],"picked":"champ:RecklessLeap+1","floor":26},{"not_picked":["champ:GladiatorStyle+1","champ:RageSigil"],"picked":"champ:VampiricStrike+1","floor":27},{"not_picked":["champ:StanceDance","champ:Haymaker+1","champ:PerfectedStrike+1"],"picked":"SKIP","floor":29},{"not_picked":["champ:PerfectedStrike+1","champ:FocusedDefense","champ:TornadoPunch+1"],"picked":"SKIP","floor":30},{"not_picked":["champ:Improvising","champ:VampiricStrike+1"],"picked":"champ:Devastate+1","floor":33},{"not_picked":["champ:AdrenalArmor+1","champ:Haymaker+1","champ:Encircle+1"],"picked":"SKIP","floor":35},{"not_picked":["champ:PerfectedStrike+1","champ:GutPunch+1"],"picked":"champ:CalledShot+1","floor":36},{"not_picked":["champ:HeartStrike+1","champ:FanOfKnives+1","champ:GladiatorsShout"],"picked":"SKIP","floor":37},{"not_picked":["champ:EnragedBash+1","champ:Haymaker+1"],"picked":"champ:BerserkerStyle+1","floor":38},{"not_picked":["expansioncontent:DefensiveStance","expansioncontent:DecasProtection"],"picked":"expansioncontent:Collect","floor":40},{"not_picked":["expansioncontent:Hexaburn+1","expansioncontent:PrepareCrush"],"picked":"expansioncontent:PolyBeam+1","floor":40},{"not_picked":["expansioncontent:Sear+1","expansioncontent:ManipulateTime"],"picked":"expansioncontent:DarkVoid+1","floor":40},{"not_picked":["champ:Encircle+1","champ:BerserkersShout"],"picked":"champ:EndlessRage","floor":42},{"not_picked":["champ:RageSigil","champ:RisingSlash+1","champ:FaceSlap+1"],"picked":"SKIP","floor":43},{"not_picked":["champ:PerfectedStrike+1","champ:Haymaker+1","champ:BerserkersShout"],"picked":"SKIP","floor":44},{"not_picked":["champ:ShieldSigil","champ:GladiatorStyle","champ:BringItOn"],"picked":"SKIP","floor":45},{"not_picked":["champ:BladeFlurry+1","champ:Haymaker+1"],"picked":"champ:BerserkerStyle+1","floor":47},{"not_picked":["champ:StanceDance","champ:Riposte+1","champ:TornadoPunch+1"],"picked":"SKIP","floor":48},{"not_picked":["champ:EnGarde","champ:Backstep","champ:BerserkersShout+1"],"picked":"SKIP","floor":52}],"player_experience":961485,"relics_obtained":[{"floor":5,"key":"Akabeko"},{"floor":7,"key":"CaptainsWheel"},{"floor":8,"key":"Bottled Flame"},{"floor":10,"key":"Unceasing Top"},{"floor":11,"key":"CloakClasp"},{"floor":12,"key":"Molten Egg 2"},{"floor":24,"key":"Strawberry"},{"floor":27,"key":"Orichalcum"},{"floor":29,"key":"champ:FightingForDummies"},{"floor":43,"key":"Du-Vu Doll"},{"floor":45,"key":"Bird Faced Urn"},{"floor":47,"key":"TungstenRod"},{"floor":52,"key":"Mercury Hourglass"}],"event_choices":[{"damage_healed":0,"gold_gain":0,"player_choice":"Forge","damage_taken":0,"max_hp_gain":0,"max_hp_loss":0,"event_name":"Accursed Blacksmith","floor":14,"gold_loss":0,"cards_upgraded":["champ:BerserkerStyle"]}],"is_beta":false,"boss_relics":[{"not_picked":["Calling Bell","champ:ChampionCrownUpgraded"],"picked":"Velvet Choker"},{"not_picked":["Tiny House","SlaversCollar"],"picked":"Sozu"}],"items_purged_floors":[19,26,31,53,53],"is_endless":false,"potions_floor_spawned":[1,2,6,11,18,21,23,27,36,38,44,47,48],"ascension_level":3}}