{"host":"pmu3ictzl11fv3j7","time":1608463439,"event":{"mods":["BaseMod","Hermit","Minty Spire (QoL Compilation)","Quick Restart","Replay The Spire","StSLib"],"gold_per_floor":[109,120,120,139,139,139,139,159,159,194,194,269,304,316,316,420,420,432,442,442,442,468,508,508,508,508],"floor_reached":25,"playtime":2571,"items_purged":[],"score":229,"play_id":"be90526f-2b1e-4c33-bec4-b4618039bf7d","local_time":"20201220052359","is_ascension_mode":false,"campfire_choices":[{"data":"hermit:GoldenBullet","floor":6.0,"key":"SMITH"},{"floor":11.0,"key":"REST"}],"circlet_count":0,"master_deck":["hermit:Strike_Hermit","hermit:Strike_Hermit","hermit:Strike_Hermit","hermit:Defend_Hermit","hermit:Defend_Hermit","hermit:Defend_Hermit","hermit:Defend_Hermit","hermit:Snapshot+1","hermit:Covet","hermit:TrackingShot+1","hermit:EyeOfTheStorm","Regret","hermit:GoldenBullet+1","hermit:Grudge+1","hermit:Vantage","hermit:ShadowCloak","hermit:Quickdraw","hermit:ShadowCloak","hermit:FatalDesire","hermit:PistolWhip+1","hermit:Malice+1","Shame","hermit:Ricochet"],"relics":["hermit:Momento","Replay:Multitool","ReplayTheSpireMod:Shallot","Pen Nib","Pantograph","Replay:Bronze Core","Happy Flower","MutagenicStrength","Replay:Bandana","Art of War"],"acts_visited":["Exordium","TheCity"],"potions_floor_usage":[],"damage_taken":[{"damage":0.0,"enemies":"Cultist","floor":1.0,"turns":3.0},{"damage":0.0,"enemies":"Small Slimes","floor":2.0,"turns":3.0},{"damage":2.0,"enemies":"2 Louse","floor":4.0,"turns":3.0},{"damage":12.0,"enemies":"Blue Slaver","floor":8.0,"turns":3.0},{"damage":13.0,"enemies":"3 Sentries","floor":10.0,"turns":8.0},{"damage":26.0,"enemies":"Gremlin Nob","floor":13.0,"turns":6.0},{"damage":0.0,"enemies":"3 Louse","floor":14.0,"turns":1.0},{"damage":60.0,"enemies":"The Guardian","floor":16.0,"turns":15.0},{"damage":1.0,"enemies":"Shell Parasite","floor":18.0,"turns":5.0},{"damage":6.0,"enemies":"2 Thieves","floor":19.0,"turns":4.0},{"damage":46.0,"enemies":"Slavers","floor":23.0,"turns":7.0}],"seed_played":"2879298792578895357","potions_obtained":[{"floor":8.0,"key":"hermit:Tonic"},{"floor":10.0,"key":"Milkshake"},{"floor":13.0,"key":"SmokeBomb"},{"floor":14.0,"key":"Swift Potion"},{"floor":16.0,"key":"Fire Potion"},{"floor":18.0,"key":"Adrenaline Potion"}],"is_trial":false,"path_per_floor":["M","M","?","M","?","R","?","M","T","E","R","?","E","M","R","B",null,"M","M","?","?","T","E","?","?"],"character_chosen":"HERMIT","items_purchased":[],"campfire_rested":1,"item_purchase_floors":[],"current_hp_per_floor":[75,75,75,73,73,73,73,61,61,48,70,63,37,37,59,15,75,74,68,68,68,68,22,47,47,47],"gold":508,"neow_bonus":"RANDOM_EVENT","is_daily":false,"chose_seed":false,"campfire_upgraded":1,"win_rate":0.0,"timestamp":1608463439,"path_taken":["M","M","?","M","?","R","?","M","T","E","R","?","E","M","R","BOSS","M","?","?","?","?","E","?","?"],"items_purchased_type":[],"build_version":"2020-12-13","purchased_purges":0,"victory":false,"max_hp_per_floor":[75,75,75,75,75,75,75,75,75,75,75,75,75,75,75,75,75,75,75,75,75,75,75,75,75,75],"card_choices":[{"not_picked":["hermit:LowProfile","hermit:HoleUp"],"picked":"hermit:TrackingShot","floor":1.0},{"not_picked":["hermit:Feint","hermit:BodyArmor"],"picked":"hermit:EyeOfTheStorm","floor":2.0},{"not_picked":["hermit:Vantage","hermit:HoleUp"],"picked":"hermit:GoldenBullet","floor":4.0},{"not_picked":["hermit:BodyArmor","hermit:HoleUp"],"picked":"hermit:Vantage","floor":8.0},{"not_picked":["hermit:CalledShot","hermit:Dive"],"picked":"hermit:ShadowCloak","floor":10.0},{"not_picked":["hermit:Spite","hermit:LoneWolf"],"picked":"hermit:Quickdraw","floor":13.0},{"not_picked":["hermit:Headshot","hermit:EyeOfTheStorm"],"picked":"hermit:ShadowCloak","floor":14.0},{"not_picked":["hermit:Reprieve","hermit:Gambit"],"picked":"hermit:FatalDesire","floor":16.0},{"not_picked":["hermit:LowProfile","hermit:SprayPray"],"picked":"hermit:PistolWhip+1","floor":18.0},{"not_picked":["hermit:Showdown","hermit:LoneWolf+1"],"picked":"hermit:Malice+1","floor":19.0},{"not_picked":["hermit:LoneWolf","hermit:Brawl"],"picked":"hermit:Ricochet","floor":23}],"player_experience":605022,"relics_obtained":[{"floor":9.0,"key":"ReplayTheSpireMod:Shallot"},{"floor":10.0,"key":"Pen Nib"},{"floor":13.0,"key":"Pantograph"},{"floor":22.0,"key":"Replay:Bandana"},{"floor":23,"key":"Art of War"}],"event_choices":[{"damage_healed":0.0,"max_hp_gain":0.0,"max_hp_loss":0.0,"gold_gain":0.0,"event_name":"Living Wall","player_choice":"Grow","floor":0.0,"gold_loss":0.0,"damage_taken":0.0,"cards_upgraded":["hermit:Snapshot"]},{"damage_healed":0.0,"max_hp_gain":0.0,"max_hp_loss":0.0,"gold_gain":0.0,"event_name":"Big Fish","player_choice":"Box","floor":3.0,"gold_loss":0.0,"damage_taken":0.0,"relics_obtained":["Replay:Multitool"],"cards_obtained":["Regret"]},{"damage_healed":0.0,"max_hp_gain":0.0,"max_hp_loss":0.0,"gold_gain":0.0,"event_name":"The Cleric","player_choice":"Leave","floor":7.0,"gold_loss":0.0,"damage_taken":0.0},{"damage_healed":0.0,"max_hp_gain":0.0,"max_hp_loss":0.0,"gold_gain":75.0,"event_name":"FaceTrader","player_choice":"Touch","floor":12.0,"gold_loss":0.0,"damage_taken":7.0},{"damage_healed":0.0,"max_hp_gain":0.0,"max_hp_loss":0.0,"gold_gain":0.0,"event_name":"Addict","player_choice":"Stole Relic","floor":20.0,"gold_loss":0.0,"damage_taken":0.0,"relics_obtained":["Happy Flower"],"cards_obtained":["Shame"]},{"damage_healed":0.0,"max_hp_gain":0.0,"max_hp_loss":0.0,"gold_gain":0.0,"event_name":"Drug Dealer","player_choice":"Inject Mutagens","floor":21.0,"gold_loss":0.0,"damage_taken":0.0,"relics_obtained":["MutagenicStrength"]},{"damage_healed":25,"gold_gain":0,"player_choice":"Heal","damage_taken":0,"max_hp_gain":0,"max_hp_loss":0,"event_name":"The Library","floor":24,"gold_loss":0}],"is_beta":false,"boss_relics":[{"not_picked":["Replay:Wanted Poster","hermit:DentedPlate"],"picked":"Replay:Bronze Core"}],"items_purged_floors":[],"is_endless":false,"potions_floor_spawned":[8,10,13,14,16,18],"ascension_level":0}}