{"host":"mgc7o2tpy0ck407l","time":1608480428,"event":{"mods":["Alarm Clock","AlwaysNeverKeys","BaseMod","Better Altar","Better Match","Better Note","Better Sensory Stone","Better Skull","Better Third Choice","Better Vampires","Block Reminder","Booster Modes","Challenge The Spire","Colored Map","Colored Powertips","Disable Question Mark Monsters","Emptier Cage","Infinite Spire","Minty Spire (QoL Compilation)","Permanent Neow","Quick Restart","Rare Cards Sparkle","Reorder Act Four","Replay The Spire","Spicy Shops","StSLib","The Blue Laboratory","Transform Curses","Unceasing Turn Reminder"],"gold_per_floor":[113,43,60,60,8,8,39,39,39,39,114,8,35,50,50,50,50],"floor_reached":16,"playtime":532,"items_purged":[],"score":111,"play_id":"7bdb1f98-4fac-443f-8b86-d1d2c07077c3","local_time":"20201220110708","is_ascension_mode":true,"campfire_choices":[{"data":"Blind","floor":6.0,"key":"SMITH"},{"data":"Streamline","floor":8.0,"key":"SMITH"},{"data":"ReplaySort","floor":10.0,"key":"SMITH"},{"floor":15.0,"key":"REST"}],"circlet_count":0,"master_deck":["Strike_B","Strike_B","Strike_B","Strike_B","Defend_B","Defend_B","Defend_B","Defend_B","Zap","Dualcast","Gash","Streamline+1","Blind+1","Leap","ReplaySort+1","Hologram","Bandage Up","Panic Button"],"relics":["Cracked Core","Art of War","Darkstone Periapt","ReplayFunnel","Shuriken","Molten Egg 2"],"acts_visited":["Exordium"],"potions_floor_usage":[16],"damage_taken":[{"damage":0.0,"enemies":"2 Louse","floor":1.0,"turns":1.0},{"damage":13.0,"enemies":"infinitespire:Voidling","floor":3.0,"turns":3.0},{"damage":25.0,"enemies":"3 Sentries","floor":7.0,"turns":9.0},{"damage":26.0,"enemies":"Lagavulin","floor":13.0,"turns":6.0},{"damage":0.0,"enemies":"Small Slimes","floor":14.0,"turns":2.0},{"damage":58,"enemies":"Fading Forest","floor":16,"turns":9}],"seed_played":"3065512714351708716","potions_obtained":[{"floor":3.0,"key":"AttackPotion"},{"floor":7.0,"key":"blueLaboratory:Moonshine"}],"is_trial":false,"path_per_floor":["M","?","M","?","$","R","E","R","T","R","?","$","E","M","R","B"],"character_chosen":"DEFECT","items_purchased":["Leap","Hologram","Bandage Up"],"campfire_rested":1,"item_purchase_floors":[5,12,12],"current_hp_per_floor":[75,75,62,62,62,62,37,37,37,37,30,30,8,12,34,0,0],"gold":50,"neow_bonus":"RANDOM_COMMON_RELIC","is_daily":false,"chose_seed":false,"campfire_upgraded":3,"win_rate":0.0,"timestamp":1608480428,"path_taken":["M","?","?","?","$","R","E","R","T","R","?","$","E","M","R","BOSS"],"items_purchased_type":["Card","Card","Card"],"build_version":"2020-12-13","purchased_purges":0,"victory":false,"max_hp_per_floor":[75,75,75,75,75,75,75,75,75,75,75,75,75,75,75,75,75],"card_choices":[{"not_picked":["Crystallizer","Stack"],"picked":"Gash","floor":1.0},{"not_picked":["Steam","Compile Driver"],"picked":"Streamline","floor":3.0},{"not_picked":["Replay:Bootleg Shield Generator","Replay:Sssssssssstrike"],"picked":"Blind","floor":4.0},{"not_picked":["Steam","Time Bomb"],"picked":"ReplaySort","floor":7.0},{"not_picked":["Coolheaded","Recycle"],"picked":"Panic Button","floor":13.0},{"not_picked":["Aggregate","Storm","Steam Power"],"picked":"SKIP","floor":14.0}],"player_experience":681364,"relics_obtained":[{"floor":7.0,"key":"ReplayFunnel"},{"floor":9.0,"key":"Shuriken"},{"floor":13.0,"key":"Molten Egg 2"}],"event_choices":[{"damage_healed":0.0,"max_hp_gain":0.0,"max_hp_loss":0.0,"gold_gain":0.0,"event_name":"WeMeetAgain","player_choice":"Paid Gold","floor":2.0,"gold_loss":70.0,"damage_taken":0.0,"relics_obtained":["Darkstone Periapt"]},{"damage_healed":0.0,"max_hp_gain":0.0,"max_hp_loss":0.0,"gold_gain":1.0,"event_name":"betterStone:BetterStone","player_choice":"1","floor":4.0,"gold_loss":0.0,"damage_taken":0.0},{"damage_healed":0.0,"max_hp_gain":0.0,"max_hp_loss":0.0,"gold_gain":75.0,"event_name":"FaceTrader","player_choice":"Touch","floor":11.0,"gold_loss":0.0,"damage_taken":7.0}],"is_beta":false,"boss_relics":[],"items_purged_floors":[],"is_endless":false,"potions_floor_spawned":[3,7],"killed_by":"Fading Forest","ascension_level":1}}