{"host":"ci7ivtocgfxh0ueo","time":1608442635,"event":{"mods":["BaseMod","GifTheSpireLib","Minty Spire (QoL Compilation)","StSLib"],"gold_per_floor":[113,113,113,136,136,136,156,156,180,262,262,262,29,47,47,47,47],"floor_reached":16,"playtime":502,"items_purged":["Injury"],"score":163,"play_id":"5ebb9749-f6d0-44f8-9970-debf4d8d8884","local_time":"20201220133715","is_ascension_mode":true,"campfire_choices":[{"data":"Crippling Poison","floor":6,"key":"SMITH"},{"data":"Noxious Fumes","floor":8,"key":"SMITH"},{"data":"Neutralize","floor":12,"key":"SMITH"},{"data":"Terror","floor":15,"key":"SMITH"}],"circlet_count":0,"master_deck":["AscendersBane","Strike_G","Strike_G","Strike_G","Strike_G","Strike_G","Defend_G","Defend_G","Defend_G","Defend_G","Defend_G","Survivor","Neutralize+1","Masterful Stab","Crippling Poison+1","Noxious Fumes+1","Die Die Die","Terror+1"],"relics":["Ring of the Snake","Dream Catcher","Golden Idol","Boot","MealTicket","Ornamental Fan"],"acts_visited":["Exordium"],"potions_floor_usage":[],"damage_taken":[{"damage":0,"enemies":"Jaw Worm","floor":1,"turns":9},{"damage":2,"enemies":"2 Louse","floor":4,"turns":3},{"damage":8,"enemies":"Cultist","floor":7,"turns":4},{"damage":16,"enemies":"Exordium Thugs","floor":14,"turns":3},{"damage":53,"enemies":"Slime Boss","floor":16,"turns":8}],"seed_played":"1076118456694033783","potions_obtained":[{"floor":1,"key":"Ancient Potion"},{"floor":4,"key":"Ancient Potion"}],"is_trial":false,"path_per_floor":["M","?","?","M","T","R","M","R","T","T","?","R","$","M","R","B"],"character_chosen":"THE_SILENT","items_purchased":["Die Die Die"],"campfire_rested":0,"item_purchase_floors":[13],"current_hp_per_floor":[59,59,64,62,62,62,54,54,54,54,54,54,69,53,53,0,0],"gold":47,"neow_bonus":"RANDOM_COMMON_RELIC","is_daily":false,"chose_seed":false,"campfire_upgraded":4,"win_rate":0.0,"timestamp":1608442635,"path_taken":["M","?","?","M","?","R","M","R","T","?","?","R","$","?","R","BOSS"],"items_purchased_type":["Card"],"build_version":"2020-12-13","purchased_purges":1,"victory":false,"max_hp_per_floor":[66,66,71,71,71,71,71,71,71,71,71,71,71,71,71,71,71],"card_choices":[{"not_picked":["Distraction","Prepared"],"picked":"Masterful Stab","floor":1},{"not_picked":["Reflex","Flying Knee"],"picked":"Crippling Poison","floor":4},{"not_picked":["Prepared","Backflip"],"picked":"Noxious Fumes","floor":7},{"not_picked":["PiercingWail","Finisher"],"picked":"Terror","floor":14}],"player_experience":1271669,"relics_obtained":[{"floor":5,"key":"Boot"},{"floor":9,"key":"MealTicket"},{"floor":10,"key":"Ornamental Fan"}],"event_choices":[{"damage_healed":0,"gold_gain":0,"player_choice":"Take Wound","damage_taken":0,"relics_obtained":["Golden Idol"],"max_hp_gain":0,"max_hp_loss":0,"event_name":"Golden Idol","floor":2,"gold_loss":0,"cards_obtained":["Injury"]},{"damage_healed":0,"gold_gain":0,"player_choice":"Donut","damage_taken":0,"max_hp_gain":5,"max_hp_loss":0,"event_name":"Big Fish","floor":3,"gold_loss":0},{"damage_healed":0,"gold_gain":0,"player_choice":"Searched \u00271\u0027 times","damage_taken":0,"max_hp_gain":0,"max_hp_loss":0,"event_name":"Dead Adventurer","floor":11,"gold_loss":0}],"is_beta":false,"boss_relics":[],"items_purged_floors":[13],"is_endless":false,"potions_floor_spawned":[1,4],"killed_by":"Slime Boss","ascension_level":17}}