{"host":"z5ogtnuuoxgup8y1","time":1608494375,"event":{"mods":["BaseMod","Better Third Choice","BetterRewards","Hermit","Hubris","Jorbs\u0027s Wanderer Trilogy","Minty Spire (QoL Compilation)","Replay The Spire","Spicy Shops","StSLib","The Cursed","The Disciple","The Hierophant","The Jungle","The Runesmith"],"gold_per_floor":[114,114,12,25,35,61,61,81,105,124,151,151,161,193,193,264,264,278,278,2,14,14,45,45,71,71,71,86,106,119,153,153,231,231,245,290,36,48,48,348,383,383,410,410,422,422,428,11,11,11,11],"floor_reached":50,"playtime":2460,"items_purged":["Strike_P","SignatureMove"],"score":1537,"play_id":"ad063ba4-21a2-46b9-b6a2-14da7b2f6d02","local_time":"20201220195935","is_ascension_mode":true,"campfire_choices":[{"data":"Wallop","floor":7.0,"key":"SMITH"},{"floor":12.0,"key":"REST"},{"data":"TalkToTheHand","floor":15.0,"key":"SMITH"},{"floor":24.0,"key":"REST"},{"data":"Shockwave","floor":27.0,"key":"SMITH"},{"floor":32.0,"key":"REST"},{"floor":40.0,"key":"DIG"},{"floor":42.0,"key":"DIG"},{"floor":44.0,"key":"DIG"},{"floor":46.0,"key":"DIG"},{"floor":49.0,"key":"DIG"}],"circlet_count":0,"master_deck":["AscendersBane","Eruption","Vigilance","TalkToTheHand+1","Backstab","Wallop+1","Predator","Twin Strike","hierophant:RepressedViolence","Meditate+1","EmptyFist","Protect","Consecrate","stsjorbsmod:Hurt","Shockwave+1","Pot Of Greed","Pot Of Greed","Midas Touch","LessonLearned","EmptyFist","SashWhip","DeceiveReality","Pot Of Greed","Wallop","Pommel Strike+1","hierophant:Purify","EmptyFist","Devotion"],"relics":["PureWater","PreservedInsect","PrismaticShard","Peace Pipe","Boot","Odd Mushroom","Pen Nib","Nunchaku","Toy Ornithopter","hubris:CrackedHourglass","Bag of Preparation","hubris:FruitBowl","Strawberry","Vajra","Damaru","Replay:Wax Seal","Gremlin Food","Grinning Jar","Replay:Bottled Snecko","Pandora\u0027s Box","Shovel","Orrery","Old Coin","Garlic","Replay:Bottled Steam","Bag of Marbles","Replay:PocketPolymizer","Mirror","Blue Doll","Oddly Smooth Stone","Eternal Feather","Thread and Needle"],"acts_visited":["Exordium","TheCity","TheBeyond"],"potions_floor_usage":[50,50],"damage_taken":[{"damage":2.0,"enemies":"Jaw Worm","floor":1.0,"turns":5.0},{"damage":0.0,"enemies":"Cultist","floor":4.0,"turns":4.0},{"damage":0.0,"enemies":"Small Slimes","floor":5.0,"turns":2.0},{"damage":0.0,"enemies":"Replay:BlueRogue","floor":6.0,"turns":9.0},{"damage":6.0,"enemies":"The Mushroom Lair","floor":8.0,"turns":4.0},{"damage":0.0,"enemies":"Red Slaver","floor":10.0,"turns":5.0},{"damage":10.0,"enemies":"Gremlin Nob","floor":11.0,"turns":3.0},{"damage":1.0,"enemies":"Blue Slaver","floor":13.0,"turns":4.0},{"damage":0.0,"enemies":"3 Sentries","floor":14.0,"turns":4.0},{"damage":0.0,"enemies":"Slime Boss","floor":16.0,"turns":4.0},{"damage":4.0,"enemies":"2 Thieves","floor":18.0,"turns":2.0},{"damage":0.0,"enemies":"Shell Parasite","floor":21.0,"turns":2.0},{"damage":5.0,"enemies":"Gremlin Leader","floor":23.0,"turns":5.0},{"damage":0.0,"enemies":"Replay:Snechameleon","floor":25.0,"turns":3.0},{"damage":5.0,"enemies":"Snake Plant","floor":28.0,"turns":4.0},{"damage":0.0,"enemies":"Cultist and Chosen","floor":29.0,"turns":3.0},{"damage":5.0,"enemies":"Snecko","floor":30.0,"turns":4.0},{"damage":1.0,"enemies":"Book of Stabbing","floor":31.0,"turns":3.0},{"damage":19.0,"enemies":"Collector","floor":33.0,"turns":5.0},{"damage":0.0,"enemies":"Orb Walker","floor":35.0,"turns":2.0},{"damage":13.0,"enemies":"2 Orb Walkers","floor":36.0,"turns":6.0},{"damage":0.0,"enemies":"3 Shapes","floor":38.0,"turns":2.0},{"damage":4.0,"enemies":"Giant Head","floor":41.0,"turns":5.0},{"damage":1.0,"enemies":"3 Darklings","floor":45.0,"turns":6.0},{"damage":0.0,"enemies":"R_Hoarder","floor":47.0,"turns":2.0},{"damage":76,"enemies":"Awakened One","floor":50,"turns":9}],"seed_played":"3322078114212889914","potions_obtained":[{"floor":1.0,"key":"Block Potion"},{"floor":6.0,"key":"SpeedPotion"},{"floor":14.0,"key":"Adrenaline Potion"},{"floor":23.0,"key":"LiquidMemories"},{"floor":31.0,"key":"DuplicationPotion"},{"floor":36.0,"key":"Adrenaline Potion"},{"floor":47.0,"key":"Elixir"}],"is_trial":false,"path_per_floor":["M","?","$","M","M","E","R","?","T","M","E","R","M","E","R","B",null,"M","?","$","M","$","E","R","E","T","R","M","M","M","E","R","B",null,"M","?","$","M","?","R","E","R","T","R","M","R","E","$","R","B"],"character_chosen":"WATCHER","items_purchased":["PreservedInsect","TalkToTheHand","PrismaticShard","Wallop","Bag of Preparation","EmptyFist","Protect","Consecrate","hubris:FruitBowl","Strawberry","Vajra","Damaru","Orrery","Devotion","Oddly Smooth Stone","Eternal Feather","PowerPotion"],"campfire_rested":3,"item_purchase_floors":[0,0,0,3,20,20,20,20,22,22,22,22,37,48,48,48,48],"current_hp_per_floor":[38,38,38,38,38,38,38,32,32,32,22,43,42,42,42,42,65,61,61,61,61,22,22,46,46,46,46,41,41,36,35,59,40,72,72,64,64,64,64,64,60,60,60,60,64,64,64,64,76,0,0],"gold":11,"neow_bonus":"","is_daily":false,"chose_seed":false,"campfire_upgraded":3,"win_rate":0.0,"timestamp":1608494375,"path_taken":["M","?","?","M","?","E","R","?","T","M","E","R","M","E","R","BOSS","M","?","?","M","?","E","R","E","T","R","M","M","M","E","R","BOSS","M","?","$","M","?","R","E","R","T","R","M","R","E","$","R","BOSS"],"items_purchased_type":["Relic","Card","Relic","Card","Relic","Card","Card","Card","Relic","Relic","Relic","Relic","Relic","Card","Relic","Relic","Potion"],"build_version":"2020-12-13","purchased_purges":2,"victory":false,"max_hp_per_floor":[72,72,72,72,72,72,72,72,72,72,72,72,72,72,72,72,72,72,72,72,72,82,82,82,82,82,82,82,82,82,82,82,82,82,82,82,82,82,76,76,76,76,76,76,76,76,76,76,76,76,76],"card_choices":[{"not_picked":["hierophant:ArchangelShield","TickedOff"],"picked":"Backstab","floor":1.0},{"not_picked":["stsjorbsmod:Frustration","stsjorbsmod:UnseenServant","TheCursedMod:CursedBlade"],"picked":"SKIP","floor":4.0},{"not_picked":["stsjorbsmod:WanderingMind","Vengeance","hermit:TakeCover"],"picked":"SKIP","floor":5.0},{"not_picked":["stsjorbsmod:BlackTentacles_Cull","Leap","BiteCommand"],"picked":"SKIP","floor":6.0},{"not_picked":["Replay:AtTheReady","stsjorbsmod:Prepare"],"picked":"Predator","floor":10.0},{"not_picked":["hermit:Feint","hierophant:Levitation"],"picked":"Twin Strike","floor":11.0},{"not_picked":["stsjorbsmod:FranticMind","Run Through","hermit:ItchyTrigger"],"picked":"SKIP","floor":13.0},{"not_picked":["LockedUrn","Sentinel","stsjorbsmod:Mending"],"picked":"SKIP","floor":14.0},{"not_picked":["TheCursedMod:CursedAmulet+1","hierophant:RustyCrate"],"picked":"hierophant:RepressedViolence","floor":18.0},{"not_picked":["stsjorbsmod:Hurt","hermit:CalledShot","Poisoned Stab"],"picked":"SKIP","floor":21.0},{"not_picked":["hermit:CalledShot","Poisoned Stab"],"picked":"stsjorbsmod:Hurt","floor":21.0},{"not_picked":["TheCursedMod:CursedBoomerang","stsjorbsmod:TrueStrike","stsjorbsmod:WastingForm"],"picked":"SKIP","floor":23.0},{"not_picked":["stsjorbsmod:WeightOfMemory","Feel No Pain"],"picked":"Shockwave","floor":25.0},{"not_picked":["Beam Cell","CrushJoints","ReplayTheSpireMod:Strike From Hell+1"],"picked":"SKIP","floor":28.0},{"not_picked":["hubris:SharpeningStone","Mind Blast","Shrug It Off"],"picked":"SKIP","floor":29.0},{"not_picked":["stsjorbsmod:Miracle_Cull","stsjorbsmod:TrueStrike","hermit:NoHoldsBarred"],"picked":"SKIP","floor":30.0},{"not_picked":["stsjorbsmod:Miracle_Cull","stsjorbsmod:TrueStrike","hermit:NoHoldsBarred"],"picked":"SKIP","floor":30.0},{"not_picked":["Stack","hierophant:FlamingChariot","Keepsakes"],"picked":"SKIP","floor":31.0},{"not_picked":["Stack","hierophant:FlamingChariot","Keepsakes"],"picked":"SKIP","floor":31.0},{"not_picked":["SpiritShield","hermit:HighNoon"],"picked":"Midas Touch","floor":33.0},{"not_picked":["stsjorbsmod:SmithingStrike","FormalWear","PathToVictory+1"],"picked":"SKIP","floor":35.0},{"not_picked":["Doppelganger","TheCursedMod:CursedAmulet"],"picked":"Wallop","floor":37.0},{"not_picked":["TheCursedMod:CursedArmor","Uppercut"],"picked":"Pommel Strike+1","floor":38.0},{"not_picked":["BiteCommand","Runesmith:Grindstone","Runesmith:HammerThrow"],"picked":"SKIP","floor":41.0},{"not_picked":["Disarm","Good Instincts","hierophant:Purify"],"picked":"SKIP","floor":45.0},{"not_picked":["Disarm","Good Instincts"],"picked":"hierophant:Purify","floor":45.0},{"not_picked":["Concentrate","Compile Driver+1","hierophant:HammerAndAnvil"],"picked":"SKIP","floor":47.0}],"player_experience":655508,"relics_obtained":[{"floor":6.0,"key":"Boot"},{"floor":8.0,"key":"Odd Mushroom"},{"floor":9.0,"key":"Pen Nib"},{"floor":11.0,"key":"Nunchaku"},{"floor":14.0,"key":"Toy Ornithopter"},{"floor":23.0,"key":"Replay:Wax Seal"},{"floor":25.0,"key":"Gremlin Food"},{"floor":26.0,"key":"Grinning Jar"},{"floor":31.0,"key":"Replay:Bottled Snecko"},{"floor":36.0,"key":"Shovel"},{"floor":40.0,"key":"Old Coin"},{"floor":41.0,"key":"Garlic"},{"floor":42.0,"key":"Replay:Bottled Steam"},{"floor":43.0,"key":"Bag of Marbles"},{"floor":44.0,"key":"Replay:PocketPolymizer"},{"floor":46.0,"key":"Mirror"},{"floor":47.0,"key":"Blue Doll"},{"floor":49.0,"key":"Thread and Needle"}],"event_choices":[{"damage_healed":0.0,"max_hp_gain":0.0,"max_hp_loss":0.0,"gold_gain":0.0,"cards_transformed":["Strike_P"],"event_name":"Transmorgrifier","player_choice":"Transformed","floor":2.0,"gold_loss":0.0,"damage_taken":0.0,"cards_obtained":["Replay:DivineShield"]},{"damage_healed":0.0,"max_hp_gain":0.0,"max_hp_loss":0.0,"gold_gain":0.0,"event_name":"Mushrooms","player_choice":"Fought Mushrooms","floor":8.0,"gold_loss":0.0,"damage_taken":0.0},{"damage_healed":0.0,"max_hp_gain":0.0,"max_hp_loss":0.0,"gold_gain":0.0,"cards_transformed":["Strike_P"],"event_name":"Transmorgrifier","player_choice":"Transformed","floor":19.0,"gold_loss":0.0,"damage_taken":0.0,"cards_obtained":["Meditate"]},{"damage_healed":0.0,"max_hp_gain":0.0,"max_hp_loss":0.0,"gold_gain":0.0,"event_name":"Mysterious Sphere","player_choice":"Fight","floor":36.0,"gold_loss":0.0,"damage_taken":0.0},{"damage_healed":0.0,"max_hp_gain":0.0,"max_hp_loss":4.0,"gold_gain":0.0,"event_name":"Winding Halls","player_choice":"Max HP","floor":39.0,"gold_loss":0.0,"damage_taken":0.0}],"is_beta":false,"boss_relics":[{"not_picked":["Replay:Drink Me","hubris:VirtuousBlindfold"],"picked":"hubris:CrackedHourglass"},{"not_picked":["Runic Pyramid","hubris:TerracottaHorce"],"picked":"Pandora\u0027s Box"}],"items_purged_floors":[0,37],"is_endless":false,"potions_floor_spawned":[1,6,14,16,23,25,28,29,31,36,47],"killed_by":"Awakened One","ascension_level":13}}