{"host":"xcuflocadasoaqda","time":1608488463,"event":{"mods":["BaseMod","Bestiary","Filter the Spire","Minty Spire (QoL Compilation)","Relic Stats"],"gold_per_floor":[112,112,122,10,23,53,53,53,53,53,73,73,83,83,83],"floor_reached":14,"playtime":966,"items_purged":[],"score":180,"play_id":"c01d9055-8981-4f46-95cb-2339eb7ccf7e","local_time":"20201220122103","is_ascension_mode":true,"campfire_choices":[{"data":"Noxious Fumes","floor":7,"key":"SMITH"},{"floor":10,"key":"REST"}],"circlet_count":0,"master_deck":["AscendersBane","Strike_G","Strike_G+1","Strike_G","Strike_G+1","Defend_G","Defend_G","Defend_G","Defend_G","Defend_G","Survivor","Neutralize","Noxious Fumes+1","Dagger Spray","Deadly Poison","Masterful Stab","Calculated Gamble","Blur"],"relics":["SlaversCollar","Eternal Feather","Toy Ornithopter"],"acts_visited":["Exordium"],"potions_floor_usage":[6,6,13,14],"damage_taken":[{"damage":7,"enemies":"Jaw Worm","floor":1,"turns":7},{"damage":2,"enemies":"2 Louse","floor":3,"turns":4},{"damage":5,"enemies":"Small Slimes","floor":5,"turns":4},{"damage":36,"enemies":"Gremlin Nob","floor":6,"turns":4},{"damage":9,"enemies":"Exordium Wildlife","floor":11,"turns":4},{"damage":2,"enemies":"Blue Slaver","floor":13,"turns":4},{"damage":21,"enemies":"3 Sentries","floor":14,"turns":6}],"seed_played":"-1594007138617449008","potions_obtained":[{"floor":3,"key":"SteroidPotion"},{"floor":6,"key":"SkillPotion"},{"floor":13,"key":"Weak Potion"}],"is_trial":false,"path_per_floor":["M","?","M","$","M","E","R","?","T","R","M","?","M","E"],"character_chosen":"THE_SILENT","items_purchased":["Deadly Poison","BlessingOfTheForge"],"campfire_rested":1,"item_purchase_floors":[4,4],"current_hp_per_floor":[52,52,50,50,45,9,18,11,11,39,30,10,13,0,0],"gold":83,"neow_bonus":"BOSS_RELIC","is_daily":false,"chose_seed":false,"campfire_upgraded":1,"win_rate":0.0,"timestamp":1608488463,"path_taken":["M","?","M","$","M","E","R","?","T","R","M","?","?","E"],"items_purchased_type":["Card","Potion"],"build_version":"2020-12-13","purchased_purges":0,"victory":false,"max_hp_per_floor":[66,66,66,66,66,66,66,66,66,66,66,66,66,66,66],"relic_stats":{"counters":[7,33],"Eternal Feather":18,"obtain_stats":[{"SlaversCollar":0,"Eternal Feather":6,"Toy Ornithopter":9,"Ring of the Snake":0},{"SlaversCollar":0,"Eternal Feather":4,"Toy Ornithopter":4,"Ring of the Snake":0},{"SlaversCollar":0,"Eternal Feather":19,"Toy Ornithopter":19,"Ring of the Snake":0}],"Toy Ornithopter":10},"card_choices":[{"not_picked":["Flying Knee","Terror"],"picked":"Noxious Fumes","floor":1},{"not_picked":["Deflect","Quick Slash"],"picked":"Dagger Spray","floor":3},{"not_picked":["Dagger Spray","Backflip"],"picked":"Masterful Stab","floor":5},{"not_picked":["Slice","Phantasmal Killer"],"picked":"Calculated Gamble","floor":6},{"not_picked":["Underhanded Strike","Setup","Escape Plan"],"picked":"SKIP","floor":11},{"not_picked":["Dodge and Roll","Acrobatics"],"picked":"Blur","floor":13}],"player_experience":1776407,"relics_obtained":[{"floor":6,"key":"Eternal Feather"},{"floor":9,"key":"Toy Ornithopter"}],"event_choices":[{"damage_healed":0,"gold_gain":0,"player_choice":"Leave","damage_taken":0,"max_hp_gain":0,"max_hp_loss":0,"event_name":"The Cleric","floor":2,"gold_loss":0},{"cards_removed":["Strike_G"],"damage_healed":0,"gold_gain":0,"player_choice":"Card Removal","damage_taken":7,"max_hp_gain":0,"max_hp_loss":0,"event_name":"Golden Wing","floor":8,"gold_loss":0},{"damage_healed":0,"gold_gain":0,"player_choice":"Entered Light","damage_taken":20,"max_hp_gain":0,"max_hp_loss":0,"event_name":"Shining Light","floor":12,"gold_loss":0,"cards_upgraded":["Strike_G","Strike_G"]}],"is_beta":false,"boss_relics":[],"items_purged_floors":[],"is_endless":false,"potions_floor_spawned":[3,6,13],"killed_by":"3 Sentries","ascension_level":20}}