{"host":"m3herrhkesxm9ooc","time":1608464291,"event":{"mods":["BaseMod","Hermit","Minty Spire (QoL Compilation)","StSLib","The Hierophant"],"gold_per_floor":[113,113,127,127,127,168,168,211,211,211,232,245,40,56,56,154,154,109,109,17,17,17,17,17,17,17,17,17,17,17,17,17,17,17],"floor_reached":33,"playtime":1041,"items_purged":[],"score":557,"play_id":"b565a822-af72-4c28-b2c9-83bb3e3ca83c","local_time":"20201220203811","is_ascension_mode":true,"campfire_choices":[{"floor":7,"key":"REST"},{"floor":10,"key":"REST"},{"floor":15,"key":"REST"},{"floor":24,"key":"REST"},{"floor":29,"key":"REST"},{"floor":32,"key":"REST"}],"circlet_count":0,"master_deck":["AscendersBane","hermit:Strike_Hermit","hermit:Strike_Hermit","hermit:Strike_Hermit","hermit:Strike_Hermit+1","hermit:Defend_Hermit","hermit:Defend_Hermit","hermit:Defend_Hermit+1","hermit:Defend_Hermit","hermit:Snapshot","hermit:Covet","Decay","hermit:Ricochet","hermit:TrackingShot","Injury","hermit:Glare","hermit:Virtue","hermit:Grudge+1","hermit:Malice+1","hermit:Spite+1","hermit:HeroicBravado","hermit:BigShot","hermit:Deadeye+1","hermit:GoldenBullet+1","hermit:Roughhouse+1","hermit:FinalCanter+1","hermit:Enervate+1","hermit:Maintenance","hermit:Shortfuse+1","hermit:HighCaliber+1","hermit:GhostlyPresence","hermit:BodyArmor"],"relics":["hermit:Momento","Lantern","Golden Idol","Singing Bowl","PreservedInsect","Molten Egg 2","Membership Card","Ectoplasm","Orrery","Mummified Hand","Kunai"],"acts_visited":["Exordium","TheCity"],"potions_floor_usage":[6,12,16,16,23,23,28,30],"damage_taken":[{"damage":0,"enemies":"Small Slimes","floor":1,"turns":3},{"damage":7,"enemies":"Jaw Worm","floor":3,"turns":3},{"damage":20,"enemies":"Lagavulin","floor":6,"turns":6},{"damage":32,"enemies":"Gremlin Nob","floor":8,"turns":5},{"damage":0,"enemies":"2 Louse","floor":11,"turns":2},{"damage":9,"enemies":"Red Slaver","floor":12,"turns":3},{"damage":0,"enemies":"Blue Slaver","floor":14,"turns":2},{"damage":44,"enemies":"Hexaghost","floor":16,"turns":9},{"damage":23,"enemies":"2 Thieves","floor":18,"turns":4},{"damage":27,"enemies":"Shell Parasite","floor":21,"turns":3},{"damage":18,"enemies":"Snake Plant","floor":22,"turns":3},{"damage":0,"enemies":"Slavers","floor":23,"turns":1},{"damage":0,"enemies":"Snecko","floor":25,"turns":3},{"damage":10,"enemies":"Sentry and Sphere","floor":28,"turns":3},{"damage":13,"enemies":"Chosen and Byrds","floor":30,"turns":4},{"damage":31,"enemies":"Snake Plant","floor":31,"turns":3},{"damage":34,"enemies":"Collector","floor":33,"turns":8}],"seed_played":"-2030354056411075274","potions_obtained":[{"floor":3,"key":"EssenceOfSteel"},{"floor":8,"key":"DistilledChaos"},{"floor":12,"key":"Swift Potion"},{"floor":16,"key":"Energy Potion"},{"floor":18,"key":"Explosive Potion"},{"floor":25,"key":"DuplicationPotion"},{"floor":28,"key":"DuplicationPotion"}],"is_trial":false,"path_per_floor":["M","?","M","?","?","E","R","E","T","R","M","M","$","M","R","B",null,"M","?","$","M","M","E","R","M","T","$","M","R","M","M","R","B"],"character_chosen":"HERMIT","items_purchased":["Membership Card","hermit:Malice+1","LiquidBronze","hermit:Deadeye+1","Orrery"],"campfire_rested":6,"item_purchase_floors":[13,13,13,20,20],"current_hp_per_floor":[78,52,45,40,40,20,45,13,13,38,40,31,31,31,57,13,69,46,46,50,25,7,7,34,34,34,34,24,51,38,7,34,0,0],"gold":17,"neow_bonus":"TWENTY_PERCENT_HP_BONUS","is_daily":false,"chose_seed":false,"campfire_upgraded":0,"win_rate":0.0,"timestamp":1608464291,"path_taken":["M","?","M","?","?","E","R","E","T","R","M","M","?","?","R","BOSS","M","?","$","M","?","E","R","M","T","$","M","R","M","M","R","BOSS"],"items_purchased_type":["Relic","Card","Potion","Card","Relic"],"build_version":"2020-12-13","purchased_purges":0,"victory":false,"max_hp_per_floor":[85,85,85,85,85,85,85,85,85,85,87,87,87,87,87,87,87,87,87,91,93,93,93,93,93,93,93,93,93,93,93,93,93,93],"card_choices":[{"not_picked":["hermit:LoneWolf","hermit:Manifest"],"picked":"hermit:Ricochet","floor":1},{"not_picked":["hermit:HoleUp","hermit:CalledShot"],"picked":"hermit:TrackingShot","floor":3},{"not_picked":["hermit:Feint","hermit:FromBeyond"],"picked":"hermit:Glare","floor":6},{"not_picked":["hermit:Misfire","hermit:Coalescence"],"picked":"hermit:Virtue","floor":8},{"not_picked":["hermit:LowProfile","hermit:FullyLoaded","hermit:ItchyTrigger+1"],"picked":"Singing Bowl","floor":11},{"not_picked":["hermit:TakeCover","hermit:PistolWhip+1"],"picked":"hermit:Grudge+1","floor":12},{"not_picked":["hermit:DeadMansHand","hermit:Quickdraw+1"],"picked":"hermit:Spite+1","floor":14},{"not_picked":["hermit:Reprieve","hermit:FromBeyond"],"picked":"hermit:HeroicBravado","floor":16},{"not_picked":["hermit:CalledShot+1","hermit:GhostlyPresence"],"picked":"hermit:BigShot","floor":18},{"not_picked":["hermit:Glare","hermit:LoneWolf"],"picked":"hermit:GoldenBullet+1","floor":20},{"not_picked":["hermit:Grudge+1","hermit:PistolWhip+1"],"picked":"hermit:Roughhouse+1","floor":20},{"not_picked":["hermit:Roulette+1","hermit:Midnight","hermit:Horror+1"],"picked":"Singing Bowl","floor":20},{"not_picked":["hermit:GhostlyPresence","hermit:Vantage"],"picked":"hermit:FinalCanter+1","floor":20},{"not_picked":["hermit:HoleUp","hermit:LowProfile","hermit:BodyArmor"],"picked":"Singing Bowl","floor":20},{"not_picked":["hermit:Glare","hermit:Feint","hermit:Ricochet+1"],"picked":"Singing Bowl","floor":21},{"not_picked":["hermit:LuckOfTheDraw","hermit:Misfire+1"],"picked":"hermit:Enervate+1","floor":22},{"not_picked":["hermit:HighCaliber+1","hermit:Misfire+1"],"picked":"hermit:Maintenance","floor":23},{"not_picked":["hermit:LoneWolf","hermit:ItchyTrigger+1"],"picked":"hermit:Shortfuse+1","floor":25},{"not_picked":["hermit:TakeAim","hermit:Quickdraw+1"],"picked":"hermit:HighCaliber+1","floor":28},{"not_picked":["hermit:Coalescence","hermit:WideOpen+1"],"picked":"hermit:GhostlyPresence","floor":30},{"not_picked":["hermit:FinalCanter+1","hermit:WideOpen+1"],"picked":"hermit:BodyArmor","floor":31}],"player_experience":647683,"relics_obtained":[{"floor":6,"key":"Singing Bowl"},{"floor":8,"key":"PreservedInsect"},{"floor":9,"key":"Molten Egg 2"},{"floor":23,"key":"Mummified Hand"},{"floor":26,"key":"Kunai"}],"event_choices":[{"damage_healed":0,"gold_gain":0,"player_choice":"Entered Light","damage_taken":26,"max_hp_gain":0,"max_hp_loss":0,"event_name":"Shining Light","floor":2,"gold_loss":0,"cards_upgraded":["hermit:Defend_Hermit","hermit:Strike_Hermit"]},{"damage_healed":0,"gold_gain":0,"player_choice":"Success","damage_taken":5,"relics_obtained":["Lantern"],"max_hp_gain":0,"max_hp_loss":0,"event_name":"Scrap Ooze","floor":4,"gold_loss":0},{"damage_healed":0,"gold_gain":0,"player_choice":"Take Wound","damage_taken":0,"relics_obtained":["Golden Idol"],"max_hp_gain":0,"max_hp_loss":0,"event_name":"Golden Idol","floor":5,"gold_loss":0,"cards_obtained":["Injury"]},{"damage_healed":0,"gold_gain":0,"player_choice":"Ignored","damage_taken":0,"max_hp_gain":0,"max_hp_loss":0,"event_name":"Purifier","floor":19,"gold_loss":0}],"is_beta":false,"boss_relics":[{"not_picked":["Coffee Dripper","Pandora\u0027s Box"],"picked":"Ectoplasm"}],"items_purged_floors":[],"is_endless":false,"potions_floor_spawned":[3,8,12,16,18,22,25,28],"killed_by":"Collector","ascension_level":15}}