{"host":"15dd7v8o90xso62x","time":1608457682,"event":{"mods":["BaseMod","Minty Spire (QoL Compilation)","Quick Restart","StSLib"],"gold_per_floor":[54,94,19,79,136,136,226,226,226,281,336,390,390,444,444,546,546,546,546],"floor_reached":18,"playtime":744,"items_purged":[],"score":414,"play_id":"875f0339-d363-4031-acfb-219971cc9162","local_time":"20201220184802","is_ascension_mode":true,"campfire_choices":[{"data":"Eruption","floor":6.0,"key":"SMITH"},{"floor":8.0,"key":"REST"},{"data":"HandOfGreed","floor":15.0,"key":"SMITH"}],"circlet_count":0,"master_deck":["AscendersBane","Eruption+1","Vigilance","HandOfGreed+1","WheelKick","Halt","Scrawl","ClearTheMind","InnerPeace","DeusExMachina","SashWhip+1","FlyingSleeves","FlyingSleeves","Pray","Sanctity","Consecrate","LessonLearned","Crescendo"],"relics":["PureWater","CaptainsWheel","Pantograph","Bottled Flame","Regal Pillow","Pandora\u0027s Box"],"acts_visited":["Exordium","TheCity"],"potions_floor_usage":[18],"damage_taken":[{"damage":0.0,"enemies":"2 Louse","floor":1.0,"turns":3.0},{"damage":2.0,"enemies":"Cultist","floor":2.0,"turns":3.0},{"damage":0.0,"enemies":"Small Slimes","floor":4.0,"turns":3.0},{"damage":25.0,"enemies":"3 Louse","floor":5.0,"turns":6.0},{"damage":33.0,"enemies":"3 Sentries","floor":7.0,"turns":8.0},{"damage":14.0,"enemies":"Lagavulin","floor":10.0,"turns":6.0},{"damage":3.0,"enemies":"Large Slime","floor":11.0,"turns":7.0},{"damage":0.0,"enemies":"Gremlin Nob","floor":12.0,"turns":3.0},{"damage":0.0,"enemies":"Exordium Wildlife","floor":14.0,"turns":2.0},{"damage":27.0,"enemies":"Hexaghost","floor":16.0,"turns":9.0},{"damage":10,"enemies":"3 Byrds","floor":18,"turns":3}],"seed_played":"4911475454097317734","potions_obtained":[{"floor":1.0,"key":"LiquidBronze"},{"floor":2.0,"key":"Strength Potion"},{"floor":11.0,"key":"DistilledChaos"},{"floor":12.0,"key":"Fire Potion"},{"floor":16.0,"key":"GamblersBrew"}],"is_trial":false,"path_per_floor":["M","M","$","M","M","R","E","R","T","E","M","E","?","M","R","B",null,"M"],"character_chosen":"WATCHER","items_purchased":["Scrawl"],"campfire_rested":1,"item_purchase_floors":[3],"current_hp_per_floor":[61,59,59,59,34,34,1,21,21,7,4,4,4,4,4,2,52,42,42],"gold":546,"neow_bonus":"RANDOM_COLORLESS_2","is_daily":false,"chose_seed":false,"campfire_upgraded":2,"win_rate":0.0,"timestamp":1608457682,"path_taken":["M","M","$","M","M","R","E","R","T","E","M","E","?","?","R","BOSS","M"],"items_purchased_type":["Card"],"build_version":"2020-12-13","purchased_purges":0,"victory":false,"max_hp_per_floor":[68,68,68,68,68,68,68,68,68,68,68,68,68,68,68,68,68,68,68],"card_choices":[{"not_picked":["Master of Strategy","Magnetism"],"picked":"HandOfGreed","floor":0.0},{"not_picked":["FlurryOfBlows","Prostrate"],"picked":"WheelKick","floor":1.0},{"not_picked":["FlyingSleeves","EmptyMind"],"picked":"Halt","floor":2.0},{"not_picked":["Prostrate","BattleHymn","EmptyBody"],"picked":"SKIP","floor":4.0},{"not_picked":["FlurryOfBlows","Wish"],"picked":"ClearTheMind","floor":5.0},{"not_picked":["Pray","CarveReality","Wireheading"],"picked":"SKIP","floor":7.0},{"not_picked":["ThirdEye","FollowUp","ReachHeaven"],"picked":"SKIP","floor":10.0},{"not_picked":["CutThroughFate","Wallop"],"picked":"InnerPeace","floor":11.0},{"not_picked":["SashWhip","CutThroughFate","LikeWater"],"picked":"SKIP","floor":12.0},{"not_picked":["Wireheading","Prostrate","Protect"],"picked":"SKIP","floor":14.0},{"not_picked":["Brilliance","Scrawl"],"picked":"DeusExMachina","floor":16.0}],"player_experience":930191,"relics_obtained":[{"floor":7.0,"key":"CaptainsWheel"},{"floor":9.0,"key":"Pantograph"},{"floor":10.0,"key":"Bottled Flame"},{"floor":12.0,"key":"Regal Pillow"}],"event_choices":[{"damage_healed":0.0,"max_hp_gain":0.0,"max_hp_loss":0.0,"gold_gain":0.0,"event_name":"Lab","player_choice":"Got Potions","floor":13.0,"gold_loss":0.0,"damage_taken":0.0}],"is_beta":false,"boss_relics":[{"not_picked":["Ectoplasm","SacredBark"],"picked":"Pandora\u0027s Box"}],"items_purged_floors":[],"is_endless":false,"potions_floor_spawned":[1,2,11,12,16],"killed_by":"3 Byrds","ascension_level":20}}