{"host":"5dzuyvrjb30uqvwu","time":1608499501,"event":{"mods":["AchievementEnabler","BaseMod","Colored Powertips","Lobotomy","Minty Spire (QoL Compilation)","Quick Restart","slay the spire mod where everything is the same but ironclad has a cowboy hat"],"gold_per_floor":[115,190,205,56,56,56,68,87,136,136,170,180,195,230,230,332,332,344,244,262,282,282,282,282,282],"floor_reached":24,"playtime":1939,"items_purged":["Strike_R","LittlePrince"],"score":268,"play_id":"a3d04a2b-44dc-4d4d-aa18-48999dde0a04","local_time":"20201220132501","is_ascension_mode":true,"campfire_choices":[{"data":"Metallicize","floor":6,"key":"SMITH"},{"data":"Flame Barrier","floor":10,"key":"SMITH"},{"data":"Armaments","floor":15,"key":"SMITH"},{"data":"Offering","floor":23,"key":"SMITH"}],"circlet_count":0,"master_deck":["Defend_R","Defend_R","Defend_R","Defend_R","Bash","Scorched","Metallicize+1","Pommel Strike","Heavy Blade","DreamingCurrent","Iron Wave","SpiderBud","Flame Barrier+1","Rudolta","Armaments+1","MeatLantern","Flame Barrier","QueenBee","BigBird","Offering+1","ShyLook","Pommel Strike","NothingThere","Laetitia","Bite","Bite","Bite","Bite","Bite"],"relics":["Burning Blood","CogitoBucket","Boot","TreeSap","Anchor","Black Star","LuminousBracelet"],"acts_visited":["Exordium","TheCity"],"potions_floor_usage":[14,20,20],"damage_taken":[{"damage":6,"enemies":"Cultist","floor":1,"turns":3},{"damage":0,"enemies":"2 Louse","floor":3,"turns":1},{"damage":0,"enemies":"Small Slimes","floor":7,"turns":1},{"damage":21,"enemies":"Red Slaver","floor":8,"turns":3},{"damage":47,"enemies":"Lagavulin","floor":11,"turns":8},{"damage":27,"enemies":"Looter","floor":12,"turns":3},{"damage":2,"enemies":"3 Louse","floor":13,"turns":3},{"damage":14,"enemies":"3 Sentries","floor":14,"turns":4},{"damage":53,"enemies":"Slime Boss","floor":16,"turns":12},{"damage":6,"enemies":"Shell Parasite","floor":18,"turns":5},{"damage":63,"enemies":"2 Thieves","floor":20,"turns":6},{"damage":107,"enemies":"Centurion and Healer","floor":21,"turns":8},{"damage":186,"enemies":"Gremlin Leader","floor":24,"turns":10}],"seed_played":"-4263231241914442983","potions_obtained":[{"floor":3,"key":"Strength Potion"},{"floor":13,"key":"Energy Potion"},{"floor":14,"key":"ElixirPotion"},{"floor":16,"key":"LiquidMemories"},{"floor":20,"key":"Ancient Potion"},{"floor":21,"key":"Dexterity Potion"}],"is_trial":false,"path_per_floor":["M","?","M","$","?","R","M","M","T","R","E","M","M","E","R","B",null,"M","$","M","M","?","R","E"],"character_chosen":"IRONCLAD","items_purchased":["Pommel Strike","Heavy Blade"],"campfire_rested":0,"item_purchase_floors":[4,4],"current_hp_per_floor":[80,69,75,75,68,68,74,77,77,77,80,71,80,80,80,80,80,80,80,62,57,57,57,0,0],"gold":282,"neow_bonus":"","is_daily":false,"chose_seed":false,"campfire_upgraded":4,"win_rate":0.0,"timestamp":1608499501,"path_taken":["M","?","M","$","?","R","M","M","T","R","E","M","M","E","R","BOSS","M","$","M","M","?","R","E"],"items_purchased_type":["Card","Card"],"build_version":"2020-12-13","purchased_purges":2,"victory":false,"max_hp_per_floor":[80,80,80,80,80,80,80,80,80,80,80,80,80,80,80,80,80,80,80,95,95,95,95,95,95],"card_choices":[{"not_picked":["Funeral","WallGazer"],"picked":"Scorched","floor":1},{"not_picked":["Sword Boomerang","Headbutt","Warcry"],"picked":"SKIP","floor":1},{"not_picked":["MHz","VoidDream"],"picked":"UniverseFragment","floor":3},{"not_picked":["Havoc","Ghostly Armor"],"picked":"Metallicize","floor":3},{"not_picked":["OldLady","BeautyBeast"],"picked":"DreamingCurrent","floor":7},{"not_picked":["Armaments","Shockwave"],"picked":"Iron Wave","floor":7},{"not_picked":["PunishingBird","Scarecrow"],"picked":"SpiderBud","floor":8},{"not_picked":["Battle Trance","Perfected Strike"],"picked":"Flame Barrier","floor":8},{"not_picked":["CherryBlossoms","Bloodbath","Variant"],"picked":"Singing Bowl","floor":11},{"not_picked":["VoidDream","FieryBird"],"picked":"Rudolta","floor":11},{"not_picked":["Power Through","Warcry"],"picked":"Armaments","floor":11},{"not_picked":["PunishingBird","Bloodbath"],"picked":"MeatLantern","floor":12},{"not_picked":["Dark Embrace","Clothesline"],"picked":"Flame Barrier","floor":12},{"not_picked":["RedShoes","Variant","Bloodbath"],"picked":"Singing Bowl","floor":13},{"not_picked":["MHz","GalaxyChild"],"picked":"QueenBee","floor":13},{"not_picked":["Armaments","Heavy Blade","Disarm"],"picked":"SKIP","floor":13},{"not_picked":["Armaments","Heavy Blade","Disarm"],"picked":"SKIP","floor":13},{"not_picked":["Wellcheers","Bloodbath","Murderer"],"picked":"Singing Bowl","floor":14},{"not_picked":["OSAHOGD","Laetitia"],"picked":"BigBird","floor":14},{"not_picked":["Blood for Blood","Clothesline","Sever Soul"],"picked":"SKIP","floor":14},{"not_picked":["VoidDream","Laetitia"],"picked":"LittlePrince","floor":16},{"not_picked":["Barricade","Impervious"],"picked":"Offering","floor":16},{"not_picked":["MeltingLove","OldLady"],"picked":"ShyLook","floor":18},{"not_picked":["Havoc","Armaments"],"picked":"Pommel Strike","floor":18},{"not_picked":["WallGazer","Wellcheers"],"picked":"NothingThere","floor":20},{"not_picked":["True Grit","Headbutt","Twin Strike"],"picked":"SKIP","floor":20},{"not_picked":["OldLady","MHz","VoidDream"],"picked":"Singing Bowl","floor":21},{"not_picked":["FairyFestival","BlackSwan"],"picked":"Laetitia","floor":21},{"not_picked":["Impervious","Twin Strike","Wild Strike+1"],"picked":"SKIP","floor":21}],"player_experience":302453,"relics_obtained":[{"floor":9,"key":"Blood Vial"},{"floor":11,"key":"Boot"},{"floor":14,"key":"Anchor"}],"event_choices":[{"damage_healed":0,"gold_gain":75,"player_choice":"Gather Gold","damage_taken":11,"max_hp_gain":0,"max_hp_loss":0,"event_name":"World of Goop","floor":2,"gold_loss":0},{"cards_removed":["UniverseFragment"],"damage_healed":0,"gold_gain":0,"player_choice":"Card Removal","damage_taken":7,"max_hp_gain":0,"max_hp_loss":0,"event_name":"Golden Wing","floor":5,"gold_loss":0},{"damage_healed":0,"gold_gain":0,"player_choice":"Became a vampire (Vial)","damage_taken":0,"max_hp_gain":0,"max_hp_loss":0,"event_name":"Vampires","floor":22,"relics_lost":["Blood Vial"],"gold_loss":0,"cards_obtained":["Bite","Bite","Bite","Bite","Bite"]}],"is_beta":false,"boss_relics":[{"not_picked":["Busted Crown","Runic Dome"],"picked":"Black Star"}],"items_purged_floors":[4,19],"is_endless":false,"potions_floor_spawned":[3,13,14,16,20,21],"killed_by":"Gremlin Leader","ascension_level":1}}