{"host":"tst5pjz7m60hr0pr","time":1608452082,"event":{"mods":["AchievementEnabler","Act Like it!","Aspiration","Bard","BaseMod","Beaked The Cultist","Better Altar","Better Match","Better Note","Better Sensory Stone","Better Skull","Better Third Choice","BetterRewards","CCEM","Clawfect","Colored Map","Conspire","Downfall","GifTheSpireLib","Googly Eyes","Halation","Hallownest","Hermit","Highlight Path","Hubris","Hunter ??","Infinite Spire","Jedi Mod","Marisa????????","Mimic Mod","Minty Spire (QoL Compilation)","Permanent Neow","Replay The Spire","Shade Mod","Shop Mod","Spicy Shops","StSLib","Stuff the Spire","The Administrix","The Blackbeard","The Bug Knight","The Cursed","The Disciple","The IronCluck","The Jungle","The Mystic","The Necromancer","The Problem Sleuth","The Runesmith","The Servant 0.9.4","The Spell Scribe","Unceasing Turn Reminder","everything is the same but u backflip on backflip","slay the spire mod where everything is the same but ironclad has a cowboy hat"],"gold_per_floor":[120,120,120,133,133,166,166,192,237,248,264,282,309,332,332,332,332],"floor_reached":16,"playtime":2541,"items_purged":[],"score":120,"play_id":"0eb65cdb-d0c4-46f5-bdd3-30b87c6c33b1","local_time":"20201220021442","is_ascension_mode":false,"campfire_choices":[{"data":"AdministrixMod:GuanyinBlessing","floor":15,"key":"SMITH"}],"circlet_count":0,"master_deck":["AdministrixMod:Strike_Administrix","AdministrixMod:Strike_Administrix","AdministrixMod:Strike_Administrix","AdministrixMod:RedCloak","AdministrixMod:Defend_Administrix","AdministrixMod:Defend_Administrix","AdministrixMod:Defend_Administrix","AdministrixMod:Defend_Administrix","AdministrixMod:BlueCloak+1","AdministrixMod:CenturiesAscent","AdministrixMod:FearOfDeath","AdministrixMod:RegentEdict","AdministrixMod:ArmillarySphere","AdministrixMod:SyncreticPlunge","Pot Of Greed","Pot Of Greed","AdministrixMod:Metempsychosis","AdministrixMod:GuanyinBlessing+1","AdministrixMod:DreamsMausoleum"],"relics":["AdministrixMod:ConductorRitualBaton","Whetstone","hubris:Icosahedron","ReplayTheSpireMod:TigerMarble","Smiling Mask","jedi:cryingmask","Grinning Jar","Thread and Needle","Simple Rune"],"acts_visited":["Exordium"],"potions_floor_usage":[],"damage_taken":[{"damage":0.0,"enemies":"Small Slimes","floor":1.0,"turns":3.0},{"damage":0.0,"enemies":"Cultist","floor":4.0,"turns":3.0},{"damage":24.0,"enemies":"Lagavulin","floor":6.0,"turns":9.0},{"damage":21.0,"enemies":"Gremlin Nob","floor":8.0,"turns":4.0},{"damage":0.0,"enemies":"2 Louse","floor":10.0,"turns":2.0},{"damage":0.0,"enemies":"2 Fungi Beasts","floor":11.0,"turns":2.0},{"damage":0.0,"enemies":"Lots of Slimes","floor":12.0,"turns":2.0},{"damage":4.0,"enemies":"3 Sentries","floor":13.0,"turns":6.0},{"damage":40,"enemies":"Hexaghost","floor":16,"turns":17}],"seed_played":"-4071644947826127223","potions_obtained":[{"floor":1.0,"key":"Guardian:BlockOnCardUsePotion"},{"floor":8.0,"key":"jedi:wingpotion"},{"floor":11.0,"key":"jedi:StrikingPotion"}],"is_trial":false,"path_per_floor":["M","?","?","M","?","E","?","E","T","M","M","M","E","T","R","B"],"character_chosen":"TheAdministrix","items_purchased":[],"campfire_rested":0,"item_purchase_floors":[],"current_hp_per_floor":[65,65,65,65,65,41,41,44,44,44,44,44,40,40,40,0,0],"gold":332,"neow_bonus":"RANDOM_COMMON_RELIC","is_daily":false,"chose_seed":false,"campfire_upgraded":1,"win_rate":0.0,"timestamp":1608452082,"path_taken":["M","?","?","?","?","E","?","E","T","M","?","?","E","?","R","BOSS"],"items_purchased_type":[],"build_version":"2020-12-13","purchased_purges":0,"victory":false,"max_hp_per_floor":[65,65,65,65,65,65,65,65,65,65,65,65,65,65,65,65,65],"card_choices":[{"not_picked":["AdministrixMod:Transcension","AdministrixMod:RebukeDesires"],"picked":"AdministrixMod:CenturiesAscent","floor":1.0},{"not_picked":["AdministrixMod:ShadowPlay","AdministrixMod:ImmortalGrace"],"picked":"AdministrixMod:RegentEdict","floor":4.0},{"not_picked":["AdministrixMod:TouchOfCinnabar","AdministrixMod:UnstableVigor"],"picked":"AdministrixMod:ArmillarySphere","floor":6.0},{"not_picked":["AdministrixMod:DreamsMausoleum","AdministrixMod:RebukeDesires"],"picked":"AdministrixMod:SyncreticPlunge","floor":8.0},{"not_picked":["AdministrixMod:SyncreticPlunge","AdministrixMod:NoblePath","AdministrixMod:SealAway"],"picked":"SKIP","floor":10.0},{"not_picked":["AdministrixMod:ImmortalGrace","AdministrixMod:CrackingPangu"],"picked":"AdministrixMod:Metempsychosis","floor":11.0},{"not_picked":["AdministrixMod:GirlsDoItBetter","AdministrixMod:UnstableVigor"],"picked":"AdministrixMod:GuanyinBlessing","floor":12.0},{"not_picked":["AdministrixMod:SipOfSparks","AdministrixMod:ImmortalGrace"],"picked":"AdministrixMod:DreamsMausoleum","floor":13}],"player_experience":280852,"relics_obtained":[{"floor":6.0,"key":"ReplayTheSpireMod:TigerMarble"},{"floor":8.0,"key":"jedi:cryingmask"},{"floor":9.0,"key":"Grinning Jar"},{"floor":13,"key":"Thread and Needle"},{"floor":14,"key":"Simple Rune"}],"event_choices":[{"damage_healed":0.0,"max_hp_gain":0.0,"max_hp_loss":0.0,"gold_gain":0.0,"event_name":"Golden Wing","player_choice":"Ignored","floor":2.0,"gold_loss":0.0,"damage_taken":0.0},{"damage_healed":0.0,"max_hp_gain":0.0,"max_hp_loss":0.0,"gold_gain":0.0,"cards_transformed":["AdministrixMod:Strike_Administrix"],"event_name":"Transmorgrifier","player_choice":"Transformed","floor":3.0,"gold_loss":0.0,"damage_taken":0.0,"cards_obtained":["AdministrixMod:FearOfDeath"]},{"damage_healed":0.0,"max_hp_gain":0.0,"max_hp_loss":0.0,"gold_gain":0.0,"event_name":"WeMeetAgain","player_choice":"Gave Potion","floor":7.0,"gold_loss":0.0,"damage_taken":0.0,"relics_obtained":["Smiling Mask"]}],"is_beta":false,"boss_relics":[],"items_purged_floors":[],"is_endless":false,"potions_floor_spawned":[1,8,11],"killed_by":"Hexaghost","ascension_level":0}}