{"host":"ged1bqtamtf4sn4x","time":1608467404,"event":{"mods":["BaseMod","Colored Map","DeckTracker","Highlight Path","Keyboard Shortcuts","Minty Spire (QoL Compilation)","Permanent Neow","Quick Restart","SuperFastMode","everything is the same but u backflip on backflip"],"gold_per_floor":[114,39,39,39,56,56,89,89,116,116,129,148,148,165,165,240,240,253,263,276,276,290,290,290,290],"floor_reached":24,"playtime":725,"items_purged":["Shockwave"],"score":396,"play_id":"cc0bf248-1cca-4555-8794-0bf7765c0107","local_time":"20201220213004","daily_mods":["Draft"],"is_ascension_mode":true,"campfire_choices":[{"data":"Shockwave","floor":6.0,"key":"SMITH"},{"data":"Seeing Red","floor":10.0,"key":"SMITH"},{"data":"Uppercut","floor":13.0,"key":"SMITH"},{"data":"Second Wind","floor":15.0,"key":"SMITH"},{"data":"RitualDagger","floor":23,"key":"SMITH"}],"circlet_count":0,"master_deck":["AscendersBane","Hemokinesis","Shrug It Off","True Grit","Sword Boomerang","Thunderclap","Evolve","Iron Wave","Twin Strike","Uppercut+1","Anger","Shockwave+1","Evolve","Second Wind+1","Ghostly Armor","Seeing Red+1","Wild Strike","Offering","Dropkick","Clash+1","RitualDagger+1"],"relics":["Burning Blood","Du-Vu Doll","Strawberry","Philosopher\u0027s Stone"],"acts_visited":["TheCity"],"potions_floor_usage":[],"damage_taken":[{"damage":7.0,"enemies":"Small Slimes","floor":1.0,"turns":3.0},{"damage":5.0,"enemies":"2 Louse","floor":5.0,"turns":3.0},{"damage":42.0,"enemies":"Gremlin Nob","floor":7.0,"turns":6.0},{"damage":6.0,"enemies":"Cultist","floor":11.0,"turns":3.0},{"damage":17.0,"enemies":"Large Slime","floor":12.0,"turns":5.0},{"damage":7.0,"enemies":"2 Fungi Beasts","floor":14.0,"turns":3.0},{"damage":41.0,"enemies":"The Guardian","floor":16.0,"turns":9.0},{"damage":10.0,"enemies":"Shell Parasite","floor":18.0,"turns":3.0},{"damage":17.0,"enemies":"2 Thieves","floor":19.0,"turns":3.0},{"damage":9.0,"enemies":"3 Cultists","floor":20.0,"turns":4.0},{"damage":33,"enemies":"Chosen and Byrds","floor":22,"turns":5},{"damage":22,"enemies":"Gremlin Leader","floor":24,"turns":1}],"seed_played":"-3288819447829648056","potions_obtained":[{"floor":1.0,"key":"Explosive Potion"},{"floor":11.0,"key":"SkillPotion"},{"floor":22,"key":"Energy Potion"}],"is_trial":true,"path_per_floor":["M","$","?","?","M","R","E","?","T","R","M","M","R","M","R","B",null,"M","M","M","?","M","R","E"],"character_chosen":"IRONCLAD","items_purchased":[],"campfire_rested":0,"item_purchase_floors":[],"current_hp_per_floor":[67,67,60,60,61,61,25,75,82,82,82,71,71,70,70,35,70,66,55,52,46,19,19,0,0],"gold":290,"neow_bonus":"","is_daily":false,"chose_seed":false,"campfire_upgraded":5,"win_rate":0.0,"timestamp":1608467404,"path_taken":["M","$","?","?","M","R","E","?","T","R","M","M","R","M","R","BOSS","M","?","M","?","M","R","E"],"items_purchased_type":[],"build_version":"2020-12-13","purchased_purges":1,"victory":false,"max_hp_per_floor":[75,75,75,75,75,75,75,75,82,82,82,82,82,82,82,82,82,82,82,82,82,82,82,82,82],"card_choices":[{"not_picked":["Dual Wield","Fire Breathing"],"picked":"Heavy Blade","floor":0.0},{"not_picked":["Searing Blow","Wild Strike"],"picked":"Hemokinesis","floor":0.0},{"not_picked":["Sever Soul","True Grit"],"picked":"Shrug It Off","floor":0.0},{"not_picked":["Entrench","Twin Strike"],"picked":"True Grit","floor":0.0},{"not_picked":["Armaments","Clash"],"picked":"Sword Boomerang","floor":0.0},{"not_picked":["Reckless Charge","Second Wind"],"picked":"Thunderclap","floor":0.0},{"not_picked":["Clash","Iron Wave"],"picked":"Evolve","floor":0.0},{"not_picked":["Searing Blow","Combust"],"picked":"Iron Wave","floor":0.0},{"not_picked":["Evolve","Cleave"],"picked":"Shockwave","floor":0.0},{"not_picked":["Anger","Burning Pact"],"picked":"Twin Strike","floor":0.0},{"not_picked":["Sword Boomerang","Iron Wave"],"picked":"Uppercut","floor":0.0},{"not_picked":["Body Slam","Thunderclap"],"picked":"Anger","floor":0.0},{"not_picked":["Iron Wave","Havoc"],"picked":"Shockwave","floor":0.0},{"not_picked":["Dark Embrace","Sever Soul"],"picked":"Evolve","floor":0.0},{"not_picked":["Thunderclap","Sword Boomerang"],"picked":"Second Wind","floor":0.0},{"not_picked":["Iron Wave","Shockwave"],"picked":"Ghostly Armor","floor":1.0},{"not_picked":["Sword Boomerang","Headbutt","Uppercut"],"picked":"SKIP","floor":5.0},{"not_picked":["Shrug It Off","Bloodletting"],"picked":"Seeing Red","floor":7.0},{"not_picked":["Dual Wield","Iron Wave","Brutality"],"picked":"SKIP","floor":11.0},{"not_picked":["Pummel","Flame Barrier","Sword Boomerang"],"picked":"SKIP","floor":12.0},{"not_picked":["Clothesline","Cleave"],"picked":"Wild Strike","floor":14.0},{"not_picked":["Brutality","Double Tap"],"picked":"Offering","floor":16.0},{"not_picked":["Dark Embrace","Twin Strike"],"picked":"Dropkick","floor":18.0},{"not_picked":["Wild Strike","Cleave"],"picked":"Clash+1","floor":19.0},{"not_picked":["Anger","Perfected Strike","Cleave"],"picked":"SKIP","floor":20.0},{"not_picked":["Headbutt","Wild Strike","Iron Wave"],"picked":"SKIP","floor":22}],"player_experience":383276,"relics_obtained":[{"floor":7.0,"key":"Du-Vu Doll"},{"floor":9.0,"key":"Strawberry"}],"event_choices":[{"cards_removed":["Heavy Blade"],"damage_healed":0.0,"max_hp_gain":0.0,"max_hp_loss":0.0,"gold_gain":0.0,"event_name":"Golden Wing","player_choice":"Card Removal","floor":3.0,"gold_loss":0.0,"damage_taken":7.0},{"damage_healed":0.0,"max_hp_gain":0.0,"max_hp_loss":0.0,"gold_gain":0.0,"event_name":"The Cleric","player_choice":"Leave","floor":4.0,"gold_loss":0.0,"damage_taken":0.0},{"damage_healed":50.0,"max_hp_gain":0.0,"max_hp_loss":0.0,"gold_gain":0.0,"event_name":"Wheel of Change","player_choice":"Full Heal","floor":8.0,"gold_loss":0.0,"damage_taken":0.0},{"damage_healed":0.0,"max_hp_gain":0.0,"max_hp_loss":0.0,"gold_gain":0.0,"event_name":"Nest","player_choice":"Joined the Cult","floor":21.0,"gold_loss":0.0,"damage_taken":6.0,"cards_obtained":["RitualDagger"]}],"is_beta":false,"boss_relics":[{"not_picked":["Sozu","Busted Crown"],"picked":"Philosopher\u0027s Stone"}],"items_purged_floors":[2],"is_endless":false,"potions_floor_spawned":[1,11,12,16,18,22],"killed_by":"Gremlin Leader","ascension_level":20}}