{"host":"87fdiiwflhrwsj8a","time":1608499130,"event":{"mods":["Aspiration","BaseMod","Better Match","Better Third Choice","BetterRewards","Colored Map","Downfall","GifTheSpireLib","Infinite Spire","Minty Spire (QoL Compilation)","Relic Sorter","Replay The Spire","Robot Space Explorer","StSLib","Stuff the Spire","The Cursed"],"gold_per_floor":[111,150,167,167,10,10,41,41,41,71,71,100,116,116,116,190,190,201,201,201,126,146,146,146],"floor_reached":23,"playtime":573,"items_purged":[],"score":710,"play_id":"aab7d1cb-c5aa-4055-8269-8c79b9a5d6c3","local_time":"20201220161850","is_ascension_mode":true,"campfire_choices":[{"data":"Blood for Blood","floor":6.0,"key":"SMITH"},{"floor":8.0,"key":"REST"},{"data":"Flex","floor":15.0,"key":"SMITH"}],"circlet_count":0,"master_deck":["AscendersBane","Strike_R","Strike_R","Strike_R","Strike_R","Strike_R","Defend_R","Defend_R","Defend_R","Defend_R+1","Bash","Blood for Blood+1","Sword Boomerang","StuffTheSpire:PlasmaPunch","Heavy Blade","Sword Boomerang+1","Rampage","Flex+1","Brutality","CurseOfTheBell","Inflame"],"relics":["Burning Blood","StuffTheSpire:ForceGauntlet","StuffTheSpire:Experiment12","StuffTheSpire:Expresso","Bag of Marbles","Potion Belt","Blood Vial","infinitespire:CheckeredPen","Centennial Puzzle","Calling Bell","StuffTheSpire:DarkSteelAnvil","StuffTheSpire:HeavyRock","Replay:Bottled Steam"],"acts_visited":["Exordium","TheCity"],"potions_floor_usage":[],"damage_taken":[{"damage":2.0,"enemies":"Jaw Worm","floor":1.0,"turns":3.0},{"damage":2.0,"enemies":"2 Louse","floor":3.0,"turns":3.0},{"damage":21.0,"enemies":"Lagavulin","floor":7.0,"turns":3.0},{"damage":11.0,"enemies":"3 Sentries","floor":10.0,"turns":4.0},{"damage":1.0,"enemies":"Lagavulin","floor":12.0,"turns":3.0},{"damage":0.0,"enemies":"Cultist","floor":13.0,"turns":2.0},{"damage":0.0,"enemies":"Slime Boss","floor":16.0,"turns":4.0},{"damage":24.0,"enemies":"Spheric Guardian","floor":18.0,"turns":4.0},{"damage":20,"enemies":"3 Byrds","floor":22,"turns":4},{"damage":40,"enemies":"Nightmare","floor":23,"turns":3}],"seed_played":"-7540457195652700930","potions_obtained":[{"floor":2.0,"key":"Weak Potion"},{"floor":2.0,"key":"Block Potion"},{"floor":3.0,"key":"Slimebound:ThreeZeroPotion"},{"floor":7.0,"key":"Adrenaline Potion"},{"floor":10.0,"key":"SkillPotion"},{"floor":12.0,"key":"DuplicationPotion"}],"is_trial":false,"path_per_floor":["M","?","M","T","$","R","E","R","T","E","$","E","M","?","R","B",null,"M","?","?","$","M","NM"],"character_chosen":"IRONCLAD","items_purchased":["StuffTheSpire:ForceGauntlet","Blood for Blood","Sword Boomerang","StuffTheSpire:PlasmaPunch","Bag of Marbles","Inflame"],"campfire_rested":1,"item_purchase_floors":[0,0,0,0,5,21],"current_hp_per_floor":[55,31,35,35,35,35,20,42,42,39,39,46,54,31,31,39,66,50,50,50,50,38,0,0],"gold":146,"neow_bonus":"","is_daily":false,"chose_seed":false,"campfire_upgraded":2,"win_rate":0.0,"timestamp":1608499130,"path_taken":["M","?","?","?","$","R","E","R","T","E","$","E","M","?","R","BOSS","M","?","?","$","M","NM"],"items_purchased_type":["Relic","Card","Card","Card","Relic","Card"],"build_version":"2020-12-13","purchased_purges":0,"victory":false,"max_hp_per_floor":[75,75,75,75,75,75,75,75,75,75,75,75,75,75,75,75,75,75,75,75,75,75,75,75],"card_choices":[{"not_picked":["Infernal Blade","Wild Strike"],"picked":"Heavy Blade","floor":1.0},{"not_picked":["Anger","Warcry"],"picked":"Sword Boomerang","floor":2.0},{"not_picked":["Anger","Shrug It Off","ReplayReversal"],"picked":"SKIP","floor":3.0},{"not_picked":["Anger","Shrug It Off","ReplayReversal"],"picked":"SKIP","floor":3.0},{"not_picked":["Armaments","Feel No Pain"],"picked":"Rampage","floor":7.0},{"not_picked":["Body Slam","Metallicize","StuffTheSpire:Pyroclast"],"picked":"SKIP","floor":10.0},{"not_picked":["Massacre","Sword Boomerang","Warcry"],"picked":"SKIP","floor":12.0},{"not_picked":["Sever Soul","Body Slam"],"picked":"Flex","floor":13.0},{"not_picked":["Hemogenesis","Replay:Many Hands"],"picked":"Brutality","floor":16.0},{"not_picked":["Anger","Dark Embrace+1","Thunderclap"],"picked":"SKIP","floor":18.0},{"not_picked":["Sentinel","Pommel Strike","Replay:Many Hands"],"picked":"SKIP","floor":22}],"player_experience":2600790,"relics_obtained":[{"floor":2.0,"key":"StuffTheSpire:Experiment12"},{"floor":4.0,"key":"StuffTheSpire:Expresso"},{"floor":7.0,"key":"Potion Belt"},{"floor":9.0,"key":"Blood Vial"},{"floor":10.0,"key":"infinitespire:CheckeredPen"},{"floor":12.0,"key":"Centennial Puzzle"},{"floor":17.0,"key":"StuffTheSpire:DarkSteelAnvil"},{"floor":17.0,"key":"StuffTheSpire:HeavyRock"},{"floor":17.0,"key":"Replay:Bottled Steam"}],"event_choices":[{"damage_healed":54.0,"max_hp_gain":0.0,"max_hp_loss":75.0,"gold_gain":0.0,"event_name":"betterThird:BetterShining","player_choice":"Upgrade","floor":14.0,"gold_loss":0.0,"damage_taken":23.0,"cards_upgraded":["Sword Boomerang","Defend_R"]}],"is_beta":false,"boss_relics":[{"not_picked":["Tiny House","aspiration:WatcherSkillbook"],"picked":"Calling Bell"}],"items_purged_floors":[],"is_endless":false,"potions_floor_spawned":[3,7,10,12],"killed_by":"Nightmare","ascension_level":20}}