{"host":"81h68oe4mr04pk3r","time":1608457671,"event":{"mods":["Act Like it!","Aspiration","BaseMod","BetterRewards","Colored Map","Colored Powertips","Conspire","Downfall","Hermit","Hubris","Infinite Spire","Jorbs\u0027s Wanderer Trilogy","Koishi","Lobotomy","LobotomyExtend","Marisa????????","Minty Spire (QoL Compilation)","Quick Restart","Reimu??????","Remilia??????","Replay The Spire","StSLib","The Bug Knight","The Construct","The Cursed","The Disciple","The Servant 0.9.4"],"gold_per_floor":[99,118,150,170,185,214,295,312,323,323,323,339,45,45,58,58,58],"floor_reached":16,"playtime":910,"items_purged":[],"score":114,"play_id":"518b69c0-f976-42d5-a3cc-a41eaaaa0578","local_time":"20201220014751","is_ascension_mode":false,"campfire_choices":[{"data":"Koishi:HauntingSlash","floor":1,"key":"SMITH"},{"floor":10,"key":"REST"}],"circlet_count":0,"master_deck":["Koishi:BasicStrike","Koishi:BasicStrike","Koishi:BasicStrike","Koishi:BasicStrike","Koishi:BasicDefend","Koishi:BasicDefend","Koishi:BasicDefend","Koishi:BasicDefend","Koishi:Provoke","Koishi:HauntingSlash+1","Koishi:BloodcurdlingScream","Koishi:PhilosophyOfTheDespised","Koishi:DreadfulBlow","Koishi:DanmakuParanoia","Koishi:DreadfulBlow","Koishi:UnseenTerror","Koishi:HeartStoppingHorror","Koishi:JumpScare","Koishi:DreadfulBlow","Koishi:UnseenTerror"],"relics":["Koishi:ImaginaryFriend","aspiration:HiddenCompartment","LetterFromLob","Replay:Rubber Ducky","Gremlin Horn","Mercury Hourglass","Frozen Eye"],"acts_visited":["Exordium"],"potions_floor_usage":[6,16,16,16],"damage_taken":[{"damage":1,"enemies":"Cultist","floor":2,"turns":4},{"damage":24,"enemies":"Gremlin Nob","floor":3,"turns":4},{"damage":6,"enemies":"2 Louse","floor":4,"turns":3},{"damage":7,"enemies":"Small Slimes","floor":5,"turns":2},{"damage":31,"enemies":"Lagavulin","floor":6,"turns":8},{"damage":5,"enemies":"2 Fungi Beasts","floor":8,"turns":3},{"damage":4,"enemies":"Large Slime","floor":9,"turns":4},{"damage":3,"enemies":"Lots of Slimes","floor":12,"turns":2},{"damage":0,"enemies":"downfall:FleeingMerchant","floor":13,"turns":4},{"damage":5,"enemies":"Large Slime","floor":15,"turns":5},{"damage":26,"enemies":"downfall:Ironclad","floor":16,"turns":5}],"seed_played":"-902438493542762141","potions_obtained":[{"floor":3,"key":"ColorlessPotion"},{"floor":5,"key":"Energy Potion"},{"floor":12,"key":"LiquidMemories"},{"floor":15,"key":"Reflective Coating"}],"is_trial":false,"path_per_floor":["R","M","E","M","M","E","T","M","M","R","?","M","$","?","M","B"],"character_chosen":"KOISHI","items_purchased":["Koishi:DreadfulBlow","Koishi:UnseenTerror","Frozen Eye"],"campfire_rested":1,"item_purchase_floors":[13,13,13],"current_hp_per_floor":[60,60,40,36,32,10,10,8,10,28,28,25,25,25,23,0,0],"gold":58,"neow_bonus":"RANDOM_COMMON_RELIC","is_daily":false,"chose_seed":false,"campfire_upgraded":1,"win_rate":0.0,"timestamp":1608457671,"path_taken":["R","M","E","M","M","E","T","?","M","R","?","M","$","?","M","BOSS"],"items_purchased_type":["Card","Card","Relic"],"build_version":"2020-12-13","purchased_purges":0,"victory":false,"max_hp_per_floor":[60,60,60,60,60,60,60,60,60,60,60,60,60,60,60,60,60],"card_choices":[{"not_picked":["Koishi:StrangeCloudFist","Koishi:SubconsciousSweep"],"picked":"Koishi:BloodcurdlingScream","floor":2},{"not_picked":["Koishi:FreudianInstinct","Koishi:Jaunt"],"picked":"Koishi:PhilosophyOfTheDespised","floor":3},{"not_picked":["Koishi:TraumaticStroke","Koishi:SubconsciousSweep"],"picked":"Koishi:DreadfulBlow","floor":4},{"not_picked":["Koishi:EmbersOfLove","Koishi:LastRemote"],"picked":"Koishi:DanmakuParanoia","floor":5},{"not_picked":["Koishi:ReflexRadar","Koishi:ApparitionsStalkTheNight"],"picked":"Koishi:DreadfulBlow","floor":6},{"not_picked":["Koishi:PhilosophyOfTheDespised","Koishi:SubconsciousSweep"],"picked":"Koishi:UnseenTerror","floor":8},{"not_picked":["Koishi:UnconsciousUprising","Koishi:FleetingPhantom"],"picked":"Koishi:HeartStoppingHorror","floor":9},{"not_picked":["Koishi:HeartfeltFancy","Koishi:EmbryosDream","Koishi:MassHysteria"],"picked":"SKIP","floor":12},{"not_picked":["Koishi:Jaunt","Koishi:UnconsciousUprising"],"picked":"Koishi:JumpScare","floor":13},{"not_picked":["Koishi:Prune","Koishi:SprinkleStarAndHeart","Koishi:PhantomStrike"],"picked":"SKIP","floor":15}],"player_experience":131404,"relics_obtained":[{"floor":2,"key":"LetterFromLob"},{"floor":3,"key":"Replay:Rubber Ducky"},{"floor":6,"key":"Gremlin Horn"},{"floor":7,"key":"Mercury Hourglass"}],"event_choices":[{"damage_healed":0,"gold_gain":0,"player_choice":"Leave","damage_taken":0,"max_hp_gain":0,"max_hp_loss":0,"event_name":"conspire:Investor","floor":14,"gold_loss":0}],"is_beta":false,"boss_relics":[],"items_purged_floors":[],"is_endless":false,"potions_floor_spawned":[3,5,12,15],"killed_by":"downfall:Ironclad","ascension_level":0}}