{"host":"exlsoi54q6pc3sri","time":1608488914,"event":{"mods":["2.2 Compatiblity","AchievementEnabler","Act Like it!","Aspiration","BaseMod","Better Altar","Better Match","Better Note","Better Sensory Stone","Better Skull","Better Third Choice","BetterRewards","CCEM","Colored Map","Colored Powertips","Conspire","Downfall","Friendly Minions","GifTheSpireLib","Halation","Highlight Path","Hubris","Infinite Spire","Jorbs\u0027s Wanderer Trilogy","Mimic Mod","Minty Spire (QoL Compilation)","Permanent Neow","Rare Cards Sparkle","Replay The Spire","Shop Mod","Spicy Shops","StSLib","Stuff the Spire","Unceasing Turn Reminder"],"gold_per_floor":[349,361,361,394,394,408,408,442,457,382,406,513,539,554,580,700,700,625,652,652,675,675,713,721,742,742],"floor_reached":25,"playtime":6656,"items_purged":[],"score":235,"play_id":"dc92c935-c07b-4a84-aee4-55a9b26b01b0","local_time":"20201220182834","is_ascension_mode":false,"campfire_choices":[{"data":"Slimebound:Split","floor":1.0,"key":"SMITH"},{"data":"Slimebound:CorrosiveSpit","floor":5.0,"key":"SMITH"},{"floor":10.0,"key":"RECALL"},{"data":"Slimebound:LeadByExample","floor":18.0,"key":"SMITH"}],"circlet_count":0,"master_deck":["Slimebound:Strike_Slimebound","Slimebound:Strike_Slimebound","Slimebound:Strike_Slimebound+1","Slimebound:Tackle+1","Slimebound:Defend_Slimebound","Slimebound:Defend_Slimebound","Slimebound:Defend_Slimebound+1","Slimebound:Split+1","Slimebound:CorrosiveSpit+1","Slimebound:LeadByExample+1","Slimebound:RainOfGoop+1","Slimebound:SplitMire+1","Slimebound:MassRepurpose+1","Slimebound:SamplingLick+1","Slimebound:SplitLeeching+1","Slimebound:SlimeTap+1","Slimebound:Repurpose+1","Slimebound:HauntingLick+1","Slimebound:SamplingLick+1","Slimebound:PrepareCrush+1","Slimebound:SplitLeeching+1","Poisoned Strike+1","Slimebound:SplitMire+1","Slimebound:Schlurp+1","Slimebound:SplitAcid+1"],"relics":["Slimebound:AbsorbEndCombat","Toxic Egg 2","halation:IllGainedPizza","downfall:HeartBlessingBlue","Potion Belt","halation:HeavySnake","downfall:HeartBlessingRed","hubris:Icosahedron","halation:PenCase"],"acts_visited":["Exordium","TheCity"],"potions_floor_usage":[],"damage_taken":[{"damage":8.0,"enemies":"2 Louse","floor":2.0,"turns":3.0},{"damage":29.0,"enemies":"Lagavulin","floor":4.0,"turns":7.0},{"damage":17.0,"enemies":"Cultist","floor":6.0,"turns":3.0},{"damage":27.0,"enemies":"3 Sentries","floor":8.0,"turns":3.0},{"damage":4.0,"enemies":"Small Slimes","floor":9.0,"turns":3.0},{"damage":19.0,"enemies":"Blue Slaver","floor":11.0,"turns":2.0},{"damage":26.0,"enemies":"downfall:LadyInBlue","floor":12.0,"turns":5.0},{"damage":17.0,"enemies":"Large Slime","floor":13.0,"turns":2.0},{"damage":15.0,"enemies":"Red Slaver","floor":14.0,"turns":2.0},{"damage":16.0,"enemies":"Gremlin Gang","floor":15.0,"turns":4.0},{"damage":86.0,"enemies":"downfall:Defect","floor":16.0,"turns":7.0},{"damage":19.0,"enemies":"Chosen","floor":19.0,"turns":3.0},{"damage":31.0,"enemies":"Snake Plant","floor":21.0,"turns":3.0},{"damage":54.0,"enemies":"Gremlin Leader","floor":23.0,"turns":4.0},{"damage":24.0,"enemies":"Shelled Parasite and Fungi","floor":24.0,"turns":4.0},{"damage":37,"enemies":"Shelled Parasite and Fungi","floor":25,"turns":4}],"seed_played":"3057039599308724811","potions_obtained":[{"floor":4.0,"key":"AttackPotion"},{"floor":6.0,"key":"Explosive Potion"},{"floor":8.0,"key":"LifebloodPotion"},{"floor":12.0,"key":"Adrenaline Potion"},{"floor":12.0,"key":"Slimebound:ThreeZeroPotion"},{"floor":12.0,"key":"Weak Potion"},{"floor":14.0,"key":"LiquidMemories"},{"floor":16.0,"key":"LiquidMemories"},{"floor":19.0,"key":"FearPotion"},{"floor":21.0,"key":"BlessingOfTheForge"}],"is_trial":false,"path_per_floor":["R","M","?","E","R","M","T","E","M","R","M","?","M","M","M","B",null,"R","M","?","M","?","E","MIM","M"],"character_chosen":"SLIMEBOUND","items_purchased":[],"campfire_rested":0,"item_purchase_floors":[],"current_hp_per_floor":[54,54,54,50,50,49,49,46,54,64,64,62,64,64,64,4,64,64,64,64,55,55,34,56,47,47],"gold":742,"neow_bonus":"TWO_FIFTY_GOLD","is_daily":false,"chose_seed":false,"campfire_upgraded":3,"win_rate":0.0,"timestamp":1608488914,"path_taken":["R","M","?","E","R","M","T","E","M","R","?","?","?","M","M","BOSS","R","M","?","M","?","E","MIM","M"],"items_purchased_type":[],"build_version":"2020-12-13","purchased_purges":0,"victory":false,"max_hp_per_floor":[54,54,54,54,54,54,54,54,54,64,64,64,64,64,64,64,64,64,64,64,64,64,64,64,64,64],"card_choices":[{"not_picked":["Slimebound:Prepare","Slimebound:SplitMire"],"picked":"Slimebound:LeadByExample","floor":2.0},{"not_picked":["Slimebound:SplitMire+1","Slimebound:FirmFortitude"],"picked":"Slimebound:RainOfGoop+1","floor":4.0},{"not_picked":["Slimebound:LeechingTouch","Slimebound:SlimeSpikes+1"],"picked":"Slimebound:SplitMire+1","floor":6.0},{"not_picked":["Slimebound:GoopSpray+1","Slimebound:SplitAcid+1"],"picked":"Slimebound:MassRepurpose+1","floor":8.0},{"not_picked":["Slimebound:ServeAndProtect+1","Slimebound:ViciousTackle"],"picked":"Slimebound:SamplingLick+1","floor":9.0},{"not_picked":["Slimebound:Chomp","Slimebound:Nibble"],"picked":"Slimebound:SplitLeeching+1","floor":11.0},{"not_picked":["Slimebound:Repurpose+1","Slimebound:LeechingTouch"],"picked":"Slimebound:SlimeTap+1","floor":12.0},{"not_picked":["Slimebound:SplitBruiser+1","Slimebound:ServeAndProtect+1"],"picked":"Slimebound:Repurpose+1","floor":13.0},{"not_picked":["Slimebound:MinionMaster","Slimebound:SplitMire+1"],"picked":"Slimebound:HauntingLick+1","floor":14.0},{"not_picked":["Slimebound:LeechingTouch","Slimebound:RollThrough"],"picked":"Slimebound:SamplingLick+1","floor":15.0},{"not_picked":["Slimebound:LeechLife","Slimebound:MinionMaster"],"picked":"Slimebound:PrepareCrush+1","floor":16.0},{"not_picked":["Slimebound:LeechEnergy+1","Slimebound:PressTheAttack"],"picked":"Slimebound:SplitLeeching+1","floor":19.0},{"not_picked":["Slimebound:GoopTackle","Slimebound:DisruptingSlam"],"picked":"Slimebound:SplitMire+1","floor":21.0},{"not_picked":["Slimebound:SplitBruiser+1","Slimebound:HauntingLick+1"],"picked":"Slimebound:Schlurp+1","floor":23.0},{"not_picked":["Slimebound:GrowthPunch","Slimebound:Equalize"],"picked":"Slimebound:SplitAcid+1","floor":25}],"player_experience":83666,"relics_obtained":[{"floor":4.0,"key":"Toxic Egg 2"},{"floor":8.0,"key":"halation:IllGainedPizza"},{"floor":12.0,"key":"Potion Belt"},{"floor":23.0,"key":"halation:PenCase"}],"event_choices":[{"cards_removed":["Slimebound:Defend_Slimebound"],"damage_healed":0.0,"max_hp_gain":0.0,"max_hp_loss":0.0,"gold_gain":0.0,"event_name":"Purifier","player_choice":"Purged","floor":3.0,"gold_loss":0.0,"damage_taken":0.0},{"cards_removed":["Slimebound:RainOfGoop"],"damage_healed":0.0,"max_hp_gain":0.0,"max_hp_loss":0.0,"gold_gain":0.0,"event_name":"betterNote:BetterNote","player_choice":"Take \u0026 Give","floor":20.0,"gold_loss":0.0,"damage_taken":0.0,"cards_obtained":["Poisoned Strike"]}],"is_beta":false,"boss_relics":[{"not_picked":["Replay:Bronze Core","halation:Prosthetics"],"picked":"halation:HeavySnake"}],"items_purged_floors":[],"is_endless":false,"potions_floor_spawned":[4,6,8,14,16,19,21],"killed_by":"Shelled Parasite and Fungi","ascension_level":0}}