{"host":"chv1qanoipyt46jc","time":1608505638,"event":{"mods":["2.2 Compatiblity","AchievementEnabler","BaseMod","BetterRewards","CapriCore","Card Filter","Conspire","Gold Saver","Grow up Mod","Kratos Character Expansion","Minty Spire (QoL Compilation)","Rare Cards Sparkle","Relic Filter","Remove Card Discount Mod","Reorder Act Four","StSLib"],"gold_per_floor":[916,950,950,980,1039,1039,1118,1118,1118,1167,1206,1291,1301,1377,1377,1501,1551,1592,1632,1632,1651,1696,1696,1756,1771,1771,1815,1877,1912,1912,1927,1927,2053,2053,2098,2133,2133,2153,2219,2274,2274,2303,2303,2353,2398,2457,2468,2556,2556,2581,2581,2579,2579,2614,2614],"floor_reached":56,"playtime":1027,"items_purged":["KratosMod:Strike_K","KratosMod:Strike_K","KratosMod:Strike_K","KratosMod:Strike_K","KratosMod:Defend_K","KratosMod:Defend_K","KratosMod:Defend_K","KratosMod:Defend_K","KratosMod:cyclone","HandOfGreed+1"],"score":1848,"play_id":"6d187c7c-199f-4a0f-9d3f-86179586ec29","local_time":"20201220170718","is_ascension_mode":false,"campfire_choices":[{"data":"KratosMod:Revenge","floor":6,"key":"SMITH"},{"data":"KratosMod:BladeWhip","floor":8,"key":"SMITH"},{"data":"HandOfGreed","floor":15,"key":"SMITH"},{"floor":23,"key":"RECALL"},{"floor":32,"key":"REST"},{"floor":49,"key":"REST"},{"floor":53,"key":"REST"}],"circlet_count":0,"master_deck":["KratosMod:AthenaBane","KratosMod:BladeWhip+1","KratosMod:BladeWhip+1","KratosMod:Revenge+1"],"relics":["KratosMod:eagle","Medical Kit","conspire:GiftBox","Membership Card","TungstenRod","Ancient Tea Set","Tiny House","Ginger","Juzu Bracelet","Runic Dome","Thread and Needle","CeramicFish","Blue Candle","Lizard Tail","Peace Pipe","Ornamental Fan"],"acts_visited":["Exordium","TheCity","TheBeyond","TheEnding"],"potions_floor_usage":[55],"damage_taken":[{"damage":15,"enemies":"Small Slimes","floor":1,"turns":3},{"damage":0,"enemies":"2 Louse","floor":2,"turns":2},{"damage":11,"enemies":"Jaw Worm","floor":4,"turns":2},{"damage":14,"enemies":"Exordium Thugs","floor":5,"turns":3},{"damage":16,"enemies":"Lots of Slimes","floor":7,"turns":4},{"damage":18,"enemies":"Lagavulin","floor":10,"turns":3},{"damage":0,"enemies":"2 Fungi Beasts","floor":11,"turns":2},{"damage":0,"enemies":"Gremlin Nob","floor":12,"turns":2},{"damage":0,"enemies":"Looter","floor":13,"turns":1},{"damage":22,"enemies":"Gremlin Gang","floor":14,"turns":3},{"damage":0,"enemies":"Hexaghost","floor":16,"turns":2},{"damage":9,"enemies":"Spheric Guardian","floor":18,"turns":3},{"damage":18,"enemies":"Shell Parasite","floor":19,"turns":3},{"damage":0,"enemies":"Snecko","floor":21,"turns":2},{"damage":7,"enemies":"Centurion and Healer","floor":22,"turns":2},{"damage":15,"enemies":"Gremlin Leader","floor":24,"turns":3},{"damage":8,"enemies":"Chosen and Byrds","floor":25,"turns":2},{"damage":18,"enemies":"Snake Plant","floor":27,"turns":2},{"damage":5,"enemies":"3 Cultists","floor":28,"turns":3},{"damage":6,"enemies":"conspire:HollyBat","floor":29,"turns":3},{"damage":0,"enemies":"Snecko","floor":31,"turns":1},{"damage":0,"enemies":"Collector","floor":33,"turns":1},{"damage":0,"enemies":"3 Darklings","floor":35,"turns":2},{"damage":0,"enemies":"Orb Walker","floor":36,"turns":1},{"damage":0,"enemies":"Writhing Mass","floor":38,"turns":1},{"damage":13,"enemies":"Jaw Worm Horde","floor":39,"turns":2},{"damage":12,"enemies":"Giant Head","floor":40,"turns":2},{"damage":0,"enemies":"Nemesis","floor":42,"turns":1},{"damage":0,"enemies":"Mind Bloom Boss Battle","floor":44,"turns":1},{"damage":0,"enemies":"Transient","floor":45,"turns":2},{"damage":8,"enemies":"Giant Head","floor":46,"turns":2},{"damage":0,"enemies":"Maw","floor":47,"turns":1},{"damage":18,"enemies":"4 Shapes","floor":48,"turns":3},{"damage":0,"enemies":"Time Eater","floor":50,"turns":1},{"damage":0,"enemies":"Shield and Spear","floor":54,"turns":2},{"damage":55,"enemies":"The Heart","floor":55,"turns":3}],"seed_played":"6308572953987688581","potions_obtained":[{"floor":2,"key":"ColorlessPotion"},{"floor":4,"key":"SteroidPotion"},{"floor":7,"key":"FairyPotion"},{"floor":45,"key":"Swift Potion"},{"floor":46,"key":"Fire Potion"}],"is_trial":false,"path_per_floor":["M","M","$","M","M","R","M","R","T","E","M","?","M","M","R","B",null,"M","M","$","M","M","R","E","M","T","M","M","M","?","M","R","B",null,"M","M","?","M","M","E","$","E","T","?","M","E","M","M","R","B",null,"$","R","E","B",null],"character_chosen":"KRATOS","items_purchased":["Medical Kit","KratosMod:BladeWhip","KratosMod:BladeWhip","conspire:GiftBox","Membership Card","HandOfGreed","KratosMod:Revenge"],"campfire_rested":3,"item_purchase_floors":[0,0,0,0,0,0,0],"current_hp_per_floor":[29,39,49,48,44,54,48,58,68,60,70,80,90,78,88,98,245,246,238,248,258,261,271,266,268,278,270,275,279,289,299,395,405,415,425,435,445,455,452,450,460,470,480,490,500,502,512,504,565,575,585,595,605,615,570],"gold":2614,"neow_bonus":"","is_daily":false,"chose_seed":false,"campfire_upgraded":3,"win_rate":0.0,"timestamp":1608505638,"path_taken":["M","M","$","M","M","R","M","R","T","E","M","?","M","M","R","BOSS","M","M","$","M","M","R","E","M","T","M","M","M","?","M","R","BOSS","M","M","?","M","M","E","?","E","T","?","M","E","M","M","R","BOSS","$","R","E","BOSS"],"items_purchased_type":["Relic","Card","Card","Relic","Relic","Card","Card"],"build_version":"2020-12-13","purchased_purges":10,"victory":true,"max_hp_per_floor":[80,90,100,110,120,130,140,150,160,170,180,190,200,210,220,230,245,255,265,275,285,295,305,315,325,335,345,355,365,375,385,395,405,415,425,435,445,455,465,475,485,495,505,515,525,535,545,555,565,575,585,595,605,615,625],"card_choices":[{"not_picked":["KratosMod:SmashStone","KratosMod:Tempor","KratosMod:Endure"],"picked":"SKIP","floor":1},{"not_picked":["KratosMod:ShieldBash","KratosMod:Roll","KratosMod:BladeWhip"],"picked":"SKIP","floor":2},{"not_picked":["KratosMod:BladeWhip","KratosMod:rattle","KratosMod:Endure"],"picked":"SKIP","floor":4},{"not_picked":["KratosMod:ShieldBash","KratosMod:clawsofhades","KratosMod:BladeWhip"],"picked":"SKIP","floor":5},{"not_picked":["KratosMod:rattle","KratosMod:BladeWhip","KratosMod:SmashStone"],"picked":"SKIP","floor":7},{"not_picked":["KratosMod:tartarusrage","KratosMod:Roll","KratosMod:ShieldBash"],"picked":"SKIP","floor":10},{"not_picked":["KratosMod:Tempor","KratosMod:clawsofhades","KratosMod:Endure"],"picked":"SKIP","floor":11},{"not_picked":["KratosMod:settle","KratosMod:conjuresoul","KratosMod:Endure"],"picked":"SKIP","floor":13},{"not_picked":["KratosMod:BladeWhip","KratosMod:Revenge","KratosMod:SmashStone"],"picked":"SKIP","floor":14},{"not_picked":["KratosMod:Roll","KratosMod:Tempor","KratosMod:rattle"],"picked":"SKIP","floor":18},{"not_picked":["KratosMod:Endure","KratosMod:ShieldBash","KratosMod:BladeWhip"],"picked":"SKIP","floor":19},{"not_picked":["KratosMod:Tempor","KratosMod:conjuresoul+1","KratosMod:Endure"],"picked":"SKIP","floor":21},{"not_picked":["KratosMod:conjuresoul+1","KratosMod:clawsofhades","KratosMod:Endure"],"picked":"SKIP","floor":22},{"not_picked":["KratosMod:Roll+1","KratosMod:SmashStone","KratosMod:tartarusrage"],"picked":"SKIP","floor":24},{"not_picked":["KratosMod:Endure","KratosMod:conjuresoul","KratosMod:settle+1"],"picked":"SKIP","floor":25},{"not_picked":["KratosMod:BladeWhip+1","KratosMod:Tempor","KratosMod:Roll+1"],"picked":"SKIP","floor":27},{"not_picked":["KratosMod:clawsofhades+1","KratosMod:ShieldBash","KratosMod:Roll"],"picked":"SKIP","floor":28},{"not_picked":["KratosMod:Endure","KratosMod:Tempor","KratosMod:settle"],"picked":"SKIP","floor":29},{"not_picked":["KratosMod:BladeWhip","KratosMod:ShieldBash+1","KratosMod:Endure+1"],"picked":"SKIP","floor":31},{"not_picked":["KratosMod:Endure","KratosMod:ShieldBash","KratosMod:Roll+1"],"picked":"SKIP","floor":35},{"not_picked":["KratosMod:SmashStone","KratosMod:clawsofhades+1","KratosMod:Endure"],"picked":"SKIP","floor":36},{"not_picked":["KratosMod:BladeWhip+1","KratosMod:conjuresoul+1","KratosMod:Endure"],"picked":"SKIP","floor":38},{"not_picked":["KratosMod:Roll","KratosMod:Endure+1","KratosMod:BladeWhip+1"],"picked":"SKIP","floor":39},{"not_picked":["KratosMod:SmashStone","KratosMod:clawsofhades+1","KratosMod:ShieldBash+1"],"picked":"SKIP","floor":40},{"not_picked":["KratosMod:rattle","KratosMod:conjuresoul","KratosMod:BladeWhip"],"picked":"SKIP","floor":42},{"not_picked":["KratosMod:Roll+1","KratosMod:ShieldBash","KratosMod:conjuresoul"],"picked":"SKIP","floor":45},{"not_picked":["KratosMod:ShieldBash+1","KratosMod:rattle","KratosMod:settle+1"],"picked":"SKIP","floor":46},{"not_picked":["KratosMod:Endure+1","KratosMod:ShieldBash","KratosMod:Roll"],"picked":"SKIP","floor":47},{"not_picked":["KratosMod:Roll+1","KratosMod:rattle","KratosMod:Endure+1"],"picked":"SKIP","floor":48},{"not_picked":["KratosMod:SmashStone","KratosMod:BladeWhip","KratosMod:ShieldBash"],"picked":"SKIP","floor":54}],"player_experience":301980,"relics_obtained":[{"floor":10,"key":"TungstenRod"},{"floor":24,"key":"Ginger"},{"floor":26,"key":"Juzu Bracelet"},{"floor":40,"key":"Thread and Needle"},{"floor":42,"key":"CeramicFish"},{"floor":43,"key":"Blue Candle"},{"floor":44,"key":"Lizard Tail"},{"floor":46,"key":"Peace Pipe"},{"floor":54,"key":"Ornamental Fan"}],"event_choices":[{"damage_healed":0,"gold_gain":0,"player_choice":"Searched \u00273\u0027 times","damage_taken":0,"relics_obtained":["Ancient Tea Set"],"max_hp_gain":0,"max_hp_loss":0,"event_name":"Dead Adventurer","floor":12,"gold_loss":0},{"damage_healed":0,"gold_gain":0,"player_choice":"Ignored","damage_taken":0,"max_hp_gain":0,"max_hp_loss":0,"event_name":"Ghosts","floor":30,"gold_loss":0},{"damage_healed":0,"gold_gain":0,"player_choice":"Memory 1","damage_taken":0,"max_hp_gain":0,"max_hp_loss":0,"event_name":"SensoryStone","floor":37,"gold_loss":0},{"damage_healed":0,"gold_gain":0,"player_choice":"Fight","damage_taken":0,"max_hp_gain":0,"max_hp_loss":0,"event_name":"MindBloom","floor":44,"gold_loss":0}],"is_beta":false,"boss_relics":[{"not_picked":["conspire:SlowCooker","Pandora\u0027s Box"],"picked":"Tiny House"},{"not_picked":["conspire:RunicOctahedron","SacredBark"],"picked":"Runic Dome"}],"items_purged_floors":[0,0,0,0,0,0,0,0,0,52],"is_endless":false,"potions_floor_spawned":[2,4,7,12,13,18,19,24,28,31,36,44,45,46,48],"ascension_level":0}}