{"host":"mqhvlr3kpxebko0t","time":1608459811,"event":{"mods":["AchievementEnabler","BaseMod","Colored Map","Colored Powertips","Keyboard Shortcuts","Minty Spire (QoL Compilation)","StSLib","SuperFastMode"],"gold_per_floor":[118,118,137,150,171,209,227,227,254,179,212,212,212,231,231,231,231],"floor_reached":16,"playtime":191,"items_purged":["Strike_P"],"score":308,"play_id":"b48519f3-37d3-48cd-95d6-25e35653e94a","local_time":"20201220192331","is_ascension_mode":true,"campfire_choices":[{"data":"Eruption","floor":8,"key":"SMITH"},{"data":"WheelKick","floor":13,"key":"SMITH"},{"data":"EmptyFist","floor":15,"key":"SMITH"}],"circlet_count":0,"master_deck":["AscendersBane","Strike_P","Strike_P","Defend_P","Defend_P","Defend_P","Eruption+1","Vigilance","EmptyFist+1","WheelKick+1"],"relics":["PureWater","Golden Idol","Molten Egg 2","Nunchaku","Ancient Tea Set"],"acts_visited":["Exordium"],"potions_floor_usage":[6,11,11,16],"damage_taken":[{"damage":15,"enemies":"Small Slimes","floor":1,"turns":2},{"damage":8,"enemies":"2 Louse","floor":3,"turns":2},{"damage":4,"enemies":"Jaw Worm","floor":4,"turns":4},{"damage":2,"enemies":"2 Fungi Beasts","floor":5,"turns":3},{"damage":0,"enemies":"Gremlin Nob","floor":6,"turns":2},{"damage":13,"enemies":"Large Slime","floor":7,"turns":6},{"damage":0,"enemies":"Lagavulin","floor":11,"turns":4},{"damage":0,"enemies":"Looter","floor":14,"turns":1},{"damage":27,"enemies":"Hexaghost","floor":16,"turns":4}],"seed_played":"5824357676901642079","potions_obtained":[{"floor":5,"key":"LiquidMemories"},{"floor":6,"key":"AttackPotion"},{"floor":7,"key":"LiquidMemories"},{"floor":11,"key":"Fruit Juice"}],"is_trial":false,"path_per_floor":["M","?","M","M","M","E","M","R","T","$","E","?","R","M","R","B"],"character_chosen":"WATCHER","items_purchased":[],"campfire_rested":0,"item_purchase_floors":[],"current_hp_per_floor":[46,46,38,34,32,32,19,19,19,19,24,24,24,24,24,0,0],"gold":231,"neow_bonus":"REMOVE_CARD","is_daily":false,"chose_seed":false,"campfire_upgraded":3,"win_rate":0.0,"timestamp":1608459811,"path_taken":["M","?","M","M","M","E","M","R","T","$","E","?","R","M","R","BOSS"],"items_purchased_type":[],"build_version":"2020-12-13","purchased_purges":1,"victory":false,"max_hp_per_floor":[68,62,62,62,62,62,62,62,62,62,67,67,67,67,67,67,67],"card_choices":[{"not_picked":["FollowUp","CutThroughFate"],"picked":"EmptyFist","floor":1},{"not_picked":["EmptyBody","CutThroughFate","SashWhip"],"picked":"SKIP","floor":3},{"not_picked":["Nirvana","Indignation"],"picked":"WheelKick","floor":4},{"not_picked":["WheelKick","FlyingSleeves","ThirdEye"],"picked":"SKIP","floor":5},{"not_picked":["PathToVictory","Nirvana","EmptyFist+1"],"picked":"SKIP","floor":6},{"not_picked":["Weave+1","Indignation","Perseverance"],"picked":"SKIP","floor":7},{"not_picked":["PathToVictory","JustLucky+1","Crescendo"],"picked":"SKIP","floor":11},{"not_picked":["Prostrate","Pray","PathToVictory"],"picked":"SKIP","floor":14}],"player_experience":659861,"relics_obtained":[{"floor":6,"key":"Molten Egg 2"},{"floor":9,"key":"Nunchaku"},{"floor":11,"key":"Ancient Tea Set"}],"event_choices":[{"damage_healed":0,"gold_gain":0,"player_choice":"Lose Max HP","damage_taken":0,"relics_obtained":["Golden Idol"],"max_hp_gain":0,"max_hp_loss":6,"event_name":"Golden Idol","floor":2,"gold_loss":0},{"cards_removed":["Strike_P"],"damage_healed":0,"gold_gain":0,"player_choice":"Forget","damage_taken":0,"max_hp_gain":0,"max_hp_loss":0,"event_name":"Living Wall","floor":12,"gold_loss":0}],"is_beta":false,"boss_relics":[],"items_purged_floors":[10],"is_endless":false,"potions_floor_spawned":[5,6,7,11],"killed_by":"Hexaghost","ascension_level":18}}