{"host":"qxtzqh2wotmxx3mc","time":1608439306,"event":{"mods":["AchievementEnabler","BaseMod","Better Altar","Better Note","Better Sensory Stone","Better Skull","Better Synergies","Better Third Choice","Better Vampires","Block Reminder","ChefMod","Displayed Cursed Tome","Minty Spire (QoL Compilation)","Quick Restart","Relic Stats","Replay The Spire","StSLib","Trackpad","Wandering Minibosses"],"gold_per_floor":[118,83,28,43,43,81,96,96,171,346,389,389,64,64,64,193,193,212,212,212,312,260,260,285,245,245,168,168,207,207,207],"floor_reached":30,"playtime":1132,"items_purged":["Doubt"],"score":275,"play_id":"b84005eb-bf8e-4f52-bd74-91fd9c4a3d4b","local_time":"20201219204146","is_ascension_mode":false,"campfire_choices":[{"data":"chefmod:CandyBowl","floor":8,"key":"SMITH"},{"floor":12,"key":"REST"},{"data":"chefmod:BleedOut","floor":15,"key":"SMITH"},{"data":"chefmod:DeathByChocolate","floor":23,"key":"SMITH"}],"circlet_count":0,"master_deck":["chefmod:Strike","chefmod:Strike","chefmod:Strike","chefmod:Strike","chefmod:Strike","chefmod:Defend","chefmod:Defend","chefmod:Defend+1","chefmod:QuickThaw","chefmod:TodaysSpecial","chefmod:HotSoup","chefmod:NoSoupForYou+1","chefmod:FireUp","chefmod:CandyBowl+1","chefmod:FireUp","chefmod:BleedOut+1","Intimidate","chefmod:DeathByChocolate+1","chefmod:ColdSteel+1","chefmod:KnifeFlurry+1","chefmod:OrderUp","chefmod:CayenneCloud","chefmod:CleanHouse+1"],"relics":["chefmod:TrustyPot","NeowsBlessing","betterThird:SlimedRelic","Golden Idol","Replay:Wax Seal","Replay:WaspNest","Ginger","Pantograph","ChewingGum","Girya","Peace Pipe","trackpad:WondrousWand"],"acts_visited":["Exordium","TheCity"],"potions_floor_usage":[16,16,16],"damage_taken":[{"damage":0,"enemies":"Jaw Worm","floor":1,"turns":1},{"damage":0,"enemies":"Cultist","floor":4,"turns":1},{"damage":0,"enemies":"Gremlin Nob","floor":6,"turns":1},{"damage":0,"enemies":"2 Louse","floor":7,"turns":1},{"damage":10,"enemies":"Replay:BlueRogue","floor":11,"turns":5},{"damage":34,"enemies":"Slime Boss","floor":16,"turns":14},{"damage":6,"enemies":"Shell Parasite","floor":18,"turns":7},{"damage":12,"enemies":"Chosen","floor":24,"turns":4},{"damage":47,"enemies":"Slavers","floor":29,"turns":6},{"damage":18,"enemies":"Sentry and Sphere","floor":30,"turns":3}],"seed_played":"-6750963909962005218","potions_obtained":[{"floor":1,"key":"SkillPotion"},{"floor":4,"key":"Strength Potion"},{"floor":11,"key":"SkillPotion"},{"floor":18,"key":"Block Potion"},{"floor":24,"key":"Flashbang"}],"is_trial":false,"path_per_floor":["M","?","$","M","?","E","M","R","T","?","E","R","$","?","R","B",null,"M","?","?","?","$","R","M","?","T","$","T","E","M"],"character_chosen":"THE_CHEF","items_purchased":["chefmod:NoSoupForYou+1","Pantograph","chefmod:KnifeFlurry+1","chefmod:CayenneCloud"],"campfire_rested":1,"item_purchase_floors":[3,13,22,27],"current_hp_per_floor":[76,65,65,65,46,46,46,46,46,46,36,58,58,49,49,40,76,70,70,70,70,70,70,58,58,58,58,58,11,0,0],"gold":207,"neow_bonus":"THREE_ENEMY_KILL","is_daily":false,"chose_seed":false,"campfire_upgraded":3,"win_rate":0.0,"timestamp":1608439306,"path_taken":["M","?","?","?","?","E","M","R","T","?","E","R","$","?","R","BOSS","M","?","?","?","$","R","?","?","T","$","?","E","M"],"items_purchased_type":["Card","Relic","Card","Card"],"build_version":"2020-12-13","purchased_purges":1,"victory":false,"max_hp_per_floor":[76,76,76,76,76,76,76,76,76,76,76,76,76,76,76,76,76,76,76,76,76,76,76,76,76,76,76,76,76,76,76],"relic_stats":{"Peace Pipe":0,"counters":[10,43],"Golden Idol":63,"Pantograph":25,"Ginger":[8],"obtain_stats":[{"Peace Pipe":28,"chefmod:TrustyPot":0,"Girya":26,"NeowsBlessing":0,"Golden Idol":5,"betterThird:SlimedRelic":2,"Pantograph":13,"ChewingGum":17,"Replay:WaspNest":9,"trackpad:WondrousWand":29,"Ginger":11,"Replay:Wax Seal":6},{"Peace Pipe":8,"chefmod:TrustyPot":0,"Girya":8,"NeowsBlessing":0,"Golden Idol":2,"betterThird:SlimedRelic":1,"Pantograph":5,"ChewingGum":6,"Replay:WaspNest":4,"trackpad:WondrousWand":9,"Ginger":5,"Replay:Wax Seal":3},{"Peace Pipe":34,"chefmod:TrustyPot":0,"Girya":34,"NeowsBlessing":0,"Golden Idol":2,"betterThird:SlimedRelic":1,"Pantograph":9,"ChewingGum":23,"Replay:WaspNest":4,"trackpad:WondrousWand":40,"Ginger":9,"Replay:Wax Seal":3}]},"card_choices":[{"not_picked":["chefmod:IcePick","chefmod:BaoBuns"],"picked":"chefmod:HotSoup","floor":1},{"not_picked":["chefmod:SliceAndDice","chefmod:Puree"],"picked":"chefmod:FireUp","floor":4},{"not_picked":["chefmod:MonsterBait","chefmod:Leftovers"],"picked":"chefmod:CandyBowl","floor":6},{"not_picked":["chefmod:Defrost","chefmod:Chop"],"picked":"chefmod:FireUp","floor":7},{"not_picked":["chefmod:LiquidNitrogen","chefmod:Defrost"],"picked":"chefmod:BleedOut","floor":11},{"not_picked":["chefmod:RaidPantry","chefmod:DeepFreeze"],"picked":"chefmod:DeathByChocolate","floor":16},{"not_picked":["chefmod:SliceAndDice+1","chefmod:NoSoupForYou+1"],"picked":"chefmod:ColdSteel","floor":18},{"not_picked":["chefmod:ZaruSoba+1","chefmod:BaoBuns"],"picked":"chefmod:OrderUp","floor":24},{"not_picked":["chefmod:DinoKale","chefmod:FryPan+1"],"picked":"chefmod:CleanHouse+1","floor":29}],"player_experience":117670,"relics_obtained":[{"floor":6,"key":"Replay:Wax Seal"},{"floor":9,"key":"Replay:WaspNest"},{"floor":11,"key":"Ginger"},{"floor":26,"key":"Girya"},{"floor":28,"key":"Peace Pipe"},{"floor":29,"key":"trackpad:WondrousWand"}],"event_choices":[{"damage_healed":0,"gold_gain":0,"player_choice":"Slimed","damage_taken":11,"max_hp_gain":0,"max_hp_loss":0,"event_name":"betterThird:BetterGoop","floor":2,"gold_loss":35},{"damage_healed":0,"gold_gain":0,"player_choice":"Take Damage","damage_taken":19,"relics_obtained":["Golden Idol"],"max_hp_gain":0,"max_hp_loss":0,"event_name":"Golden Idol","floor":5,"gold_loss":0},{"damage_healed":0,"gold_gain":175,"player_choice":"AGREE","damage_taken":171,"max_hp_gain":0,"max_hp_loss":0,"event_name":"betterThird:BetterSerpent","floor":10,"gold_loss":0},{"damage_healed":0,"gold_gain":0,"player_choice":"Card ","damage_taken":9,"max_hp_gain":0,"max_hp_loss":0,"event_name":"betterThird:BetterScrap","floor":14,"gold_loss":0,"cards_obtained":["Intimidate"]},{"cards_removed":["chefmod:CandyBowl"],"damage_healed":0,"gold_gain":0,"player_choice":"Give","damage_taken":0,"max_hp_gain":0,"max_hp_loss":0,"event_name":"betterNote:BetterNote","floor":19,"gold_loss":0,"cards_obtained":["None"]},{"damage_healed":0,"gold_gain":100,"player_choice":"Pray","damage_taken":0,"max_hp_gain":0,"max_hp_loss":0,"event_name":"Golden Shrine","floor":21,"gold_loss":0},{"damage_healed":0,"gold_gain":0,"player_choice":"Upgraded Two","damage_taken":0,"max_hp_gain":0,"max_hp_loss":0,"event_name":"Designer","floor":25,"gold_loss":40,"cards_upgraded":["chefmod:Defend","chefmod:ColdSteel"]}],"is_beta":false,"boss_relics":[{"not_picked":["Replay:Drink Me","Snecko Eye"],"picked":"ChewingGum"}],"items_purged_floors":[13],"is_endless":false,"potions_floor_spawned":[1,4,11,18,24],"killed_by":"Sentry and Sphere","ascension_level":0}}