{"host":"v54ek091sdz7ha6h","time":1608495727,"event":{"mods":["BaseMod","Better Vampires","Colored Map","Colored Powertips","DeckTracker","Highlight Path","KOR Keyword Fix","Minty Spire (QoL Compilation)","Rare Cards Sparkle","StSLib","SuperFastMode","The Awakened One except there are too many feathers","everything is the same but u backflip on backflip","slay the spire mod where everything is the same but ironclad has a cowboy hat"],"gold_per_floor":[111,111,122,47,47,76,94,126,198,211,211,211,230,230,230,332,332,350,366,393,412,422,455,455,473,473,486,486,516,530,37,37,139,139,155,155,175,195,195,195,225,235,259,259,40,74,74,74,74,74,74,74,74,108,108],"floor_reached":56,"playtime":2015,"items_purged":["Defend_G"],"score":1357,"play_id":"776a53e6-78b5-4cef-b420-46c6d4fb58df","local_time":"20201221052207","is_ascension_mode":false,"campfire_choices":[{"data":"Tactician","floor":11,"key":"SMITH"},{"data":"Neutralize","floor":15,"key":"SMITH"},{"data":"Crippling Poison","floor":28,"key":"SMITH"},{"data":"A Thousand Cuts","floor":32,"key":"SMITH"},{"floor":40,"key":"RECALL"},{"floor":44,"key":"REST"},{"data":"Night Terror","floor":47,"key":"SMITH"},{"data":"Cloak And Dagger","floor":49,"key":"SMITH"},{"data":"Fasting2","floor":52,"key":"SMITH"}],"circlet_count":0,"master_deck":["Strike_G","Strike_G","Strike_G","Defend_G","Defend_G","Defend_G","Defend_G","Survivor","Neutralize+1","Infinite Blades","Footwork","Tactician+1","Acrobatics+1","Escape Plan","Cloak And Dagger","Underhanded Strike","After Image","Well Laid Plans","Tactician","Dodge and Roll+1","Cloak And Dagger+1","Flechettes+1","Crippling Poison+1","Infinite Blades","A Thousand Cuts+1","Panache","Night Terror+1","Infinite Blades+1","Escape Plan+1","Blade Dance+1","Accuracy","Fasting2+1","Terror"],"relics":["Ring of the Serpent","Omamori","Oddly Smooth Stone","FossilizedHelix","MealTicket","Sozu","Ancient Tea Set","Du-Vu Doll","FaceOfCleric","Singing Bowl","Bag of Preparation","Nunchaku","OrangePellets","StrikeDummy","Vajra","PrismaticShard","Paper Crane","CaptainsWheel"],"acts_visited":["Exordium","TheCity","TheBeyond","TheEnding"],"potions_floor_usage":[6,7,16,16,55],"damage_taken":[{"damage":0,"enemies":"Jaw Worm","floor":1,"turns":3},{"damage":0,"enemies":"Cultist","floor":3,"turns":4},{"damage":11,"enemies":"3 Sentries","floor":6,"turns":12},{"damage":0,"enemies":"Small Slimes","floor":7,"turns":3},{"damage":17,"enemies":"Gremlin Nob","floor":8,"turns":6},{"damage":0,"enemies":"3 Louse","floor":10,"turns":5},{"damage":0,"enemies":"Red Slaver","floor":13,"turns":4},{"damage":6,"enemies":"Hexaghost","floor":16,"turns":11},{"damage":0,"enemies":"Spheric Guardian","floor":18,"turns":7},{"damage":0,"enemies":"3 Byrds","floor":19,"turns":6},{"damage":0,"enemies":"Shelled Parasite and Fungi","floor":21,"turns":7},{"damage":0,"enemies":"Centurion and Healer","floor":22,"turns":11},{"damage":39,"enemies":"Gremlin Leader","floor":23,"turns":15},{"damage":0,"enemies":"Snake Plant","floor":25,"turns":7},{"damage":0,"enemies":"Sentry and Sphere","floor":27,"turns":7},{"damage":4,"enemies":"Slavers","floor":29,"turns":9},{"damage":0,"enemies":"Snecko","floor":30,"turns":6},{"damage":0,"enemies":"Collector","floor":33,"turns":8},{"damage":10,"enemies":"Orb Walker","floor":35,"turns":4},{"damage":16,"enemies":"3 Darklings","floor":37,"turns":4},{"damage":0,"enemies":"Maw","floor":38,"turns":7},{"damage":0,"enemies":"Giant Head","floor":41,"turns":7},{"damage":19,"enemies":"Sphere and 2 Shapes","floor":42,"turns":4},{"damage":0,"enemies":"Reptomancer","floor":46,"turns":4},{"damage":39,"enemies":"Time Eater","floor":50,"turns":10},{"damage":26,"enemies":"Shield and Spear","floor":54,"turns":5},{"damage":56,"enemies":"The Heart","floor":55,"turns":10}],"seed_played":"7012792019990490688","potions_obtained":[{"floor":2,"key":"CunningPotion"},{"floor":2,"key":"Block Potion"},{"floor":2,"key":"EssenceOfSteel"},{"floor":3,"key":"LiquidBronze"},{"floor":8,"key":"Fruit Juice"},{"floor":10,"key":"Swift Potion"}],"is_trial":false,"path_per_floor":["M","?","M","$","T","E","M","E","T","M","R","?","M","?","R","B",null,"M","M","T","M","M","E","?","M","T","M","R","E","M","$","R","B",null,"M","?","M","M","?","R","E","M","T","R","$","E","R","?","R","B",null,"R","$","E","B",null],"character_chosen":"THE_SILENT","items_purchased":["Panache","Nunchaku","OrangePellets","PrismaticShard","Accuracy"],"campfire_rested":1,"item_purchase_floors":[31,31,31,45,45],"current_hp_per_floor":[70,70,70,70,70,59,59,42,42,42,42,35,35,35,35,29,70,70,70,70,70,70,31,31,32,32,33,33,30,31,46,46,47,75,66,76,61,64,64,64,67,49,49,74,84,85,85,85,85,47,86,86,86,61,11],"gold":108,"neow_bonus":"RANDOM_COMMON_RELIC","is_daily":false,"chose_seed":false,"campfire_upgraded":7,"win_rate":0.0,"timestamp":1608495727,"path_taken":["M","?","M","$","?","E","M","E","T","M","R","?","M","?","R","BOSS","M","M","?","M","M","E","?","M","T","?","R","E","M","$","R","BOSS","M","?","M","M","?","R","E","M","T","R","?","E","R","?","R","BOSS","R","$","E","BOSS"],"items_purchased_type":["Card","Relic","Relic","Relic","Card"],"build_version":"2020-12-13","purchased_purges":1,"victory":true,"max_hp_per_floor":[70,70,70,70,70,70,70,70,70,70,70,70,70,70,70,70,70,70,70,70,70,70,70,70,71,71,72,72,73,74,74,74,75,75,76,76,77,80,80,80,83,84,84,84,84,85,85,85,85,86,86,86,86,87,93],"card_choices":[{"not_picked":["PiercingWail","Backstab"],"picked":"Infinite Blades","floor":1},{"not_picked":["Flying Knee","Dagger Spray"],"picked":"Footwork","floor":3},{"not_picked":["Masterful Stab","Reflex"],"picked":"Tactician","floor":6},{"not_picked":["Skewer","Poisoned Stab"],"picked":"Acrobatics","floor":7},{"not_picked":["Concentrate","Expertise"],"picked":"Escape Plan","floor":8},{"not_picked":["Acrobatics","Dagger Throw"],"picked":"Cloak And Dagger","floor":10},{"not_picked":["Skewer","Sucker Punch"],"picked":"Underhanded Strike","floor":13},{"not_picked":["Storm of Steel","Venomology"],"picked":"After Image","floor":16},{"not_picked":["Sucker Punch","Blur"],"picked":"Well Laid Plans","floor":18},{"not_picked":["Calculated Gamble","Choke"],"picked":"Tactician","floor":19},{"not_picked":["Flying Knee","Outmaneuver"],"picked":"Dodge and Roll+1","floor":21},{"not_picked":["Leg Sweep","Eviscerate"],"picked":"Cloak And Dagger","floor":22},{"not_picked":["Bane","Deadly Poison"],"picked":"Flechettes+1","floor":23},{"not_picked":["Quick Slash+1","Underhanded Strike","Flying Knee"],"picked":"SKIP","floor":25},{"not_picked":["Finisher","Dodge and Roll"],"picked":"Crippling Poison","floor":27},{"not_picked":["Quick Slash","Escape Plan"],"picked":"Infinite Blades","floor":29},{"not_picked":["Eviscerate","Blade Dance"],"picked":"A Thousand Cuts","floor":30},{"not_picked":["Envenom","Venomology"],"picked":"Night Terror","floor":33},{"not_picked":["Underhanded Strike+1","Flying Knee"],"picked":"Infinite Blades+1","floor":35},{"not_picked":["Dagger Spray","Footwork"],"picked":"Escape Plan+1","floor":37},{"not_picked":["Backstab+1","Crippling Poison","Escape Plan"],"picked":"Singing Bowl","floor":38},{"not_picked":["Tactician+1","Predator+1","Deflect+1"],"picked":"Singing Bowl","floor":41},{"not_picked":["Concentrate","Slice+1"],"picked":"Blade Dance+1","floor":42},{"not_picked":["Quick Slash+1","True Grit+1"],"picked":"Fasting2","floor":46},{"not_picked":["Combust","Conserve Battery"],"picked":"Terror","floor":54}],"player_experience":1390208,"relics_obtained":[{"floor":5,"key":"Oddly Smooth Stone"},{"floor":6,"key":"FossilizedHelix"},{"floor":8,"key":"MealTicket"},{"floor":20,"key":"Ancient Tea Set"},{"floor":23,"key":"Du-Vu Doll"},{"floor":26,"key":"Singing Bowl"},{"floor":29,"key":"Bag of Preparation"},{"floor":41,"key":"StrikeDummy"},{"floor":43,"key":"Vajra"},{"floor":46,"key":"Paper Crane"},{"floor":54,"key":"CaptainsWheel"}],"event_choices":[{"damage_healed":0,"gold_gain":0,"player_choice":"Got Potions","damage_taken":0,"max_hp_gain":0,"max_hp_loss":0,"event_name":"Lab","floor":2,"gold_loss":0},{"cards_removed":["Strike_G"],"damage_healed":0,"gold_gain":0,"player_choice":"Card Removal","damage_taken":7,"max_hp_gain":0,"max_hp_loss":0,"event_name":"Golden Wing","floor":12,"gold_loss":0},{"damage_healed":0,"gold_gain":0,"player_choice":"Upgraded","damage_taken":0,"max_hp_gain":0,"max_hp_loss":0,"event_name":"Upgrade Shrine","floor":14,"gold_loss":0,"cards_upgraded":["Acrobatics"]},{"damage_healed":0,"gold_gain":0,"player_choice":"Trade","damage_taken":0,"relics_obtained":["FaceOfCleric"],"max_hp_gain":0,"max_hp_loss":0,"event_name":"FaceTrader","floor":24,"gold_loss":0},{"damage_healed":19,"gold_gain":0,"player_choice":"Writhe","damage_taken":0,"max_hp_gain":0,"max_hp_loss":0,"event_name":"Winding Halls","floor":36,"gold_loss":0,"cards_obtained":["Writhe"]},{"cards_removed":["Strike_G"],"damage_healed":0,"gold_gain":0,"player_choice":"Removed Attack","damage_taken":0,"max_hp_gain":0,"max_hp_loss":0,"event_name":"Falling","floor":39,"gold_loss":0},{"damage_healed":0,"gold_gain":0,"player_choice":"Full Heal","damage_taken":0,"max_hp_gain":0,"max_hp_loss":0,"event_name":"Wheel of Change","floor":48,"gold_loss":0}],"is_beta":false,"boss_relics":[{"not_picked":["Snecko Eye","Busted Crown"],"picked":"Sozu"},{"not_picked":["Philosopher\u0027s Stone","Runic Pyramid"],"picked":"Ring of the Serpent"}],"items_purged_floors":[4],"is_endless":false,"potions_floor_spawned":[3,8,10,13,18,21,29,33,35,42,46,54],"ascension_level":0}}