{"host":"mqhvlr3kpxebko0t","time":1608461975,"event":{"mods":["AchievementEnabler","BaseMod","Colored Map","Colored Powertips","Keyboard Shortcuts","Minty Spire (QoL Compilation)","StSLib","SuperFastMode"],"gold_per_floor":[119,294,309,309,160,160,190,202,251,251,251,251,263,293,293,364,364,381,392,89,89],"floor_reached":20,"playtime":267,"items_purged":["Strike_G"],"score":352,"play_id":"16ac7ecf-ea66-4ead-acc6-b3c405cb2ac1","local_time":"20201220195935","is_ascension_mode":true,"campfire_choices":[{"data":"Crippling Poison","floor":6,"key":"SMITH"},{"data":"Prepared","floor":10,"key":"SMITH"},{"data":"Neutralize","floor":12,"key":"SMITH"},{"data":"Terror","floor":15,"key":"SMITH"}],"circlet_count":0,"master_deck":["AscendersBane","Strike_G","Strike_G","Strike_G","Defend_G","Defend_G","Defend_G","Defend_G","Defend_G","Survivor","Neutralize+1","Quick Slash","Crippling Poison+1","Dash","Prepared+1","Terror+1","Caltrops","Dagger Spray+1","Caltrops"],"relics":["Ring of the Snake","NeowsBlessing","Centennial Puzzle","Bronze Scales","Potion Belt","SacredBark","PreservedInsect","Medical Kit"],"acts_visited":["Exordium","TheCity"],"potions_floor_usage":[],"damage_taken":[{"damage":0,"enemies":"Jaw Worm","floor":1,"turns":1},{"damage":0,"enemies":"2 Louse","floor":3,"turns":1},{"damage":0,"enemies":"Lagavulin","floor":7,"turns":1},{"damage":0,"enemies":"Cultist","floor":8,"turns":4},{"damage":11,"enemies":"2 Fungi Beasts","floor":13,"turns":3},{"damage":19,"enemies":"3 Sentries","floor":14,"turns":9},{"damage":7,"enemies":"Hexaghost","floor":16,"turns":9},{"damage":0,"enemies":"3 Byrds","floor":18,"turns":2},{"damage":9,"enemies":"Chosen","floor":19,"turns":5}],"seed_played":"-1382329139689674801","potions_obtained":[{"floor":1,"key":"DuplicationPotion"},{"floor":3,"key":"Energy Potion"},{"floor":14,"key":"SkillPotion"},{"floor":18,"key":"FairyPotion"}],"is_trial":false,"path_per_floor":["M","?","M","?","$","R","E","M","T","R","?","R","M","E","R","B",null,"M","M","$"],"character_chosen":"THE_SILENT","items_purchased":["Dash","PreservedInsect","Medical Kit"],"campfire_rested":0,"item_purchase_floors":[5,20,20],"current_hp_per_floor":[59,59,59,59,59,59,59,59,59,59,59,59,48,29,29,22,55,55,46,46,46],"gold":89,"neow_bonus":"THREE_ENEMY_KILL","is_daily":false,"chose_seed":false,"campfire_upgraded":4,"win_rate":0.0,"timestamp":1608461975,"path_taken":["M","?","M","?","$","R","E","?","T","R","?","R","?","E","R","BOSS","M","M","$"],"items_purchased_type":["Card","Relic","Relic"],"build_version":"2020-12-13","purchased_purges":1,"victory":false,"max_hp_per_floor":[66,66,66,66,66,66,66,66,66,66,66,66,66,66,66,66,66,66,66,66,66],"card_choices":[{"not_picked":["Choke","Outmaneuver"],"picked":"Quick Slash","floor":1},{"not_picked":["Sucker Punch","Choke"],"picked":"Crippling Poison","floor":3},{"not_picked":["Acrobatics","Crippling Poison"],"picked":"Prepared","floor":7},{"not_picked":["Dodge and Roll","PiercingWail"],"picked":"Terror","floor":8},{"not_picked":["Quick Slash","Bane","Finisher"],"picked":"SKIP","floor":13},{"not_picked":["Concentrate","Setup","Outmaneuver"],"picked":"SKIP","floor":14},{"not_picked":["Acrobatics","Terror"],"picked":"Dagger Spray+1","floor":18},{"not_picked":["Bane","Deflect"],"picked":"Caltrops","floor":19}],"player_experience":661751,"relics_obtained":[{"floor":7,"key":"Centennial Puzzle"},{"floor":9,"key":"Bronze Scales"},{"floor":14,"key":"Potion Belt"}],"event_choices":[{"damage_healed":0,"gold_gain":175,"player_choice":"AGREE","damage_taken":0,"max_hp_gain":0,"max_hp_loss":0,"event_name":"Liars Game","floor":2,"gold_loss":0,"cards_obtained":["Doubt"]},{"cards_removed":["Doubt"],"damage_healed":0,"gold_gain":0,"player_choice":"Purged","damage_taken":0,"max_hp_gain":0,"max_hp_loss":0,"event_name":"Purifier","floor":4,"gold_loss":0},{"damage_healed":0,"gold_gain":0,"cards_transformed":["Strike_G"],"player_choice":"Transformed","damage_taken":0,"max_hp_gain":0,"max_hp_loss":0,"event_name":"Transmorgrifier","floor":11,"gold_loss":0,"cards_obtained":["Caltrops"]}],"is_beta":false,"boss_relics":[{"not_picked":["WristBlade","Velvet Choker"],"picked":"SacredBark"}],"items_purged_floors":[5],"is_endless":false,"potions_floor_spawned":[1,3,8,14,18,19],"ascension_level":14}}