{"host":"rgcz6yx3duq0lh14","time":1608494677,"event":{"mods":["ATMod(à¢‡ıMod)","AchievementEnabler","Act Like it!","Aspiration","Astrologer","BaseMod","CapriCore","Chen","Colored Map","Decade(â§è¨ñæ)","Friendly Minions","Gensokyo","GungeonMod","Hallownest","Hermit","Jedi Mod","KinomotoSakuraMod(ñÿîVñ{?)","Koishi","Luminous","Mari Mod (Legacy)","Mari\u0027s V1 Patch","MarisaÅiñ∂âJÅ@ñÇóùçπÅj","Minty Spire (QoL Compilation)","MostiFishMod","Pale of the Ancients","Permanent Neow","Prisma Mod","Quick Restart","RemiliaÅiÂQïƒ‰ª?Åj","Replay The Spire","Robot Space Explorer","RumiaBox-òIïƒ?ìIê_îÈ·¥éq","Spicy Shops","StSLib","The Animator","The Bug Knight","The Cursed","The Dragon Tamer","The Gatherer","The Immortal","The Mystic","The Poker Player","The Runesmith","The Senshi","The Servant 0.9.4","TheWitcher","YoumuÅiç∞ÈÆódöÎÅj","Åy?ï˚ìÒéü?çÏÅzî™â]éámod","Åy?ï®?îvÅzREMEMod"],"gold_per_floor":[116,116,41,81,94,120,120,120,120,3,34,54,83,94,148,222,222,234,234,28,28,47,47,80,80,104,133,133,144,161,195,195,262,262,282,282,326,444,444,444,495,495,571,571,711,764,806,936,936,961],"floor_reached":51,"playtime":3231,"items_purged":["Shame","Regret"],"score":1958,"play_id":"850c59f3-873f-4beb-9e59-a8d162c0d979","local_time":"20201221040437","is_ascension_mode":true,"campfire_choices":[{"data":"Koishi:GeneticsOfTheUnconscious","floor":7,"key":"SMITH"},{"data":"Hallownest:skillGreenpathMap","floor":8,"key":"SMITH"},{"data":"Koishi:HeartStoppingHorror","floor":23,"key":"SMITH"},{"data":"Koishi:FleetingPhantom","floor":28,"key":"SMITH"},{"data":"Koishi:PerfectMindControl","floor":32,"key":"SMITH"},{"data":"Koishi:BramblyRoseGarden","floor":40,"key":"SMITH"},{"data":"Koishi:Whimsy","floor":42,"key":"SMITH"},{"data":"Koishi:ImGoingToCallYouNow","floor":44,"key":"SMITH"},{"data":"Koishi:ReleaseOfTheId","floor":49,"key":"SMITH"}],"circlet_count":0,"master_deck":["AscendersBane","Koishi:Provoke","AT_HeatAcrobatics","Koishi:PhantomBarrier","Koishi:ImGoingToCallYouNow+1","Koishi:DNAsFlaw","Koishi:RacingHeart","Koishi:Bloodlust","Koishi:PredatoryInstincts","Koishi:ParalyzingFear","Hallownest:skillGreenpathMap+1","Koishi:PerfectMindControl+1","Koishi:GeneticsOfTheUnconscious+1","Koishi:Untouchable","Koishi:SpiritedAway","Hallownest:skillGreenpathMap+1","Koishi:UnseenTerror","Koishi:HeartStoppingHorror+1","Koishi:Untouchable+1","MostiFishMod:ButterFly","Koishi:Jaunt+1","Koishi:FleetingPhantom+1","Koishi:FleetingPhantom+1","Koishi:DNAsFlaw+1","Koishi:ReflexRadar+1","Koishi:Whimsy+1","Koishi:RuptureMind","Koishi:Vanish+1","Koishi:BramblyRoseGarden+1","Koishi:GrowingPain","Koishi:JumpScare","Koishi:VengefulSpirit","Koishi:MassHysteria+1","Koishi:RacingHeart+1","Koishi:MindNumbingTerror+1","Koishi:TerrifyingSpectre","Koishi:ReleaseOfTheId+1"],"relics":["Koishi:ImaginaryFriend","DaveBox","AT_ATBox","REME_ComplimentaryCards","Pandora\u0027s Box","Question Card","Anchor","ImprovedEquipment","GodSword5","Counterbalance","Replay:Ringing Soul","ImportantClient","FeatherPendant","WarpedTongs","ReplayTheSpireMod:CursedCoin","Darkstone Periapt","AT_BellDemon","The Courier","Koishi:AHoleWhereASisterShouldBe","REME_PuzzleBoxRelic","MagicDraw4","PlanX","Smiling Mask","DemoMod:RingOfEthereal","RhineCircuit","Prayer Wheel","AT_MibuBalloonWealth","Boot","Koishi:BloodstainedWhiteRose","Koishi:ColorfulDays","Gambling Chip","jedi:cryingmask","AT_ChloranthyRing","HollowMod:LifeEnderRelic","DemoMod:Metronome","Dream Catcher","DemoMod:DecoyRelic","Prayer Wheel"],"acts_visited":["Hallownest:Greenpath","Hallownest:CityofTears","TheBeyond"],"potions_floor_usage":[6,33,38,41,50],"damage_taken":[{"damage":0,"enemies":"Hallownest:monsterHuskGuard","floor":1,"turns":8},{"damage":3,"enemies":"Hallownest:2_Tiktiks_and_1_Crawlid","floor":5,"turns":5},{"damage":6,"enemies":"Hallownest:eliteMossKnight","floor":6,"turns":9},{"damage":0,"enemies":"Hallownest:eliteVengeflyKing","floor":11,"turns":9},{"damage":0,"enemies":"Hallownest:monsterHuskWarrior","floor":12,"turns":4},{"damage":0,"enemies":"Hallownest:eliteMossKnight","floor":13,"turns":6},{"damage":0,"enemies":"Hallownest:Wandering_and_Horned","floor":14,"turns":6},{"damage":0,"enemies":"Hallownest:BossFalseKnight","floor":16,"turns":15},{"damage":0,"enemies":"Hallownest:Guard_and_Sentry","floor":18,"turns":2},{"damage":0,"enemies":"Hallownest:2_Mistakes","floor":22,"turns":1},{"damage":0,"enemies":"Hallownest:eliteWatcherKnight","floor":24,"turns":6},{"damage":0,"enemies":"Hallownest:Nosk","floor":27,"turns":2},{"damage":0,"enemies":"Hallownest:Master_and_Novice","floor":29,"turns":2},{"damage":0,"enemies":"Hallownest:monsterShrumalOgre","floor":30,"turns":2},{"damage":0,"enemies":"Hallownest:eliteWatcherKnight","floor":31,"turns":6},{"damage":0,"enemies":"Hallownest:BossGrimm","floor":33,"turns":4},{"damage":0,"enemies":"3 Darklings","floor":35,"turns":3},{"damage":5,"enemies":"Orb Walker","floor":37,"turns":2},{"damage":10,"enemies":"4 Shapes","floor":38,"turns":6},{"damage":19,"enemies":"Nemesis","floor":41,"turns":4},{"damage":0,"enemies":"3 Darklings","floor":45,"turns":2},{"damage":0,"enemies":"Giant Head","floor":46,"turns":5},{"damage":0,"enemies":"Maw","floor":47,"turns":2},{"damage":0,"enemies":"Reptomancer","floor":48,"turns":2},{"damage":35,"enemies":"Time Eater","floor":50,"turns":3}],"seed_played":"-2180864466360027000","potions_obtained":[{"floor":4,"key":"jedi:wingpotion"},{"floor":5,"key":"Fire Potion"},{"floor":6,"key":"Fire Potion"},{"floor":12,"key":"Fire Potion"},{"floor":22,"key":"SteroidPotion"},{"floor":29,"key":"SkillPotion"},{"floor":35,"key":"jedi:StrikingPotion"},{"floor":41,"key":"jedi:StrikingPotion"},{"floor":45,"key":"ColorlessPotion"}],"is_trial":false,"path_per_floor":["M","?","?","?","M","E","R","R","T","$","E","M","E","M","R_BF","B",null,"M","?","$","?","M","R","E","?","T","E","R","M","M","E","R","B",null,"M","?","M","M","?","R","E","R","T","R","M","E","M","E","R","B",null],"character_chosen":"KOISHI","items_purchased":["Koishi:Untouchable","Koishi:SpiritedAway","ReplayTheSpireMod:CursedCoin","MostiFishMod:ButterFly"],"campfire_rested":0,"item_purchase_floors":[10,10,20,20],"current_hp_per_floor":[57,46,46,24,50,57,57,57,57,57,57,57,57,57,57,60,60,63,66,69,63,72,72,72,75,75,78,78,81,84,84,84,87,87,90,93,96,99,60,60,60,60,60,60,63,63,66,69,69,69],"gold":961,"neow_bonus":"REMOVE_CARD","is_daily":false,"chose_seed":false,"campfire_upgraded":9,"win_rate":0.0,"timestamp":1608494677,"path_taken":["M","?","?","?","?","E","R","R","T","$","E","M","E","M","R_BF","BOSS","M","?","$","?","M","R","E","?","T","E","R","?","M","E","R","BOSS","M","?","M","?","?","R","E","R","T","R","?","E","?","E","R","BOSS"],"items_purchased_type":["Card","Card","Relic","Card"],"build_version":"2020-12-13","purchased_purges":2,"victory":true,"max_hp_per_floor":[57,57,57,57,57,57,57,57,57,57,57,57,57,57,57,60,60,63,66,69,69,72,72,72,75,75,78,78,81,84,84,84,87,87,90,93,96,99,60,60,60,60,60,60,63,63,66,69,69,69],"card_choices":[{"not_picked":["Koishi:SubterraneanRose","Koishi:FourthEye"],"picked":"Koishi:ParalyzingFear","floor":1},{"not_picked":["Koishi:BloodcurdlingScream","Koishi:EmbryosDream","Koishi:UnconsciousUprising"],"picked":"Koishi:PerfectMindControl","floor":5},{"not_picked":["Koishi:UnansweredLove","Koishi:PerfectMindControl","Koishi:TraumaticStroke"],"picked":"Koishi:GeneticsOfTheUnconscious","floor":6},{"not_picked":["Koishi:LastRemote","Koishi:ParalyzingFear","Koishi:Prune"],"picked":"Koishi:JumpScare","floor":11},{"not_picked":["Koishi:RorschachInDanmaku","Koishi:PredatoryInstincts","Koishi:StingingMind"],"picked":"Koishi:UnseenTerror","floor":12},{"not_picked":["Koishi:ImGoingToCallYouNow","Koishi:StrangeCloudFist","Koishi:SubconsciousSweep","Koishi:PhantomBarrier"],"picked":"SKIP","floor":13},{"not_picked":["Koishi:UnansweredLove","Koishi:SubterraneanRose","Koishi:RacingHeart","Koishi:UnconsciousUprising"],"picked":"SKIP","floor":14},{"not_picked":["Koishi:ConditionedTeleport","Koishi:RollingInRichesHeart","Koishi:Heartbroken"],"picked":"Koishi:HeartStoppingHorror","floor":16},{"not_picked":["Koishi:StingingMind","Koishi:PhantomStrike","Koishi:YoukaiPolygraph"],"picked":"Koishi:Untouchable+1","floor":18},{"not_picked":["Koishi:HeartAttack","Koishi:BloodcurdlingScream","Koishi:DreadfulBlow"],"picked":"Koishi:Jaunt+1","floor":22},{"not_picked":["Koishi:HeartStoppingHorror","Koishi:CatchAndRose","Koishi:BloodcurdlingScream","Koishi:PhantomBarrier"],"picked":"SKIP","floor":24},{"not_picked":["Koishi:SubterraneanRose","Koishi:HeartfeltFancy","Koishi:UnconsciousUprising"],"picked":"Koishi:FleetingPhantom","floor":25},{"not_picked":["Koishi:HeartfeltFancy","Koishi:SubterraneanRose","Koishi:UnseenTerror"],"picked":"Koishi:FleetingPhantom+1","floor":25},{"not_picked":["Koishi:Jaunt","Koishi:GeneticsOfTheUnconscious","Koishi:FleetingPhantom"],"picked":"Koishi:DNAsFlaw+1","floor":27},{"not_picked":["Koishi:ParalyzingFear","Koishi:GeneticsOfTheUnconscious+1","Koishi:UnconsciousUrges+1"],"picked":"Koishi:ReflexRadar+1","floor":29},{"not_picked":["Koishi:CatchAndRose","Koishi:UnconsciousUprising","Koishi:StrangeCloudFist"],"picked":"Koishi:Whimsy","floor":30},{"not_picked":["Koishi:UnseenTerror","Koishi:PhantomStrike","Koishi:ConditionedTeleport","Koishi:EmbryosDream"],"picked":"SKIP","floor":31},{"not_picked":["Koishi:Ego","Koishi:MentalBreakdown","Koishi:ConditionedTeleport"],"picked":"Koishi:RuptureMind","floor":33},{"not_picked":["Koishi:PhantomStrike","Koishi:CatchAndRose","Koishi:HeartfeltFancy"],"picked":"Koishi:Vanish+1","floor":35},{"not_picked":["Koishi:Jaunt","Koishi:FidgetySnatcher","Koishi:Catatonia"],"picked":"Koishi:BramblyRoseGarden","floor":35},{"not_picked":["Koishi:ReflexRadar","Koishi:RorschachInDanmaku","Koishi:Prune"],"picked":"Koishi:JumpScare","floor":37},{"not_picked":["Koishi:Vanish","Koishi:Jaunt","Koishi:FleetingPhantom"],"picked":"Koishi:VengefulSpirit","floor":37},{"not_picked":["Koishi:SubconsciousSweep","Koishi:PhantomBarrier","Koishi:LastRemote"],"picked":"Koishi:MassHysteria+1","floor":38},{"not_picked":["Koishi:ReflexRadar+1","Koishi:MentalBreakdown","Koishi:HeartfeltFancy"],"picked":"Koishi:RacingHeart+1","floor":38},{"not_picked":["Koishi:PhantomStrike","Koishi:FleetingPhantom","Koishi:MindNumbingTerror","Koishi:SpiritedAway"],"picked":"SKIP","floor":41},{"not_picked":["Koishi:DreadfulBlow+1","Koishi:ApparitionsStalkTheNight","Koishi:RacingHeart"],"picked":"Koishi:MindNumbingTerror+1","floor":45},{"not_picked":["Koishi:ReflexRadar+1","Koishi:SpiritedAway","Koishi:TraumaticStroke+1","Koishi:Untouchable"],"picked":"SKIP","floor":45},{"not_picked":["Koishi:PredatoryInstincts","Koishi:EmbryosDream","Koishi:DanmakuParanoia","Koishi:UnconsciousUprising"],"picked":"SKIP","floor":46},{"not_picked":["Koishi:PhilosophyOfTheDespised","Koishi:Whimsy","Koishi:StingingMind"],"picked":"Koishi:TerrifyingSpectre","floor":47},{"not_picked":["Koishi:Prune","Koishi:FleetingPhantom","Koishi:PhantomBarrier","Koishi:BloodcurdlingScream"],"picked":"SKIP","floor":47},{"not_picked":["Koishi:ImGoingToCallYouNow","Koishi:ApparitionsStalkTheNight","Koishi:SpiritedAway"],"picked":"Koishi:ReleaseOfTheId","floor":48}],"player_experience":940312,"relics_obtained":[{"floor":1,"key":"Question Card"},{"floor":4,"key":"Anchor"},{"floor":6,"key":"ImprovedEquipment"},{"floor":9,"key":"GodSword5"},{"floor":11,"key":"Counterbalance"},{"floor":13,"key":"Replay:Ringing Soul"},{"floor":16,"key":"ImportantClient"},{"floor":24,"key":"Darkstone Periapt"},{"floor":26,"key":"AT_BellDemon"},{"floor":27,"key":"The Courier"},{"floor":27,"key":"Koishi:AHoleWhereASisterShouldBe"},{"floor":29,"key":"REME_PuzzleBoxRelic"},{"floor":30,"key":"MagicDraw4"},{"floor":31,"key":"PlanX"},{"floor":31,"key":"Smiling Mask"},{"floor":33,"key":"DemoMod:RingOfEthereal"},{"floor":35,"key":"AT_MibuBalloonWealth"},{"floor":37,"key":"Boot"},{"floor":38,"key":"Koishi:BloodstainedWhiteRose"},{"floor":41,"key":"Gambling Chip"},{"floor":41,"key":"jedi:cryingmask"},{"floor":45,"key":"AT_ChloranthyRing"},{"floor":46,"key":"HollowMod:LifeEnderRelic"},{"floor":46,"key":"DemoMod:Metronome"},{"floor":47,"key":"Dream Catcher"},{"floor":48,"key":"DemoMod:DecoyRelic"},{"floor":48,"key":"Prayer Wheel"}],"event_choices":[{"damage_healed":0,"gold_gain":0,"cards_transformed":["Koishi:HauntingSlash"],"player_choice":"Transformed","damage_taken":0,"max_hp_gain":0,"max_hp_loss":0,"event_name":"Transmorgrifier","floor":36,"gold_loss":0,"cards_obtained":["Koishi:GrowingPain"]}],"is_beta":false,"boss_relics":[{"not_picked":["Replay:Grab Bag","ChewingGum"],"picked":"FeatherPendant"},{"not_picked":["Runic Pyramid","SlaversCollar"],"picked":"RhineCircuit"}],"items_purged_floors":[20,20],"is_endless":false,"potions_floor_spawned":[5,6,12,13,22,29,31,35,41,45],"ascension_level":15}}