{"host":"qm4rv4rkpk76sbxu","time":1608508544,"event":{"mods":["BaseMod","Bestiary","Block Reminder","DeckTracker","Filter the Spire","Keyboard Shortcuts","Minty Spire (QoL Compilation)","MonsterHotkey","Potion Indicator Mod","Quick Restart","Random Character Button","Relic Stats","Slay-I","StSLib","ojb\u0027s Better Paths Mod"],"gold_per_floor":[212,230,230,230,242,2,2,15,97,97,128,141,141,141,141,220,220,231,231,248,262,262,290,290,24,24,57,57,82,92,118,118,192,192,212,231,242,242,297,297,325,340,387,419,429,461,461,279,279,279,279,279,279,14,49,49,49],"floor_reached":56,"playtime":4160,"items_purged":["Strike_B","Storm","Gash"],"score":2476,"play_id":"7c723f7a-de23-4650-b59a-1b8e7017130c","local_time":"20201221005544","is_ascension_mode":true,"campfire_choices":[{"floor":7.0,"key":"REST"},{"data":"Doom and Gloom","floor":10.0,"key":"SMITH"},{"data":"Zap","floor":13.0,"key":"SMITH"},{"data":"Hologram","floor":15.0,"key":"SMITH"},{"data":"Biased Cognition","floor":24.0,"key":"SMITH"},{"data":"Biased Cognition","floor":28.0,"key":"SMITH"},{"data":"Coolheaded","floor":32.0,"key":"SMITH"},{"data":"Dualcast","floor":40.0,"key":"SMITH"},{"data":"Fusion","floor":47.0,"key":"SMITH"},{"floor":49.0,"key":"RECALL"},{"data":"Defragment","floor":53.0,"key":"SMITH"}],"circlet_count":0,"master_deck":["AscendersBane","Zap+1","Dualcast+1","Compile Driver","FTL","Compile Driver","Doom and Gloom+1","Hologram+1","Steam","Biased Cognition+1","Reinforced Body","Coolheaded+1","Cold Snap","Biased Cognition+1","Chill+1","Hologram","Steam","Turbo+1","Thunder Strike","Hologram","All For One","Steam Power","Undo","Skim","Conserve Battery","Rainbow","Conserve Battery+1","Fusion+1","Darkness+1","BootSequence","Steam+1","Beam Cell+1","Defragment+1","Reinforced Body","Capacitor","Hologram+1"],"relics":["Cracked Core","Runic Capacitor","Cables","Oddly Smooth Stone","SlaversCollar","Dead Branch","Mercury Hourglass","Blue Candle","Smiling Mask","Pandora\u0027s Box","Torii","Pantograph","PreservedInsect","Emotion Chip","Akabeko","Art of War"],"acts_visited":["Exordium","TheCity","TheBeyond","TheEnding"],"potions_floor_usage":[56],"damage_taken":[{"damage":4.0,"enemies":"Small Slimes","floor":1.0,"turns":3.0},{"damage":9.0,"enemies":"Jaw Worm","floor":2.0,"turns":4.0},{"damage":2.0,"enemies":"2 Louse","floor":5.0,"turns":3.0},{"damage":3.0,"enemies":"Gremlin Gang","floor":8.0,"turns":4.0},{"damage":17.0,"enemies":"Lagavulin","floor":11.0,"turns":6.0},{"damage":0.0,"enemies":"2 Fungi Beasts","floor":12.0,"turns":3.0},{"damage":10.0,"enemies":"The Guardian","floor":16.0,"turns":8.0},{"damage":0.0,"enemies":"Chosen","floor":18.0,"turns":3.0},{"damage":25.0,"enemies":"Shell Parasite","floor":20.0,"turns":6.0},{"damage":10.0,"enemies":"Snecko","floor":21.0,"turns":9.0},{"damage":3.0,"enemies":"Book of Stabbing","floor":23.0,"turns":4.0},{"damage":0.0,"enemies":"Gremlin Leader","floor":27.0,"turns":3.0},{"damage":0.0,"enemies":"Book of Stabbing","floor":29.0,"turns":4.0},{"damage":0.0,"enemies":"Cultist and Chosen","floor":30.0,"turns":4.0},{"damage":0.0,"enemies":"Slavers","floor":31.0,"turns":4.0},{"damage":0.0,"enemies":"Collector","floor":33.0,"turns":7.0},{"damage":6.0,"enemies":"3 Darklings","floor":35.0,"turns":2.0},{"damage":0.0,"enemies":"Orb Walker","floor":36.0,"turns":3.0},{"damage":0.0,"enemies":"Transient","floor":37.0,"turns":6.0},{"damage":14.0,"enemies":"2 Orb Walkers","floor":39.0,"turns":4.0},{"damage":29.0,"enemies":"Nemesis","floor":41.0,"turns":5.0},{"damage":0.0,"enemies":"Maw","floor":42.0,"turns":6.0},{"damage":0.0,"enemies":"Giant Head","floor":44.0,"turns":4.0},{"damage":1.0,"enemies":"Jaw Worm Horde","floor":45.0,"turns":3.0},{"damage":0.0,"enemies":"Reptomancer","floor":46.0,"turns":3.0},{"damage":9.0,"enemies":"Awakened One","floor":50.0,"turns":9.0},{"damage":43.0,"enemies":"Time Eater","floor":51.0,"turns":12.0},{"damage":1.0,"enemies":"Shield and Spear","floor":55.0,"turns":6.0},{"damage":71,"enemies":"The Heart","floor":56,"turns":8}],"seed_played":"1045459595115179162","potions_obtained":[{"floor":8.0,"key":"Block Potion"},{"floor":11.0,"key":"GamblersBrew"},{"floor":12.0,"key":"FocusPotion"},{"floor":16.0,"key":"SkillPotion"},{"floor":23.0,"key":"ColorlessPotion"},{"floor":29.0,"key":"LiquidMemories"},{"floor":31.0,"key":"Regen Potion"},{"floor":36.0,"key":"PotionOfCapacity"},{"floor":44.0,"key":"Dexterity Potion"}],"is_trial":false,"path_per_floor":["M","M","?","?","M","$","R","M","T","R","E","M","R","?","R","B",null,"M","?","M","M","?","E","R","$","T","E","R","E","M","E","R","B",null,"M","M","M","?","?","R","E","M","T","E","M","E","R","$","R","B","B",null,"R","$","E","B"],"character_chosen":"DEFECT","items_purchased":["Runic Capacitor","Compile Driver","BlessingOfTheForge","PowerPotion","Hologram","Steam","PowerPotion","Defragment","Reinforced Body","Capacitor","Swift Potion","DuplicationPotion"],"campfire_rested":1,"item_purchase_floors":[6,6,6,25,25,25,25,48,48,54,54,54],"current_hp_per_floor":[60,51,30,30,28,28,49,46,46,46,29,29,29,29,29,19,58,58,58,33,23,23,20,20,20,20,20,20,20,20,20,20,20,58,52,52,52,52,38,38,21,21,21,21,20,20,20,20,20,36,18,58,58,58,57,0,0],"gold":49,"neow_bonus":"HUNDRED_GOLD","is_daily":false,"chose_seed":false,"campfire_upgraded":9,"win_rate":0.0,"timestamp":1608508544,"path_taken":["M","M","?","?","M","?","R","M","T","R","E","M","R","?","R","BOSS","M","?","M","?","?","E","R","$","T","E","R","E","M","E","R","BOSS","M","M","?","?","?","R","E","M","T","E","M","E","R","$","R","BOSS","BOSS","R","$","E","BOSS"],"items_purchased_type":["Relic","Card","Potion","Potion","Card","Card","Potion","Card","Card","Card","Potion","Potion"],"build_version":"2020-12-13","purchased_purges":3,"victory":false,"max_hp_per_floor":[71,71,71,71,71,71,71,71,71,71,71,71,71,71,71,71,71,71,71,71,71,71,71,71,71,71,71,71,71,71,71,71,71,71,71,71,71,71,71,71,71,71,71,71,71,71,71,71,71,71,71,71,71,71,71,71,71],"relic_stats":{"Torii":5,"counters":[29,146],"Dead Branch":[108],"Blue Candle":[0],"PreservedInsect":266,"Smiling Mask":125,"Cables":[129,84,25,17,3],"Mercury Hourglass":[329],"Emotion Chip":[67,18,26,17,6],"Pantograph":64,"Pandora\u0027s Box":["Gash","Steam Power","Undo","Storm","Skim"],"Art of War":[1],"obtain_stats":[{"Torii":39,"Dead Branch":23,"Blue Candle":29,"Oddly Smooth Stone":11,"PreservedInsect":43,"Runic Capacitor":6,"Smiling Mask":31,"Akabeko":46,"Cables":9,"Mercury Hourglass":27,"SlaversCollar":17,"Emotion Chip":44,"Pantograph":41,"Pandora\u0027s Box":34,"Art of War":55,"Cracked Core":0},{"Torii":20,"Dead Branch":11,"Blue Candle":13,"Oddly Smooth Stone":5,"PreservedInsect":22,"Runic Capacitor":3,"Smiling Mask":15,"Akabeko":25,"Cables":4,"Mercury Hourglass":12,"SlaversCollar":7,"Emotion Chip":23,"Pantograph":21,"Pandora\u0027s Box":16,"Art of War":28,"Cracked Core":0},{"Torii":90,"Dead Branch":53,"Blue Candle":60,"Oddly Smooth Stone":20,"PreservedInsect":101,"Runic Capacitor":10,"Smiling Mask":68,"Akabeko":111,"Cables":14,"Mercury Hourglass":56,"SlaversCollar":31,"Emotion Chip":105,"Pantograph":95,"Pandora\u0027s Box":75,"Art of War":138,"Cracked Core":0}]},"card_choices":[{"not_picked":["Coolheaded","Stack","Recycle"],"picked":"SKIP","floor":1.0},{"not_picked":["Melter","Rebound"],"picked":"Compile Driver","floor":2.0},{"not_picked":["Defragment","Redo"],"picked":"FTL","floor":5.0},{"not_picked":["Steam","Consume"],"picked":"Doom and Gloom","floor":8.0},{"not_picked":["Buffer","Sweeping Beam"],"picked":"Hologram","floor":11.0},{"not_picked":["Leap","Coolheaded"],"picked":"Steam","floor":12.0},{"not_picked":["Electrodynamics","Reboot"],"picked":"Biased Cognition","floor":16.0},{"not_picked":["Conserve Battery","Gash"],"picked":"Reinforced Body","floor":18.0},{"not_picked":["Conserve Battery","Stack"],"picked":"Coolheaded","floor":20.0},{"not_picked":["Beam Cell","Loop"],"picked":"Cold Snap","floor":21.0},{"not_picked":["Cold Snap","Auto Shields"],"picked":"Chill+1","floor":23.0},{"not_picked":["Heatsinks","Machine Learning"],"picked":"Turbo+1","floor":27.0},{"not_picked":["Cold Snap","Melter"],"picked":"Thunder Strike","floor":29.0},{"not_picked":["Lockon","Doom and Gloom+1","Reprogram"],"picked":"SKIP","floor":30.0},{"not_picked":["Lockon","Gash"],"picked":"Hologram","floor":31.0},{"not_picked":["Creative AI","Thunder Strike"],"picked":"All For One","floor":33.0},{"not_picked":["Melter","Hologram"],"picked":"Conserve Battery","floor":35.0},{"not_picked":["Streamline","Melter","Redo"],"picked":"SKIP","floor":36.0},{"not_picked":["Lockon+1","Undo"],"picked":"Rainbow","floor":37.0},{"not_picked":["Lockon","Leap"],"picked":"Conserve Battery+1","floor":39.0},{"not_picked":["Static Discharge","Sweeping Beam"],"picked":"Fusion","floor":41.0},{"not_picked":["Force Field","Rip and Tear"],"picked":"Darkness+1","floor":42.0},{"not_picked":["Stack+1","Barrage"],"picked":"BootSequence","floor":44.0},{"not_picked":["Rip and Tear","Scrape"],"picked":"Steam+1","floor":45.0},{"not_picked":["Reprogram+1","Hello World","Beam Cell+1"],"picked":"SKIP","floor":46.0},{"not_picked":["Reprogram+1","Hello World"],"picked":"Beam Cell+1","floor":46.0},{"not_picked":["Go for the Eyes","Cold Snap"],"picked":"Hologram+1","floor":55.0}],"player_experience":1082924,"relics_obtained":[{"floor":9.0,"key":"Cables"},{"floor":11.0,"key":"Oddly Smooth Stone"},{"floor":23.0,"key":"Dead Branch"},{"floor":27.0,"key":"Mercury Hourglass"},{"floor":29.0,"key":"Blue Candle"},{"floor":31.0,"key":"Smiling Mask"},{"floor":39.0,"key":"Torii"},{"floor":41.0,"key":"Pantograph"},{"floor":43.0,"key":"PreservedInsect"},{"floor":44.0,"key":"Emotion Chip"},{"floor":46.0,"key":"Akabeko"},{"floor":55.0,"key":"Art of War"}],"event_choices":[{"damage_healed":0.0,"max_hp_gain":0.0,"max_hp_loss":0.0,"gold_gain":0.0,"event_name":"Shining Light","player_choice":"Entered Light","floor":3.0,"gold_loss":0.0,"damage_taken":21.0,"cards_upgraded":["Defend_B","Strike_B"]},{"damage_healed":0.0,"max_hp_gain":0.0,"max_hp_loss":0.0,"gold_gain":0.0,"event_name":"Golden Wing","player_choice":"Ignored","floor":4.0,"gold_loss":0.0,"damage_taken":0.0},{"damage_healed":0.0,"max_hp_gain":0.0,"max_hp_loss":0.0,"gold_gain":0.0,"cards_transformed":["Strike_B"],"event_name":"Living Wall","player_choice":"Change","floor":14.0,"gold_loss":0.0,"damage_taken":0.0,"cards_obtained":["Leap"]},{"cards_removed":["Strike_B"],"damage_healed":0.0,"max_hp_gain":0.0,"max_hp_loss":0.0,"gold_gain":0.0,"event_name":"Purifier","player_choice":"Purged","floor":19.0,"gold_loss":0.0,"damage_taken":0.0},{"damage_healed":0.0,"max_hp_gain":0.0,"max_hp_loss":0.0,"gold_gain":0.0,"event_name":"Duplicator","player_choice":"Copied","floor":22.0,"gold_loss":0.0,"damage_taken":0.0,"cards_obtained":["Biased Cognition"]},{"cards_removed":["Leap"],"damage_healed":0.0,"max_hp_gain":0.0,"max_hp_loss":0.0,"gold_gain":0.0,"event_name":"Falling","player_choice":"Removed Skill","floor":38.0,"gold_loss":0.0,"damage_taken":0.0},{"damage_healed":0.0,"max_hp_gain":0.0,"max_hp_loss":0.0,"gold_gain":0.0,"event_name":"Mysterious Sphere","player_choice":"Fight","floor":39.0,"gold_loss":0.0,"damage_taken":0.0}],"is_beta":false,"boss_relics":[{"not_picked":["Runic Pyramid","SacredBark"],"picked":"SlaversCollar"},{"not_picked":["Runic Dome","Sozu"],"picked":"Pandora\u0027s Box"}],"items_purged_floors":[25,48,54],"is_endless":false,"potions_floor_spawned":[8,11,12,16,23,29,30,31,36,39,44,45,46],"killed_by":"The Heart","ascension_level":20}}