{"host":"6azrrw3tf7wb0f4b","time":1608453195,"event":{"mods":["BaseMod","DeckTracker","Minty Spire (QoL Compilation)","SuperFastMode"],"gold_per_floor":[110,120,140,140,315,349,349,368,392,392,423,442,457,475,475,475,475],"floor_reached":16,"playtime":323,"items_purged":[],"score":154,"play_id":"d18fe813-5f36-4798-bc27-8f5120b3f81c","local_time":"20201220173315","is_ascension_mode":true,"campfire_choices":[{"floor":7.0,"key":"REST"},{"data":"Defragment","floor":10.0,"key":"SMITH"},{"floor":15,"key":"REST"}],"circlet_count":0,"master_deck":["Strike_B","Strike_B","Strike_B","Strike_B","Defend_B","Defend_B","Defend_B","Defend_B","Zap","Dualcast+1","Gash","Beam Cell","Tempest","Doubt","Hologram","Defragment+1","Skim","Coolheaded","Leap"],"relics":["Cracked Core","Dream Catcher","Juzu Bracelet","Happy Flower","Ornamental Fan"],"acts_visited":["Exordium"],"potions_floor_usage":[12],"damage_taken":[{"damage":0.0,"enemies":"Small Slimes","floor":1.0,"turns":3.0},{"damage":0.0,"enemies":"2 Louse","floor":2.0,"turns":2.0},{"damage":0.0,"enemies":"Cultist","floor":3.0,"turns":2.0},{"damage":20.0,"enemies":"Lagavulin","floor":6.0,"turns":5.0},{"damage":0.0,"enemies":"3 Louse","floor":8.0,"turns":1.0},{"damage":27.0,"enemies":"3 Sentries","floor":11.0,"turns":6.0},{"damage":0,"enemies":"Lots of Slimes","floor":12,"turns":1},{"damage":12,"enemies":"Blue Slaver","floor":13,"turns":4},{"damage":7,"enemies":"Looter","floor":14,"turns":3},{"damage":36,"enemies":"Hexaghost","floor":16,"turns":9}],"seed_played":"4286339293730094671","potions_obtained":[{"floor":3.0,"key":"Energy Potion"},{"floor":6.0,"key":"Explosive Potion"},{"floor":11.0,"key":"Explosive Potion"}],"is_trial":false,"path_per_floor":["M","M","M","?","?","E","R","M","T","R","E","M","M","M","R","B"],"character_chosen":"DEFECT","items_purchased":[],"campfire_rested":2,"item_purchase_floors":[],"current_hp_per_floor":[68,68,68,56,56,36,58,58,58,58,31,31,19,12,34,0,0],"gold":475,"neow_bonus":"UPGRADE_CARD","is_daily":false,"chose_seed":false,"campfire_upgraded":1,"win_rate":0.0,"timestamp":1608453195,"path_taken":["M","M","M","?","?","E","R","M","T","R","E","M","M","M","R","BOSS"],"items_purchased_type":[],"build_version":"2020-12-13","purchased_purges":0,"victory":false,"max_hp_per_floor":[75,75,75,75,75,75,75,75,75,75,75,75,75,75,75,75,75],"card_choices":[{"not_picked":["Steam","Leap"],"picked":"Gash","floor":1.0},{"not_picked":["Aggregate","Stack"],"picked":"Beam Cell","floor":2.0},{"not_picked":["Redo","Force Field"],"picked":"Tempest","floor":3.0},{"not_picked":["Lockon","Redo","Heatsinks"],"picked":"SKIP","floor":6.0},{"not_picked":["Rebound","Rip and Tear"],"picked":"Hologram","floor":7.0},{"not_picked":["Capacitor","Consume"],"picked":"Defragment","floor":8.0},{"not_picked":["Streamline","Undo"],"picked":"Skim","floor":11.0},{"not_picked":["Hologram","Compile Driver","Fission"],"picked":"SKIP","floor":12},{"not_picked":["Capacitor","Beam Cell"],"picked":"Coolheaded","floor":13},{"not_picked":["Consume","Compile Driver","Chaos"],"picked":"SKIP","floor":14},{"not_picked":["Storm","Heatsinks"],"picked":"Leap","floor":15}],"player_experience":636424,"relics_obtained":[{"floor":6.0,"key":"Juzu Bracelet"},{"floor":9.0,"key":"Happy Flower"},{"floor":11.0,"key":"Ornamental Fan"}],"event_choices":[{"damage_healed":0.0,"max_hp_gain":0.0,"max_hp_loss":0.0,"gold_gain":0.0,"event_name":"Scrap Ooze","player_choice":"Success","floor":4.0,"gold_loss":0.0,"damage_taken":12.0,"relics_obtained":["Dream Catcher"]},{"damage_healed":0.0,"max_hp_gain":0.0,"max_hp_loss":0.0,"gold_gain":175.0,"event_name":"Liars Game","player_choice":"AGREE","floor":5.0,"gold_loss":0.0,"damage_taken":0.0,"cards_obtained":["Doubt"]}],"is_beta":false,"boss_relics":[],"items_purged_floors":[],"is_endless":false,"potions_floor_spawned":[3,6,11],"killed_by":"Hexaghost","ascension_level":7}}