{"host":"e5vsl4ezcfxwu44d","time":1608495387,"event":{"mods":["BaseMod","Better Note","Colored Powertips","Downfall","Highlight Path","Minty Spire (QoL Compilation)","Spikes Relics","StSLib","Unceasing Turn Reminder"],"gold_per_floor":[99,119,136,9,28,59,82,7,40,40,53,153,68,85,103,103,103],"floor_reached":16,"playtime":2378,"items_purged":[],"score":112,"play_id":"7843e082-27a1-482e-838d-484bb32c7544","local_time":"20201220151627","is_ascension_mode":false,"campfire_choices":[{"floor":1,"key":"RECALL"},{"floor":8,"key":"REST"}],"circlet_count":0,"master_deck":["hexamod:Strike+1","hexamod:Strike","hexamod:Strike+1","hexamod:Defend","hexamod:Defend","hexamod:Defend","hexamod:Sear","hexamod:Float","hexamod:Haunt","hexamod:ExtraCrispy","hexamod:HeatShield","hexamod:Hexaguard","hexamod:ExtraCrispy","hexamod:HeatCrush","hexamod:Rewind+1","hexamod:Incineration","hexamod:PowerFromBeyond","hexamod:TimeOfNeed+1","hexamod:TurnItUp","hexamod:SpectersWail","hexamod:GhostOfSpirePast","hexamod:EtherealExpedition","hexamod:FastForward","hexamod:FastForward"],"relics":["hexamod:SpiritBrand","RollingBoulder","downfall:HeartBlessingBlue","Whetstone"],"acts_visited":["Exordium"],"potions_floor_usage":[6,9,12,16,16],"damage_taken":[{"damage":0,"enemies":"Cultist","floor":2,"turns":3},{"damage":10,"enemies":"Small Slimes","floor":3,"turns":3},{"damage":0,"enemies":"downfall:FleeingMerchant","floor":4,"turns":4},{"damage":7,"enemies":"2 Louse","floor":5,"turns":3},{"damage":12,"enemies":"Lagavulin","floor":6,"turns":8},{"damage":42,"enemies":"3 Sentries","floor":9,"turns":11},{"damage":0,"enemies":"Large Slime","floor":11,"turns":3},{"damage":21,"enemies":"downfall:Heads","floor":12,"turns":5},{"damage":15,"enemies":"downfall:FleeingMerchant","floor":13,"turns":4},{"damage":0,"enemies":"Blue Slaver","floor":14,"turns":3},{"damage":3,"enemies":"Red Slaver","floor":15,"turns":3},{"damage":18,"enemies":"downfall:Defect","floor":16,"turns":4}],"seed_played":"5486549551889828704","potions_obtained":[{"floor":2,"key":"BlessingOfTheForge"},{"floor":6,"key":"Regen Potion"},{"floor":11,"key":"SneckoOil"},{"floor":14,"key":"AttackPotion"},{"floor":15,"key":"Weak Potion"}],"is_trial":false,"path_per_floor":["R","M","M","$","M","E","T","R","E","?","M","?","$","M","M","B"],"character_chosen":"THE_SPIRIT","items_purchased":["hexamod:ExtraCrispy","hexamod:HeatCrush","hexamod:EtherealExpedition"],"campfire_rested":1,"item_purchase_floors":[4,4,13],"current_hp_per_floor":[70,70,60,60,53,41,41,75,48,48,48,27,12,12,9,0,0],"gold":103,"neow_bonus":"THREE_CARDS","is_daily":false,"chose_seed":false,"campfire_upgraded":0,"win_rate":0.0,"timestamp":1608495387,"path_taken":["R","M","M","$","?","E","T","R","E","?","?","?","$","M","M","BOSS"],"items_purchased_type":["Card","Card","Card"],"build_version":"2020-12-13","purchased_purges":0,"victory":false,"max_hp_per_floor":[70,70,70,70,70,70,70,80,80,80,80,80,80,80,80,80,80],"card_choices":[{"not_picked":["hexamod:BurningTouch","hexamod:AdvancingGuard"],"picked":"hexamod:Haunt","floor":0},{"not_picked":["hexamod:CatchUp","hexamod:ShieldOfDarkness"],"picked":"hexamod:ExtraCrispy","floor":2},{"not_picked":["hexamod:AdvancingGuard","hexamod:InspiringFlames"],"picked":"hexamod:HeatShield","floor":3},{"not_picked":["hexamod:BurningTouch","hexamod:HeatMetal"],"picked":"hexamod:Hexaguard","floor":4},{"not_picked":["hexamod:PhantomCloak","hexamod:ShieldOfDarkness"],"picked":"hexamod:Rewind","floor":5},{"not_picked":["hexamod:GhostShield","hexamod:Firestarter"],"picked":"hexamod:Incineration","floor":6},{"not_picked":["hexamod:GhostOfSpirePast","hexamod:HeatShield"],"picked":"hexamod:PowerFromBeyond","floor":9},{"not_picked":["hexamod:RainOfEmbers","hexamod:PhantomFireball"],"picked":"hexamod:TimeOfNeed","floor":11},{"not_picked":["hexamod:SkipABeat","hexamod:BacktrackSmack"],"picked":"hexamod:SpectersWail","floor":12},{"not_picked":["hexamod:ShieldOfDarkness","hexamod:InspiringFlames"],"picked":"hexamod:GhostOfSpirePast","floor":13},{"not_picked":["hexamod:BurningTouch","hexamod:NightmareStrike"],"picked":"hexamod:FastForward","floor":14},{"not_picked":["hexamod:BacktrackSmack","hexamod:HeatShield"],"picked":"hexamod:FastForward","floor":15}],"player_experience":207358,"relics_obtained":[{"floor":6,"key":"RollingBoulder"},{"floor":9,"key":"Whetstone"}],"event_choices":[{"damage_healed":0,"gold_gain":0,"player_choice":"Forge","damage_taken":0,"max_hp_gain":0,"max_hp_loss":0,"event_name":"Accursed Blacksmith","floor":10,"gold_loss":0,"cards_upgraded":["hexamod:Rewind"]}],"is_beta":false,"boss_relics":[],"items_purged_floors":[],"is_endless":false,"potions_floor_spawned":[2,6,11,14,15],"killed_by":"downfall:Defect","ascension_level":0}}