{"host":"0hb9w7uizu7y13wj","time":1608484734,"event":{"mods":["Act Like it!","Aspiration","BaseMod","BetterRewards","Colored Map","Conspire","Downfall","Energized Spire","FTL Soundtrack","Friendly Minions","Halation","Hubris","Infinite Spire","Minty Spire (QoL Compilation)","Quick Restart","Replay The Spire","StSLib","Synergy Search","The Factory","The Hierophant","The Jungle","The Poker Player","Trackpad","everything is the same but u backflip on backflip","vexMod"],"gold_per_floor":[109,109,109,124,22,52,52,83,83,83,116,116,129,129,129,204,204,217,229,246,246,246,246],"floor_reached":22,"playtime":802,"items_purged":[],"score":454,"play_id":"d2bc7250-c53b-417e-943d-2b77d961c498","local_time":"20201220171854","is_ascension_mode":true,"campfire_choices":[{"data":"Eruption","floor":10.0,"key":"SMITH"},{"data":"Vigilance","floor":12.0,"key":"SMITH"},{"floor":15.0,"key":"REST"}],"circlet_count":0,"master_deck":["AscendersBane","Strike_P","Strike_P","Strike_P","Strike_P","Defend_P","Defend_P","Defend_P","Eruption+1","Vigilance+1","Prostrate","TalkToTheHand","expansioncontent:Collect","FollowUp","Swivel","Protect","Replay:Vibes","Establishment+1","Crescendo","Protect","infinitespire:SevenWalls"],"relics":["PureWater","NeowsBlessing","Blue Doll","Matryoshka","Frozen Egg 2","halation:TwoAmDonut","Replay:Rubber Ducky","vexMod:TanglingVine","Cauldron"],"acts_visited":["Exordium","TheCity"],"potions_floor_usage":[],"damage_taken":[{"damage":0.0,"enemies":"2 Louse","floor":1.0,"turns":1.0},{"damage":0.0,"enemies":"Small Slimes","floor":4.0,"turns":2.0},{"damage":0.0,"enemies":"Lagavulin","floor":6.0,"turns":1.0},{"damage":10.0,"enemies":"Gremlin Nob","floor":8.0,"turns":3.0},{"damage":35.0,"enemies":"3 Sentries","floor":11.0,"turns":15.0},{"damage":0.0,"enemies":"Cultist","floor":13.0,"turns":3.0},{"damage":2.0,"enemies":"The Guardian","floor":16.0,"turns":15.0},{"damage":5.0,"enemies":"conspire:FuzzyDice","floor":18.0,"turns":7.0},{"damage":19.0,"enemies":"3 Byrds","floor":19.0,"turns":9.0},{"damage":20.0,"enemies":"Shelled Parasite and Fungi","floor":20.0,"turns":8.0},{"damage":0,"enemies":"Snake Plant","floor":22,"turns":2}],"seed_played":"-176543565620420743","potions_obtained":[{"floor":1.0,"key":"SpeedPotion"},{"floor":4.0,"key":"Fire Potion"},{"floor":11.0,"key":"Dexterity Potion"},{"floor":16.0,"key":"Block Potion"},{"floor":18.0,"key":"Guardian:BlockOnCardUsePotion"},{"floor":19.0,"key":"Ancient Potion"},{"floor":21.0,"key":"Strength Potion"},{"floor":21.0,"key":"conspire:TimeTravelPotion"}],"is_trial":false,"path_per_floor":["M","?","?","M","$","E","$","E","T","R","E","R","M","?","R","B",null,"M","M","M","AVR","M"],"character_chosen":"WATCHER","items_purchased":["expansioncontent:Collect"],"campfire_rested":1,"item_purchase_floors":[5],"current_hp_per_floor":[61,67,67,67,67,67,67,57,57,57,22,22,22,22,42,40,61,56,37,17,17,17,17],"gold":246,"neow_bonus":"THREE_ENEMY_KILL","is_daily":false,"chose_seed":false,"campfire_upgraded":2,"win_rate":0.0,"timestamp":1608484734,"path_taken":["M","?","?","M","$","E","$","E","T","R","E","R","M","?","R","BOSS","M","M","M","AVR","M"],"items_purchased_type":["Card"],"build_version":"2020-12-13","purchased_purges":0,"victory":false,"max_hp_per_floor":[68,68,68,68,68,68,68,68,68,68,68,68,68,68,68,68,68,68,68,68,68,68,68],"card_choices":[{"not_picked":["Consecrate","Replay:ManipulateFuture"],"picked":"Prostrate","floor":1.0},{"not_picked":["SashWhip","Study"],"picked":"TalkToTheHand","floor":4.0},{"not_picked":["Indignation","Vengeance"],"picked":"FollowUp","floor":6.0},{"not_picked":["Replay:AtTheReady","SandsOfTime"],"picked":"Swivel","floor":8.0},{"not_picked":["Sanctity","CrushJoints"],"picked":"Protect","floor":11.0},{"not_picked":["Replay:AllIn","SandsOfTime"],"picked":"Replay:Vibes","floor":13.0},{"not_picked":["DeusExMachina","Judgement"],"picked":"Establishment+1","floor":16.0},{"not_picked":["Replay:Cycle","FlurryOfBlows"],"picked":"Crescendo","floor":18.0},{"not_picked":["PathToVictory","Evaluate+1"],"picked":"Protect","floor":19.0},{"not_picked":["JustLucky","CrushJoints","Replay:Cycle"],"picked":"SKIP","floor":20.0}],"player_experience":897080,"relics_obtained":[{"floor":6.0,"key":"Blue Doll"},{"floor":8.0,"key":"Matryoshka"},{"floor":9.0,"key":"Frozen Egg 2"},{"floor":9.0,"key":"halation:TwoAmDonut"},{"floor":11.0,"key":"Replay:Rubber Ducky"}],"event_choices":[{"cards_removed":["Defend_P"],"damage_healed":0.0,"max_hp_gain":0.0,"max_hp_loss":0.0,"gold_gain":0.0,"event_name":"Purifier","player_choice":"Purged","floor":14.0,"gold_loss":0.0,"damage_taken":0.0}],"is_beta":false,"boss_relics":[{"not_picked":["Replay:Grab Bag","Astrolabe"],"picked":"vexMod:TanglingVine"}],"items_purged_floors":[],"is_endless":false,"potions_floor_spawned":[1,4,11,16,18,19],"killed_by":"Snake Plant","ascension_level":20}}