{"host":"9c5kazgg71l3jb6l","time":1608463414,"event":{"mods":["BaseMod","Downfall","Minty Spire (QoL Compilation)","StSLib","Waifu the Spire"],"gold_per_floor":[99,99,133,233,244,269,269,419,269,302,321,88,88,238,249,249,249],"floor_reached":16,"playtime":1149,"items_purged":["Slimebound:Icky"],"score":122,"play_id":"75267f6e-cdc5-48af-bdf5-3109609d37bd","local_time":"20201220192334","is_ascension_mode":true,"campfire_choices":[{"floor":1.0,"key":"RECALL"},{"floor":9.0,"key":"REST"}],"circlet_count":0,"master_deck":["hexamod:Strike+1","hexamod:Strike","hexamod:Strike","hexamod:Defend","hexamod:Defend","hexamod:Defend","hexamod:Defend+1","hexamod:Sear","hexamod:Float","hexamod:GiftsFromTheDead","hexamod:HauntingEcho","hexamod:HeatMetal","hexamod:SixthSeal","hexamod:FastForward+1","hexamod:InspiringFlames","hexamod:NightmareStrike"],"relics":["hexamod:SpiritBrand","downfall:ShatteredFragment","sneckomod:BlankCard","Frozen Egg 2","Blue Candle","downfall:HeartBlessingRed","downfall:HeartBlessingGreen","Juzu Bracelet","Vajra"],"acts_visited":["Exordium"],"potions_floor_usage":[],"damage_taken":[{"damage":7.0,"enemies":"3 Sentries","floor":3.0,"turns":8.0},{"damage":0.0,"enemies":"Jaw Worm","floor":5.0,"turns":3.0},{"damage":30.0,"enemies":"Lagavulin","floor":6.0,"turns":7.0},{"damage":7.0,"enemies":"3 Sentries","floor":10.0,"turns":5.0},{"damage":0.0,"enemies":"2 Louse","floor":11.0,"turns":3.0},{"damage":0.0,"enemies":"downfall:FleeingMerchant","floor":12.0,"turns":4.0},{"damage":0.0,"enemies":"Cultist","floor":15.0,"turns":2.0},{"damage":40,"enemies":"downfall:Defect","floor":16,"turns":5}],"seed_played":"1900821353441094512","potions_obtained":[{"floor":3.0,"key":"Regen Potion"},{"floor":6.0,"key":"Weak Potion"},{"floor":15.0,"key":"Dexterity Potion"}],"is_trial":false,"path_per_floor":["R","?","E","?","M","E","T","?","R","E","M","$","?","?","M","B"],"character_chosen":"THE_SPIRIT","items_purchased":["Vajra"],"campfire_rested":1,"item_purchase_floors":[12],"current_hp_per_floor":[70,49,44,44,46,18,18,18,39,34,36,38,38,38,38,0,0],"gold":249,"neow_bonus":"RANDOM_COMMON_RELIC","is_daily":false,"chose_seed":false,"campfire_upgraded":0,"win_rate":0.0,"timestamp":1608463414,"path_taken":["R","?","E","?","M","E","T","?","R","E","M","$","?","?","M","BOSS"],"items_purchased_type":["Relic"],"build_version":"2020-12-13","purchased_purges":1,"victory":false,"max_hp_per_floor":[70,70,70,70,70,70,70,70,70,70,70,70,70,70,70,70,70],"card_choices":[{"not_picked":["hexamod:NecessarySacrifice","hexamod:NightmareGuise"],"picked":"hexamod:GiftsFromTheDead","floor":3.0},{"not_picked":["hexamod:HeatCrush","hexamod:ThermalTransfer"],"picked":"hexamod:HauntingEcho","floor":5.0},{"not_picked":["hexamod:ThermalTransfer","hexamod:SecondSeal"],"picked":"hexamod:HeatMetal","floor":6.0},{"not_picked":["hexamod:EtherealExpedition","hexamod:FastForward"],"picked":"hexamod:SixthSeal","floor":10.0},{"not_picked":["hexamod:PowerFromBeyond","hexamod:ShieldOfDarkness"],"picked":"hexamod:FastForward","floor":11.0},{"not_picked":["hexamod:BurningTouch","hexamod:AdvancingGuard"],"picked":"hexamod:InspiringFlames","floor":12.0},{"not_picked":["hexamod:HauntingEcho","hexamod:BacktrackSmack"],"picked":"hexamod:NightmareStrike","floor":15.0}],"player_experience":1357848,"relics_obtained":[{"floor":3.0,"key":"sneckomod:BlankCard"},{"floor":6.0,"key":"Frozen Egg 2"},{"floor":7.0,"key":"Blue Candle"},{"floor":10.0,"key":"Juzu Bracelet"}],"event_choices":[{"cards_removed":["hexamod:Strike"],"damage_healed":0.0,"max_hp_gain":0.0,"max_hp_loss":0.0,"gold_gain":0.0,"event_name":"Bonfire Elementals","player_choice":"Offered Basic","floor":13.0,"gold_loss":0.0,"damage_taken":0.0}],"is_beta":false,"boss_relics":[],"items_purged_floors":[12],"is_endless":false,"potions_floor_spawned":[3,6,15],"killed_by":"downfall:Defect","ascension_level":1}}