{"host":"vumwfieg2b2mnrfl","time":1608496714,"event":{"mods":["AchievementEnabler","BaseMod","Minty Spire (QoL Compilation)","Rare Cards Sparkle","Relic Stats"],"gold_per_floor":[369,172,192,208,264,264,283,308,389,389,425,199,164,204,204,334,334,357,370,370,388,412,450,450,469,469,503,517,517,550,575,575,699,699,715,615,615,251,266,307,307,376,376,420,434,434,458,791,791,791],"floor_reached":51,"playtime":2013,"items_purged":["Injury","Strike_R","Strike_R"],"score":1104,"play_id":"e3d05fde-b92a-4d6c-8297-5f8bf1f7d604","local_time":"20201220143834","is_ascension_mode":true,"campfire_choices":[{"data":"Apotheosis","floor":6,"key":"SMITH"},{"floor":15,"key":"REST"},{"floor":24,"key":"REST"},{"floor":29,"key":"REST"},{"floor":32,"key":"REST"},{"floor":41,"key":"REST"},{"floor":46,"key":"REST"},{"floor":49,"key":"REST"}],"circlet_count":0,"master_deck":["Strike_R","Strike_R","Strike_R","Defend_R","Defend_R+1","Defend_R","Defend_R","Bash","Clumsy","Carnage","Apotheosis+1","Cleave","Metallicize","Inflame","Flame Barrier+1","Pummel","Juggernaut","Twin Strike+1","Warcry","Battle Trance","Inflame","Flame Barrier+1","Disarm","Demon Form"],"relics":["Burning Blood","Lizard Tail","Letter Opener","Red Skull","Omamori","War Paint","Fusion Hammer","Lantern","Tiny Chest","StrikeDummy","Thread and Needle","Velvet Choker","Mummified Hand","Unceasing Top","Peace Pipe","Kunai","Juzu Bracelet"],"acts_visited":["Exordium","TheCity","TheBeyond"],"potions_floor_usage":[11,16,27,28,33,33,50,50],"damage_taken":[{"damage":6,"enemies":"Jaw Worm","floor":1,"turns":4},{"damage":3,"enemies":"2 Louse","floor":3,"turns":4},{"damage":15,"enemies":"Small Slimes","floor":4,"turns":3},{"damage":2,"enemies":"2 Fungi Beasts","floor":7,"turns":3},{"damage":26,"enemies":"Lagavulin","floor":8,"turns":7},{"damage":25,"enemies":"3 Sentries","floor":11,"turns":8},{"damage":12,"enemies":"Lagavulin","floor":14,"turns":7},{"damage":17,"enemies":"Slime Boss","floor":16,"turns":8},{"damage":0,"enemies":"Chosen","floor":18,"turns":3},{"damage":15,"enemies":"Shell Parasite","floor":19,"turns":4},{"damage":38,"enemies":"3 Cultists","floor":21,"turns":6},{"damage":0,"enemies":"Centurion and Healer","floor":22,"turns":6},{"damage":28,"enemies":"Slavers","floor":23,"turns":6},{"damage":14,"enemies":"Snecko","floor":25,"turns":5},{"damage":23,"enemies":"Gremlin Leader","floor":27,"turns":5},{"damage":18,"enemies":"Chosen and Byrds","floor":28,"turns":6},{"damage":34,"enemies":"Book of Stabbing","floor":30,"turns":5},{"damage":10,"enemies":"Shelled Parasite and Fungi","floor":31,"turns":3},{"damage":20,"enemies":"Collector","floor":33,"turns":7},{"damage":15,"enemies":"3 Darklings","floor":35,"turns":4},{"damage":10,"enemies":"Orb Walker","floor":39,"turns":3},{"damage":23,"enemies":"Giant Head","floor":40,"turns":7},{"damage":15,"enemies":"2 Orb Walkers","floor":42,"turns":4},{"damage":38,"enemies":"Reptomancer","floor":44,"turns":5},{"damage":1,"enemies":"Maw","floor":45,"turns":5},{"damage":0,"enemies":"Spire Growth","floor":47,"turns":4},{"damage":56,"enemies":"Awakened One","floor":50,"turns":10}],"seed_played":"-3812414660221470743","potions_obtained":[{"floor":1,"key":"Explosive Potion"},{"floor":3,"key":"DuplicationPotion"},{"floor":8,"key":"LiquidMemories"},{"floor":18,"key":"Energy Potion"},{"floor":20,"key":"FairyPotion"},{"floor":22,"key":"BloodPotion"},{"floor":27,"key":"EssenceOfSteel"},{"floor":31,"key":"Weak Potion"},{"floor":33,"key":"ColorlessPotion"},{"floor":35,"key":"SmokeBomb"},{"floor":39,"key":"BloodPotion"},{"floor":44,"key":"CultistPotion"}],"is_trial":false,"path_per_floor":["M","$","M","M","?","R","M","E","T","?","E","$","?","E","R","B",null,"M","M","?","M","M","E","R","M","T","E","M","R","E","M","R","B",null,"M","$","?","$","M","E","R","?","T","E","M","R","M","?","R","B",null],"character_chosen":"IRONCLAD","items_purchased":["Apotheosis","Omamori","Mummified Hand"],"campfire_rested":7,"item_purchase_floors":[2,12,38],"current_hp_per_floor":[72,72,75,66,66,66,70,50,50,50,31,31,51,45,69,58,75,80,71,71,39,45,23,47,39,39,22,26,50,22,18,42,28,67,58,58,58,58,54,37,59,50,50,18,23,45,51,51,73,38],"gold":791,"neow_bonus":"TWO_FIFTY_GOLD","is_daily":false,"chose_seed":false,"campfire_upgraded":1,"win_rate":0.0,"timestamp":1608496714,"path_taken":["M","$","M","M","?","R","M","E","T","?","E","$","?","E","R","BOSS","M","M","?","M","?","E","R","M","T","E","M","R","E","M","R","BOSS","M","$","?","$","M","E","R","?","T","E","M","R","M","?","R","BOSS"],"items_purchased_type":["Card","Relic","Relic"],"build_version":"2020-12-13","purchased_purges":3,"victory":true,"max_hp_per_floor":[80,80,80,80,80,80,80,80,80,80,80,80,80,80,80,80,80,80,80,80,80,80,80,80,80,80,80,80,80,80,80,80,80,80,80,80,76,76,76,76,76,76,76,76,76,76,76,76,76,76],"relic_stats":{"Peace Pipe":0,"Lizard Tail":0,"counters":[27,142],"Mummified Hand":[42],"Tiny Chest":0,"Juzu Bracelet":0,"Letter Opener":[145],"Kunai":[3],"War Paint":["Flame Barrier","Defend_R"],"obtain_stats":[{"Lantern":23,"Golden Idol":10,"Velvet Choker":34,"Thread and Needle":30,"Omamori":12,"Juzu Bracelet":44,"Letter Opener":9,"War Paint":14,"Burning Blood":0,"Peace Pipe":42,"Lizard Tail":8,"Mummified Hand":38,"Tiny Chest":26,"Fusion Hammer":17,"Kunai":43,"StrikeDummy":27,"Red Skull":11,"Unceasing Top":40},{"Lantern":13,"Golden Idol":5,"Velvet Choker":19,"Thread and Needle":17,"Omamori":6,"Juzu Bracelet":24,"Letter Opener":5,"War Paint":7,"Burning Blood":0,"Peace Pipe":23,"Lizard Tail":5,"Mummified Hand":20,"Tiny Chest":14,"Fusion Hammer":8,"Kunai":23,"StrikeDummy":15,"Red Skull":6,"Unceasing Top":22},{"Lantern":69,"Golden Idol":21,"Velvet Choker":100,"Thread and Needle":90,"Omamori":29,"Juzu Bracelet":123,"Letter Opener":21,"War Paint":36,"Burning Blood":0,"Peace Pipe":118,"Lizard Tail":21,"Mummified Hand":104,"Tiny Chest":74,"Fusion Hammer":44,"Kunai":118,"StrikeDummy":79,"Red Skull":29,"Unceasing Top":114}],"Burning Blood":161,"Unceasing Top":[6]},"card_choices":[{"not_picked":["Warcry","Heavy Blade"],"picked":"Carnage","floor":1},{"not_picked":["Heavy Blade","True Grit"],"picked":"Cleave","floor":3},{"not_picked":["Sever Soul","Havoc"],"picked":"Metallicize","floor":4},{"not_picked":["Warcry","Rampage"],"picked":"Inflame","floor":7},{"not_picked":["Uppercut","Rupture"],"picked":"Flame Barrier","floor":8},{"not_picked":["Clothesline","Impervious"],"picked":"Pummel","floor":11},{"not_picked":["Combust","Wild Strike","True Grit"],"picked":"SKIP","floor":14},{"not_picked":["Immolate","Exhume"],"picked":"Juggernaut","floor":16},{"not_picked":["Havoc","Armaments"],"picked":"Twin Strike+1","floor":18},{"not_picked":["Anger","Flex+1"],"picked":"Warcry","floor":19},{"not_picked":["Fire Breathing+1","Heavy Blade"],"picked":"Battle Trance","floor":21},{"not_picked":["Berserk","Pommel Strike"],"picked":"Inflame","floor":22},{"not_picked":["Pommel Strike","Searing Blow+1","Corruption"],"picked":"SKIP","floor":23},{"not_picked":["Intimidate+1","Bloodletting"],"picked":"Flame Barrier+1","floor":25},{"not_picked":["Headbutt","Flex","Ghostly Armor"],"picked":"SKIP","floor":27},{"not_picked":["Iron Wave","Heavy Blade","Havoc"],"picked":"SKIP","floor":28},{"not_picked":["Sword Boomerang+1","Infernal Blade+1"],"picked":"Disarm","floor":30},{"not_picked":["Dropkick","Anger","Feel No Pain"],"picked":"SKIP","floor":31},{"not_picked":["Berserk","Bludgeon"],"picked":"Demon Form","floor":33},{"not_picked":["Wild Strike+1","Clash+1","Armaments+1"],"picked":"SKIP","floor":35},{"not_picked":["Armaments","Hemokinesis","Clash+1"],"picked":"SKIP","floor":39},{"not_picked":["Perfected Strike+1","Headbutt+1","Anger+1"],"picked":"SKIP","floor":40},{"not_picked":["Anger+1","Clothesline","Iron Wave"],"picked":"SKIP","floor":44},{"not_picked":["Twin Strike+1","Battle Trance","Intimidate+1"],"picked":"SKIP","floor":45},{"not_picked":["Twin Strike+1","Dual Wield","Thunderclap"],"picked":"SKIP","floor":47}],"player_experience":266549,"relics_obtained":[{"floor":8,"key":"Lizard Tail"},{"floor":9,"key":"Letter Opener"},{"floor":11,"key":"Red Skull"},{"floor":14,"key":"War Paint"},{"floor":23,"key":"Lantern"},{"floor":26,"key":"Tiny Chest"},{"floor":27,"key":"StrikeDummy"},{"floor":30,"key":"Thread and Needle"},{"floor":40,"key":"Unceasing Top"},{"floor":42,"key":"Peace Pipe"},{"floor":43,"key":"Kunai"},{"floor":44,"key":"Juzu Bracelet"}],"event_choices":[{"damage_healed":0,"gold_gain":56,"player_choice":"Gained Gold","damage_taken":0,"max_hp_gain":0,"max_hp_loss":0,"event_name":"Golden Wing","floor":5,"gold_loss":0},{"damage_healed":0,"gold_gain":0,"player_choice":"Take Wound","damage_taken":0,"relics_obtained":["Golden Idol"],"max_hp_gain":0,"max_hp_loss":0,"event_name":"Golden Idol","floor":10,"gold_loss":0,"cards_obtained":["Injury"]},{"damage_healed":20,"gold_gain":0,"player_choice":"Healed","damage_taken":0,"max_hp_gain":0,"max_hp_loss":0,"event_name":"The Cleric","floor":13,"gold_loss":35},{"damage_healed":0,"gold_gain":0,"player_choice":"Got Potions","damage_taken":0,"max_hp_gain":0,"max_hp_loss":0,"event_name":"Lab","floor":20,"gold_loss":0},{"damage_healed":0,"gold_gain":0,"player_choice":"Max HP","damage_taken":0,"max_hp_gain":0,"max_hp_loss":4,"event_name":"Winding Halls","floor":37,"gold_loss":0},{"damage_healed":0,"gold_gain":0,"player_choice":"Fight","damage_taken":0,"max_hp_gain":0,"max_hp_loss":0,"event_name":"Mysterious Sphere","floor":42,"gold_loss":0},{"damage_healed":0,"gold_gain":333,"player_choice":"Gave Idol","damage_taken":0,"max_hp_gain":0,"max_hp_loss":0,"event_name":"The Moai Head","floor":48,"relics_lost":["Golden Idol"],"gold_loss":0}],"is_beta":false,"boss_relics":[{"not_picked":["Runic Dome","Coffee Dripper"],"picked":"Fusion Hammer"},{"not_picked":["Busted Crown","Astrolabe"],"picked":"Velvet Choker"}],"items_purged_floors":[12,36,38],"is_endless":false,"potions_floor_spawned":[1,3,8,18,21,22,27,31,33,35,39,44,45],"ascension_level":8}}