{"host":"htqwg582tjjtn9p7","time":1608485936,"event":{"mods":["2.2 Compatiblity","AchievementEnabler","Act Like it!","Aspiration","BaseMod","Better Third Choice","Colored Map","Conspire","Curses Come First","Displayed Cursed Tome","Energized Spire","Force Act Four","GifTheSpireLib","Hermit","Highlight Path","JesterMod","Mad Scientist","Minty Spire (QoL Compilation)","Pale of the Ancients","Permanent Neow","Random Character Button","Relic Stats","Replay The Spire","Robot Space Explorer","Somnambulant","Spicy Shops","Spikes Relics","StSLib","Stuff the Spire","The Blue Laboratory","The Disciple","The Dragon Tamer","The Forsaken","The Gatherer","The Judge","The Jungle","The Runesmith","The Servant 0.9.4"],"gold_per_floor":[116,129,229,240,240,273,273,273,347,347,380,400,400,429,429,506,506,488,506,101,151,151,176,186,186,186,186,186,206,232,246,246,317,267,283,302,302,302,320,320,27,59,59,90,105,120,153,172,172,172,185,198,198,223,223,233,233,27,27,27],"floor_reached":61,"playtime":2727,"items_purged":["conspire:GhostlyStrike+1"],"score":2341,"play_id":"4b7ef771-6235-416d-a11d-85012e9f23f2","local_time":"20201220183856","is_ascension_mode":true,"campfire_choices":[{"floor":8,"key":"REST"},{"data":"Neutralize","floor":10,"key":"SMITH"},{"floor":15,"key":"REST"},{"floor":25,"key":"REST"},{"data":"True Grit","floor":27,"key":"SMITH"},{"floor":32,"key":"REST"},{"data":"Limit Break","floor":40,"key":"SMITH"},{"data":"Entrench","floor":49,"key":"SMITH"},{"data":"Pommel Strike","floor":55,"key":"SMITH"},{"data":"Battle Trance","floor":57,"key":"SMITH"}],"circlet_count":0,"master_deck":["AscendersBane","conspire:GhostlyStrike+1","conspire:GhostlyStrike+1","conspire:GhostlyStrike+1","conspire:GhostlyStrike+1","conspire:GhostlyDefend+1","conspire:GhostlyDefend+1","conspire:GhostlyDefend+1","Bash","Neutralize+1","conspire:GhostlyStrike+1","Reaper","Clothesline","Invigoration","Inflame","Shrug It Off","True Grit+1","Cleave","Reaper","StuffTheSpire:Slingshot","Demon Form","Battle Trance+1","True Grit+1","Limit Break+1","Pommel Strike+1","Bloodletting","Armaments+1","Reaper","Entrench+1","Seeing Red+1"],"relics":["Burning Blood","StuffTheSpire:HeavyRock","StrikeDummy","Anchor","Potion Belt","aspiration:MobileForge","Thread and Needle","NlothsMask","SnailShell","RollingBoulder","energizedSpire:HugeHouse","Calipers","Replay:Rubber Ducky","Pear","Self Forming Clay","Replay:Bottled Flurry","paleoftheancients:Timepiece","paleoftheancients:KeyRelic","CultistMask","paleoftheancients:SoulOfTheWokeBloke","StuffTheSpire:Gunfinga","StuffTheSpire:EmeraldSignet"],"acts_visited":["Exordium","TheCity","TheBeyond","TheBeyond"],"potions_floor_usage":[11,14,16,23,23,31,44,47,51,60,60,60],"damage_taken":[{"damage":1,"enemies":"Small Slimes","floor":1,"turns":4},{"damage":7,"enemies":"Cultist","floor":2,"turns":4},{"damage":13,"enemies":"Jaw Worm","floor":4,"turns":5},{"damage":64,"enemies":"Lagavulin","floor":6,"turns":9},{"damage":28,"enemies":"Gremlin Nob","floor":11,"turns":5},{"damage":0,"enemies":"3 Louse","floor":12,"turns":5},{"damage":15,"enemies":"Lagavulin","floor":14,"turns":7},{"damage":38,"enemies":"The Guardian","floor":16,"turns":13},{"damage":23,"enemies":"2 Thieves","floor":18,"turns":4},{"damage":34,"enemies":"Shell Parasite","floor":19,"turns":10},{"damage":19,"enemies":"Gremlin Leader","floor":23,"turns":9},{"damage":60,"enemies":"Sentry and Sphere","floor":24,"turns":9},{"damage":17,"enemies":"Cultist and Chosen","floor":29,"turns":6},{"damage":16,"enemies":"Book of Stabbing","floor":30,"turns":5},{"damage":21,"enemies":"Chosen and Byrds","floor":31,"turns":10},{"damage":29,"enemies":"conspire:MysteriousRune","floor":33,"turns":9},{"damage":0,"enemies":"3 Shapes","floor":35,"turns":3},{"damage":31,"enemies":"3 Darklings","floor":36,"turns":10},{"damage":27,"enemies":"Transient","floor":39,"turns":5},{"damage":16,"enemies":"Giant Head","floor":42,"turns":8},{"damage":0,"enemies":"Nemesis","floor":44,"turns":7},{"damage":0,"enemies":"4 Shapes","floor":45,"turns":7},{"damage":10,"enemies":"Writhing Mass","floor":46,"turns":11},{"damage":3,"enemies":"Giant Head","floor":47,"turns":8},{"damage":3,"enemies":"Maw","floor":48,"turns":9},{"damage":3,"enemies":"conspire:OrnateMirror","floor":50,"turns":13},{"damage":136,"enemies":"conspire:OrnateMirror","floor":51,"turns":10},{"damage":3,"enemies":"conspire:OrnateMirror","floor":52,"turns":5},{"damage":37,"enemies":"conspire:OrnateMirror","floor":56,"turns":6},{"damage":215,"enemies":"paleoftheancients:N","floor":60,"turns":11}],"seed_played":"-8362932852794027787","potions_obtained":[{"floor":6,"key":"Languid Potion"},{"floor":11,"key":"blueLaboratory:BottledHope"},{"floor":12,"key":"blueLaboratory:SmithPotion"},{"floor":14,"key":"Dexterity Potion"},{"floor":18,"key":"Energy Potion"},{"floor":23,"key":"blueLaboratory:BottledHope"},{"floor":31,"key":"blueLaboratory:BottleOfVodka"},{"floor":35,"key":"blueLaboratory:EnragingPotion"},{"floor":42,"key":"blueLaboratory:FruitPunch"},{"floor":45,"key":"Adrenaline Potion"},{"floor":47,"key":"blueLaboratory:PyrophylliteBrew"},{"floor":48,"key":"blueLaboratory:BottleOfRum"},{"floor":51,"key":"blueLaboratory:CorrosionFlask"},{"floor":53,"key":"blueLaboratory:FruitPreserves"},{"floor":53,"key":"EntropicBrew"}],"is_trial":false,"path_per_floor":["M","M","?","M","?","E","?","R","T","R","E","M","?","E","R","B",null,"M","M","$","?","?","E","M","R","T","R","?","M","E","M","R","B",null,"M","M","?","?","M","R","$","E","T","E","M","M","E","M","R","B","M","M","?","T","R","M","R","$","?","B",null],"character_chosen":"IRONCLAD","items_purchased":["Thread and Needle","FairyPotion","Calipers","StuffTheSpire:EmeraldSignet"],"campfire_rested":4,"item_purchase_floors":[20,20,41,58],"current_hp_per_floor":[75,74,74,68,68,20,20,42,42,42,28,42,42,41,63,37,66,73,60,60,60,60,74,29,51,51,51,51,50,40,50,72,75,70,70,70,70,70,49,49,49,67,77,82,82,82,82,82,82,82,82,82,82,82,82,82,82,82,82,47],"gold":27,"neow_bonus":"THREE_RARE_CARDS","is_daily":false,"chose_seed":false,"campfire_upgraded":6,"win_rate":0.0,"timestamp":1608485936,"path_taken":["M","M","?","?","?","E","?","R","T","R","E","M","?","E","R","BOSS","M","M","$","?","?","E","?","R","T","R","?","M","E","M","R","BOSS","M","M","?","?","M","R","$","E","T","E","M","?","E","M","R","BOSS","M","M","?","T","R","M","R","$","?","BOSS"],"items_purchased_type":["Relic","Potion","Relic","Relic"],"build_version":"2020-12-13","purchased_purges":1,"victory":true,"max_hp_per_floor":[75,75,75,75,75,75,75,75,75,75,75,75,75,75,75,75,75,75,75,75,75,75,75,75,75,75,75,75,75,75,75,75,75,70,70,70,70,70,70,70,70,70,80,82,82,82,82,82,82,82,82,82,82,82,82,82,82,82,82,82],"relic_stats":{"counters":[30,227],"Self Forming Clay":[108],"obtain_stats":[{"Potion Belt":14,"SnailShell":23,"paleoftheancients:KeyRelic":50,"Calipers":41,"Pear":43,"Self Forming Clay":44,"Thread and Needle":20,"StuffTheSpire:EmeraldSignet":58,"Burning Blood":0,"Replay:Rubber Ducky":42,"paleoftheancients:Timepiece":50,"Anchor":11,"StuffTheSpire:Gunfinga":54,"aspiration:MobileForge":17,"paleoftheancients:SoulOfTheWokeBloke":51,"StuffTheSpire:HeavyRock":6,"RollingBoulder":30,"CultistMask":50,"energizedSpire:HugeHouse":34,"Replay:Bottled Flurry":47,"StrikeDummy":9,"NlothsMask":22},{"Potion Belt":7,"SnailShell":11,"paleoftheancients:KeyRelic":26,"Calipers":19,"Pear":20,"Self Forming Clay":21,"Thread and Needle":10,"StuffTheSpire:EmeraldSignet":29,"Burning Blood":0,"Replay:Rubber Ducky":20,"paleoftheancients:Timepiece":26,"Anchor":5,"StuffTheSpire:Gunfinga":28,"aspiration:MobileForge":8,"paleoftheancients:SoulOfTheWokeBloke":27,"StuffTheSpire:HeavyRock":4,"RollingBoulder":14,"CultistMask":26,"energizedSpire:HugeHouse":16,"Replay:Bottled Flurry":24,"StrikeDummy":4,"NlothsMask":10},{"Potion Belt":39,"SnailShell":75,"paleoftheancients:KeyRelic":195,"Calipers":132,"Pear":140,"Self Forming Clay":147,"Thread and Needle":66,"StuffTheSpire:EmeraldSignet":216,"Burning Blood":0,"Replay:Rubber Ducky":140,"paleoftheancients:Timepiece":195,"Anchor":27,"StuffTheSpire:Gunfinga":210,"aspiration:MobileForge":52,"paleoftheancients:SoulOfTheWokeBloke":205,"StuffTheSpire:HeavyRock":22,"RollingBoulder":95,"CultistMask":195,"energizedSpire:HugeHouse":114,"Replay:Bottled Flurry":173,"StrikeDummy":22,"NlothsMask":66}],"Burning Blood":109},"card_choices":[{"not_picked":["Corruption","Hemogenesis"],"picked":"Reaper","floor":0},{"not_picked":["Warcry","Body Slam"],"picked":"Clothesline","floor":1},{"not_picked":["Reckless Charge","Seeing Red"],"picked":"Invigoration","floor":2},{"not_picked":["Shrug It Off","StuffTheSpire:Pyroclast"],"picked":"Inflame","floor":4},{"not_picked":["Hemogenesis","Havoc"],"picked":"Shrug It Off","floor":6},{"not_picked":["Absolvement","Anger"],"picked":"True Grit","floor":11},{"not_picked":["Headbutt","StuffTheSpire:RockThrow","Iron Wave"],"picked":"SKIP","floor":12},{"not_picked":["Iron Wave","StuffTheSpire:RockThrow"],"picked":"Cleave","floor":14},{"not_picked":["StuffTheSpire:TitanForm","Hemogenesis"],"picked":"Reaper","floor":16},{"not_picked":["Thunderclap","Iron Wave","StuffTheSpire:RockThrow"],"picked":"SKIP","floor":18},{"not_picked":["Pommel Strike","Heavy Blade"],"picked":"Flex+1","floor":19},{"not_picked":["Fiend Fire","Perfected Strike"],"picked":"StuffTheSpire:Slingshot","floor":23},{"not_picked":["Clothesline","Metallicize"],"picked":"Demon Form","floor":24},{"not_picked":["Shrug It Off","Anger"],"picked":"Battle Trance","floor":29},{"not_picked":["Clothesline","Armaments"],"picked":"True Grit+1","floor":30},{"not_picked":["Iron Wave+1","Warcry","ReplayTheSpireMod:Strike From Hell"],"picked":"SKIP","floor":31},{"not_picked":["conspire:Purge","conspire:HitWhereItHurts"],"picked":"Limit Break","floor":33},{"not_picked":["Twin Strike","Inflame","Sword Boomerang"],"picked":"SKIP","floor":35},{"not_picked":["Heavy Blade","Replay:Undeath\u0027s Touch"],"picked":"Bloodletting","floor":36},{"not_picked":["Anger","Entrench+1","Cleave"],"picked":"SKIP","floor":39},{"not_picked":["Life Link","ReplayTheSpireMod:Limb From Limb"],"picked":"Armaments+1","floor":42},{"not_picked":["Twin Strike","Fire Breathing"],"picked":"Reaper","floor":44},{"not_picked":["Wild Strike","Iron Wave","Searing Blow"],"picked":"SKIP","floor":45},{"not_picked":["Warcry+1","Heavy Blade+1"],"picked":"Entrench","floor":46},{"not_picked":["Searing Blow+1","Infernal Blade","Power Through"],"picked":"SKIP","floor":47},{"not_picked":["Headbutt","Replay:Undeath\u0027s Touch","Clash"],"picked":"SKIP","floor":48},{"not_picked":["Uppercut","Sever Soul","Inflame"],"picked":"SKIP","floor":51},{"not_picked":["Blood for Blood+1","ReplayTheSpireMod:Stacked+1"],"picked":"Seeing Red+1","floor":52},{"not_picked":["Body Slam","Perfected Strike","Inflame"],"picked":"SKIP","floor":56}],"player_experience":1733638,"relics_obtained":[{"floor":6,"key":"StuffTheSpire:HeavyRock"},{"floor":9,"key":"StrikeDummy"},{"floor":11,"key":"Anchor"},{"floor":14,"key":"Potion Belt"},{"floor":23,"key":"SnailShell"},{"floor":30,"key":"RollingBoulder"},{"floor":42,"key":"Replay:Rubber Ducky"},{"floor":43,"key":"Pear"},{"floor":44,"key":"Self Forming Clay"},{"floor":47,"key":"Replay:Bottled Flurry"},{"floor":51,"key":"paleoftheancients:SoulOfTheWokeBloke"},{"floor":54,"key":"StuffTheSpire:Gunfinga"}],"event_choices":[{"damage_healed":0,"gold_gain":100,"player_choice":"Gold","damage_taken":0,"max_hp_gain":0,"max_hp_loss":0,"event_name":"Wheel of Change","floor":3,"gold_loss":0},{"damage_healed":0,"gold_gain":0,"player_choice":"Agree","damage_taken":0,"max_hp_gain":0,"max_hp_loss":0,"event_name":"conspire:LoneGhost","floor":5,"gold_loss":0},{"damage_healed":0,"gold_gain":50,"player_choice":"Steal","damage_taken":0,"max_hp_gain":0,"max_hp_loss":0,"event_name":"betterThird:BetterNest","floor":21,"gold_loss":0},{"damage_healed":0,"gold_gain":0,"player_choice":"Trade","damage_taken":0,"relics_obtained":["NlothsMask"],"max_hp_gain":0,"max_hp_loss":0,"event_name":"FaceTrader","floor":22,"gold_loss":0},{"damage_healed":0,"gold_gain":0,"player_choice":"Simplicity","damage_taken":0,"max_hp_gain":0,"max_hp_loss":10,"event_name":"betterThird:BetterWriting","floor":28,"gold_loss":0},{"cards_removed":["conspire:GhostlyDefend"],"damage_healed":0,"gold_gain":0,"player_choice":"Removed Skill","damage_taken":0,"max_hp_gain":0,"max_hp_loss":0,"event_name":"Falling","floor":37,"gold_loss":0},{"cards_removed":["Strike_R"],"damage_healed":0,"gold_gain":0,"player_choice":"Purged","damage_taken":0,"max_hp_gain":0,"max_hp_loss":0,"event_name":"Purifier","floor":38,"gold_loss":0},{"damage_healed":0,"gold_gain":0,"player_choice":"Got Potions","damage_taken":0,"max_hp_gain":0,"max_hp_loss":0,"event_name":"Lab","floor":53,"gold_loss":0}],"is_beta":false,"boss_relics":[{"not_picked":["aspiration:RunicSpoon","energizedSpire:OgreHead"],"picked":"aspiration:MobileForge"},{"not_picked":["jesterMod:MachoBrace","Kintsugi"],"picked":"energizedSpire:HugeHouse"}],"items_purged_floors":[58],"is_endless":false,"potions_floor_spawned":[6,11,12,14,18,23,31,35,42,45,47,48,51],"ascension_level":15}}