{"host":"wdiovb6uv7szux0m","time":1608450474,"event":{"mods":["BaseMod","Minty Spire (QoL Compilation)","StSLib","The Bug Knight","The Druid"],"gold_per_floor":[110,120,45,56,8,37,37,51,78,28,28,28,40,59,59,155,155,171,187,187,187],"floor_reached":20,"playtime":1142,"items_purged":["Strike_P"],"score":176,"play_id":"76c08bc4-b06d-47fa-8711-5f746a13101e","local_time":"20201219224754","is_ascension_mode":false,"campfire_choices":[{"data":"Eruption","floor":7,"key":"SMITH"},{"data":"BowlingBash","floor":12,"key":"SMITH"},{"data":"SashWhip","floor":15,"key":"SMITH"}],"circlet_count":0,"master_deck":["Strike_P","Strike_P","Strike_P","Defend_P","Defend_P","Defend_P","Eruption+1","Vigilance","Judgement","JustLucky+1","ThirdEye","Weave","Consecrate","BowlingBash+1","Consecrate","Sanctity","SashWhip+1","ConjureBlade","BowlingBash+1","Weave"],"relics":["HolyWater","Blood Vial","Ancient Tea Set"],"acts_visited":["Exordium","TheCity"],"potions_floor_usage":[16,19,20,20],"damage_taken":[{"damage":0,"enemies":"Cultist","floor":1,"turns":3},{"damage":0,"enemies":"Small Slimes","floor":2,"turns":2},{"damage":1,"enemies":"2 Louse","floor":4,"turns":3},{"damage":25,"enemies":"3 Sentries","floor":6,"turns":7},{"damage":0,"enemies":"Lots of Slimes","floor":8,"turns":3},{"damage":8,"enemies":"Blue Slaver","floor":13,"turns":3},{"damage":0,"enemies":"Looter","floor":14,"turns":2},{"damage":39,"enemies":"Hexaghost","floor":16,"turns":12},{"damage":0,"enemies":"Spheric Guardian","floor":18,"turns":1},{"damage":18,"enemies":"Shelled Parasite and Fungi","floor":19,"turns":5},{"damage":65,"enemies":"Snake Plant","floor":20,"turns":3}],"seed_played":"5336756016301208187","potions_obtained":[{"floor":1,"key":"EssenceOfSteel"},{"floor":8,"key":"StancePotion"},{"floor":16,"key":"EssenceOfSteel"},{"floor":18,"key":"ColorlessPotion"}],"is_trial":false,"path_per_floor":["M","M","$","M","$","E","R","M","T","?","?","R","M","M","R","B",null,"M","M","M"],"character_chosen":"WATCHER","items_purchased":["Consecrate"],"campfire_rested":0,"item_purchase_floors":[5],"current_hp_per_floor":[72,72,72,71,71,46,46,48,48,48,48,48,42,44,44,7,72,72,54,0,0],"gold":187,"neow_bonus":"ONE_RANDOM_RARE_CARD","is_daily":false,"chose_seed":false,"campfire_upgraded":3,"win_rate":0.0,"timestamp":1608450474,"path_taken":["M","M","$","M","$","E","R","M","T","?","?","R","M","M","R","BOSS","M","M","?"],"items_purchased_type":["Card"],"build_version":"2020-12-13","purchased_purges":1,"victory":false,"max_hp_per_floor":[72,72,72,72,72,72,72,72,72,72,72,72,72,72,72,72,72,72,72,72,72],"card_choices":[{"not_picked":["WreathOfFlame","CutThroughFate"],"picked":"JustLucky","floor":1},{"not_picked":["EmptyBody","Crescendo"],"picked":"ThirdEye","floor":2},{"not_picked":["FlurryOfBlows","Halt"],"picked":"Weave","floor":4},{"not_picked":["Study","SandsOfTime"],"picked":"BowlingBash","floor":6},{"not_picked":["Halt","InnerPeace"],"picked":"Consecrate","floor":8},{"not_picked":["ClearTheMind","ForeignInfluence"],"picked":"Sanctity","floor":13},{"not_picked":["PathToVictory","CarveReality"],"picked":"SashWhip","floor":14},{"not_picked":["Blasphemy","Vault"],"picked":"ConjureBlade","floor":16},{"not_picked":["Weave","EmptyFist"],"picked":"BowlingBash+1","floor":18},{"not_picked":["FlurryOfBlows","BowlingBash"],"picked":"Weave","floor":19}],"player_experience":1518964,"relics_obtained":[{"floor":6,"key":"Blood Vial"},{"floor":9,"key":"Ancient Tea Set"}],"event_choices":[{"cards_removed":["Defend_P"],"damage_healed":0,"gold_gain":0,"player_choice":"Card Removal","damage_taken":0,"max_hp_gain":0,"max_hp_loss":0,"event_name":"The Cleric","floor":10,"gold_loss":50},{"damage_healed":0,"gold_gain":0,"player_choice":"Forge","damage_taken":0,"max_hp_gain":0,"max_hp_loss":0,"event_name":"Accursed Blacksmith","floor":11,"gold_loss":0,"cards_upgraded":["JustLucky"]}],"is_beta":false,"boss_relics":[{"not_picked":["Tiny House","Velvet Choker"],"picked":"HolyWater"}],"items_purged_floors":[3],"is_endless":false,"potions_floor_spawned":[1,8,16,18],"killed_by":"Snake Plant","ascension_level":0}}