{"host":"2qv44oxt58ptq59r","time":1608477686,"event":{"mods":["AchievementEnabler","BaseMod","Colored Powertips","Highlight Path","Minty Spire (QoL Compilation)","Permanent Neow","StSLib"],"gold_per_floor":[112,130,130,146,163,234,234,33,59,93,93,105,125,143,143,243,243,262,262,276,44,54,54,70,99,99,99,112,212,212,224,224,224,224],"floor_reached":33,"playtime":4257,"items_purged":["Defend_R"],"score":296,"play_id":"54c62cdc-88d4-499b-8b38-4f400d2fa883","local_time":"20201220152126","is_ascension_mode":false,"campfire_choices":[{"data":"Inflame","floor":7.0,"key":"SMITH"},{"data":"Shrug It Off","floor":11.0,"key":"SMITH"},{"data":"Heavy Blade","floor":15.0,"key":"SMITH"},{"floor":23.0,"key":"REST"},{"floor":27,"key":"REST"},{"floor":30,"key":"REST"},{"floor":32,"key":"REST"}],"circlet_count":0,"master_deck":["Strike_R+1","Strike_R+1","Defend_R","Defend_R","Defend_R","Bash+1","Shrug It Off+1","Inflame+1","Rage","Inflame+1","Pommel Strike","Headbutt","Intimidate","Heavy Blade+1","Feed","Armaments","Rage","Spot Weakness+1","Uppercut","Heavy Blade","Clothesline","Shockwave+1","Fire Breathing"],"relics":["Burning Blood","Toy Ornithopter","Pen Nib","Whetstone","Empty Cage","Ancient Tea Set","CaptainsWheel","Strawberry","StoneCalendar","Darkstone Periapt"],"acts_visited":["Exordium","TheCity"],"potions_floor_usage":[24,28,29],"damage_taken":[{"damage":4.0,"enemies":"Small Slimes","floor":1.0,"turns":3.0},{"damage":6.0,"enemies":"Cultist","floor":2.0,"turns":3.0},{"damage":5.0,"enemies":"Jaw Worm","floor":4.0,"turns":3.0},{"damage":0.0,"enemies":"Red Slaver","floor":5.0,"turns":4.0},{"damage":20.0,"enemies":"3 Sentries","floor":10.0,"turns":9.0},{"damage":0.0,"enemies":"Exordium Wildlife","floor":12.0,"turns":4.0},{"damage":12.0,"enemies":"Exordium Thugs","floor":13.0,"turns":4.0},{"damage":2.0,"enemies":"Large Slime","floor":14.0,"turns":4.0},{"damage":10.0,"enemies":"Slime Boss","floor":16.0,"turns":6.0},{"damage":4.0,"enemies":"2 Thieves","floor":18.0,"turns":3.0},{"damage":14.0,"enemies":"Spheric Guardian","floor":20.0,"turns":4.0},{"damage":54.0,"enemies":"Centurion and Healer","floor":22.0,"turns":8.0},{"damage":51,"enemies":"Chosen and Byrds","floor":24,"turns":9},{"damage":25,"enemies":"Gremlin Leader","floor":25,"turns":8},{"damage":15,"enemies":"Snecko","floor":28,"turns":4},{"damage":8,"enemies":"Colosseum Slavers","floor":29,"turns":4},{"damage":19,"enemies":"Colosseum Nobs","floor":29,"turns":6},{"damage":10,"enemies":"Cultist and Chosen","floor":31,"turns":6},{"damage":98,"enemies":"Automaton","floor":33,"turns":8}],"seed_played":"-6444224592160818365","potions_obtained":[{"floor":5.0,"key":"LiquidMemories"},{"floor":10.0,"key":"SteroidPotion"},{"floor":16.0,"key":"Strength Potion"},{"floor":20.0,"key":"BloodPotion"},{"floor":25,"key":"ColorlessPotion"},{"floor":28,"key":"Block Potion"}],"is_trial":false,"path_per_floor":["M","M","?","M","M","T","R","$","T","E","R","M","M","M","R","B",null,"M","?","M","$","M","R","M","E","T","R","M","?","R","M","R","B"],"character_chosen":"IRONCLAD","items_purchased":["Toy Ornithopter","SkillPotion","Ancient Tea Set"],"campfire_rested":4,"item_purchase_floors":[8,8,21],"current_hp_per_floor":[80,80,80,80,80,80,80,80,80,71,71,77,71,75,75,76,80,83,83,78,78,33,59,36,17,24,52,48,38,66,62,90,0,0],"gold":224,"neow_bonus":"UPGRADE_CARD","is_daily":false,"chose_seed":false,"campfire_upgraded":3,"win_rate":0.0,"timestamp":1608477686,"path_taken":["M","M","?","M","M","?","R","$","T","E","R","M","?","M","R","BOSS","M","?","M","$","M","R","?","E","T","R","M","?","R","M","R","BOSS"],"items_purchased_type":["Relic","Potion","Relic"],"build_version":"2020-12-13","purchased_purges":1,"victory":false,"max_hp_per_floor":[80,80,80,80,80,80,80,80,80,80,80,80,80,80,80,80,80,83,83,86,86,89,89,89,89,96,96,96,96,96,96,96,96,96],"card_choices":[{"not_picked":["Iron Wave","Headbutt"],"picked":"Shrug It Off","floor":1.0},{"not_picked":["Headbutt","Havoc"],"picked":"Inflame","floor":2.0},{"not_picked":["Intimidate","Evolve"],"picked":"Rage","floor":4.0},{"not_picked":["True Grit","Twin Strike"],"picked":"Inflame","floor":5.0},{"not_picked":["Evolve","Reckless Charge"],"picked":"Pommel Strike","floor":10.0},{"not_picked":["Pommel Strike","Carnage"],"picked":"Headbutt","floor":12.0},{"not_picked":["Clash","Warcry"],"picked":"Intimidate","floor":13.0},{"not_picked":["Power Through","Cleave"],"picked":"Heavy Blade","floor":14.0},{"not_picked":["Brutality","Juggernaut"],"picked":"Feed","floor":16.0},{"not_picked":["Second Wind","Headbutt"],"picked":"Armaments","floor":18.0},{"not_picked":["Anger+1","Clash"],"picked":"Rage","floor":20.0},{"not_picked":["Heavy Blade","Clash"],"picked":"Spot Weakness+1","floor":22.0},{"not_picked":["Clothesline+1","Thunderclap"],"picked":"Uppercut","floor":24},{"not_picked":["Sword Boomerang","Clothesline"],"picked":"Heavy Blade","floor":25},{"not_picked":["Perfected Strike","Hemokinesis"],"picked":"Clothesline","floor":28},{"not_picked":["Feel No Pain+1","Iron Wave"],"picked":"Shockwave+1","floor":29},{"not_picked":["Heavy Blade+1","Wild Strike"],"picked":"Fire Breathing","floor":31}],"player_experience":4954442,"relics_obtained":[{"floor":9.0,"key":"Pen Nib"},{"floor":10.0,"key":"Whetstone"},{"floor":25,"key":"CaptainsWheel"},{"floor":26,"key":"Strawberry"},{"floor":29,"key":"StoneCalendar"},{"floor":29,"key":"Darkstone Periapt"}],"event_choices":[{"damage_healed":0.0,"max_hp_gain":0.0,"max_hp_loss":0.0,"gold_gain":0.0,"event_name":"Accursed Blacksmith","player_choice":"Forge","floor":3.0,"gold_loss":0.0,"damage_taken":0.0,"cards_upgraded":["Inflame"]},{"cards_removed":["Strike_R"],"damage_healed":0.0,"max_hp_gain":0.0,"max_hp_loss":0.0,"gold_gain":0.0,"event_name":"Bonfire Elementals","player_choice":"Offered Basic","floor":19.0,"gold_loss":0.0,"damage_taken":0.0},{"damage_healed":0,"gold_gain":0,"player_choice":"Fight","damage_taken":0,"max_hp_gain":0,"max_hp_loss":0,"event_name":"Colosseum","floor":29,"gold_loss":0},{"damage_healed":0,"gold_gain":0,"player_choice":"Fought Nobs","damage_taken":0,"max_hp_gain":0,"max_hp_loss":0,"event_name":"Colosseum","floor":29,"gold_loss":0}],"is_beta":false,"boss_relics":[{"not_picked":["Busted Crown","Velvet Choker"],"picked":"Empty Cage"}],"items_purged_floors":[21],"is_endless":false,"potions_floor_spawned":[5,10,16,20,25,28],"killed_by":"Automaton","ascension_level":0}}