{"host":"hjw1ay65n7jm40lc","time":1608507385,"event":{"mods":["AchievementEnabler","BaseMod","Block Reminder","Colored Map","Colored Powertips","Downfall","Googly Eyes","Highlight Path","Minty Spire (QoL Compilation)","Quick Restart","Relic Stats","StSLib"],"gold_per_floor":[99,124,124,152,62,62,62,72,107,107,207,138,148,148,167,268,268,268,296,306,341,341,341,341],"floor_reached":23,"playtime":2942,"items_purged":["sneckomod:Bewildered"],"score":243,"play_id":"98f6eb0e-ce71-4917-bc04-9397e494be26","local_time":"20201220183625","is_ascension_mode":false,"campfire_choices":[{"data":"hexamod:Sear","floor":1.0,"key":"SMITH"},{"data":"hexamod:CrushingStance","floor":3.0,"key":"SMITH"},{"data":"hexamod:TurnItUp","floor":6.0,"key":"SMITH"},{"floor":10.0,"key":"REST"},{"data":"hexamod:GhostOfSpireFuture","floor":18.0,"key":"SMITH"},{"data":"hexamod:InspiringFlames","floor":22,"key":"SMITH"}],"circlet_count":0,"master_deck":["hexamod:Strike","hexamod:Strike+1","hexamod:Strike","hexamod:Strike","hexamod:Defend+1","hexamod:Defend","hexamod:Defend","hexamod:Defend","hexamod:Sear+1","hexamod:Float+1","hexamod:CrushingStance+1","hexamod:TurnItUp+1","hexamod:VolcanoVisage","hexamod:InspiringFlames+1","hexamod:VolcanoVisage","hexamod:Hexaguard","hexamod:SkipABeat","hexamod:GhostOfSpireFuture+1","hexamod:FifthSeal","hexamod:SixthSeal","hexamod:FirstSeal","hexamod:Incineration","hexamod:FourthSeal","hexamod:SecondSeal"],"relics":["hexamod:SpiritBrand","Ice Cream","Akabeko","Darkstone Periapt","Sundial","War Paint","downfall:GremlinWheel","Coffee Dripper","Unceasing Top","Anchor"],"acts_visited":["Exordium","TheCity"],"potions_floor_usage":[21],"damage_taken":[{"damage":24.0,"enemies":"Gremlin Nob","floor":2.0,"turns":6.0},{"damage":9.0,"enemies":"Lagavulin","floor":4.0,"turns":6.0},{"damage":0.0,"enemies":"downfall:FleeingMerchant","floor":5.0,"turns":4.0},{"damage":0.0,"enemies":"2 Louse","floor":8.0,"turns":1.0},{"damage":9.0,"enemies":"3 Sentries","floor":9.0,"turns":6.0},{"damage":4.0,"enemies":"3 Sentries","floor":11.0,"turns":3.0},{"damage":0.0,"enemies":"downfall:FleeingMerchant","floor":12.0,"turns":4.0},{"damage":0.0,"enemies":"Cultist","floor":13.0,"turns":2.0},{"damage":0.0,"enemies":"Jaw Worm","floor":15.0,"turns":4.0},{"damage":12.0,"enemies":"downfall:Watcher","floor":16.0,"turns":8.0},{"damage":38.0,"enemies":"Gremlin Leader","floor":19.0,"turns":7.0},{"damage":4,"enemies":"Chosen","floor":20,"turns":6},{"damage":4,"enemies":"Slavers","floor":21,"turns":5},{"damage":30,"enemies":"Gremlin Leader","floor":23,"turns":3}],"seed_played":"1421372886886672424","potions_obtained":[{"floor":4.0,"key":"EssenceOfSteel"},{"floor":8.0,"key":"AttackPotion"},{"floor":13.0,"key":"FearPotion"},{"floor":15.0,"key":"AttackPotion"},{"floor":20,"key":"ColorlessPotion"}],"is_trial":false,"path_per_floor":["R","E","R","E","$","R","T","M","E","R","?","$","M","?","M","B",null,"R","E","M","E","R","E"],"character_chosen":"THE_SPIRIT","items_purchased":["hexamod:Hexaguard"],"campfire_rested":1,"item_purchase_floors":[12],"current_hp_per_floor":[70,46,46,37,37,37,37,37,28,49,45,45,45,68,68,56,70,70,32,28,24,24,0,0],"gold":341,"neow_bonus":"ONE_RARE_RELIC","is_daily":false,"chose_seed":false,"campfire_upgraded":5,"win_rate":0.0,"timestamp":1608507385,"path_taken":["R","E","R","E","$","R","T","M","E","R","?","$","?","?","M","BOSS","R","E","M","E","R","E"],"items_purchased_type":["Card"],"build_version":"2020-12-13","purchased_purges":1,"victory":false,"max_hp_per_floor":[70,70,70,70,70,70,70,70,70,70,70,70,70,70,70,70,70,70,70,70,70,70,70,70],"relic_stats":{"Darkstone Periapt":0,"counters":[14,65],"Sundial":[8],"War Paint":["hexamod:Defend","hexamod:Float"],"obtain_stats":[{"Ice Cream":0,"Darkstone Periapt":4,"Anchor":21,"downfall:GremlinWheel":11,"Sundial":7,"Coffee Dripper":17,"War Paint":9,"hexamod:SpiritBrand":0,"Akabeko":2,"Unceasing Top":19},{"Ice Cream":0,"Darkstone Periapt":2,"Anchor":13,"downfall:GremlinWheel":6,"Sundial":3,"Coffee Dripper":10,"War Paint":5,"hexamod:SpiritBrand":0,"Akabeko":1,"Unceasing Top":11},{"Ice Cream":0,"Darkstone Periapt":12,"Anchor":62,"downfall:GremlinWheel":26,"Sundial":16,"Coffee Dripper":44,"War Paint":23,"hexamod:SpiritBrand":0,"Akabeko":6,"Unceasing Top":51}],"Unceasing Top":[0]},"card_choices":[{"not_picked":["hexamod:NecessarySacrifice","hexamod:ThermalTransfer"],"picked":"hexamod:CrushingStance","floor":2.0},{"not_picked":["hexamod:AdvancingGuard","hexamod:PhantomFireball"],"picked":"hexamod:TurnItUp","floor":4.0},{"not_picked":["hexamod:EtherealExpedition","hexamod:GhostShield","hexamod:RainOfEmbers"],"picked":"SKIP","floor":5.0},{"not_picked":["hexamod:SpectersWail","hexamod:ShieldOfDarkness"],"picked":"hexamod:VolcanoVisage","floor":8.0},{"not_picked":["hexamod:ThermalTransfer","hexamod:Hexaguard"],"picked":"hexamod:InspiringFlames","floor":9.0},{"not_picked":["hexamod:AdvancingGuard","hexamod:BurningTouch"],"picked":"hexamod:VolcanoVisage","floor":12.0},{"not_picked":["hexamod:SecondSeal","hexamod:AdvancingGuard"],"picked":"hexamod:SkipABeat","floor":13.0},{"not_picked":["hexamod:BacktrackSmack","hexamod:ShieldOfDarkness"],"picked":"hexamod:GhostOfSpireFuture","floor":15.0},{"not_picked":["hexamod:SearingWound","hexamod:VolcanoVisage"],"picked":"hexamod:FifthSeal","floor":16.0},{"not_picked":["hexamod:FirstSeal","hexamod:ThirdSeal"],"picked":"hexamod:SixthSeal","floor":19.0},{"not_picked":["hexamod:RainOfEmbers","hexamod:RetreatToShadows","hexamod:HauntingEcho"],"picked":"SKIP","floor":19.0},{"not_picked":["hexamod:SecondSeal","hexamod:ThirdSeal"],"picked":"hexamod:FirstSeal","floor":20},{"not_picked":["hexamod:FirstSeal","hexamod:InspiringFlames"],"picked":"hexamod:Incineration","floor":20},{"not_picked":["hexamod:ThirdSeal","hexamod:FirstSeal"],"picked":"hexamod:FourthSeal","floor":21},{"not_picked":["hexamod:AdvancingGuard","hexamod:Again"],"picked":"hexamod:SecondSeal","floor":21}],"player_experience":417025,"relics_obtained":[{"floor":2.0,"key":"Akabeko"},{"floor":4.0,"key":"Darkstone Periapt"},{"floor":7.0,"key":"Sundial"},{"floor":9.0,"key":"War Paint"},{"floor":11.0,"key":"downfall:GremlinWheel"},{"floor":19.0,"key":"Unceasing Top"},{"floor":21,"key":"Anchor"}],"event_choices":[{"damage_healed":23.0,"max_hp_gain":0.0,"max_hp_loss":0.0,"gold_gain":0.0,"event_name":"Big Fish","player_choice":"Banana","floor":14.0,"gold_loss":0.0,"damage_taken":0.0}],"is_beta":false,"boss_relics":[{"not_picked":["Sozu","Runic Pyramid"],"picked":"Coffee Dripper"}],"items_purged_floors":[5],"is_endless":false,"potions_floor_spawned":[4,8,13,15,20],"killed_by":"Gremlin Leader","ascension_level":0}}