{"host":"ix2a18c4ohfsrslv","time":1608495113,"event":{"mods":["BaseMod","Better Third Choice","Downfall","Halation","Marisa????????","Minty Spire (QoL Compilation)","Replay The Spire","StSLib","The Bladedancer","The Blue Laboratory"],"gold_per_floor":[367,380,380,455,175,203,0,0,0,20,38,38,62,80,80,178,178,195,207,207,207,224,224,224,235,235,261,261,261,286,301,301,401,401,419,112,125,139,188,188,98,98,98,110,122,132,165,181,181,181],"floor_reached":51,"playtime":2381,"items_purged":["Defend_R","Defend_R"],"score":669,"play_id":"5f78a76a-7733-43d9-991e-68b3c8719c80","local_time":"20201220121153","is_ascension_mode":false,"campfire_choices":[{"data":"Enlightenment","floor":8,"key":"SMITH"},{"data":"Flame Barrier","floor":15,"key":"SMITH"},{"data":"Perfected Strike","floor":23,"key":"SMITH"},{"data":"Perfected Strike","floor":28,"key":"SMITH"},{"data":"Rage","floor":32,"key":"SMITH"},{"data":"sneckomod:Defend","floor":40,"key":"PURGE"},{"data":"Enlightenment+1","floor":42,"key":"PURGE"},{"data":"Parasite","floor":49,"key":"PURGE"}],"circlet_count":0,"master_deck":["Strike_R","Strike_R+1","Strike_R","Strike_R","Strike_R","Bash","hexamod:Strike","Perfected Strike+1","Twin Strike","Perfected Strike+1","Flame Barrier+1","Rage+1","Clash","Inflame+1","Disarm+1","Flex+1","AbeCurse","Massacre+1","Perfected Strike"],"relics":["Black Blood","halation:Komachan","Lantern","halation:SwordOfLegend","Toy Ornithopter","Empty Cage","MutagenicStrength","NlothsMask","ReplayTheSpireMod:Spearhead","Strawberry","Blood Vial","Replay:Grab Bag","Velvet Choker","Abe\u0027s Treasure","halation:Risk","ClockworkSouvenir","Peace Pipe","Darkstone Periapt","Unceasing Top"],"acts_visited":["Exordium","TheCity","TheBeyond"],"potions_floor_usage":[6,16,16,22,27,27,27,30,33,39,46,50,50],"damage_taken":[{"damage":1,"enemies":"Cultist","floor":1,"turns":4},{"damage":7,"enemies":"Small Slimes","floor":2,"turns":3},{"damage":14,"enemies":"Gremlin Nob","floor":6,"turns":3},{"damage":0,"enemies":"2 Louse","floor":10,"turns":2},{"damage":12,"enemies":"Blue Slaver","floor":11,"turns":2},{"damage":0,"enemies":"3 Louse","floor":14,"turns":3},{"damage":64,"enemies":"Hexaghost","floor":16,"turns":9},{"damage":0,"enemies":"Spheric Guardian","floor":18,"turns":3},{"damage":17,"enemies":"Shell Parasite","floor":19,"turns":6},{"damage":10,"enemies":"Cultist and Chosen","floor":22,"turns":4},{"damage":15,"enemies":"Snecko","floor":25,"turns":4},{"damage":39,"enemies":"Book of Stabbing","floor":27,"turns":5},{"damage":24,"enemies":"Slavers","floor":30,"turns":5},{"damage":10,"enemies":"Centurion and Healer","floor":31,"turns":5},{"damage":78,"enemies":"Automaton","floor":33,"turns":12},{"damage":0,"enemies":"Orb Walker","floor":35,"turns":1},{"damage":12,"enemies":"3 Shapes","floor":37,"turns":1},{"damage":0,"enemies":"3 Darklings","floor":38,"turns":1},{"damage":8,"enemies":"2 Orb Walkers","floor":39,"turns":3},{"damage":0,"enemies":"Writhing Mass","floor":44,"turns":3},{"damage":0,"enemies":"Spire Growth","floor":45,"turns":3},{"damage":8,"enemies":"3 Darklings","floor":46,"turns":3},{"damage":0,"enemies":"R_Hoarder","floor":47,"turns":5},{"damage":35,"enemies":"Maw","floor":48,"turns":5},{"damage":60,"enemies":"Replay:Hell Engine","floor":50,"turns":6}],"seed_played":"-233330004324059812","potions_obtained":[{"floor":6,"key":"blueLaboratory:SmithPotion"},{"floor":10,"key":"AttackPotion"},{"floor":16,"key":"blueLaboratory:AbyssPotion"},{"floor":19,"key":"Swift Potion"},{"floor":22,"key":"BloodPotion"},{"floor":25,"key":"GamblersBrew"},{"floor":27,"key":"blueLaboratory:FrostheartPotion"},{"floor":31,"key":"blueLaboratory:FrostheartPotion"},{"floor":37,"key":"Doom Potion"},{"floor":39,"key":"blueLaboratory:Moonshine"},{"floor":45,"key":"Explosive Potion"}],"is_trial":false,"path_per_floor":["M","M","?","?","$","E","?","R","T","M","M","$","T","M","R","B",null,"M","M","?","?","M","R","?","M","T","E","R","?","E","M","R","B",null,"M","$","M","M","?","R","?","R","T","M","M","M","E","M","R","B",null],"character_chosen":"IRONCLAD","items_purchased":["halation:Komachan","PowerPotion","ClockworkSouvenir","blueLaboratory:FruitPunch"],"campfire_rested":0,"item_purchase_floors":[5,5,36,36],"current_hp_per_floor":[80,79,79,68,68,60,66,66,66,72,66,66,66,72,81,28,86,86,75,75,75,76,85,85,76,76,82,88,88,75,73,76,11,93,93,93,93,93,95,95,95,95,95,101,101,101,101,78,93,50],"gold":181,"neow_bonus":"TWO_FIFTY_GOLD","is_daily":false,"chose_seed":false,"campfire_upgraded":5,"win_rate":0.0,"timestamp":1608495113,"path_taken":["M","?","?","?","$","E","?","R","T","M","M","$","?","M","R","BOSS","M","M","?","?","?","R","?","M","T","E","R","?","E","?","R","BOSS","M","$","?","M","?","R","?","R","T","M","M","M","E","M","R","BOSS"],"items_purchased_type":["Relic","Potion","Relic","Potion"],"build_version":"2020-12-13","purchased_purges":2,"victory":true,"max_hp_per_floor":[80,80,80,80,80,80,86,86,86,86,86,86,86,86,86,86,86,86,86,86,86,86,86,86,86,86,93,93,93,93,93,93,93,93,93,93,93,93,95,95,95,95,95,101,101,101,101,101,98,98],"card_choices":[{"not_picked":["Warcry","Replay:Undeath\u0027s Touch"],"picked":"Perfected Strike","floor":1},{"not_picked":["Body Slam","Whirlwind"],"picked":"Twin Strike","floor":2},{"not_picked":["Whirlwind","Heavy Blade"],"picked":"Perfected Strike","floor":6},{"not_picked":["Clash","Rupture"],"picked":"Flame Barrier","floor":10},{"not_picked":["Barricade","Armaments","Headbutt"],"picked":"SKIP","floor":11},{"not_picked":["Carnage","Intimidate","Uppercut"],"picked":"SKIP","floor":14},{"not_picked":["Defy Death+1","ReplayTheSpireMod:Strike From Hell+1"],"picked":"Rage","floor":18},{"not_picked":["Flex+1","Dual Wield"],"picked":"Clash","floor":19},{"not_picked":["Anger","Run Through","Clash+1"],"picked":"SKIP","floor":22},{"not_picked":["Clash+1","Replay:Undeath\u0027s Touch+1","Rampage"],"picked":"SKIP","floor":25},{"not_picked":["Body Slam","Massacre+1"],"picked":"Inflame+1","floor":27},{"not_picked":["Uppercut+1","Demon Form"],"picked":"Flex+1","floor":30},{"not_picked":["Reckless Charge+1","Pommel Strike","Fire Breathing"],"picked":"SKIP","floor":31},{"not_picked":["Iron Wave","Pommel Strike"],"picked":"Massacre+1","floor":35},{"not_picked":["Thunderclap","Metallicize+1","Dropkick+1"],"picked":"SKIP","floor":37},{"not_picked":["Anger","Dual Wield+1","Thunderclap+1"],"picked":"SKIP","floor":38},{"not_picked":["Hemokinesis","Perfected Strike","Clash+1"],"picked":"SKIP","floor":44},{"not_picked":["Bloodletting","Dropkick","Clothesline"],"picked":"SKIP","floor":45},{"not_picked":["True Grit","Infernal Blade","Clothesline"],"picked":"SKIP","floor":46},{"not_picked":["Reckless Charge+1","Shrug It Off"],"picked":"Perfected Strike","floor":47},{"not_picked":["Dropkick","ReplayTheSpireMod:Corrosion Curse","Flex+1"],"picked":"SKIP","floor":48}],"player_experience":83250,"relics_obtained":[{"floor":6,"key":"Lantern"},{"floor":9,"key":"halation:SwordOfLegend"},{"floor":13,"key":"Toy Ornithopter"},{"floor":27,"key":"Strawberry"},{"floor":30,"key":"Blood Vial"},{"floor":39,"key":"Peace Pipe"},{"floor":43,"key":"Darkstone Periapt"},{"floor":47,"key":"Unceasing Top"}],"event_choices":[{"damage_healed":0,"gold_gain":75,"player_choice":"Gold","damage_taken":11,"max_hp_gain":0,"max_hp_loss":0,"event_name":"betterThird:BetterGoop","floor":4,"gold_loss":0},{"damage_healed":0,"gold_gain":0,"player_choice":"RENOUNCE","damage_taken":203,"max_hp_gain":0,"max_hp_loss":0,"event_name":"betterThird:BetterSerpent","floor":7,"gold_loss":203,"cards_obtained":["Enlightenment"]},{"damage_healed":0,"gold_gain":0,"player_choice":"Inject Mutagens","damage_taken":0,"relics_obtained":["MutagenicStrength"],"max_hp_gain":0,"max_hp_loss":0,"event_name":"Drug Dealer","floor":20,"gold_loss":0},{"damage_healed":0,"gold_gain":0,"player_choice":"Trade","damage_taken":0,"relics_obtained":["NlothsMask"],"max_hp_gain":0,"max_hp_loss":0,"event_name":"FaceTrader","floor":21,"gold_loss":0},{"damage_healed":0,"gold_gain":0,"player_choice":"Opened","damage_taken":0,"relics_obtained":["ReplayTheSpireMod:Spearhead"],"max_hp_gain":0,"max_hp_loss":0,"event_name":"The Mausoleum","floor":24,"gold_loss":0,"cards_obtained":["Writhe"]},{"damage_healed":0,"gold_gain":0,"player_choice":"Read","damage_taken":0,"max_hp_gain":0,"max_hp_loss":0,"event_name":"The Library","floor":29,"gold_loss":0,"cards_obtained":["Disarm"]},{"damage_healed":0,"gold_gain":0,"player_choice":"Fight","damage_taken":0,"max_hp_gain":0,"max_hp_loss":0,"event_name":"Mysterious Sphere","floor":39,"gold_loss":0},{"cards_removed":["Writhe"],"damage_healed":0,"gold_gain":0,"player_choice":"Upgrade and Remove","damage_taken":0,"max_hp_gain":0,"max_hp_loss":0,"event_name":"Designer","floor":41,"gold_loss":90,"cards_upgraded":["Disarm"]}],"is_beta":false,"boss_relics":[{"not_picked":["Replay:Drink Me","halation:PlatinumPhoenix"],"picked":"Empty Cage"},{"not_picked":["Honey Jar","Replay:Wanted Poster"],"picked":"Replay:Grab Bag"},{"not_picked":["halation:ForbiddenBikini","Mark of Pain"],"picked":"Velvet Choker"},{"not_picked":["ReplayTheSpireMod:DimensionalGlitch","halation:CatFaceCupcake"],"picked":"Abe\u0027s Treasure"},{"not_picked":["Snecko Eye","Astrolabe"],"picked":"Black Blood"},{"not_picked":["halation:LoveArrow","Snecko Heart"],"picked":"halation:Risk"}],"items_purged_floors":[5,36],"is_endless":false,"potions_floor_spawned":[6,10,16,19,22,25,27,31,37,39,45],"ascension_level":0}}