{"host":"ek3xvuouaw6vk9if","time":1608447740,"event":{"mods":["BaseMod","BetterRewards","Downfall","Minty Spire (QoL Compilation)","Permanent Neow","Quick Restart","Replay The Spire","StSLib"],"gold_per_floor":[115,127,139,29,29,59,79,79,79,79,90,107,107,124,124,198,198,215,232,157,157,157],"floor_reached":21,"playtime":702,"items_purged":["Strike_G"],"score":339,"play_id":"584232a8-bbea-4739-917e-eb43d4a923c3","local_time":"20201220020220","is_ascension_mode":true,"campfire_choices":[{"floor":8,"key":"REST"},{"data":"ReplayTheSpireMod:From All Sides","floor":10,"key":"SMITH"},{"floor":13,"key":"REST"},{"data":"Flying Knee","floor":15,"key":"SMITH"}],"circlet_count":0,"master_deck":["AscendersBane","Strike_G","Strike_G","Strike_G","Strike_G","Defend_G","Defend_G","Defend_G","Defend_G","Defend_G","Survivor","Neutralize","hexamod:Float","Guardian:Strike_Guardian","ReplayTheSpireMod:From All Sides+1","Outmaneuver","Flying Knee+1","PiercingWail","ReplayTheSpireMod:From All Sides+1","Outmaneuver+1","Blade Dance+1","Dodge and Roll+1","Doppelganger+1","Outmaneuver+1","Envenom","AbeCurse","Acrobatics+1"],"relics":["Ring of the Snake","Matryoshka","Toxic Egg 2","Singing Bowl","PreservedInsect","Abe\u0027s Treasure"],"acts_visited":["Exordium","TheCity"],"potions_floor_usage":[11,14],"damage_taken":[{"damage":0,"enemies":"Cultist","floor":1,"turns":3},{"damage":13,"enemies":"Small Slimes","floor":2,"turns":4},{"damage":4,"enemies":"Jaw Worm","floor":3,"turns":4},{"damage":27,"enemies":"Gremlin Nob","floor":6,"turns":4},{"damage":3,"enemies":"3 Louse","floor":7,"turns":4},{"damage":0,"enemies":"Lots of Slimes","floor":11,"turns":1},{"damage":7,"enemies":"Red Slaver","floor":12,"turns":4},{"damage":0,"enemies":"Large Slime","floor":14,"turns":4},{"damage":30,"enemies":"Hexaghost","floor":16,"turns":11},{"damage":30,"enemies":"2 Thieves","floor":18,"turns":4},{"damage":0,"enemies":"3 Byrds","floor":19,"turns":4},{"damage":30,"enemies":"Shelled Parasite and Fungi","floor":21,"turns":3}],"seed_played":"-7609472342879732998","potions_obtained":[{"floor":1,"key":"Toxic Potion"},{"floor":3,"key":"CunningPotion"},{"floor":7,"key":"SkillPotion"},{"floor":12,"key":"Death Potion"}],"is_trial":false,"path_per_floor":["M","M","M","$","?","E","M","R","T","R","M","M","R","M","R","B",null,"M","M","$","M"],"character_chosen":"THE_SILENT","items_purchased":["ReplayTheSpireMod:From All Sides+1"],"campfire_rested":2,"item_purchase_floors":[4],"current_hp_per_floor":[59,46,42,42,42,15,12,31,31,31,31,24,43,43,43,13,53,23,25,25,0,0],"gold":157,"neow_bonus":"THREE_RARE_CARDS","is_daily":false,"chose_seed":false,"campfire_upgraded":2,"win_rate":0.0,"timestamp":1608447740,"path_taken":["M","M","?","?","?","E","M","R","T","R","?","M","R","M","R","BOSS","M","M","$","M"],"items_purchased_type":["Card"],"build_version":"2020-12-13","purchased_purges":1,"victory":false,"max_hp_per_floor":[66,66,66,66,66,66,66,66,66,66,66,66,66,66,66,66,66,66,68,68,68,68],"card_choices":[{"not_picked":["Envenom","Wraith Form v2"],"picked":"ReplayTheSpireMod:From All Sides","floor":0},{"not_picked":["Caltrops","Acrobatics"],"picked":"Outmaneuver","floor":1},{"not_picked":["Underhanded Strike","Quick Slash"],"picked":"Flying Knee","floor":2},{"not_picked":["Riddle With Holes","Slice"],"picked":"PiercingWail","floor":3},{"not_picked":["Skewer","Slice"],"picked":"Outmaneuver+1","floor":6},{"not_picked":["Poisoned Stab","Prepared+1"],"picked":"Blade Dance+1","floor":7},{"not_picked":["Deadly Poison+1","Choke"],"picked":"Dodge and Roll+1","floor":11},{"not_picked":["Cloak And Dagger+1","Toxin Wave+1"],"picked":"Doppelganger+1","floor":12},{"not_picked":["Underhanded Strike","Flechettes"],"picked":"Outmaneuver+1","floor":14},{"not_picked":["Atom Bomb","ReplayTheSpireMod:From All Sides"],"picked":"Envenom","floor":16},{"not_picked":["Cloak And Dagger+1","Fluid Movement"],"picked":"Acrobatics+1","floor":18},{"not_picked":["Cloak And Dagger+1","Poisoned Stab+1","Underhanded Strike+1"],"picked":"Singing Bowl","floor":19}],"player_experience":696644,"relics_obtained":[{"floor":6,"key":"Toxic Egg 2"},{"floor":9,"key":"Singing Bowl"},{"floor":9,"key":"PreservedInsect"}],"event_choices":[{"damage_healed":0,"gold_gain":0,"player_choice":"Gave Potion","damage_taken":0,"relics_obtained":["Matryoshka"],"max_hp_gain":0,"max_hp_loss":0,"event_name":"WeMeetAgain","floor":5,"gold_loss":0}],"is_beta":false,"boss_relics":[{"not_picked":["Black Star","Snecko Eye"],"picked":"Abe\u0027s Treasure"}],"items_purged_floors":[20],"is_endless":false,"potions_floor_spawned":[1,3,7,12],"killed_by":"Shelled Parasite and Fungi","ascension_level":17}}