{"host":"e1ezmaebp4k769tb","time":1608435681,"event":{"mods":["2.2 Compatiblity","AchievementEnabler","AlwaysNeverKeys","BaseMod","CapriCore","Card Filter","Colored Powertips","Curses Come First","DeckTracker","Friendly Minions","Hermit","Highlight Path","Keyboard Shortcuts","Minty Spire (QoL Compilation)","Permanent Neow","Quick Restart","Red Circlet Mod","Relic Filter","Replay The Spire","StSLib","WarShipGirlsR/??á´Ò³R mod"],"gold_per_floor":[19,194,194,257,307,341,341,372,372,406,456,476,486,519,519,618,618,636,601,750,764,776,776,826,861,861,880,252,312,60,24,24,123,123,133,149,0,19,19,19,53,117,117,127,138,43,43,54,54,54,54,54,4,32,32,32],"floor_reached":55,"playtime":3043,"items_purged":["rmod:strick","rmod:strick"],"score":1566,"play_id":"e5a92e1f-e7aa-470b-b720-83e57eb785ec","local_time":"20201220124121","is_ascension_mode":true,"campfire_choices":[{"data":"rmod:rockthrower","floor":7,"key":"SMITH"},{"data":"rmod:seals","floor":23,"key":"SMITH"},{"floor":32,"key":"REST"},{"floor":40,"key":"REST"},{"floor":49,"key":"REST"},{"floor":52,"key":"REST"}],"circlet_count":0,"master_deck":["AscendersBane","rmod:defend","rmod:defend","rmod:defend","rmod:defend","rmod:basicallowance","rmod:maingunfire","rmod:garrisonisland+1","rmod:chargemoney+1","rmod:aggressivemary","rmod:rockthrower+1","rmod:wolves","rmod:guardianhero","rmod:diamondstrike","rmod:supportescort","rmod:steelsupply","rmod:seals+1","rmod:desperatesituation","rmod:supportescort+1","rmod:firesupport","rmod:punchline+1","rmod:guardianhero","rmod:windflower","rmod:lastglory","rmod:generalist+1","rmod:windflower","rmod:unsinkable+1","rmod:rockthrower+1","rmod:generalist+1"],"relics":["rmod:firstchargereward","SsserpentHead","PreservedInsect","Garlic","Nunchaku","Lizard Tail","Pet Ghost","ReplayTheSpireMod:DimensionalGlitch","Ice Cream","Spirit Poop","Question Card","Ornamental Fan","Mummified Hand","Shuriken","Sling","ReplayTheSpireMod:Ninjato","Velvet Choker","rmod:extraamm","Torii","Sundial","Pen Nib","Mercury Hourglass"],"acts_visited":["Exordium","TheCity","TheBeyond","TheEnding"],"potions_floor_usage":[6,14,25,33,33,36,48,50,55,55],"damage_taken":[{"damage":2,"enemies":"2 Louse","floor":1,"turns":3},{"damage":5,"enemies":"Jaw Worm","floor":4,"turns":4},{"damage":8,"enemies":"Gremlin Nob","floor":6,"turns":3},{"damage":20,"enemies":"Lagavulin","floor":8,"turns":5},{"damage":20,"enemies":"3 Sentries","floor":10,"turns":6},{"damage":0,"enemies":"Cultist","floor":12,"turns":2},{"damage":0,"enemies":"3 Louse","floor":13,"turns":2},{"damage":0,"enemies":"Lagavulin","floor":14,"turns":4},{"damage":0,"enemies":"Slime Boss","floor":16,"turns":9},{"damage":4,"enemies":"3 Byrds","floor":18,"turns":6},{"damage":8,"enemies":"2 Thieves","floor":21,"turns":4},{"damage":33,"enemies":"Centurion and Healer","floor":22,"turns":4},{"damage":24,"enemies":"Gremlin Leader","floor":25,"turns":3},{"damage":0,"enemies":"Snake Plant","floor":27,"turns":4},{"damage":0,"enemies":"Chosen and Byrds","floor":29,"turns":4},{"damage":13,"enemies":"Pondfish","floor":33,"turns":11},{"damage":0,"enemies":"3 Darklings","floor":35,"turns":4},{"damage":6,"enemies":"Orb Walker","floor":36,"turns":3},{"damage":54,"enemies":"Transient","floor":38,"turns":5},{"damage":5,"enemies":"Giant Head","floor":41,"turns":6},{"damage":0,"enemies":"Maw","floor":42,"turns":6},{"damage":1,"enemies":"Jaw Worm Horde","floor":45,"turns":3},{"damage":0,"enemies":"Writhing Mass","floor":48,"turns":4},{"damage":38,"enemies":"Awakened One","floor":50,"turns":11},{"damage":34,"enemies":"Shield and Spear","floor":54,"turns":6},{"damage":82,"enemies":"The Heart","floor":55,"turns":8}],"seed_played":"1433000792247319143","potions_obtained":[{"floor":1,"key":"DistilledChaos"},{"floor":4,"key":"EssenceOfSteel"},{"floor":8,"key":"DuplicationPotion"},{"floor":16,"key":"Elixir"},{"floor":22,"key":"FairyPotion"},{"floor":25,"key":"DuplicationPotion"},{"floor":35,"key":"Weak Potion"},{"floor":38,"key":"AttackPotion"},{"floor":42,"key":"Toxic Potion"},{"floor":44,"key":"CultistPotion"},{"floor":44,"key":"Adrenaline Potion"},{"floor":48,"key":"Elixir"}],"is_trial":false,"path_per_floor":["M","?","?","M","?","E","R","E","T","E","?","M","M","E","R","B",null,"M","?","?","M","M","R","?","E","T","M","$","M","$","?","R","B",null,"M","M","$","M","$","R","E","M","T","?","M","$","$","M","R","B",null,"R","$","E","B"],"character_chosen":"PRAEFECT","items_purchased":["Mummified Hand","Shuriken","LifebloodPotion","Sling","rmod:extraamm","Pen Nib","Dexterity Potion"],"campfire_rested":4,"item_purchase_floors":[28,28,28,30,37,46,53],"current_hp_per_floor":[66,66,66,61,61,53,53,33,33,13,13,13,13,13,35,35,65,61,61,61,53,20,20,20,11,11,11,11,11,11,11,33,20,61,61,55,55,1,1,23,18,18,18,18,17,17,17,17,39,1,57,75,75,41,0,0],"gold":32,"neow_bonus":"TRANSFORM_TWO_CARDS","is_daily":false,"chose_seed":false,"campfire_upgraded":2,"win_rate":0.0,"timestamp":1608435681,"path_taken":["M","?","?","?","?","E","R","E","T","E","?","M","M","E","R","BOSS","M","?","?","M","M","R","?","E","T","M","$","?","$","?","R","BOSS","M","M","$","M","$","R","E","?","T","?","M","?","$","M","R","BOSS","R","$","E","BOSS"],"items_purchased_type":["Relic","Relic","Potion","Relic","Relic","Relic","Potion"],"build_version":"2020-12-13","purchased_purges":2,"victory":false,"max_hp_per_floor":[75,75,75,75,75,75,75,75,75,75,75,75,75,75,75,75,75,75,75,75,75,75,75,75,75,75,75,75,75,75,75,75,75,75,75,75,75,75,75,75,75,75,75,75,75,75,75,75,75,75,75,75,75,75,75,75],"card_choices":[{"not_picked":["rmod:expedition","rmod:openingtorpedo"],"picked":"rmod:aggressivemary","floor":1},{"not_picked":["rmod:luckystar","rmod:highspeedshooting"],"picked":"rmod:rockthrower","floor":4},{"not_picked":["rmod:openingtorpedo","rmod:supportaircraftcarrier"],"picked":"rmod:wolves","floor":6},{"not_picked":["rmod:luckystar","rmod:steelsupply"],"picked":"rmod:guardianhero","floor":8},{"not_picked":["rmod:fuelsupply","rmod:stealaluminum"],"picked":"rmod:diamondstrike","floor":10},{"not_picked":["rmod:expedition","rmod:fuelsupply"],"picked":"rmod:supportescort","floor":12},{"not_picked":["rmod:highspeedshooting","rmod:combined"],"picked":"rmod:steelsupply","floor":13},{"not_picked":["rmod:concentratefire","rmod:aggressivemary"],"picked":"rmod:seals","floor":14},{"not_picked":["rmod:fletcher","rmod:supriseattacks"],"picked":"rmod:desperatesituation","floor":16},{"not_picked":["rmod:highspeedshooting","rmod:shuttlebombing"],"picked":"rmod:supportescort+1","floor":18},{"not_picked":["rmod:supportescort+1","rmod:garrisonisland","rmod:aluminumsupply"],"picked":"SKIP","floor":21},{"not_picked":["rmod:aluminumsupply","rmod:luckystar+1"],"picked":"rmod:firesupport","floor":22},{"not_picked":["rmod:rockthrower","rmod:chargemoney"],"picked":"rmod:punchline+1","floor":25},{"not_picked":["rmod:intelligenceanalysis","rmod:combined+1","rmod:capitalist"],"picked":"rmod:guardianhero","floor":27},{"not_picked":["rmod:ammunitionsupply","rmod:intelligenceanalysis","rmod:generalist"],"picked":"rmod:windflower","floor":29},{"not_picked":["rmod:u235","rmod:expeditionaryescort","rmod:acesubmarine"],"picked":"rmod:lastglory","floor":33},{"not_picked":["rmod:aviationdawn+1","rmod:steelsupply+1","rmod:royalracing"],"picked":"rmod:generalist+1","floor":35},{"not_picked":["rmod:firesupport","rmod:victimresponsibility","rmod:maintain+1"],"picked":"rmod:windflower","floor":36},{"not_picked":["rmod:intelligenceanalysis+1","rmod:ammunitionsupply+1","rmod:victimresponsibility","rmod:steelsupply+1"],"picked":"SKIP","floor":38},{"not_picked":["rmod:rockthrower","rmod:shuttlebombing+1","rmod:maintain"],"picked":"rmod:unsinkable+1","floor":41},{"not_picked":["rmod:fletcherpendant","rmod:combined","rmod:aggressivemary","rmod:highspeedshooting"],"picked":"SKIP","floor":42},{"not_picked":["rmod:slowdown+1","rmod:overbreakdown","rmod:steelsupply+1","rmod:intelligenceanalysis+1"],"picked":"SKIP","floor":45},{"not_picked":["rmod:diamondstrike","rmod:steelsupply","rmod:aluminumsupply"],"picked":"rmod:rockthrower+1","floor":48},{"not_picked":["rmod:victimresponsibility","rmod:overbreakdown+1","rmod:robin"],"picked":"rmod:generalist+1","floor":54}],"player_experience":118606,"relics_obtained":[{"floor":6,"key":"PreservedInsect"},{"floor":8,"key":"Garlic"},{"floor":9,"key":"Nunchaku"},{"floor":10,"key":"Lizard Tail"},{"floor":14,"key":"Pet Ghost"},{"floor":25,"key":"Question Card"},{"floor":26,"key":"Ornamental Fan"},{"floor":41,"key":"Torii"},{"floor":43,"key":"Sundial"},{"floor":54,"key":"Mercury Hourglass"}],"event_choices":[{"damage_healed":0,"gold_gain":175,"player_choice":"AGREE","damage_taken":0,"max_hp_gain":0,"max_hp_loss":0,"event_name":"Liars Game","floor":2,"gold_loss":0,"cards_obtained":["Doubt"]},{"damage_healed":0,"gold_gain":0,"player_choice":"Trade","damage_taken":0,"relics_obtained":["SsserpentHead"],"max_hp_gain":0,"max_hp_loss":0,"event_name":"FaceTrader","floor":3,"gold_loss":0},{"damage_healed":0,"gold_gain":0,"player_choice":"Grow","damage_taken":0,"max_hp_gain":0,"max_hp_loss":0,"event_name":"Living Wall","floor":11,"gold_loss":0,"cards_upgraded":["rmod:chargemoney"]},{"damage_healed":0,"gold_gain":0,"player_choice":"Obtained Relic","damage_taken":0,"relics_obtained":["Ice Cream"],"max_hp_gain":0,"max_hp_loss":0,"event_name":"Addict","floor":19,"gold_loss":85},{"damage_healed":0,"gold_gain":99,"player_choice":"Stole From Cult","damage_taken":0,"max_hp_gain":0,"max_hp_loss":0,"event_name":"Nest","floor":20,"gold_loss":0},{"cards_removed":["Doubt"],"damage_healed":0,"gold_gain":0,"player_choice":"Offered Curse","damage_taken":0,"relics_obtained":["Spirit Poop"],"max_hp_gain":0,"max_hp_loss":0,"event_name":"Bonfire Elementals","floor":24,"gold_loss":0},{"damage_healed":0,"gold_gain":0,"player_choice":"Paid Gold","damage_taken":0,"relics_obtained":["ReplayTheSpireMod:Ninjato"],"max_hp_gain":0,"max_hp_loss":0,"event_name":"WeMeetAgain","floor":31,"gold_loss":86},{"damage_healed":0,"gold_gain":0,"player_choice":"Bought 3 Potions","damage_taken":0,"max_hp_gain":0,"max_hp_loss":0,"event_name":"The Woman in Blue","floor":44,"gold_loss":0}],"is_beta":false,"boss_relics":[{"not_picked":["ChewingGum","SacredBark"],"picked":"ReplayTheSpireMod:DimensionalGlitch"},{"not_picked":["Honey Jar","Replay:Drink Me"],"picked":"Velvet Choker"}],"items_purged_floors":[28,30],"is_endless":false,"potions_floor_spawned":[1,4,8,16,22,25,29,35,38,42,48,54],"killed_by":"The Heart","ascension_level":11}}