{"host":"fne7yx97fnz7kq05","time":1608485498,"event":{"mods":["BaseMod","Colored Map","Colored Powertips","Highlight Path","Minty Spire (QoL Compilation)","Relic Stats"],"gold_per_floor":[15,25,25,25,100,100,143,155,213,263,275,307,31,51,51,177,177,202,226,16,29,29,29,48,71,119,159,9,9,45,68,68,192,255,273,287,287,351,351,351,370,114,114,147,147,181,141,141,141,141,141,141,3,44,44],"floor_reached":56,"playtime":3360,"items_purged":["Strike_G","Strike_G","A Thousand Cuts"],"score":1399,"play_id":"c30dee4f-0be0-4bc8-8dd8-90edc2c8c2e6","local_time":"20201220113138","is_ascension_mode":true,"campfire_choices":[{"data":"Predator","floor":6,"key":"SMITH"},{"data":"Sucker Punch","floor":8,"key":"SMITH"},{"data":"Catalyst","floor":15,"key":"SMITH"},{"data":"Catalyst","floor":23,"key":"SMITH"},{"data":"Bullet Time","floor":32,"key":"SMITH"},{"floor":40,"key":"REST"},{"floor":45,"key":"RECALL"},{"data":"Madness","floor":49,"key":"SMITH"},{"data":"Madness","floor":52,"key":"SMITH"}],"circlet_count":0,"master_deck":["Defend_G+1","Defend_G","Defend_G","Defend_G+1","Defend_G","Survivor","Neutralize+1","Glass Knife+1","Sucker Punch+1","Blur","Dagger Spray+1","Underhanded Strike","Deadly Poison","Catalyst+1","Corpse Explosion","Flying Knee+1","Catalyst+1","PiercingWail+1","Dodge and Roll+1","Calculated Gamble","PiercingWail+1","Bullet Time+1","Noxious Fumes","Poisoned Stab","PiercingWail+1","Leg Sweep+1","Dagger Throw+1","PanicButton","Madness+1","Madness+1","Blur","Noxious Fumes","Deflect"],"relics":["Ring of the Snake","Golden Idol","MawBank","Pen Nib","Matryoshka","Membership Card","Runic Pyramid","Orrery","Potion Belt","Toy Ornithopter","Kunai","Lee\u0027s Waffle","Molten Egg 2","War Paint","Whetstone","Tiny House","CaptainsWheel","Strawberry","Juzu Bracelet","Shuriken","Blood Vial","Happy Flower","Mercury Hourglass"],"acts_visited":["Exordium","TheCity","TheBeyond","TheEnding"],"potions_floor_usage":[14,19,27,27,33,33,36,38,38,44,46,46,48,50,54,55,55],"damage_taken":[{"damage":0,"enemies":"Cultist","floor":1,"turns":2},{"damage":0,"enemies":"Small Slimes","floor":2,"turns":2},{"damage":13,"enemies":"3 Sentries","floor":7,"turns":6},{"damage":10,"enemies":"Gremlin Nob","floor":10,"turns":3},{"damage":0,"enemies":"2 Louse","floor":12,"turns":1},{"damage":0,"enemies":"Large Slime","floor":14,"turns":2},{"damage":22,"enemies":"The Guardian","floor":16,"turns":10},{"damage":0,"enemies":"Spheric Guardian","floor":18,"turns":1},{"damage":7,"enemies":"3 Byrds","floor":19,"turns":3},{"damage":13,"enemies":"Snake Plant","floor":21,"turns":4},{"damage":11,"enemies":"Centurion and Healer","floor":24,"turns":3},{"damage":0,"enemies":"3 Cultists","floor":25,"turns":4},{"damage":0,"enemies":"Book of Stabbing","floor":27,"turns":4},{"damage":7,"enemies":"Gremlin Leader","floor":30,"turns":6},{"damage":3,"enemies":"Automaton","floor":33,"turns":6},{"damage":3,"enemies":"Orb Walker","floor":35,"turns":4},{"damage":3,"enemies":"3 Darklings","floor":36,"turns":3},{"damage":49,"enemies":"2 Orb Walkers","floor":38,"turns":4},{"damage":0,"enemies":"4 Shapes","floor":41,"turns":7},{"damage":18,"enemies":"Reptomancer","floor":44,"turns":7},{"damage":3,"enemies":"Giant Head","floor":46,"turns":8},{"damage":0,"enemies":"Sphere and 2 Shapes","floor":48,"turns":1},{"damage":9,"enemies":"Donu and Deca","floor":50,"turns":5},{"damage":5,"enemies":"Shield and Spear","floor":54,"turns":5},{"damage":63,"enemies":"The Heart","floor":55,"turns":9}],"seed_played":"7712635692971226493","potions_obtained":[{"floor":7,"key":"LiquidMemories"},{"floor":14,"key":"ColorlessPotion"},{"floor":24,"key":"Energy Potion"},{"floor":25,"key":"Block Potion"},{"floor":27,"key":"AttackPotion"},{"floor":30,"key":"LiquidMemories"},{"floor":33,"key":"Weak Potion"},{"floor":34,"key":"GamblersBrew"},{"floor":41,"key":"SpeedPotion"},{"floor":44,"key":"GamblersBrew"},{"floor":46,"key":"BlessingOfTheForge"},{"floor":47,"key":"EssenceOfSteel"},{"floor":47,"key":"LiquidBronze"},{"floor":47,"key":"SmokeBomb"}],"is_trial":false,"path_per_floor":["M","M","?","?","?","R","E","R","T","E","?","M","$","M","R","B",null,"M","M","$","M","$","R","M","M","T","E","$","?","E","T","R","B",null,"M","M","?","?","?","R","M","$","T","E","R","E","?","M","R","B",null,"R","$","E","B",null],"character_chosen":"THE_SILENT","items_purchased":["Membership Card","Catalyst","FairyPotion","Weak Potion","Catalyst","Orrery","Potion Belt","Energy Potion","Bullet Time","Noxious Fumes","Lee\u0027s Waffle","DuplicationPotion","Noxious Fumes","Strawberry","Juzu Bracelet","GhostInAJar","Deflect"],"campfire_rested":1,"item_purchase_floors":[13,13,13,13,20,20,20,20,28,28,28,42,42,42,42,53,53],"current_hp_per_floor":[70,70,70,65,54,54,41,41,41,31,31,31,31,31,31,9,65,65,58,58,45,45,45,34,34,34,44,72,72,65,65,65,72,77,74,76,66,27,27,50,50,57,57,44,44,53,53,60,60,58,84,84,84,79,26],"gold":44,"neow_bonus":"THREE_RARE_CARDS","is_daily":false,"chose_seed":false,"campfire_upgraded":7,"win_rate":0.0,"timestamp":1608485498,"path_taken":["M","M","?","?","?","R","E","R","T","E","?","?","?","M","R","BOSS","M","M","$","M","?","R","?","M","T","E","$","?","E","?","R","BOSS","M","M","?","?","?","R","?","$","T","E","R","E","?","M","R","BOSS","R","$","E","BOSS"],"items_purchased_type":["Relic","Card","Potion","Potion","Card","Relic","Relic","Potion","Card","Card","Relic","Potion","Card","Relic","Relic","Potion","Card"],"build_version":"2020-12-13","purchased_purges":3,"victory":true,"max_hp_per_floor":[70,70,70,65,65,65,65,65,65,65,65,65,65,65,65,65,65,65,65,65,65,65,65,65,65,65,65,72,72,72,72,72,72,77,77,77,77,77,77,77,77,84,84,84,84,84,84,84,84,84,84,84,84,84,84],"relic_stats":{"Lee\u0027s Waffle":28,"Happy Flower":[6],"counters":[25,110],"Golden Idol":224,"Pen Nib":[11],"Juzu Bracelet":0,"Whetstone":["Dagger Spray","Neutralize"],"War Paint":["Defend_G","Defend_G"],"MawBank":72,"Mercury Hourglass":[27],"Blood Vial":8,"Shuriken":[3],"Kunai":[9],"obtain_stats":[{"Potion Belt":20,"Lee\u0027s Waffle":28,"Tiny House":34,"Happy Flower":46,"Golden Idol":4,"Pen Nib":9,"Juzu Bracelet":42,"Whetstone":31,"War Paint":31,"MawBank":7,"Mercury Hourglass":54,"Blood Vial":44,"CaptainsWheel":38,"Matryoshka":10,"Shuriken":43,"Strawberry":42,"Orrery":20,"Molten Egg 2":30,"Membership Card":13,"Kunai":27,"Toy Ornithopter":26,"Ring of the Snake":0,"Runic Pyramid":17},{"Potion Belt":9,"Lee\u0027s Waffle":13,"Tiny House":15,"Happy Flower":21,"Golden Idol":2,"Pen Nib":3,"Juzu Bracelet":19,"Whetstone":14,"War Paint":14,"MawBank":3,"Mercury Hourglass":24,"Blood Vial":20,"CaptainsWheel":18,"Matryoshka":4,"Shuriken":19,"Strawberry":19,"Orrery":9,"Molten Egg 2":14,"Membership Card":5,"Kunai":13,"Toy Ornithopter":12,"Ring of the Snake":0,"Runic Pyramid":7},{"Potion Belt":30,"Lee\u0027s Waffle":45,"Tiny House":57,"Happy Flower":90,"Golden Idol":4,"Pen Nib":10,"Juzu Bracelet":75,"Whetstone":51,"War Paint":51,"MawBank":10,"Mercury Hourglass":101,"Blood Vial":82,"CaptainsWheel":68,"Matryoshka":13,"Shuriken":75,"Strawberry":75,"Orrery":30,"Molten Egg 2":51,"Membership Card":14,"Kunai":45,"Toy Ornithopter":41,"Ring of the Snake":0,"Runic Pyramid":26}],"Toy Ornithopter":68,"Ring of the Snake":[50]},"card_choices":[{"not_picked":["Venomology","Bullet Time"],"picked":"Glass Knife","floor":0},{"not_picked":["Prepared","Eviscerate"],"picked":"Sucker Punch","floor":1},{"not_picked":["Blade Dance","Flying Knee"],"picked":"Predator","floor":2},{"not_picked":["Expertise","All Out Attack"],"picked":"Blur","floor":7},{"not_picked":["Bane","Eviscerate"],"picked":"Dagger Spray","floor":10},{"not_picked":["Poisoned Stab","Deflect"],"picked":"Deadly Poison","floor":12},{"not_picked":["Caltrops","Dodge and Roll","Prepared"],"picked":"SKIP","floor":14},{"not_picked":["After Image","Die Die Die"],"picked":"Corpse Explosion","floor":16},{"not_picked":["Heel Hook","Endless Agony","Tactician"],"picked":"SKIP","floor":18},{"not_picked":["Slice+1","Endless Agony+1"],"picked":"Flying Knee+1","floor":19},{"not_picked":["Sucker Punch+1","Doppelganger"],"picked":"PiercingWail+1","floor":20},{"not_picked":["Acrobatics","Adrenaline"],"picked":"Dodge and Roll+1","floor":21},{"not_picked":["Quick Slash","Reflex","Outmaneuver"],"picked":"SKIP","floor":24},{"not_picked":["Dash","Sucker Punch"],"picked":"Calculated Gamble","floor":25},{"not_picked":["Deadly Poison","Slice"],"picked":"PiercingWail+1","floor":27},{"not_picked":["Skewer+1","PiercingWail","Slice+1"],"picked":"SKIP","floor":30},{"not_picked":["Skewer+1","Slice+1"],"picked":"PiercingWail","floor":30},{"not_picked":["Backstab+1","Caltrops"],"picked":"Leg Sweep+1","floor":35},{"not_picked":["Distraction+1","Masterful Stab+1"],"picked":"Dagger Throw+1","floor":36},{"not_picked":["Jack Of All Trades","Mind Blast+1"],"picked":"PanicButton","floor":37},{"not_picked":["Master of Strategy","Impatience"],"picked":"Madness","floor":37},{"not_picked":["Impatience","Flash of Steel+1"],"picked":"Madness","floor":37},{"not_picked":["Acrobatics+1","Quick Slash+1"],"picked":"Blur","floor":41},{"not_picked":["Prepared","Heel Hook+1","Poisoned Stab+1"],"picked":"SKIP","floor":44},{"not_picked":["Poisoned Stab+1","Endless Agony+1","Backflip"],"picked":"SKIP","floor":46},{"not_picked":["Leg Sweep+1","Backflip+1","Dodge and Roll"],"picked":"SKIP","floor":54}],"player_experience":84041,"relics_obtained":[{"floor":7,"key":"MawBank"},{"floor":9,"key":"Pen Nib"},{"floor":10,"key":"Matryoshka"},{"floor":26,"key":"Toy Ornithopter"},{"floor":27,"key":"Kunai"},{"floor":30,"key":"Molten Egg 2"},{"floor":31,"key":"War Paint"},{"floor":31,"key":"Whetstone"},{"floor":38,"key":"CaptainsWheel"},{"floor":43,"key":"Shuriken"},{"floor":44,"key":"Blood Vial"},{"floor":46,"key":"Happy Flower"},{"floor":54,"key":"Mercury Hourglass"}],"event_choices":[{"damage_healed":0,"gold_gain":0,"player_choice":"Grow","damage_taken":0,"max_hp_gain":0,"max_hp_loss":0,"event_name":"Living Wall","floor":3,"gold_loss":0,"cards_upgraded":["Glass Knife"]},{"damage_healed":0,"gold_gain":0,"player_choice":"Lose Max HP","damage_taken":0,"relics_obtained":["Golden Idol"],"max_hp_gain":0,"max_hp_loss":5,"event_name":"Golden Idol","floor":4,"gold_loss":0},{"damage_healed":0,"gold_gain":75,"player_choice":"Gather Gold","damage_taken":11,"max_hp_gain":0,"max_hp_loss":0,"event_name":"World of Goop","floor":5,"gold_loss":0},{"damage_healed":0,"gold_gain":0,"cards_transformed":["Strike_G"],"player_choice":"Transformed","damage_taken":0,"max_hp_gain":0,"max_hp_loss":0,"event_name":"Transmorgrifier","floor":11,"gold_loss":0,"cards_obtained":["Underhanded Strike"]},{"damage_healed":0,"gold_gain":0,"cards_transformed":["Strike_G","Strike_G"],"player_choice":"Became Test Subject","damage_taken":0,"max_hp_gain":0,"max_hp_loss":0,"event_name":"Drug Dealer","floor":29,"gold_loss":0,"cards_obtained":["Poisoned Stab","A Thousand Cuts"]},{"damage_healed":0,"gold_gain":0,"player_choice":"Memory 3","damage_taken":10,"max_hp_gain":0,"max_hp_loss":0,"event_name":"SensoryStone","floor":37,"gold_loss":0},{"damage_healed":0,"gold_gain":0,"player_choice":"Fight","damage_taken":0,"max_hp_gain":0,"max_hp_loss":0,"event_name":"Mysterious Sphere","floor":38,"gold_loss":0},{"cards_removed":["Predator"],"damage_healed":0,"gold_gain":0,"player_choice":"Card Removal","damage_taken":0,"max_hp_gain":0,"max_hp_loss":0,"event_name":"Wheel of Change","floor":39,"gold_loss":0},{"damage_healed":0,"gold_gain":0,"player_choice":"Bought 3 Potions","damage_taken":0,"max_hp_gain":0,"max_hp_loss":0,"event_name":"The Woman in Blue","floor":47,"gold_loss":0}],"is_beta":false,"boss_relics":[{"not_picked":["Astrolabe","HoveringKite"],"picked":"Runic Pyramid"},{"not_picked":["SacredBark","WristBlade"],"picked":"Tiny House"}],"items_purged_floors":[13,42,53],"is_endless":false,"potions_floor_spawned":[7,14,16,24,25,27,30,33,41,44,46,48],"ascension_level":2}}