{"host":"uflv0e3ja7hvnij7","time":1608472891,"event":{"mods":["BaseMod","Conspire","Hubris","Minty Spire (QoL Compilation)","Replay The Spire","StSLib","The Bug Knight"],"gold_per_floor":[114,164,182,200,217,246,246,246,271,288,288,288,165,180,180,281,281,197,197,110,60,60],"floor_reached":21,"playtime":1319,"items_purged":["ReplayTheSpireMod:Restless Dread","Writhe"],"score":199,"play_id":"c37b00a6-b1d4-4a47-8e06-b6938f15c455","local_time":"20201220090131","is_ascension_mode":true,"campfire_choices":[{"floor":7,"key":"REST"},{"data":"conspire:DoublingDagger","floor":12,"key":"SMITH"},{"data":"Blade Dance","floor":15,"key":"SMITH"}],"circlet_count":0,"master_deck":["HollowMod:LifebloodCocoon+1","Defend_G","Defend_G","Defend_G","Defend_G","Survivor","Neutralize","Blade Dance+1","PiercingWail","conspire:DoublingDagger+1","ReplayTheSpireMod:Shiv Toss","Infinite Blades+1","A Thousand Cuts+1","ReplayTheSpireMod:From All Sides+1","CommonCold","Pot Of Greed","Pot Of Greed"],"relics":["Ring of the Snake","Ring of Greed","Ring of Fury","Golden Egg","Smiling Mask","Replay:Mystery Machine","Lantern","hubris:Towel","Kintsugi","Grinning Jar"],"acts_visited":["Exordium","TheCity"],"potions_floor_usage":[5,20,20],"damage_taken":[{"damage":0,"enemies":"Small Slimes","floor":1,"turns":4},{"damage":0,"enemies":"2 Louse","floor":3,"turns":2},{"damage":2,"enemies":"Jaw Worm","floor":4,"turns":2},{"damage":13,"enemies":"Large Slime","floor":5,"turns":5},{"damage":50,"enemies":"Gremlin Nob","floor":6,"turns":5},{"damage":0,"enemies":"Blue Slaver","floor":10,"turns":3},{"damage":0,"enemies":"Lots of Slimes","floor":14,"turns":3},{"damage":6,"enemies":"Hexaghost","floor":16,"turns":7},{"damage":16,"enemies":"2 Thieves","floor":18,"turns":4},{"damage":5,"enemies":"3 Byrds","floor":20,"turns":3}],"seed_played":"1923741878521432276","potions_obtained":[{"floor":3,"key":"Weak Potion"},{"floor":6,"key":"LiquidBronze"},{"floor":10,"key":"Poison Potion"},{"floor":14,"key":"Fire Potion"},{"floor":20,"key":"Weak Potion"}],"is_trial":false,"path_per_floor":["M","?","M","M","M","E","R","?","T","M","?","R","$","M","R","B",null,"M","?","M","$"],"character_chosen":"THE_SILENT","items_purchased":["Infinite Blades"],"campfire_rested":1,"item_purchase_floors":[13],"current_hp_per_floor":[70,70,70,68,55,5,26,26,26,26,26,26,26,26,26,20,70,54,54,49,49,49],"gold":60,"neow_bonus":"THREE_CARDS","is_daily":false,"chose_seed":false,"campfire_upgraded":2,"win_rate":0.0,"timestamp":1608472891,"path_taken":["M","?","M","M","M","E","R","?","T","M","?","R","?","M","R","BOSS","M","?","M","$"],"items_purchased_type":["Card"],"build_version":"2020-12-13","purchased_purges":2,"victory":false,"max_hp_per_floor":[70,70,70,70,70,70,70,70,70,70,70,70,70,70,70,70,70,70,70,70,70,70],"card_choices":[{"not_picked":["Acrobatics","Expertise"],"picked":"Blade Dance","floor":0},{"not_picked":["Dagger Throw","ReplayTheSpireMod:Exploit Weakness"],"picked":"PiercingWail","floor":1},{"not_picked":["Distraction","Flying Knee"],"picked":"conspire:DoublingDagger","floor":3},{"not_picked":["PiercingWail","hubris:Counter","Bane"],"picked":"SKIP","floor":4},{"not_picked":["Sucker Punch","Acrobatics"],"picked":"ReplayTheSpireMod:Shiv Toss","floor":5},{"not_picked":["Deflect","Dodge and Roll","Setup"],"picked":"SKIP","floor":6},{"not_picked":["Dagger Throw","Dodge and Roll","ReplayTheSpireMod:The Works"],"picked":"SKIP","floor":10},{"not_picked":["Skewer","Outmaneuver"],"picked":"A Thousand Cuts","floor":14},{"not_picked":["Atom Bomb","Envenom"],"picked":"ReplayTheSpireMod:From All Sides","floor":16},{"not_picked":["Footwork","Dagger Throw","hubris:SlightOfHand"],"picked":"SKIP","floor":18},{"not_picked":["Outmaneuver+1","Finisher","Prepared"],"picked":"SKIP","floor":20}],"player_experience":259856,"relics_obtained":[{"floor":2,"key":"Ring of Greed"},{"floor":2,"key":"Ring of Fury"},{"floor":2,"key":"Golden Egg"},{"floor":2,"key":"Smiling Mask"},{"floor":6,"key":"Replay:Mystery Machine"},{"floor":9,"key":"Lantern"}],"event_choices":[],"is_beta":false,"boss_relics":[{"not_picked":["conspire:SeveredTorchhead","Honey Jar"],"picked":"Kintsugi"}],"items_purged_floors":[13,21],"is_endless":false,"potions_floor_spawned":[3,6,10,14,20],"ascension_level":2}}