{"host":"eq1m0q9u0q68wvol","time":1608436238,"event":{"mods":["Act Like it!","BaseMod","Colored Powertips","Gensokyo","Marisa（霧雨　魔理沙）","Minty Spire (QoL Compilation)","StSLib","The Servant 0.9.4","[IsaacMod]以撒尖塔"],"gold_per_floor":[209,225,155,155,155,182,202,232,232,232,247,247,265,280,280,295,295],"floor_reached":16,"playtime":1112,"items_purged":[],"score":104,"play_id":"8f6bfd6f-d559-4aa8-b2cd-7f2f9cf6fbe1","local_time":"20201220115038","is_ascension_mode":false,"campfire_choices":[{"data":"Fan","floor":12,"key":"SMITH"},{"data":"Zap","floor":15,"key":"SMITH"}],"circlet_count":0,"master_deck":["Strike_B","Strike_B","Strike_B","Strike_B","Defend_B","Defend_B","Defend_B","Defend_B","Zap+1","Dualcast","BettingIsNotGood","FTL","Chaos","Gash","Sweeping Beam","Fan+1","Melter","FTL"],"relics":["Cracked Core","HushsDoor","YumHeart","Gensokyo:NagashiBinaDoll","Torii"],"acts_visited":["Exordium"],"potions_floor_usage":[16],"damage_taken":[{"damage":6,"enemies":"Gensokyo:Gryphon","floor":1,"turns":3},{"damage":1,"enemies":"Gensokyo:Python","floor":2,"turns":3},{"damage":2,"enemies":"Gensokyo:2_Kodama","floor":6,"turns":4},{"damage":3,"enemies":"Gensokyo:LivingMonolith","floor":7,"turns":3},{"damage":27,"enemies":"Gensokyo:Cirno","floor":8,"turns":5},{"damage":4,"enemies":"Gensokyo:3_Kodama","floor":11,"turns":5},{"damage":11,"enemies":"Gensokyo:Gryphon_and_Rabbit","floor":13,"turns":5},{"damage":9,"enemies":"Gensokyo:Python_and_Kodama","floor":14,"turns":4},{"damage":46,"enemies":"Gensokyo:Reimu","floor":16,"turns":9}],"seed_played":"-281370707321742277","potions_obtained":[{"floor":2,"key":"SteroidPotion"},{"floor":8,"key":"ColorlessPotion"},{"floor":11,"key":"FearPotion"}],"is_trial":false,"path_per_floor":["M","M","$","?","?","M","M","E","T","?","M","R","M","M","R","B"],"character_chosen":"DEFECT","items_purchased":["FTL"],"campfire_rested":0,"item_purchase_floors":[3],"current_hp_per_floor":[69,73,73,73,73,71,68,66,66,51,52,52,46,37,37,0,0],"gold":295,"neow_bonus":"HUNDRED_GOLD","is_daily":false,"chose_seed":false,"campfire_upgraded":2,"win_rate":0.0,"timestamp":1608436238,"path_taken":["M","M","$","?","?","?","?","E","T","?","M","R","M","M","R","BOSS"],"items_purchased_type":["Card"],"build_version":"2020-12-13","purchased_purges":0,"victory":false,"max_hp_per_floor":[75,75,75,75,75,75,75,75,75,75,75,75,75,75,75,75,75],"card_choices":[{"not_picked":[],"picked":"BettingIsNotGood","floor":0},{"not_picked":["Undo","Beam Cell","Streamline"],"picked":"SKIP","floor":1},{"not_picked":["Stack","Go for the Eyes","Redo"],"picked":"SKIP","floor":2},{"not_picked":["Stack","Blizzard"],"picked":"Chaos","floor":5},{"not_picked":["White Noise","Cancel"],"picked":"Gash","floor":5},{"not_picked":["Cancel","Darkness","Go for the Eyes"],"picked":"SKIP","floor":6},{"not_picked":["Multi-Cast","Leap"],"picked":"Sweeping Beam","floor":7},{"not_picked":["Turbo","Sunder"],"picked":"Fan","floor":8},{"not_picked":["Leap","Hello World","Streamline"],"picked":"SKIP","floor":11},{"not_picked":["Storm","Rebound"],"picked":"Melter","floor":13},{"not_picked":["Double Energy","Go for the Eyes"],"picked":"FTL","floor":14}],"player_experience":305876,"relics_obtained":[{"floor":8,"key":"Torii"}],"event_choices":[],"is_beta":false,"boss_relics":[],"items_purged_floors":[],"is_endless":false,"potions_floor_spawned":[2,8,11],"killed_by":"Gensokyo:Reimu","ascension_level":0}}