{"host":"5dzuyvrjb30uqvwu","time":1608504338,"event":{"mods":["AchievementEnabler","BaseMod","Colored Powertips","Lobotomy","Minty Spire (QoL Compilation)","Quick Restart","slay the spire mod where everything is the same but ironclad has a cowboy hat"],"gold_per_floor":[112,132,57,69,89,89,55,419,419,419,419,432,382,401,401,522,522,535,535,222,68,115,153,153,184,236,249,290,290,37,70,70,191,191,205,205,223,73,92,92,130,130,130,149,165,40,84,84,84,84,84,84,34,67,67],"floor_reached":56,"playtime":4811,"items_purged":["LittleHelper","WhitesApple","CherryBlossoms","GreedKing"],"score":1495,"play_id":"79351c28-530b-4946-a991-f868276b3769","local_time":"20201220144538","is_ascension_mode":true,"campfire_choices":[{"data":"Rupture","floor":6,"key":"SMITH"},{"data":"Shrug It Off","floor":10,"key":"SMITH"},{"data":"Metallicize","floor":15,"key":"SMITH"},{"data":"Limit Break","floor":24,"key":"SMITH"},{"data":"Heavy Blade","floor":29,"key":"SMITH"},{"data":"Rampage","floor":32,"key":"SMITH"},{"data":"Brutality","floor":40,"key":"SMITH"},{"data":"Juggernaut","floor":42,"key":"SMITH"},{"floor":49,"key":"RECALL"},{"data":"Rupture","floor":52,"key":"SMITH"}],"circlet_count":0,"master_deck":["ApocalypseBird","PunishingBird","LongBird","BigBird","Strike_R","Strike_R","Strike_R","Defend_R","Defend_R","Defend_R","Defend_R","Bash","Shrug It Off+1","Thunderclap","Scorched","DreamingCurrent","UniverseFragment","Limit Break+1","CurseOfTheBell","SilentOrchestra","Rampage+1","Woodsman","Hemokinesis","Parasite","BigBadWolf","Heavy Blade+1","Reckless Charge+1","BodiesMountain","Brutality+1","Juggernaut+1","PlagueDoctor"],"relics":["Burning Blood","CogitoBucket","Old Coin","Bottled Lightning","Golden Idol","LuminousBracelet","Calling Bell","Strawberry","Eternal Feather","TungstenRod","StoneCalendar","Pen Nib","Centennial Puzzle","Calipers","Pantograph","AspirationHeart","White Beast Statue","Red Skull","Self Forming Clay","Black Star","AtMidnight","Oddly Smooth Stone","Regal Pillow","Dream Catcher","Meat on the Bone","Toxic Egg 2","Smiling Mask","Twilight","Mummified Hand","Bronze Scales"],"acts_visited":["Exordium","TheCity","TheBeyond","TheEnding"],"potions_floor_usage":[12,31,41,47,47,47,47,48,55,55],"damage_taken":[{"damage":6,"enemies":"Jaw Worm","floor":1,"turns":3},{"damage":0,"enemies":"2 Louse","floor":2,"turns":3},{"damage":6,"enemies":"Cultist","floor":4,"turns":4},{"damage":17,"enemies":"Exordium Wildlife","floor":5,"turns":5},{"damage":39,"enemies":"Gremlin Nob","floor":8,"turns":6},{"damage":21,"enemies":"Exordium Thugs","floor":12,"turns":2},{"damage":4,"enemies":"Blue Slaver","floor":14,"turns":2},{"damage":91,"enemies":"Hexaghost","floor":16,"turns":11},{"damage":40,"enemies":"Shell Parasite","floor":18,"turns":7},{"damage":114,"enemies":"Book of Stabbing","floor":23,"turns":7},{"damage":90,"enemies":"Gremlin Leader","floor":25,"turns":7},{"damage":33,"enemies":"Spheric Guardian","floor":27,"turns":6},{"damage":91,"enemies":"Book of Stabbing","floor":28,"turns":7},{"damage":133,"enemies":"Gremlin Leader","floor":31,"turns":7},{"damage":126,"enemies":"Collector","floor":33,"turns":9},{"damage":55,"enemies":"3 Shapes","floor":35,"turns":5},{"damage":34,"enemies":"3 Darklings","floor":37,"turns":3},{"damage":123,"enemies":"Maw","floor":39,"turns":8},{"damage":55,"enemies":"Nemesis","floor":41,"turns":5},{"damage":77,"enemies":"Jaw Worm Horde","floor":44,"turns":5},{"damage":32,"enemies":"3 Darklings","floor":45,"turns":4},{"damage":142,"enemies":"Reptomancer","floor":47,"turns":6},{"damage":153,"enemies":"Spire Growth","floor":48,"turns":8},{"damage":269,"enemies":"Donu and Deca","floor":50,"turns":23},{"damage":134,"enemies":"Shield and Spear","floor":54,"turns":5},{"damage":123,"enemies":"The Heart","floor":55,"turns":7}],"seed_played":"-8171533785256165153","potions_obtained":[{"floor":1,"key":"DuplicationPotion"},{"floor":4,"key":"BloodPotion"},{"floor":8,"key":"SpeedPotion"},{"floor":12,"key":"Regen Potion"},{"floor":16,"key":"Dexterity Potion"},{"floor":25,"key":"Regen Potion"},{"floor":33,"key":"SpeedPotion"},{"floor":39,"key":"EntropicBrew"},{"floor":44,"key":"BloodPotion"},{"floor":48,"key":"Weak Potion"}],"is_trial":false,"path_per_floor":["M","M","$","M","M","R","$","?","T","R","?","M","?","M","R","B",null,"M","?","$","$","T","E","R","E","T","M","E","R","$","E","R","B",null,"M","?","M","$","M","R","E","R","T","M","M","$","E","M","R","B",null,"R","$","E","B",null],"character_chosen":"IRONCLAD","items_purchased":["Metallicize","StoneCalendar","Pen Nib","Red Skull","Oddly Smooth Stone"],"campfire_rested":0,"item_purchase_floors":[7,20,21,30,38],"current_hp_per_floor":[80,80,80,80,73,73,73,46,46,46,26,46,46,49,49,95,102,102,102,102,102,102,49,64,38,38,108,83,101,101,71,89,84,112,112,112,112,112,62,80,81,99,99,85,101,101,101,56,74,112,112,112,112,43,39],"gold":67,"neow_bonus":"","is_daily":false,"chose_seed":false,"campfire_upgraded":9,"win_rate":0.0,"timestamp":1608504338,"path_taken":["M","M","$","M","M","R","$","?","T","R","?","M","?","M","R","BOSS","M","?","?","$","?","E","R","E","T","M","E","R","$","E","R","BOSS","M","?","M","$","M","R","E","R","T","M","M","$","E","M","R","BOSS","R","$","E","BOSS"],"items_purchased_type":["Card","Relic","Relic","Relic","Relic"],"build_version":"2020-12-13","purchased_purges":4,"victory":true,"max_hp_per_floor":[80,80,80,80,80,80,80,80,80,80,80,95,95,95,95,95,102,102,102,102,102,102,102,102,102,102,112,112,112,112,112,112,112,112,112,112,112,112,112,112,112,112,112,112,112,112,112,112,112,112,112,112,112,112,112],"card_choices":[{"not_picked":["Scarecrow","CherryBlossoms"],"picked":"LittleHelper","floor":1},{"not_picked":["Flex","Inflame"],"picked":"Flame Barrier","floor":1},{"not_picked":["BeautyBeast","SpiderBud"],"picked":"Scarecrow","floor":2},{"not_picked":["Body Slam","Flex"],"picked":"Shrug It Off","floor":2},{"not_picked":["QueenBee","CrumblingArmor"],"picked":"PunishingBird","floor":4},{"not_picked":["Cleave","Flex"],"picked":"Thunderclap","floor":4},{"not_picked":["FairyFestival","BlackSwan","SpiderBud"],"picked":"Singing Bowl","floor":5},{"not_picked":["Murderer","QueenOfHatred"],"picked":"SingingMachine","floor":5},{"not_picked":["Pommel Strike","Battle Trance"],"picked":"Rupture","floor":5},{"not_picked":["FairyFestival","LittleHelper"],"picked":"Scorched","floor":8},{"not_picked":["CherryBlossoms","ShyLook","FairyFestival"],"picked":"Singing Bowl","floor":12},{"not_picked":["VoidDream","BlackSwan"],"picked":"LongBird","floor":12},{"not_picked":["Thunderclap","True Grit","Power Through"],"picked":"SKIP","floor":12},{"not_picked":["DespairKnight","MHz","Bloodbath"],"picked":"Singing Bowl","floor":14},{"not_picked":["LaLuna","CherryBlossoms"],"picked":"DreamingCurrent","floor":14},{"not_picked":["Clash","Flex","Second Wind"],"picked":"SKIP","floor":14},{"not_picked":["VoidDream","WallGazer","ShyLook"],"picked":"Singing Bowl","floor":16},{"not_picked":["CherryBlossoms","FairyFestival"],"picked":"UniverseFragment","floor":16},{"not_picked":["Fiend Fire","Barricade"],"picked":"Limit Break","floor":16},{"not_picked":["ShyLook","DespairKnight","Rudolta"],"picked":"Singing Bowl","floor":18},{"not_picked":["Warcry","Clash","Clothesline"],"picked":"SKIP","floor":18},{"not_picked":["Wellcheers","MHz","LaLuna"],"picked":"Singing Bowl","floor":23},{"not_picked":["WallGazer","Bloodbath"],"picked":"SilentOrchestra","floor":23},{"not_picked":["Clash","Sword Boomerang"],"picked":"Rampage","floor":23},{"not_picked":["GalaxyChild","SpiderBud"],"picked":"Woodsman","floor":25},{"not_picked":["Anger+1","Disarm"],"picked":"Hemokinesis","floor":25},{"not_picked":["NakedNest","BlackSwan","Bloodbath"],"picked":"Singing Bowl","floor":27},{"not_picked":["FairyFestival","SnowQueen"],"picked":"WhitesApple","floor":27},{"not_picked":["Wild Strike+1","Body Slam+1","Thunderclap+1"],"picked":"SKIP","floor":27},{"not_picked":["Murderer","Mercenary"],"picked":"BigBadWolf","floor":28},{"not_picked":["Cleave","Armaments"],"picked":"Heavy Blade","floor":28},{"not_picked":["Bloodbath","MHz","OSAHOGD"],"picked":"Singing Bowl","floor":31},{"not_picked":["MHz","MeltingLove"],"picked":"CrumblingArmor","floor":31},{"not_picked":["Havoc+1","Iron Wave"],"picked":"Reckless Charge+1","floor":31},{"not_picked":["Wellcheers","MeatLantern"],"picked":"BodiesMountain","floor":33},{"not_picked":["Bludgeon","Immolate"],"picked":"Brutality","floor":33},{"not_picked":["MeatLantern","SingingMachine","GalaxyChild"],"picked":"Singing Bowl","floor":35},{"not_picked":["SingingMachine","Scarecrow"],"picked":"NothingThere","floor":35},{"not_picked":["Shrug It Off","Headbutt+1","Body Slam+1"],"picked":"SKIP","floor":35},{"not_picked":["Laetitia","Porccubus","WhitesApple"],"picked":"Singing Bowl","floor":37},{"not_picked":["WallGazer","BeautyBeast"],"picked":"CherryBlossoms","floor":37},{"not_picked":["Carnage","Warcry+1","Reckless Charge+1"],"picked":"SKIP","floor":37},{"not_picked":["SnowQueen","Variant","RedShoes"],"picked":"Singing Bowl","floor":39},{"not_picked":["Infernal Blade+1","Shrug It Off+1","Dark Embrace+1"],"picked":"SKIP","floor":39},{"not_picked":["MeltingLove","NakedNest","Alriune"],"picked":"Singing Bowl","floor":41},{"not_picked":["Combust","Iron Wave"],"picked":"Juggernaut","floor":41},{"not_picked":["OSAHOGD","Variant","FieryBird"],"picked":"Singing Bowl","floor":44},{"not_picked":["Reckless Charge+1","Pommel Strike","Sword Boomerang"],"picked":"SKIP","floor":44},{"not_picked":["QueenBee","Porccubus","ShyLook"],"picked":"Singing Bowl","floor":45},{"not_picked":["Disarm+1","Thunderclap+1","Seeing Red+1"],"picked":"SKIP","floor":45},{"not_picked":["CherryBlossoms","NakedNest","BlackSwan"],"picked":"Singing Bowl","floor":47},{"not_picked":["Rudolta","HeroicMonk"],"picked":"BigBird","floor":47},{"not_picked":["Bloodletting+1","Searing Blow"],"picked":"Rupture","floor":47},{"not_picked":["GreedKing","Mercenary","Yin"],"picked":"Singing Bowl","floor":48},{"not_picked":["QueenBee","Murderer"],"picked":"GreedKing","floor":48},{"not_picked":["GalaxyChild","RedShoes"],"picked":"PlagueDoctor","floor":54},{"not_picked":["Warcry+1","Body Slam","Shockwave+1"],"picked":"SKIP","floor":54},{"not_picked":["Warcry+1","Body Slam","Shockwave+1"],"picked":"SKIP","floor":54}],"player_experience":302453,"relics_obtained":[{"floor":8,"key":"Old Coin"},{"floor":9,"key":"Bottled Lightning"},{"floor":17,"key":"Strawberry"},{"floor":17,"key":"Eternal Feather"},{"floor":17,"key":"TungstenRod"},{"floor":22,"key":"Centennial Puzzle"},{"floor":23,"key":"Calipers"},{"floor":25,"key":"Pantograph"},{"floor":28,"key":"White Beast Statue"},{"floor":31,"key":"Self Forming Clay"},{"floor":37,"key":"AtMidnight"},{"floor":41,"key":"Regal Pillow"},{"floor":41,"key":"Dream Catcher"},{"floor":43,"key":"Meat on the Bone"},{"floor":47,"key":"Toxic Egg 2"},{"floor":47,"key":"Smiling Mask"},{"floor":48,"key":"Twilight"},{"floor":54,"key":"Mummified Hand"},{"floor":54,"key":"Bronze Scales"}],"event_choices":[{"damage_healed":0,"gold_gain":30,"player_choice":"Searched \u00272\u0027 times","damage_taken":0,"max_hp_gain":0,"max_hp_loss":0,"event_name":"Dead Adventurer","floor":8,"gold_loss":0},{"damage_healed":0,"gold_gain":0,"player_choice":"Take Damage","damage_taken":20,"relics_obtained":["Golden Idol"],"max_hp_gain":0,"max_hp_loss":0,"event_name":"Golden Idol","floor":11,"gold_loss":0},{"cards_removed":["Scarecrow"],"damage_healed":0,"gold_gain":0,"player_choice":"Card Removal","damage_taken":0,"max_hp_gain":0,"max_hp_loss":0,"event_name":"The Cleric","floor":13,"gold_loss":50},{"damage_healed":0,"gold_gain":0,"player_choice":"Ignored","damage_taken":0,"max_hp_gain":0,"max_hp_loss":0,"event_name":"NoteForYourself","floor":19,"gold_loss":0},{"cards_removed":["Metallicize"],"damage_healed":0,"gold_gain":0,"player_choice":"Removed Power","damage_taken":0,"max_hp_gain":0,"max_hp_loss":0,"event_name":"Falling","floor":36,"gold_loss":0}],"is_beta":false,"boss_relics":[{"not_picked":["Ectoplasm","Snecko Eye"],"picked":"Calling Bell"},{"not_picked":["Busted Crown","Coffee Dripper"],"picked":"Black Star"}],"items_purged_floors":[3,30,46,53],"is_endless":false,"potions_floor_spawned":[1,4,8,12,16,25,28,33,35,39,44,45,48],"ascension_level":1}}