{"host":"njruw0b0uprlitpx","time":1608456630,"event":{"mods":["2.2 Compatiblity","Astrologer","BaseMod","Better Altar","Better Note","Better Sensory Stone","Better Skull","Better Third Choice","BetterRewards","Block Reminder","Colored Map","Colored Powertips","Hermit","Jedi Mod","Keyboard Shortcuts","Minty Spire (QoL Compilation)","Quick Restart","Relic Stats","Replay The Spire","SacredBarkPlus","Spicy Shops","StSLib","SuperFastMode","The Blackbeard","The Bug Knight","The Construct","The Evolution","The Forsaken","The Mystic","The Problem Sleuth","The Runesmith","The Spell Scribe","Wandering Minibosses"],"gold_per_floor":[109,21,31,31,31,65,65,91,116,116,142,142,155,187,187,292,292,309,22,22,22,22,22,22,22,22,22,22,22,22,22,22,22,22,22,22,22,62,78,108,33,33,33,46,65,65,80,99,99,99],"floor_reached":51,"playtime":4125,"items_purged":["Regret"],"score":868,"play_id":"65a29a18-9c32-4d2a-b870-7d26467a6887","local_time":"20201220033030","is_ascension_mode":false,"campfire_choices":[{"floor":7,"key":"REST"},{"floor":10,"key":"REST"},{"floor":12,"key":"REST"},{"data":"construct:ClockworkEgg","floor":15,"key":"SMITH"},{"data":"construct:ClockworkEgg+1","floor":23,"key":"SMITH"},{"data":"construct:Zapper+1","floor":25,"key":"SMITH"},{"floor":30,"key":"REST"},{"data":"construct:SiegeForm","floor":32,"key":"SMITH"},{"floor":42,"key":"REST"}],"circlet_count":0,"master_deck":["construct:Strike_Gold","construct:Strike_Gold","construct:Strike_Gold","construct:Strike_Gold","construct:Defend_Gold","construct:Defend_Gold","construct:Defend_Gold","construct:Defend_Gold","construct:Defend_Gold","construct:AttackMode","construct:DefenseMode","construct:SiegeForm+1","construct:Backup","construct:SaveState","construct:FierceBash","construct:ScrapCannon","ReplayTheSpireMod:Doomed","construct:ReactiveShield","construct:ClockworkEgg+2","construct:OneWayMirror","construct:Hazardproof","construct:Chainstrike","construct:ClockworkEgg","AbeCurse","construct:SweepLaser","construct:GatlingGun+1","construct:Forcefield+1","construct:GatlingGun+1","construct:FierceBash+2","construct:Disrupt+1","jedi:cleanse+1","construct:Zapper+2","construct:SyphonStrike+1","construct:HeavyBolt","construct:Versatility","construct:BatteryCore+1","construct:Reinforce+1","construct:Dampening+1","construct:VentSteam+1","construct:Enhance","construct:Isolate+1"],"relics":["construct:ClockworkPhoenix","ReplayTheSpireMod:Ring of Collecting","ReplayTheSpireMod:TigerMarble","Replay:Baseball","Bag of Marbles","Ring of Peace","Replay:Kaleidoscope","Replay:Rubber Ducky","Abe\u0027s Treasure","jedi:ominousloannote","Golden Egg","Orrery","theForsaken:Gavel","Mercury Hourglass","ReplayTheSpireMod:Ring of Addiction","Chameleon Ring","Toy Ornithopter","Gremlin Horn","jedi:heavyjacket","Black Star","Replay:Bottled Flurry","theSleuth:Tectrixcalibur","jedi:firstaidkit","Replay:Accelerometer","Ring of Searing","Onion Ring"],"acts_visited":["Exordium","TheCity","TheBeyond"],"potions_floor_usage":[8,18,27,33,33,40,40,44,47,50],"damage_taken":[{"damage":14,"enemies":"Jaw Worm","floor":1,"turns":5},{"damage":8,"enemies":"Small Slimes","floor":3,"turns":2},{"damage":33,"enemies":"Gremlin Nob","floor":6,"turns":4},{"damage":36,"enemies":"3 Sentries","floor":8,"turns":6},{"damage":6,"enemies":"Gremlin Nob","floor":11,"turns":4},{"damage":0,"enemies":"Cultist","floor":13,"turns":3},{"damage":0,"enemies":"Lagavulin","floor":14,"turns":7},{"damage":39,"enemies":"Hexaghost","floor":16,"turns":15},{"damage":11,"enemies":"Spheric Guardian","floor":18,"turns":5},{"damage":0,"enemies":"3 Byrds","floor":22,"turns":5},{"damage":0,"enemies":"Book of Stabbing","floor":24,"turns":4},{"damage":0,"enemies":"Sentry and Sphere","floor":27,"turns":4},{"damage":24,"enemies":"Slavers","floor":28,"turns":4},{"damage":0,"enemies":"Cultist and Chosen","floor":29,"turns":6},{"damage":0,"enemies":"Shelled Parasite and Fungi","floor":31,"turns":6},{"damage":0,"enemies":"Automaton","floor":33,"turns":5},{"damage":17,"enemies":"3 Darklings","floor":35,"turns":6},{"damage":0,"enemies":"3 Shapes","floor":39,"turns":2},{"damage":1,"enemies":"Nemesis","floor":40,"turns":5},{"damage":10,"enemies":"Writhing Mass","floor":44,"turns":4},{"damage":5,"enemies":"Spire Growth","floor":45,"turns":4},{"damage":5,"enemies":"Maw","floor":47,"turns":5},{"damage":0,"enemies":"4 Shapes","floor":48,"turns":1},{"damage":32,"enemies":"Awakened One","floor":50,"turns":9}],"seed_played":"4956024055493313486","potions_obtained":[{"floor":6,"key":"Adrenaline Potion"},{"floor":14,"key":"Fire Potion"},{"floor":16,"key":"SpeedPotion"},{"floor":24,"key":"Explosive Potion"},{"floor":26,"key":"Elixir"},{"floor":26,"key":"Energy Potion"},{"floor":26,"key":"LiquidMemories"},{"floor":28,"key":"Swift Potion"},{"floor":33,"key":"Elixir"},{"floor":40,"key":"GamblersBrew"},{"floor":44,"key":"Adrenaline Potion"},{"floor":45,"key":"LiquidBronze"}],"is_trial":false,"path_per_floor":["M","$","M","?","?","E","R","E","T","R","E","R","M","E","R","B",null,"M","$","?","?","M","R","E","R","T","M","E","M","R","M","R","B",null,"M","?","?","?","M","E","$","R","T","M","M","?","M","M","R_BF","B",null],"character_chosen":"THE_CONSTRUCT_MOD","items_purchased":["construct:SaveState","construct:FierceBash","jedi:ominousloannote","Golden Egg","construct:GatlingGun","Orrery","jedi:cleanse"],"campfire_rested":5,"item_purchase_floors":[2,2,19,19,19,19,19],"current_hp_per_floor":[71,71,63,56,56,23,48,12,12,37,43,67,67,67,67,28,83,72,72,72,72,72,72,72,72,72,77,59,59,83,81,81,81,81,64,32,32,32,32,41,41,64,64,59,54,54,54,54,75,53],"gold":99,"neow_bonus":"ONE_RANDOM_RARE_CARD","is_daily":false,"chose_seed":false,"campfire_upgraded":4,"win_rate":0.0,"timestamp":1608456630,"path_taken":["M","$","M","?","?","E","R","E","T","R","E","R","M","E","R","BOSS","M","$","?","?","M","R","E","R","T","M","E","M","R","M","R","BOSS","M","?","?","?","?","E","$","R","T","M","M","?","?","M","R_BF","BOSS"],"items_purchased_type":["Card","Card","Relic","Relic","Card","Relic","Card"],"build_version":"2020-12-13","purchased_purges":1,"victory":true,"max_hp_per_floor":[85,85,85,85,85,85,85,85,85,85,83,83,83,83,83,83,83,83,83,83,83,83,83,83,83,83,83,83,83,83,81,81,81,81,81,81,79,79,79,77,77,77,77,75,75,75,75,75,75,75],"relic_stats":{"Gremlin Horn":[18,18],"counters":[82,328],"Black Star":1,"obtain_stats":[{"jedi:angrymask":26,"Golden Egg":19,"Replay:Accelerometer":40,"Gremlin Horn":45,"jedi:bottledfury":15,"construct:ClockworkPhoenix":22,"Sling":19,"Ring of Searing":43,"Replay:Wanted Poster":34,"Centennial Puzzle":5,"Ribbon":10,"jedi:firstaidkit":40,"MealTicket":13,"Iron Hammer":10,"Replay:Bottled Flurry":36,"Replay:Wax Seal":13,"jedi:othersneckoeye":43,"Pear":12,"ReplayTheSpireMod:CursedCoin":25,"Astrolabe":36,"ReplayTheSpireMod:Ring of Addiction":26,"Ring of Chaos":19,"Letter Opener":39,"Replay:Kaleidoscope":11,"Akabeko":7,"Runic Dome":17,"jedi:heavyjacket":28,"Replay:Baseball":43,"Bottled Flame":28,"ReplayTheSpireMod:Ring of Collecting":5,"Simple Rune":9,"Onion Ring":43,"Nloth\u0027s Gift":22,"ReplayTheSpireMod:TigerMarble":6,"Black Star":34,"Mirror":25,"Abe\u0027s Treasure":19,"ReplayTheSpireMod:Ring of Exchange":36,"Regal Pillow":25,"Torii":14,"Mythril_Glove":43,"TeardropLocket":0,"theForsaken:Gavel":46,"Replay:Rubber Ducky":14,"Dream Catcher":15,"Matryoshka":26,"theSleuth:Tectrixcalibur":40,"Chameleon Ring":26,"theForsaken:Kindling":0,"Ring of Peace":9,"jedi:matchstick":19,"Lee\u0027s Waffle":13,"BargainBundle":19,"Guide Book":0,"Damaru":9,"PreservedInsect":13,"White Beast Statue":11,"Replay:Arrowhead":16,"Mercury Hourglass":24,"jedi:ominousloannote":26,"Orrery":19,"Garlic":23,"Bag of Marbles":9,"PureWater":0,"Toy Ornithopter":26},{"jedi:angrymask":34,"Golden Egg":67,"Replay:Accelerometer":77,"Gremlin Horn":41,"jedi:bottledfury":53,"construct:ClockworkPhoenix":56,"Sling":10,"Ring of Searing":77,"Replay:Wanted Poster":17,"Centennial Puzzle":23,"Ribbon":6,"jedi:firstaidkit":77,"MealTicket":7,"Iron Hammer":51,"Replay:Bottled Flurry":75,"Replay:Wax Seal":7,"jedi:othersneckoeye":41,"Pear":52,"ReplayTheSpireMod:CursedCoin":13,"Astrolabe":39,"ReplayTheSpireMod:Ring of Addiction":69,"Ring of Chaos":30,"Letter Opener":40,"Replay:Kaleidoscope":63,"Akabeko":5,"Runic Dome":9,"jedi:heavyjacket":71,"Replay:Baseball":20,"Bottled Flame":35,"ReplayTheSpireMod:Ring of Collecting":60,"Simple Rune":24,"Onion Ring":77,"Nloth\u0027s Gift":56,"ReplayTheSpireMod:TigerMarble":61,"Black Star":74,"Mirror":13,"Abe\u0027s Treasure":54,"ReplayTheSpireMod:Ring of Exchange":18,"Regal Pillow":34,"Torii":8,"Mythril_Glove":20,"TeardropLocket":21,"theForsaken:Gavel":42,"Replay:Rubber Ducky":65,"Dream Catcher":28,"Matryoshka":13,"theSleuth:Tectrixcalibur":40,"Chameleon Ring":69,"theForsaken:Kindling":21,"Ring of Peace":62,"jedi:matchstick":10,"Lee\u0027s Waffle":7,"BargainBundle":10,"Guide Book":21,"Damaru":5,"PreservedInsect":7,"White Beast Statue":51,"Replay:Arrowhead":53,"Mercury Hourglass":69,"jedi:ominousloannote":34,"Orrery":67,"Garlic":13,"Bag of Marbles":62,"PureWater":0,"Toy Ornithopter":69},{"jedi:angrymask":104,"Golden Egg":258,"Replay:Accelerometer":305,"Gremlin Horn":133,"jedi:bottledfury":184,"construct:ClockworkPhoenix":197,"Sling":27,"Ring of Searing":305,"Replay:Wanted Poster":51,"Centennial Puzzle":71,"Ribbon":14,"jedi:firstaidkit":305,"MealTicket":17,"Iron Hammer":172,"Replay:Bottled Flurry":298,"Replay:Wax Seal":17,"jedi:othersneckoeye":133,"Pear":181,"ReplayTheSpireMod:CursedCoin":35,"Astrolabe":127,"ReplayTheSpireMod:Ring of Addiction":267,"Ring of Chaos":88,"Letter Opener":131,"Replay:Kaleidoscope":228,"Akabeko":11,"Runic Dome":23,"jedi:heavyjacket":275,"Replay:Baseball":61,"Bottled Flame":109,"ReplayTheSpireMod:Ring of Collecting":214,"Simple Rune":73,"Onion Ring":305,"Nloth\u0027s Gift":197,"ReplayTheSpireMod:TigerMarble":218,"Black Star":292,"Mirror":35,"Abe\u0027s Treasure":191,"ReplayTheSpireMod:Ring of Exchange":54,"Regal Pillow":104,"Torii":19,"Mythril_Glove":61,"TeardropLocket":67,"theForsaken:Gavel":136,"Replay:Rubber Ducky":238,"Dream Catcher":82,"Matryoshka":35,"theSleuth:Tectrixcalibur":131,"Chameleon Ring":267,"theForsaken:Kindling":67,"Ring of Peace":224,"jedi:matchstick":27,"Lee\u0027s Waffle":17,"BargainBundle":27,"Guide Book":67,"Damaru":11,"PreservedInsect":17,"White Beast Statue":172,"Replay:Arrowhead":184,"Mercury Hourglass":267,"jedi:ominousloannote":104,"Orrery":258,"Garlic":35,"Bag of Marbles":224,"PureWater":0,"Toy Ornithopter":267}],"Toy Ornithopter":43,"Mercury Hourglass":[222]},"card_choices":[{"not_picked":["construct:ShiftStrike","construct:Autoturret"],"picked":"construct:Backup","floor":1},{"not_picked":["construct:FierceBash","construct:ShiftStrike"],"picked":"construct:ScrapCannon","floor":3},{"not_picked":["construct:Hazardproof","construct:LaserCore"],"picked":"construct:ReactiveShield","floor":6},{"not_picked":["construct:ScrapCannon","construct:ShiftStrike"],"picked":"construct:ClockworkEgg","floor":8},{"not_picked":["construct:HeavyBolt","construct:Stasis"],"picked":"construct:OneWayMirror","floor":11},{"not_picked":["construct:ElectricArmor","construct:CriticalHit"],"picked":"construct:Hazardproof","floor":13},{"not_picked":["construct:FocusedBeam","construct:LongRangeLance"],"picked":"construct:Chainstrike","floor":14},{"not_picked":["construct:ShiftingStance","construct:MassProduction"],"picked":"construct:ClockworkEgg","floor":16},{"not_picked":["construct:Forcefield","construct:Stasis"],"picked":"construct:SweepLaser","floor":18},{"not_picked":["construct:Overcharge+1","construct:FlakBarrage+1"],"picked":"construct:Forcefield+1","floor":19},{"not_picked":["construct:ForceCore","construct:SiegeForm"],"picked":"construct:GatlingGun","floor":19},{"not_picked":["construct:Accumulate","construct:SweepLaser"],"picked":"construct:FierceBash+1","floor":19},{"not_picked":["construct:ScrapCannon","construct:Boost"],"picked":"construct:Disrupt","floor":19},{"not_picked":["construct:BatteryAcid+1","construct:ChargeShot"],"picked":"construct:Zapper+1","floor":22},{"not_picked":["construct:Analyze","construct:ShieldGenerator"],"picked":"construct:SyphonStrike+1","floor":24},{"not_picked":["construct:Backfire","construct:ScopeCore+1"],"picked":"construct:HeavyBolt","floor":27},{"not_picked":["construct:FlakBarrage","construct:Boost"],"picked":"construct:Versatility","floor":28},{"not_picked":["construct:ElectricArmor","construct:Overcharge","construct:Autoturret"],"picked":"SKIP","floor":29},{"not_picked":["construct:ScrapCannon","construct:Autoturret","construct:SweepLaser+1"],"picked":"SKIP","floor":31},{"not_picked":["construct:ShiftingStance","construct:MemoryTap"],"picked":"construct:BatteryCore","floor":33},{"not_picked":["construct:ClusterMines","construct:HeavyBolt"],"picked":"construct:Reinforce+1","floor":35},{"not_picked":["construct:ScopeCore+1","construct:HeavyBolt"],"picked":"construct:Dampening+1","floor":36},{"not_picked":["construct:ShiftStrike","construct:SuppressiveFire"],"picked":"construct:VentSteam+1","floor":39},{"not_picked":["construct:MassProduction","construct:SaveState+1"],"picked":"construct:Enhance","floor":40},{"not_picked":["construct:ElectricArmor+1","construct:SyphonStrike","construct:Chainstrike+1"],"picked":"SKIP","floor":44},{"not_picked":["construct:Analyze+1","construct:VentSteam"],"picked":"construct:Isolate","floor":45},{"not_picked":["construct:Autoturret+1","construct:Analyze","construct:ClusterMines"],"picked":"SKIP","floor":47},{"not_picked":["construct:FocusedBeam","construct:LaserCore+1","construct:Tumble"],"picked":"SKIP","floor":48}],"player_experience":1825591,"relics_obtained":[{"floor":5,"key":"ReplayTheSpireMod:Ring of Collecting"},{"floor":6,"key":"ReplayTheSpireMod:TigerMarble"},{"floor":8,"key":"Replay:Baseball"},{"floor":9,"key":"Bag of Marbles"},{"floor":9,"key":"Ring of Peace"},{"floor":11,"key":"Replay:Kaleidoscope"},{"floor":14,"key":"Replay:Rubber Ducky"},{"floor":24,"key":"Mercury Hourglass"},{"floor":26,"key":"ReplayTheSpireMod:Ring of Addiction"},{"floor":26,"key":"Chameleon Ring"},{"floor":26,"key":"Toy Ornithopter"},{"floor":26,"key":"Gremlin Horn"},{"floor":28,"key":"jedi:heavyjacket"},{"floor":36,"key":"Replay:Bottled Flurry"},{"floor":40,"key":"jedi:firstaidkit"},{"floor":40,"key":"Replay:Accelerometer"},{"floor":43,"key":"Ring of Searing"},{"floor":43,"key":"Onion Ring"}],"event_choices":[{"cards_removed":["construct:Strike_Gold"],"damage_healed":0,"gold_gain":0,"player_choice":"Card Removal","damage_taken":7,"max_hp_gain":0,"max_hp_loss":0,"event_name":"Golden Wing","floor":4,"gold_loss":0},{"damage_healed":0,"gold_gain":0,"player_choice":"Gave Potion","damage_taken":0,"relics_obtained":["theForsaken:Gavel"],"max_hp_gain":0,"max_hp_loss":0,"event_name":"WeMeetAgain","floor":20,"gold_loss":0},{"cards_removed":["construct:SiegeForm"],"damage_healed":0,"gold_gain":0,"player_choice":"Give","damage_taken":0,"max_hp_gain":0,"max_hp_loss":0,"event_name":"betterNote:BetterNote","floor":21,"gold_loss":0,"cards_obtained":["None"]},{"damage_healed":0,"gold_gain":275,"player_choice":"Desecrate","damage_taken":0,"max_hp_gain":0,"max_hp_loss":0,"event_name":"Golden Shrine","floor":38,"gold_loss":0,"cards_obtained":["Regret"]},{"damage_healed":0,"gold_gain":0,"player_choice":"Forge","damage_taken":0,"max_hp_gain":0,"max_hp_loss":0,"event_name":"Accursed Blacksmith","floor":46,"gold_loss":0,"cards_upgraded":["construct:Isolate"]}],"is_beta":false,"boss_relics":[{"not_picked":["Painkiller Herb","ChewingGum"],"picked":"Abe\u0027s Treasure"},{"not_picked":["SacredBark","Coffee Dripper"],"picked":"Black Star"}],"items_purged_floors":[41],"is_endless":false,"potions_floor_spawned":[6,14,16,24,28,29,33,40,44,45],"ascension_level":0}}