{"host":"y9jgkjnf95sujozk","time":1608469497,"event":{"mods":["2.2 Compatiblity","AchievementEnabler","BaseMod","Block Reminder","Colored Map","Colored Powertips","Downfall","Friendly Minions","GifTheSpireLib","Hermit","Highlight Path","MarisaÅiñ∂âJÅ@ñÇóùçπÅj","Minty Spire (QoL Compilation)","Random Character Button","Rare Cards Sparkle","Replay The Spire","StSLib","SuperFastMode","The Animator","The Bug Knight","The Cursed","The Servant 0.9.4"],"gold_per_floor":[110,110,110,110,110,127,138,138,155,155,178,260,260,299,327,327,327,443,443,493,433,61,61,87,87,117,154,154,176,176],"floor_reached":29,"playtime":656,"items_purged":["Amnesia"],"score":245,"play_id":"d20f6d3d-8195-4390-93cd-11cabaa9f3ab","local_time":"20201220140457","is_ascension_mode":true,"campfire_choices":[{"floor":8,"key":"REST"},{"floor":10,"key":"REST"},{"floor":13,"key":"REST"},{"data":"Hidden Blade","floor":17,"key":"SMITH"},{"data":"Cloak And Dagger","floor":25,"key":"SMITH"}],"circlet_count":0,"master_deck":["Strike_G","Strike_G","Strike_G","Strike_G","Strike_G","Defend_G","Defend_G","Defend_G","Defend_G","Defend_G","Survivor","Neutralize","Cloak And Dagger","Acrobatics","Blade Dance","Deadly Poison","Deadly Poison","Hidden Blade+1","Venomology","AbeCurse","Bouncing Flask","Cloak And Dagger","expansioncontent:AwakenDeath","Night Terror","Survey Options","Prepared","Cloak And Dagger+1","Accuracy","Fluid Movement"],"relics":["Ring of the Snake","NeowsBlessing","Ring of Misfortune","ReplayTheSpireMod:Ring of Addiction","Potion Belt","Toy Ornithopter","Bronze Scales","Replay:Bandana","Regal Pillow","Basket Of Snakes","Abe\u0027s Treasure","HandDrill","Sundial"],"acts_visited":["Exordium","TheCity"],"potions_floor_usage":[9,12,12,12,14,18,20,24,24,26,27,29,29],"damage_taken":[{"damage":0,"enemies":"Jaw Worm","floor":1,"turns":1},{"damage":0,"enemies":"2 Louse","floor":6,"turns":1},{"damage":0,"enemies":"Small Slimes","floor":7,"turns":1},{"damage":1,"enemies":"Red Slaver","floor":9,"turns":5},{"damage":2,"enemies":"3 Sentries","floor":12,"turns":7},{"damage":25,"enemies":"Gremlin Nob","floor":14,"turns":4},{"damage":1,"enemies":"Looter","floor":15,"turns":3},{"damage":3,"enemies":"Hexaghost","floor":18,"turns":8},{"damage":1,"enemies":"3 Byrds","floor":20,"turns":3},{"damage":0,"enemies":"Chosen","floor":24,"turns":4},{"damage":22,"enemies":"Centurion and Healer","floor":26,"turns":8},{"damage":18,"enemies":"Snake Plant","floor":27,"turns":4},{"damage":38,"enemies":"Sentry and Sphere","floor":29,"turns":6}],"seed_played":"-5035850353181785194","potions_obtained":[{"floor":2,"key":"sneckomod:MuddlingPotion"},{"floor":2,"key":"DistilledChaos"},{"floor":2,"key":"Weak Potion"},{"floor":9,"key":"Guardian:BlockOnCardUsePotion"},{"floor":12,"key":"Swift Potion"},{"floor":15,"key":"Strength Potion"},{"floor":20,"key":"Explosive Potion"},{"floor":27,"key":"sneckomod:MuddlingPotion"}],"is_trial":false,"path_per_floor":["M","?","?","PTL","PTL","M","M","R","M","R","T","?","R","E","M","?","R","B",null,"M","?","$","?","M","R","M","M","T","M"],"character_chosen":"THE_SILENT","items_purchased":["Cloak And Dagger","HandDrill","expansioncontent:AwakenDeath"],"campfire_rested":3,"item_purchase_floors":[22,22,22],"current_hp_per_floor":[70,70,58,58,58,58,58,68,65,66,66,64,66,41,40,66,66,61,64,63,63,63,63,62,62,40,27,27,0,0],"gold":176,"neow_bonus":"THREE_ENEMY_KILL","is_daily":false,"chose_seed":false,"campfire_upgraded":2,"win_rate":0.0,"timestamp":1608469497,"path_taken":["M","?","?","PTL","PTL","M","M","R","M","R","T","?","R","E","M","?","R","BOSS","M","?","$","?","M","R","M","M","T","?"],"items_purchased_type":["Card","Relic","Card"],"build_version":"2020-12-13","purchased_purges":1,"victory":false,"max_hp_per_floor":[70,70,70,70,70,68,68,68,66,66,66,66,66,66,66,66,66,64,64,64,64,64,64,62,62,62,62,62,62,62],"card_choices":[{"not_picked":["Outmaneuver","Escape Plan"],"picked":"Cloak And Dagger","floor":1},{"not_picked":["Tactician","Backflip"],"picked":"Acrobatics","floor":6},{"not_picked":["Finisher","Deflect"],"picked":"Blade Dance","floor":7},{"not_picked":["Bane","Deflect"],"picked":"Deadly Poison","floor":9},{"not_picked":["Tactician","Poisoned Stab"],"picked":"Deadly Poison","floor":12},{"not_picked":["Acrobatics","Cloak And Dagger"],"picked":"Hidden Blade","floor":14},{"not_picked":["Atom Bomb","Deflect"],"picked":"Toxin Wave","floor":15},{"not_picked":["Doppelganger","Burst"],"picked":"Venomology","floor":18},{"not_picked":["Masterful Stab","Deflect"],"picked":"Bouncing Flask","floor":20},{"not_picked":["Terror","Infinite Blades"],"picked":"Cloak And Dagger","floor":24},{"not_picked":["Setup","Backflip"],"picked":"Accuracy","floor":26},{"not_picked":["Deflect+1","Dagger Spray"],"picked":"Fluid Movement","floor":27}],"player_experience":112957,"relics_obtained":[{"floor":2,"key":"Ring of Misfortune"},{"floor":2,"key":"ReplayTheSpireMod:Ring of Addiction"},{"floor":2,"key":"Potion Belt"},{"floor":2,"key":"Toy Ornithopter"},{"floor":11,"key":"Replay:Bandana"},{"floor":14,"key":"Basket Of Snakes"},{"floor":28,"key":"Sundial"}],"event_choices":[{"damage_healed":0,"gold_gain":0,"player_choice":"Success","damage_taken":12,"relics_obtained":["Bronze Scales"],"max_hp_gain":0,"max_hp_loss":0,"event_name":"Scrap Ooze","floor":3,"gold_loss":0},{"damage_healed":0,"gold_gain":0,"player_choice":"Searched \u00273\u0027 times","damage_taken":0,"relics_obtained":["Regal Pillow"],"max_hp_gain":0,"max_hp_loss":0,"event_name":"Dead Adventurer","floor":12,"gold_loss":0},{"cards_removed":["Toxin Wave"],"damage_healed":26,"gold_gain":0,"player_choice":"Offered Uncommon","damage_taken":0,"max_hp_gain":0,"max_hp_loss":0,"event_name":"Bonfire Elementals","floor":16,"gold_loss":0},{"damage_healed":0,"gold_gain":0,"player_choice":"3 cards matched","damage_taken":0,"max_hp_gain":0,"max_hp_loss":0,"event_name":"Match and Keep!","floor":23,"gold_loss":0,"cards_obtained":["Night Terror","Survey Options","Prepared"]}],"is_beta":false,"boss_relics":[{"not_picked":["expansioncontent:StudyCardRelic","SlaversCollar"],"picked":"Abe\u0027s Treasure"}],"items_purged_floors":[22],"is_endless":false,"potions_floor_spawned":[9,12,15,20,27],"killed_by":"Sentry and Sphere","ascension_level":2}}