{"host":"o7j6aatxjwpw1421","time":1608460815,"event":{"mods":["2.2 Compatiblity","BaseMod","Colored Map","DeckTracker","Highlight Path","Keyboard Shortcuts","Minty Spire (QoL Compilation)","Permanent Neow","Quick Restart","StSLib","SuperFastMode","everything is the same but u backflip on backflip"],"gold_per_floor":[119,119,194,206,206,206,237,21,21,21,31,31,51,82,82,182,182,195,195,212,11,11,11,36,36,36,54,73,73,99,115,115,211,211,225,225,242,252,602,602,628,640,640,139,168,168,20,40,40,40],"floor_reached":51,"playtime":5102,"items_purged":["Strike_R","Defend_R","Reaper","Combust+1"],"score":960,"play_id":"e0f1c20a-fbed-45f1-a4f3-5a45388f4fe7","local_time":"20201220194015","is_ascension_mode":true,"campfire_choices":[{"floor":6.0,"key":"REST"},{"data":"Heavy Blade","floor":10.0,"key":"SMITH"},{"data":"Armaments","floor":12.0,"key":"SMITH"},{"floor":15.0,"key":"REST"},{"data":"Shockwave","floor":23.0,"key":"SMITH"},{"data":"Spot Weakness","floor":25.0,"key":"SMITH"},{"data":"Flex","floor":29,"key":"SMITH"},{"data":"Shrug It Off","floor":32,"key":"SMITH"},{"data":"Exhume","floor":40,"key":"SMITH"},{"data":"Shrug It Off","floor":49,"key":"SMITH"}],"circlet_count":0,"master_deck":["Bash","Spot Weakness+1","Armaments+1","Twin Strike","Cleave","Hemokinesis","Heavy Blade+1","Flex+1","Double Tap+1","Shockwave+1","Shrug It Off+1","Feed","Intimidate+1","Reaper","Exhume+1","Dark Shackles+1","Flex+1","Bloodletting+1","Seeing Red","Shrug It Off+1","Metallicize+1","Master of Strategy","Shrug It Off+1"],"relics":["Burning Blood","CaptainsWheel","Anchor","Membership Card","InkBottle","Vajra","Runic Pyramid","Sundial","Frozen Egg 2","White Beast Statue","Centennial Puzzle","Omamori","Pandora\u0027s Box","Old Coin","War Paint","Bag of Marbles","HornCleat","Oddly Smooth Stone","DollysMirror","Darkstone Periapt","Strawberry"],"acts_visited":["Exordium","TheCity","TheBeyond"],"potions_floor_usage":[33,35,50,50],"damage_taken":[{"damage":11.0,"enemies":"Small Slimes","floor":1.0,"turns":5.0},{"damage":9.0,"enemies":"2 Louse","floor":4.0,"turns":3.0},{"damage":29.0,"enemies":"3 Sentries","floor":7.0,"turns":7.0},{"damage":4.0,"enemies":"Jaw Worm","floor":11.0,"turns":3.0},{"damage":2.0,"enemies":"2 Fungi Beasts","floor":13.0,"turns":3.0},{"damage":17.0,"enemies":"Lagavulin","floor":14.0,"turns":5.0},{"damage":5.0,"enemies":"Slime Boss","floor":16.0,"turns":7.0},{"damage":0.0,"enemies":"Spheric Guardian","floor":18.0,"turns":3.0},{"damage":9.0,"enemies":"2 Thieves","floor":20.0,"turns":3.0},{"damage":10.0,"enemies":"Book of Stabbing","floor":24.0,"turns":4.0},{"damage":1,"enemies":"Snake Plant","floor":27,"turns":3},{"damage":7,"enemies":"Shelled Parasite and Fungi","floor":28,"turns":3},{"damage":8,"enemies":"Gremlin Leader","floor":30,"turns":4},{"damage":14,"enemies":"Sentry and Sphere","floor":31,"turns":5},{"damage":69,"enemies":"Automaton","floor":33,"turns":7},{"damage":15,"enemies":"Orb Walker","floor":35,"turns":3},{"damage":8,"enemies":"3 Shapes","floor":37,"turns":4},{"damage":26,"enemies":"Sphere and 2 Shapes","floor":38,"turns":5},{"damage":5,"enemies":"Mind Bloom Boss Battle","floor":39,"turns":7},{"damage":17,"enemies":"Giant Head","floor":41,"turns":6},{"damage":16,"enemies":"Maw","floor":42,"turns":7},{"damage":12,"enemies":"Nemesis","floor":45,"turns":5},{"damage":3,"enemies":"Jaw Worm Horde","floor":48,"turns":2},{"damage":34,"enemies":"Awakened One","floor":50,"turns":8}],"seed_played":"7595056442406189969","potions_obtained":[{"floor":4.0,"key":"SkillPotion"},{"floor":11.0,"key":"FairyPotion"},{"floor":24.0,"key":"Ancient Potion"},{"floor":27,"key":"BloodPotion"},{"floor":28,"key":"BlessingOfTheForge"},{"floor":30,"key":"HeartOfIron"},{"floor":33,"key":"Swift Potion"},{"floor":35,"key":"PowerPotion"},{"floor":37,"key":"BloodPotion"},{"floor":48,"key":"AttackPotion"}],"is_trial":false,"path_per_floor":["M","?","?","M","?","R","E","$","T","R","M","R","M","E","R","B",null,"M","?","M","$","?","R","E","R","T","M","M","R","E","M","R","B",null,"M","?","M","M","?","R","E","M","T","$","E","?","$","M","R","B",null],"character_chosen":"IRONCLAD","items_purchased":["Membership Card","Heavy Blade","Shrug It Off","Sundial","HornCleat","Oddly Smooth Stone","Seeing Red","DollysMirror","Metallicize+1","Master of Strategy","Strawberry"],"campfire_rested":2,"item_purchase_floors":[8,8,21,21,44,44,44,44,44,44,47],"current_hp_per_floor":[51,44,33,30,23,47,24,24,24,24,26,26,30,19,43,44,71,77,77,74,74,74,74,70,70,70,75,74,74,72,68,68,21,68,65,55,66,59,77,77,66,87,87,87,90,90,97,100,100,88],"gold":40,"neow_bonus":"TRANSFORM_TWO_CARDS","is_daily":false,"chose_seed":false,"campfire_upgraded":8,"win_rate":0.0,"timestamp":1608460815,"path_taken":["M","?","?","M","?","R","E","?","T","R","M","R","M","E","R","BOSS","M","?","M","$","?","R","E","R","T","M","M","R","E","?","R","BOSS","M","?","M","M","?","R","E","?","T","?","E","?","$","M","R","BOSS"],"items_purchased_type":["Relic","Card","Card","Relic","Relic","Relic","Card","Relic","Card","Card","Relic"],"build_version":"2020-12-13","purchased_purges":4,"victory":true,"max_hp_per_floor":[80,80,80,80,80,80,80,80,80,80,80,80,80,80,80,80,80,80,80,80,80,80,80,80,80,80,80,80,80,80,84,84,84,84,84,84,88,91,99,99,99,99,99,99,99,99,106,106,106,109],"card_choices":[{"not_picked":["Headbutt","Flex"],"picked":"Twin Strike","floor":1.0},{"not_picked":["Metallicize","Armaments"],"picked":"Cleave","floor":4.0},{"not_picked":["Bloodletting","Thunderclap"],"picked":"Hemokinesis","floor":7.0},{"not_picked":["Second Wind","Headbutt","Brutality"],"picked":"SKIP","floor":11.0},{"not_picked":["Uppercut","Twin Strike","Headbutt"],"picked":"SKIP","floor":13.0},{"not_picked":["Dropkick","Body Slam"],"picked":"Flex","floor":14.0},{"not_picked":["Impervious","Corruption"],"picked":"Double Tap","floor":16.0},{"not_picked":["Thunderclap","Cleave"],"picked":"Shockwave","floor":18.0},{"not_picked":["Burning Pact","Sword Boomerang","Battle Trance"],"picked":"SKIP","floor":20.0},{"not_picked":["Armaments","Heavy Blade","Brutality+1"],"picked":"SKIP","floor":24.0},{"not_picked":["Entrench","Headbutt","Flex"],"picked":"SKIP","floor":27},{"not_picked":["Burning Pact","Heavy Blade","True Grit"],"picked":"SKIP","floor":28},{"not_picked":["Rampage","Body Slam"],"picked":"Feed","floor":30},{"not_picked":["Carnage","Clash+1"],"picked":"Intimidate+1","floor":31},{"not_picked":["Juggernaut+1","Feed"],"picked":"Reaper","floor":33},{"not_picked":["Sword Boomerang+1","Body Slam+1","Rampage+1"],"picked":"SKIP","floor":35},{"not_picked":["Flash of Steel","Deep Breath"],"picked":"Dark Shackles","floor":36},{"not_picked":["Anger","Headbutt","Rampage+1"],"picked":"SKIP","floor":37},{"not_picked":["Whirlwind+1","Heavy Blade+1","Anger"],"picked":"SKIP","floor":38},{"not_picked":["Iron Wave+1","Thunderclap"],"picked":"Flex+1","floor":39},{"not_picked":["Pummel","Infernal Blade","Disarm"],"picked":"SKIP","floor":41},{"not_picked":["Pummel","Second Wind"],"picked":"Bloodletting+1","floor":42},{"not_picked":["Carnage","Shockwave+1","Hemokinesis+1"],"picked":"SKIP","floor":45},{"not_picked":["Twin Strike","Clash"],"picked":"Shrug It Off","floor":48}],"player_experience":278948,"relics_obtained":[{"floor":7.0,"key":"Anchor"},{"floor":9.0,"key":"InkBottle"},{"floor":14.0,"key":"Vajra"},{"floor":24.0,"key":"White Beast Statue"},{"floor":26.0,"key":"Centennial Puzzle"},{"floor":30,"key":"Omamori"},{"floor":39,"key":"Old Coin"},{"floor":41,"key":"War Paint"},{"floor":43,"key":"Bag of Marbles"},{"floor":45,"key":"Darkstone Periapt"}],"event_choices":[{"cards_removed":["Strike_R"],"damage_healed":0.0,"max_hp_gain":0.0,"max_hp_loss":0.0,"gold_gain":0.0,"event_name":"Golden Wing","player_choice":"Card Removal","floor":2.0,"gold_loss":0.0,"damage_taken":7.0},{"damage_healed":0.0,"max_hp_gain":0.0,"max_hp_loss":0.0,"gold_gain":75.0,"event_name":"World of Goop","player_choice":"Gather Gold","floor":3.0,"gold_loss":0.0,"damage_taken":11.0},{"damage_healed":0.0,"max_hp_gain":0.0,"max_hp_loss":0.0,"gold_gain":0.0,"event_name":"Scrap Ooze","player_choice":"Success","floor":5.0,"gold_loss":0.0,"damage_taken":7.0,"relics_obtained":["CaptainsWheel"]},{"cards_removed":["Strike_R"],"damage_healed":0.0,"max_hp_gain":0.0,"max_hp_loss":0.0,"gold_gain":0.0,"event_name":"Back to Basics","player_choice":"Elegance","floor":19.0,"gold_loss":0.0,"damage_taken":0.0},{"damage_healed":0.0,"max_hp_gain":0.0,"max_hp_loss":0.0,"gold_gain":0.0,"event_name":"WeMeetAgain","player_choice":"Gave Potion","floor":22.0,"gold_loss":0.0,"damage_taken":0.0,"relics_obtained":["Frozen Egg 2"]},{"damage_healed":0,"gold_gain":0,"player_choice":"Memory 3","damage_taken":10,"max_hp_gain":0,"max_hp_loss":0,"event_name":"SensoryStone","floor":36,"gold_loss":0},{"damage_healed":0,"gold_gain":0,"player_choice":"Fight","damage_taken":0,"max_hp_gain":0,"max_hp_loss":0,"event_name":"MindBloom","floor":39,"gold_loss":0},{"damage_healed":0,"gold_gain":0,"player_choice":"Ignored","damage_taken":0,"max_hp_gain":0,"max_hp_loss":0,"event_name":"Tomb of Lord Red Mask","floor":46,"gold_loss":0}],"is_beta":false,"boss_relics":[{"not_picked":["Philosopher\u0027s Stone","Calling Bell"],"picked":"Runic Pyramid"},{"not_picked":["Runic Dome","Mark of Pain"],"picked":"Pandora\u0027s Box"}],"items_purged_floors":[8,21,44,47],"is_endless":false,"potions_floor_spawned":[4,11,24,27,28,30,31,33,35,37,38,39,41,42,45,48],"ascension_level":5}}