{"host":"y1gy3vaohdji07z5","time":1608476175,"event":{"mods":["BaseMod","Colored Map","Colored Powertips","Hermit","Minty Spire (QoL Compilation)","Random Character Button","Rare Cards Sparkle","StSLib"],"gold_per_floor":[169,8,27,27,27,27,27,27,76,115,115,80,119,142,142,272,272,272,50,50,50,50,50,50,50,50,50,50,50,50,50,50,50,50,50,50,50,50,50,50,50,50,50,50,50,50,50,50,50,50],"floor_reached":51,"playtime":3434,"items_purged":["hermit:Defend_Hermit"],"score":846,"play_id":"5f39436d-7263-4642-9503-f6021a800b8a","local_time":"20201220155615","is_ascension_mode":true,"campfire_choices":[{"data":"hermit:Showdown","floor":6,"key":"SMITH"},{"data":"hermit:FullyLoaded","floor":8,"key":"SMITH"},{"data":"hermit:Showdown","floor":11,"key":"SMITH"},{"data":"hermit:Strike_Hermit","floor":15,"key":"SMITH"},{"data":"hermit:HighNoon","floor":25,"key":"SMITH"},{"floor":27,"key":"REST"},{"data":"hermit:Maintenance","floor":30,"key":"SMITH"},{"data":"hermit:Strike_Hermit","floor":32,"key":"SMITH"},{"data":"hermit:Strike_Hermit","floor":40,"key":"SMITH"},{"data":"hermit:Strike_Hermit","floor":42,"key":"SMITH"},{"data":"hermit:Covet","floor":46,"key":"SMITH"},{"floor":49,"key":"REST"}],"circlet_count":0,"master_deck":["hermit:Strike_Hermit+1","hermit:Strike_Hermit+1","hermit:Strike_Hermit+1","hermit:Strike_Hermit+1","hermit:Defend_Hermit","hermit:Defend_Hermit+1","hermit:Snapshot","hermit:Covet+1","hermit:Showdown+1","hermit:FullyLoaded+1","hermit:RoundhouseKick","hermit:Showdown+1","hermit:HighNoon+1","hermit:Vantage+1","hermit:Shortfuse","hermit:TakeCover+1","hermit:Glare+1","hermit:Maintenance+1","CurseOfTheBell"],"relics":["Tiny House","Centennial Puzzle","HornCleat","Du-Vu Doll","Ectoplasm","Orichalcum","Nunchaku","Dream Catcher","Singing Bowl","Calling Bell","Strawberry","Ornamental Fan","Gambling Chip","Pantograph","Ice Cream","Blue Candle"],"acts_visited":["Exordium","TheCity","TheBeyond"],"potions_floor_usage":[23,23,33],"damage_taken":[{"damage":0,"enemies":"Cultist","floor":1,"turns":3},{"damage":0,"enemies":"Small Slimes","floor":3,"turns":4},{"damage":13,"enemies":"3 Sentries","floor":10,"turns":5},{"damage":8,"enemies":"Lagavulin","floor":13,"turns":5},{"damage":0,"enemies":"Jaw Worm","floor":14,"turns":2},{"damage":25,"enemies":"Slime Boss","floor":16,"turns":7},{"damage":0,"enemies":"Spheric Guardian","floor":18,"turns":3},{"damage":6,"enemies":"3 Byrds","floor":21,"turns":4},{"damage":10,"enemies":"Centurion and Healer","floor":22,"turns":3},{"damage":21,"enemies":"Book of Stabbing","floor":23,"turns":3},{"damage":4,"enemies":"Shelled Parasite and Fungi","floor":24,"turns":2},{"damage":4,"enemies":"Colosseum Slavers","floor":28,"turns":4},{"damage":3,"enemies":"Slavers","floor":29,"turns":5},{"damage":8,"enemies":"Snake Plant","floor":31,"turns":3},{"damage":8,"enemies":"Collector","floor":33,"turns":10},{"damage":20,"enemies":"Orb Walker","floor":35,"turns":4},{"damage":10,"enemies":"3 Shapes","floor":37,"turns":7},{"damage":22,"enemies":"3 Darklings","floor":41,"turns":4},{"damage":0,"enemies":"Maw","floor":44,"turns":6},{"damage":14,"enemies":"Reptomancer","floor":45,"turns":6},{"damage":18,"enemies":"Sphere and 2 Shapes","floor":47,"turns":4},{"damage":10,"enemies":"Giant Head","floor":48,"turns":5},{"damage":7,"enemies":"Time Eater","floor":50,"turns":12}],"seed_played":"1660964137032447989","potions_obtained":[{"floor":0,"key":"SneckoOil"},{"floor":1,"key":"LiquidBronze"},{"floor":14,"key":"hermit:BlackBile"},{"floor":22,"key":"GamblersBrew"},{"floor":23,"key":"FairyPotion"},{"floor":24,"key":"Weak Potion"},{"floor":37,"key":"Weak Potion"}],"is_trial":false,"path_per_floor":["M","$","M","$","?","R","?","R","T","E","R","?","E","M","R","B",null,"M","$","?","M","M","E","M","R","T","R","?","E","R","M","R","B",null,"M","?","M","?","$","R","M","R","T","M","E","R","M","E","R","B",null],"character_chosen":"HERMIT","items_purchased":["hermit:RoundhouseKick","Orichalcum"],"campfire_rested":2,"item_purchase_floors":[2,19],"current_hp_per_floor":[80,80,80,80,60,60,53,53,53,40,40,60,52,52,52,27,80,80,80,80,74,64,43,39,39,39,63,59,56,56,50,50,44,91,73,75,67,67,67,67,47,47,47,49,37,37,21,13,47,65],"gold":50,"neow_bonus":"BOSS_RELIC","is_daily":false,"chose_seed":false,"campfire_upgraded":10,"win_rate":0.0,"timestamp":1608476175,"path_taken":["M","$","M","?","?","R","?","R","T","E","R","?","E","?","R","BOSS","M","$","?","M","M","E","M","R","T","R","?","E","R","M","R","BOSS","M","?","M","?","$","R","M","R","T","M","E","R","M","E","R","BOSS"],"items_purchased_type":["Card","Relic"],"build_version":"2020-12-13","purchased_purges":1,"victory":true,"max_hp_per_floor":[80,80,80,80,80,80,80,80,80,80,80,80,80,80,80,80,80,80,80,80,80,80,80,80,80,80,80,80,80,80,82,82,84,91,93,95,97,97,97,97,99,99,99,101,103,103,105,107,109,109],"card_choices":[{"not_picked":["hermit:FullyLoaded","hermit:Ricochet"],"picked":"hermit:Showdown","floor":0},{"not_picked":["hermit:Roulette","hermit:Manifest"],"picked":"hermit:FullyLoaded","floor":1},{"not_picked":["hermit:Roulette","hermit:HoleUp","hermit:CalledShot"],"picked":"SKIP","floor":3},{"not_picked":["hermit:Cheat","hermit:Vantage"],"picked":"hermit:Showdown","floor":10},{"not_picked":["hermit:NoHoldsBarred","hermit:FatalDesire","hermit:EyeOfTheStorm"],"picked":"SKIP","floor":13},{"not_picked":["hermit:Enervate","hermit:Ricochet","hermit:Coalescence"],"picked":"SKIP","floor":14},{"not_picked":["hermit:OverwhelmingPower","hermit:FromBeyond"],"picked":"hermit:HighNoon","floor":16},{"not_picked":["hermit:WideOpen","hermit:ItchyTrigger+1"],"picked":"hermit:Vantage+1","floor":18},{"not_picked":["hermit:Virtue+1","hermit:Gestalt","hermit:ItchyTrigger"],"picked":"SKIP","floor":21},{"not_picked":["hermit:PistolWhip","hermit:SprayPray","hermit:Desperado"],"picked":"SKIP","floor":22},{"not_picked":["hermit:Desperado","hermit:TrackingShot"],"picked":"hermit:TakeCover+1","floor":23},{"not_picked":["hermit:Coalescence","hermit:NoHoldsBarred+1","hermit:Feint+1"],"picked":"SKIP","floor":24},{"not_picked":["hermit:Quickdraw","hermit:FromBeyond"],"picked":"hermit:Glare+1","floor":27},{"not_picked":["hermit:CursedWeapon","hermit:FlashPowder"],"picked":"hermit:Maintenance","floor":29},{"not_picked":["hermit:Brawl","hermit:GhostlyPresence","hermit:NoHoldsBarred+1"],"picked":"Singing Bowl","floor":31},{"not_picked":["hermit:EternalForm","hermit:RoundhouseKick","hermit:FinalCanter"],"picked":"Singing Bowl","floor":33},{"not_picked":["hermit:Glare","hermit:Ricochet+1","hermit:Dive"],"picked":"Singing Bowl","floor":35},{"not_picked":["Finesse","Blind","Bandage Up"],"picked":"Singing Bowl","floor":36},{"not_picked":["hermit:TrackingShot+1","hermit:BigShot+1","hermit:Vantage"],"picked":"Singing Bowl","floor":37},{"not_picked":["hermit:Ricochet+1","hermit:WideOpen","hermit:Enervate+1"],"picked":"Singing Bowl","floor":41},{"not_picked":["hermit:Malice","hermit:Reprieve","hermit:DeadMansHand"],"picked":"Singing Bowl","floor":44},{"not_picked":["hermit:Quickdraw+1","hermit:Enervate","hermit:SprayPray+1"],"picked":"Singing Bowl","floor":45},{"not_picked":["hermit:GhostlyPresence","hermit:Ricochet+1","hermit:Horror"],"picked":"Singing Bowl","floor":47},{"not_picked":["hermit:LowProfile","hermit:Glare+1","hermit:WideOpen+1"],"picked":"Singing Bowl","floor":48},{"not_picked":["hermit:EternalForm","hermit:HighCaliber","hermit:Coalescence+1"],"picked":"Singing Bowl","floor":49}],"player_experience":337064,"relics_obtained":[{"floor":9,"key":"Centennial Puzzle"},{"floor":10,"key":"HornCleat"},{"floor":13,"key":"Du-Vu Doll"},{"floor":23,"key":"Nunchaku"},{"floor":26,"key":"Dream Catcher"},{"floor":29,"key":"Singing Bowl"},{"floor":34,"key":"Strawberry"},{"floor":34,"key":"Ornamental Fan"},{"floor":34,"key":"Gambling Chip"},{"floor":43,"key":"Pantograph"},{"floor":45,"key":"Ice Cream"},{"floor":48,"key":"Blue Candle"}],"event_choices":[{"damage_healed":0,"gold_gain":0,"player_choice":"Take Damage","damage_taken":20,"relics_obtained":["Golden Idol"],"max_hp_gain":0,"max_hp_loss":0,"event_name":"Golden Idol","floor":5,"gold_loss":0},{"cards_removed":["hermit:Defend_Hermit"],"damage_healed":0,"gold_gain":0,"player_choice":"Card Removal","damage_taken":7,"max_hp_gain":0,"max_hp_loss":0,"event_name":"Golden Wing","floor":7,"gold_loss":0},{"damage_healed":20,"gold_gain":0,"player_choice":"Healed","damage_taken":0,"max_hp_gain":0,"max_hp_loss":0,"event_name":"The Cleric","floor":12,"gold_loss":35},{"damage_healed":0,"gold_gain":0,"player_choice":"Read","damage_taken":0,"max_hp_gain":0,"max_hp_loss":0,"event_name":"The Library","floor":20,"gold_loss":0,"cards_obtained":["hermit:Shortfuse"]},{"damage_healed":0,"gold_gain":0,"player_choice":"Fight","damage_taken":0,"max_hp_gain":0,"max_hp_loss":0,"event_name":"Colosseum","floor":28,"gold_loss":0},{"damage_healed":0,"gold_gain":0,"player_choice":"Fled From Nobs","damage_taken":0,"max_hp_gain":0,"max_hp_loss":0,"event_name":"Colosseum","floor":28,"gold_loss":0},{"damage_healed":0,"gold_gain":0,"player_choice":"Memory 1","damage_taken":0,"max_hp_gain":0,"max_hp_loss":0,"event_name":"SensoryStone","floor":36,"gold_loss":0},{"damage_healed":0,"gold_gain":333,"player_choice":"Gave Idol","damage_taken":0,"max_hp_gain":0,"max_hp_loss":0,"event_name":"The Moai Head","floor":38,"relics_lost":["Golden Idol"],"gold_loss":0}],"is_beta":false,"boss_relics":[{"not_picked":["Empty Cage","Fusion Hammer"],"picked":"Ectoplasm"},{"not_picked":["Pandora\u0027s Box","Coffee Dripper"],"picked":"Calling Bell"}],"items_purged_floors":[19],"is_endless":false,"potions_floor_spawned":[1,14,22,23,24,29,37,41,45],"ascension_level":2}}