{"host":"4nqeo0vu1vuav7gg","time":1608490655,"event":{"mods":["AchievementEnabler","BaseMod","Block Reminder","Colored Map","Colored Powertips","Highlight Path","Minty Spire (QoL Compilation)","Quick Restart","Rare Cards Sparkle","Relic Relevance Reorder","StSLib"],"gold_per_floor":[109,120,120,194,24,24,24,24,49,62,96,96,134,150,150,150,150],"floor_reached":16,"playtime":478,"items_purged":[],"score":184,"play_id":"1def488b-5167-4209-a469-0ce71d2653cc","local_time":"20201220195735","is_ascension_mode":true,"campfire_choices":[{"data":"Redo","floor":6.0,"key":"SMITH"},{"data":"Zap","floor":8.0,"key":"SMITH"},{"data":"Dualcast","floor":12.0,"key":"SMITH"},{"floor":15.0,"key":"REST"}],"circlet_count":0,"master_deck":["AscendersBane","Strike_B","Strike_B","Strike_B","Defend_B","Defend_B","Defend_B","Defend_B","Zap+1","Dualcast+1","Hyperbeam","Sweeping Beam","Injury","Redo+1","Ball Lightning","Buffer","Barrage"],"relics":["Cracked Core","Happy Flower","Oddly Smooth Stone","The Courier","Golden Idol","Lee\u0027s Waffle"],"acts_visited":["Exordium"],"potions_floor_usage":[16],"damage_taken":[{"damage":0.0,"enemies":"Cultist","floor":1.0,"turns":2.0},{"damage":0.0,"enemies":"Small Slimes","floor":2.0,"turns":1.0},{"damage":0.0,"enemies":"Jaw Worm","floor":10.0,"turns":3.0},{"damage":34.0,"enemies":"Gremlin Nob","floor":11.0,"turns":4.0},{"damage":10.0,"enemies":"3 Sentries","floor":13.0,"turns":2.0},{"damage":0.0,"enemies":"Large Slime","floor":14.0,"turns":4.0},{"damage":58,"enemies":"Hexaghost","floor":16,"turns":9}],"seed_played":"-3652125159839085862","potions_obtained":[{"floor":11.0,"key":"DuplicationPotion"},{"floor":14.0,"key":"Explosive Potion"}],"is_trial":false,"path_per_floor":["M","M","?","?","$","R","$","R","T","M","E","R","E","M","R","B"],"character_chosen":"DEFECT","items_purchased":["Lee\u0027s Waffle","Redo"],"campfire_rested":1,"item_purchase_floors":[5,5],"current_hp_per_floor":[64,64,64,64,78,78,78,78,78,78,44,44,34,34,57,0,0],"gold":150,"neow_bonus":"TRANSFORM_CARD","is_daily":false,"chose_seed":false,"campfire_upgraded":3,"win_rate":0.0,"timestamp":1608490655,"path_taken":["M","M","?","?","$","R","?","R","T","M","E","R","E","M","R","BOSS"],"items_purchased_type":["Relic","Card"],"build_version":"2020-12-13","purchased_purges":0,"victory":false,"max_hp_per_floor":[71,71,71,71,78,78,78,78,78,78,78,78,78,78,78,78,78],"card_choices":[{"not_picked":["Redo","Recycle","Rebound"],"picked":"SKIP","floor":1.0},{"not_picked":["Leap","Steam Power"],"picked":"Sweeping Beam","floor":2.0},{"not_picked":["Reprogram","Double Energy"],"picked":"Ball Lightning","floor":10.0},{"not_picked":["Gash","Steam","Rebound"],"picked":"SKIP","floor":11.0},{"not_picked":["Consume","Streamline"],"picked":"Buffer","floor":13.0},{"not_picked":["Compile Driver","Tempest"],"picked":"Barrage","floor":14.0}],"player_experience":964171,"relics_obtained":[{"floor":9.0,"key":"Oddly Smooth Stone"},{"floor":11.0,"key":"Happy Flower"},{"floor":13.0,"key":"The Courier"}],"event_choices":[{"damage_healed":0.0,"max_hp_gain":0.0,"max_hp_loss":0.0,"gold_gain":0.0,"event_name":"Golden Idol","player_choice":"Take Wound","floor":3.0,"gold_loss":0.0,"damage_taken":0.0,"relics_obtained":["Golden Idol"],"cards_obtained":["Injury"]},{"damage_healed":0.0,"max_hp_gain":0.0,"max_hp_loss":0.0,"gold_gain":74.0,"event_name":"Golden Wing","player_choice":"Gained Gold","floor":4.0,"gold_loss":0.0,"damage_taken":0.0}],"is_beta":false,"boss_relics":[],"items_purged_floors":[],"is_endless":false,"potions_floor_spawned":[11,14],"killed_by":"Hexaghost","ascension_level":14}}