{"host":"9c5kazgg71l3jb6l","time":1608468822,"event":{"mods":["BaseMod","Downfall","Minty Spire (QoL Compilation)","StSLib","Waifu the Spire"],"gold_per_floor":[0,16,16,16,48,58,106,31,45,45,64,64,64,214,226,326,326,251,277,42,42,55,55,105,132,147,147,147,147,163,1,13,115,115,115,146,146,146,146,181,181,197,182,208,254,282,305,41,55,55],"floor_reached":51,"playtime":4256,"items_purged":["Shame"],"score":933,"play_id":"81f0d697-d859-4b1e-b6cd-888054c5c6ca","local_time":"20201220205342","is_ascension_mode":true,"campfire_choices":[{"data":"Guardian:AncientConstruct","floor":1.0,"key":"SMITH"},{"data":"Guardian:TwinSlam","floor":3.0,"key":"SMITH"},{"floor":8.0,"key":"RECALL"},{"data":"Guardian:Recover","floor":10.0,"key":"SMITH"},{"data":"Guardian:Orbwalk","floor":27.0,"key":"SMITH"},{"data":"Guardian:BaubleBeam","floor":35.0,"key":"SMITH"},{"data":"Guardian:FierceBash","floor":39.0,"key":"SMITH"}],"circlet_count":0,"master_deck":["Guardian:Strike_Guardian","Guardian:Strike_Guardian","Guardian:Strike_Guardian","Guardian:Strike_Guardian+1","Guardian:Defend_Guardian","Guardian:Defend_Guardian","Guardian:Defend_Guardian+1","Guardian:Defend_Guardian","Guardian:CurlUp","Guardian:TwinSlam+1","Guardian:AncientConstruct+1","Guardian:ChargeUp","Guardian:FuturePlans","Guardian:Recover+1","Guardian:ShieldCharger+1","Slimebound:Icky","Guardian:SphericShield","Guardian:FierceBash+1","Guardian:ChargeCore","Guardian:Clone","Guardian:Incinerate","expansioncontent:Corrupt","Guardian:Reroute","Guardian:Gem_Fragmented","Guardian:Orbwalk+1","Guardian:WalkerClaw+1","Guardian:Reroute","Guardian:BaubleBeam+1","Guardian:Repulse+1","expansioncontent:CaCaw","Guardian:Gem_Blue","Guardian:Incinerate+1","Guardian:Suspension","Guardian:Gem_Purple","Guardian:BronzeArmor","Guardian:Gem_Orange","Guardian:BaubleBeam"],"relics":["Guardian:ModeShifterPlus","InkBottle","Mango","downfall:HeartBlessingBlue","Guardian:PickAxe","Empty Cage","downfall:HeartBlessingRed","White Beast Statue","Enchiridion","Boot","Oddly Smooth Stone","Nunchaku","Lizard Tail","Ornamental Fan","Meat on the Bone","Orichalcum","MawBank","Kunai","Ginger"],"acts_visited":["Exordium","TheCity","TheBeyond"],"potions_floor_usage":[47,48,49,50,50],"damage_taken":[{"damage":7.0,"enemies":"Jaw Worm","floor":2.0,"turns":4.0},{"damage":35.0,"enemies":"Lagavulin","floor":5.0,"turns":10.0},{"damage":2.0,"enemies":"Small Slimes","floor":6.0,"turns":4.0},{"damage":0.0,"enemies":"2 Louse","floor":9.0,"turns":2.0},{"damage":18.0,"enemies":"Exordium Wildlife","floor":11.0,"turns":4.0},{"damage":13.0,"enemies":"3 Louse","floor":15.0,"turns":4.0},{"damage":25.0,"enemies":"downfall:Ironclad","floor":16.0,"turns":12.0},{"damage":10.0,"enemies":"Slavers","floor":19.0,"turns":8.0},{"damage":2.0,"enemies":"downfall:FleeingMerchant","floor":20.0,"turns":4.0},{"damage":2.0,"enemies":"Spheric Guardian","floor":22.0,"turns":5.0},{"damage":0.0,"enemies":"Book of Stabbing","floor":25.0,"turns":5.0},{"damage":0.0,"enemies":"Centurion and Healer","floor":26.0,"turns":6.0},{"damage":18.0,"enemies":"Snake Plant","floor":30.0,"turns":4.0},{"damage":5.0,"enemies":"downfall:FleeingMerchant","floor":31.0,"turns":4.0},{"damage":6.0,"enemies":"Chosen and Byrds","floor":32.0,"turns":8.0},{"damage":13.0,"enemies":"downfall:Silent","floor":33.0,"turns":7.0},{"damage":27.0,"enemies":"Reptomancer","floor":36.0,"turns":8.0},{"damage":3.0,"enemies":"Giant Head","floor":40.0,"turns":7.0},{"damage":3.0,"enemies":"Orb Walker","floor":42.0,"turns":4.0},{"damage":0.0,"enemies":"downfall:FleeingMerchant","floor":43.0,"turns":4.0},{"damage":38.0,"enemies":"Reptomancer","floor":44.0,"turns":8.0},{"damage":3.0,"enemies":"3 Shapes","floor":46.0,"turns":4.0},{"damage":0,"enemies":"3 Darklings","floor":47,"turns":6},{"damage":15,"enemies":"downfall:FleeingMerchant","floor":48,"turns":3},{"damage":1,"enemies":"4 Shapes","floor":49,"turns":10},{"damage":1,"enemies":"downfall:Watcher","floor":50,"turns":8}],"seed_played":"8366516929558114590","potions_obtained":[{"floor":5.0,"key":"SteroidPotion"},{"floor":6.0,"key":"BlessingOfTheForge"},{"floor":15.0,"key":"Guardian:BlockOnCardUsePotion"},{"floor":20.0,"key":"PowerPotion"},{"floor":25.0,"key":"Strength Potion"},{"floor":26.0,"key":"Guardian:BlockOnCardUsePotion"},{"floor":30.0,"key":"PowerPotion"},{"floor":31.0,"key":"champ:CounterPotion"},{"floor":32.0,"key":"GamblersBrew"},{"floor":33.0,"key":"Dexterity Potion"},{"floor":36.0,"key":"PowerPotion"},{"floor":40.0,"key":"Explosive Potion"},{"floor":44.0,"key":"Fire Potion"},{"floor":46.0,"key":"GamblersBrew"},{"floor":47,"key":"Regen Potion"},{"floor":48,"key":"Fire Potion"},{"floor":49,"key":"FearPotion"}],"is_trial":false,"path_per_floor":["R","M","R","?","E","M","T","R","M","R","M","?","?","?","M","B",null,"R","E","$","?","M","R","T","E","M","R","?","?","M","$","M","B",null,"R","E","?","?","R","E","T","M","$","E","?","M","M","$","M","B",null],"character_chosen":"GUARDIAN","items_purchased":["Guardian:Incinerate","expansioncontent:Corrupt","Guardian:Gem_Orange","Kunai","Ginger"],"campfire_rested":0,"item_purchase_floors":[20,20,31,48,48],"current_hp_per_floor":[80,73,73,73,52,50,50,60,60,60,42,42,42,42,29,4,104,104,94,92,76,74,74,74,74,74,74,74,74,56,51,45,32,104,104,77,77,77,77,74,74,71,71,45,45,54,54,51,62,76],"gold":55,"neow_bonus":"THREE_RARE_CARDS","is_daily":false,"chose_seed":false,"campfire_upgraded":6,"win_rate":0.0,"timestamp":1608468822,"path_taken":["R","M","R","?","E","M","T","R","M","R","M","?","?","?","M","BOSS","R","E","$","?","M","R","T","E","M","R","?","?","M","$","M","BOSS","R","E","?","?","R","E","T","?","$","E","?","?","M","$","M","BOSS"],"items_purchased_type":["Card","Card","Card","Relic","Relic"],"build_version":"2020-12-13","purchased_purges":1,"victory":true,"max_hp_per_floor":[80,80,80,80,94,94,94,104,104,104,104,104,104,104,104,104,104,104,104,104,104,104,104,104,104,104,104,104,104,104,104,104,104,104,104,104,104,104,104,104,104,104,104,104,104,104,104,104,104,104],"card_choices":[{"not_picked":["Guardian:StasisStrike","Guardian:GemFire"],"picked":"Guardian:AncientConstruct","floor":0.0},{"not_picked":["Guardian:Gem_Lightblue","Guardian:SpikerProtocol"],"picked":"Guardian:Gem_Red","floor":2.0},{"not_picked":["Guardian:SpikerProtocol","Guardian:WalkerClaw"],"picked":"Guardian:ChargeUp","floor":5.0},{"not_picked":["Guardian:PiercingHide","Guardian:Gem_Green"],"picked":"Guardian:FuturePlans","floor":6.0},{"not_picked":["Guardian:Reroute","Guardian:ShieldCharger"],"picked":"Guardian:Recover","floor":9.0},{"not_picked":["Guardian:RollAttack","Guardian:RefractedBeam"],"picked":"Guardian:ShieldCharger","floor":11.0},{"not_picked":["Guardian:GuardianWhirl","Guardian:FuturePlans"],"picked":"Guardian:SphericShield","floor":15.0},{"not_picked":["Guardian:ConstructionForm","Guardian:SphericShield"],"picked":"Guardian:FierceBash","floor":16.0},{"not_picked":["Guardian:Planning+1","Guardian:CrystalBeam"],"picked":"Guardian:ChargeCore","floor":19.0},{"not_picked":["Guardian:Gem_Cyan","Guardian:Emergency"],"picked":"Guardian:Clone","floor":20.0},{"not_picked":["Guardian:PrimingBeam","Guardian:Gem_Lightblue"],"picked":"Guardian:Reroute","floor":22.0},{"not_picked":["Guardian:ShieldCharger","Guardian:MultiBeam"],"picked":"Guardian:Gem_Fragmented","floor":25.0},{"not_picked":["Guardian:WalkerClaw","Guardian:MultiBeam"],"picked":"Guardian:Orbwalk","floor":26.0},{"not_picked":["Guardian:SpikerProtocol","Guardian:Gem_Cyan"],"picked":"Guardian:WalkerClaw+1","floor":30.0},{"not_picked":["Guardian:Recover","Guardian:DecasProtection"],"picked":"Guardian:Gem_Blue","floor":31.0},{"not_picked":["Guardian:Gem_Lightblue","Guardian:Gem_Blue"],"picked":"Guardian:Reroute","floor":32.0},{"not_picked":["Guardian:ConstructionForm","Guardian:AncientConstruct"],"picked":"Guardian:BaubleBeam","floor":33.0},{"not_picked":["Guardian:RollAttack","Guardian:CrystalBeam"],"picked":"Guardian:Repulse+1","floor":36.0},{"not_picked":["expansioncontent:DonusPower","expansioncontent:GoopSpray"],"picked":"expansioncontent:CaCaw","floor":37.0},{"not_picked":["Guardian:Gem_Cyan","Guardian:Emergency+1"],"picked":"Guardian:Incinerate+1","floor":40.0},{"not_picked":["Guardian:TemporalShield+1","Guardian:Incinerate+1"],"picked":"Guardian:Suspension","floor":42.0},{"not_picked":["Guardian:Suspension","Guardian:ShieldCharger+1"],"picked":"Guardian:Gem_Purple","floor":43.0},{"not_picked":["Guardian:Orbwalk+1","Guardian:Preprogram"],"picked":"Guardian:BronzeArmor","floor":44.0},{"not_picked":["Guardian:ArmoredProtocol","Guardian:ChargeUp+1"],"picked":"Guardian:Gem_Orange","floor":46.0},{"not_picked":["Guardian:TemporalShield+1","Guardian:Reroute","Guardian:Gem_Green"],"picked":"SKIP","floor":47},{"not_picked":["Guardian:TemporalShield+1","Guardian:Orbwalk"],"picked":"Guardian:BaubleBeam","floor":48},{"not_picked":["Guardian:Gem_Fragmented","Guardian:Emergency+1","Guardian:Incinerate+1"],"picked":"SKIP","floor":49}],"player_experience":1358997,"relics_obtained":[{"floor":5.0,"key":"Mango"},{"floor":19.0,"key":"White Beast Statue"},{"floor":21.0,"key":"Enchiridion"},{"floor":24.0,"key":"Boot"},{"floor":25.0,"key":"Oddly Smooth Stone"},{"floor":36.0,"key":"Lizard Tail"},{"floor":40.0,"key":"Ornamental Fan"},{"floor":41.0,"key":"Meat on the Bone"},{"floor":44.0,"key":"Orichalcum"},{"floor":45.0,"key":"MawBank"}],"event_choices":[{"damage_healed":0.0,"max_hp_gain":0.0,"max_hp_loss":0.0,"gold_gain":0.0,"event_name":"Big Fish","player_choice":"Box","floor":4.0,"gold_loss":0.0,"damage_taken":0.0,"relics_obtained":["InkBottle"],"cards_obtained":["Regret"]},{"damage_healed":0.0,"max_hp_gain":0.0,"max_hp_loss":0.0,"gold_gain":0.0,"event_name":"Ghosts","player_choice":"Ignored","floor":28.0,"gold_loss":0.0,"damage_taken":0.0},{"damage_healed":0.0,"max_hp_gain":0.0,"max_hp_loss":0.0,"gold_gain":0.0,"event_name":"Addict","player_choice":"Stole Relic","floor":29.0,"gold_loss":0.0,"damage_taken":0.0,"relics_obtained":["Nunchaku"],"cards_obtained":["Shame"]}],"is_beta":false,"boss_relics":[{"not_picked":["Busted Crown","Philosopher\u0027s Stone"],"picked":"Empty Cage"},{"not_picked":["Sozu","Fusion Hammer"],"picked":"Guardian:ModeShifterPlus"}],"items_purged_floors":[48],"is_endless":false,"potions_floor_spawned":[5,6,15,16,20,22,25,26,30,31,32,33,36,40,42,43,44,46,47,48,49],"ascension_level":3}}