{"host":"l4li6saph8sy2zni","time":1608460364,"event":{"mods":["AchievementEnabler","Aspiration","BaseMod","BetterRewards","CCEM","Colored Map","Colored Powertips","Conspire","Downfall","Energized Spire","GifTheSpireLib","Highlight Path","Hubris","Infinite Spire","Mimic Mod","Minty Spire (QoL Compilation)","Permanent Neow","Quick Restart","Relic Filter","Replay The Spire","Shop Mod","StSLib","Stuff the Spire","The Hierophant"],"gold_per_floor":[99,99,116,116,129,144,192,208,208,242,242,253,270,95,106,106,106],"floor_reached":16,"playtime":1080,"items_purged":[],"score":104,"play_id":"6960643f-2d05-4ba3-a4d1-3b4e5504c55c","local_time":"20201220103244","is_ascension_mode":false,"campfire_choices":[{"data":"champ:Execute","floor":1,"key":"SMITH"},{"data":"champ:Taunt","floor":9,"key":"SMITH"}],"circlet_count":0,"master_deck":["champ:Strike","champ:Strike","champ:Strike","champ:Strike","champ:Defend","champ:Defend","champ:Defend","champ:Defend","champ:Execute+1","champ:Taunt+1","champ:Encircle","champ:FocusedGladiator","champ:PerfectedStrike","champ:RisingSlash","champ:IronFortress","champ:Lariat","champ:ShieldWall","champ:BladeFlurry","champ:BladeFlurry","champ:Circumvent","champ:StanceDance","champ:EnGarde","champ:Shatter","champ:BladeFlurry","champ:CrookedStrike"],"relics":["champ:ChampionCrown","ReplayTheSpireMod:TigerMarble","champ:DefensiveTrainingManual","Prayer Wheel"],"acts_visited":["Exordium"],"potions_floor_usage":[10],"damage_taken":[{"damage":11,"enemies":"Small Slimes","floor":3,"turns":3},{"damage":2,"enemies":"Cultist","floor":5,"turns":3},{"damage":6,"enemies":"Jaw Worm","floor":6,"turns":2},{"damage":16,"enemies":"Exordium Wildlife","floor":8,"turns":3},{"damage":26,"enemies":"Gremlin Nob","floor":10,"turns":5},{"damage":23,"enemies":"Blue Slaver","floor":12,"turns":4},{"damage":30,"enemies":"Exordium Thugs","floor":13,"turns":4},{"damage":0,"enemies":"downfall:FleeingMerchant","floor":14,"turns":4},{"damage":26,"enemies":"Lots of Slimes","floor":15,"turns":5},{"damage":11,"enemies":"downfall:Silent","floor":16,"turns":2}],"seed_played":"-145034717429320752","potions_obtained":[{"floor":3,"key":"SteroidPotion"},{"floor":6,"key":"Block Potion"},{"floor":10,"key":"SteroidPotion"},{"floor":13,"key":"PowerPotion"}],"is_trial":false,"path_per_floor":["R","?","M","T","M","M","T","M","R","E","?","M","M","$","M","B"],"character_chosen":"THE_CHAMP","items_purchased":["champ:StanceDance","champ:EnGarde","champ:Shatter"],"campfire_rested":0,"item_purchase_floors":[14,14,14],"current_hp_per_floor":[90,90,84,84,84,78,78,74,74,51,81,60,32,32,6,0,0],"gold":106,"neow_bonus":"RANDOM_COLORLESS","is_daily":false,"chose_seed":false,"campfire_upgraded":2,"win_rate":0.0,"timestamp":1608460364,"path_taken":["R","?","?","?","?","M","T","M","R","E","?","M","M","?","M","BOSS"],"items_purchased_type":["Card","Card","Card"],"build_version":"2020-12-13","purchased_purges":0,"victory":false,"max_hp_per_floor":[90,90,90,90,90,90,90,90,90,90,90,90,90,90,90,90,90],"card_choices":[{"not_picked":["expansioncontent:Chronoboost","Replay:Sssssssssstrike"],"picked":"Panacea","floor":0},{"not_picked":["champ:BladeFlurry","champ:RisingSlash"],"picked":"champ:Encircle","floor":3},{"not_picked":["champ:Shatter","champ:Backstep"],"picked":"champ:FocusedGladiator","floor":5},{"not_picked":["champ:Lariat","champ:RecklessLeap"],"picked":"champ:PerfectedStrike","floor":6},{"not_picked":["champ:BringItOn","champ:BladeFlurry"],"picked":"champ:RisingSlash","floor":8},{"not_picked":["champ:AdrenalArmor","champ:DeathBlow"],"picked":"champ:IronFortress","floor":10},{"not_picked":["champ:Duel","champ:EndlessRage"],"picked":"champ:Lariat","floor":12},{"not_picked":["champ:EnragedBash","champ:SwordThrow"],"picked":"champ:ShieldWall","floor":12},{"not_picked":["champ:Lariat","champ:BerserkersShout"],"picked":"champ:BladeFlurry","floor":13},{"not_picked":["champ:HeartStrike","champ:IronFortress"],"picked":"champ:BladeFlurry","floor":13},{"not_picked":["champ:PerfectedStrike","champ:SkillfulDodge"],"picked":"champ:Circumvent","floor":14},{"not_picked":["champ:BerserkerStyle","champ:Encircle"],"picked":"champ:BladeFlurry","floor":15},{"not_picked":["champ:BerserkerStyle","champ:BerserkersShout"],"picked":"champ:CrookedStrike","floor":15}],"player_experience":94266,"relics_obtained":[{"floor":4,"key":"ReplayTheSpireMod:TigerMarble"},{"floor":7,"key":"champ:DefensiveTrainingManual"},{"floor":10,"key":"Prayer Wheel"}],"event_choices":[{"cards_removed":["Panacea"],"damage_healed":0,"gold_gain":0,"player_choice":"Offered Uncommon","damage_taken":0,"max_hp_gain":0,"max_hp_loss":0,"event_name":"Bonfire Elementals","floor":2,"gold_loss":0},{"damage_healed":30,"gold_gain":0,"player_choice":"Banana","damage_taken":0,"max_hp_gain":0,"max_hp_loss":0,"event_name":"Big Fish","floor":11,"gold_loss":0}],"is_beta":false,"boss_relics":[],"items_purged_floors":[],"is_endless":false,"potions_floor_spawned":[3,6,10,13,15],"killed_by":"downfall:Silent","ascension_level":0}}