{"host":"7y3xcojbvgknqiob","time":1608461554,"event":{"mods":["Aspiration","BaseMod","Best Route Mod","Downfall","Hermit","Magitek Elite","Minty Spire (QoL Compilation)","Potionbrewer","Quick Restart","StSLib","The Bug Knight"],"gold_per_floor":[115,128,148,99,114,114,133,133,133,133,145,145,175,191,191,291,291,309,328,328,339,143,143,174,174,174,191,191,191],"floor_reached":28,"playtime":903,"items_purged":[],"score":303,"play_id":"9e1e1137-4329-4eea-a6e9-fdd2bb0c7750","local_time":"20201220025234","is_ascension_mode":true,"campfire_choices":[{"data":"Zap","floor":6,"key":"SMITH"},{"floor":8,"key":"RECALL"},{"data":"Sweeping Beam","floor":10,"key":"SMITH"},{"floor":15,"key":"REST"},{"data":"Electrodynamics","floor":23,"key":"SMITH"},{"floor":25,"key":"REST"}],"circlet_count":0,"master_deck":["Strike_B","Strike_B","Strike_B","Strike_B","Defend_B","Defend_B","Defend_B","Defend_B","Zap+1","Dualcast","expansioncontent:GuardianWhirl","Go for the Eyes","Rebound","Lockon","Sweeping Beam+1","Redo","aspiration:Polymerization","Barrage","Electrodynamics+1","Capacitor","Biased Cognition","Ball Lightning","Cold Snap","Electrodynamics","Leap","Steam","Loop+1","Hello World"],"relics":["Cracked Core","aspiration:HatOfInfinitePower","potionbrewer:AlchemistFlask","aspiration:Stellarator","Toolbox","HollowMod:LifeEnderRelic","aspiration:EnhancedActuators"],"acts_visited":["Exordium","TheCity"],"potions_floor_usage":[13,16,24],"damage_taken":[{"damage":0,"enemies":"2 Louse","floor":1,"turns":2},{"damage":7,"enemies":"Jaw Worm","floor":2,"turns":2},{"damage":6,"enemies":"Cultist","floor":3,"turns":3},{"damage":17,"enemies":"Looter","floor":5,"turns":3},{"damage":4,"enemies":"Red Slaver","floor":7,"turns":3},{"damage":4,"enemies":"Blue Slaver","floor":11,"turns":2},{"damage":26,"enemies":"Gremlin Nob","floor":13,"turns":4},{"damage":1,"enemies":"2 Fungi Beasts","floor":14,"turns":2},{"damage":26,"enemies":"Hexaghost","floor":16,"turns":6},{"damage":0,"enemies":"3 Byrds","floor":18,"turns":3},{"damage":3,"enemies":"Chosen","floor":19,"turns":3},{"damage":4,"enemies":"Sentry and Sphere","floor":21,"turns":3},{"damage":29,"enemies":"Book of Stabbing","floor":24,"turns":6},{"damage":35,"enemies":"Snake Plant","floor":27,"turns":4},{"damage":13,"enemies":"Chosen and Byrds","floor":28,"turns":1}],"seed_played":"4138377935713198861","potions_obtained":[{"floor":1,"key":"AttackPotion"},{"floor":3,"key":"potionbrewer:NoxiousPotion"},{"floor":7,"key":"PowerPotion"},{"floor":21,"key":"potionbrewer:CleansingPotion"},{"floor":27,"key":"potionbrewer:BoundlessPotion"}],"is_trial":false,"path_per_floor":["M","M","M","$","M","R","M","R","T","R","M","?","E","M","R","B",null,"M","M","?","M","$","R","E","R","T","M","M"],"character_chosen":"DEFECT","items_purchased":["Sweeping Beam","Steam","Toolbox"],"campfire_rested":2,"item_purchase_floors":[4,22,22],"current_hp_per_floor":[75,68,62,62,45,45,41,41,41,41,37,37,11,10,32,6,58,58,55,55,51,51,51,22,44,44,9,0,0],"gold":191,"neow_bonus":"RANDOM_COLORLESS","is_daily":false,"chose_seed":false,"campfire_upgraded":3,"win_rate":0.0,"timestamp":1608461554,"path_taken":["M","M","M","$","M","R","M","R","T","R","M","?","E","M","R","BOSS","M","M","?","M","$","R","E","R","T","M","M"],"items_purchased_type":["Card","Card","Relic"],"build_version":"2020-12-13","purchased_purges":0,"victory":false,"max_hp_per_floor":[75,75,75,75,75,75,75,75,75,75,75,75,75,75,75,75,75,75,75,75,75,75,75,75,75,75,75,75,75],"card_choices":[{"not_picked":["Madness","expansioncontent:PrepareCrush"],"picked":"expansioncontent:GuardianWhirl","floor":0},{"not_picked":["Rebound","Force Field"],"picked":"Go for the Eyes","floor":1},{"not_picked":["Rip and Tear","Tempest"],"picked":"Rebound","floor":2},{"not_picked":["Gash","Hologram"],"picked":"Lockon","floor":3},{"not_picked":["Rip and Tear","Force Field"],"picked":"Redo","floor":5},{"not_picked":["Scrape","Stack"],"picked":"aspiration:Polymerization","floor":7},{"not_picked":["Hyperbeam","Leap"],"picked":"Barrage","floor":11},{"not_picked":["Loop","Streamline"],"picked":"Electrodynamics","floor":13},{"not_picked":["Turbo","Stack"],"picked":"Capacitor","floor":14},{"not_picked":["Core Surge","Amplify"],"picked":"Biased Cognition","floor":16},{"not_picked":["Barrage+1","Reinforced Body"],"picked":"Ball Lightning","floor":18},{"not_picked":["Aggregate","Conserve Battery"],"picked":"Cold Snap","floor":19},{"not_picked":["Conserve Battery","Recycle"],"picked":"Leap","floor":21},{"not_picked":["Skim","Stack"],"picked":"Loop+1","floor":24},{"not_picked":["Sweeping Beam+1","Skim"],"picked":"Hello World","floor":27}],"player_experience":334898,"relics_obtained":[{"floor":9,"key":"aspiration:HatOfInfinitePower"},{"floor":13,"key":"potionbrewer:AlchemistFlask"},{"floor":24,"key":"HollowMod:LifeEnderRelic"},{"floor":26,"key":"aspiration:EnhancedActuators"}],"event_choices":[{"damage_healed":0,"gold_gain":0,"player_choice":"Ignored","damage_taken":0,"max_hp_gain":0,"max_hp_loss":0,"event_name":"Shining Light","floor":12,"gold_loss":0},{"damage_healed":0,"gold_gain":0,"player_choice":"Copied","damage_taken":0,"max_hp_gain":0,"max_hp_loss":0,"event_name":"Duplicator","floor":20,"gold_loss":0,"cards_obtained":["Electrodynamics"]}],"is_beta":false,"boss_relics":[{"not_picked":["Sozu","aspiration:SecretTechniqueScroll"],"picked":"aspiration:Stellarator"}],"items_purged_floors":[],"is_endless":false,"potions_floor_spawned":[1,3,7,21,27],"killed_by":"Chosen and Byrds","ascension_level":5}}