{"host":"a9gsz7kv8aebwp1f","time":1608425639,"event":{"mods":["AchievementEnabler","BaseMod","Minty Spire (QoL Compilation)"],"gold_per_floor":[112,112,126,136,45,79,79,95,95,95,108,108,108,38,38,138,138,148,63,72,100,182,182,191,191,242,242,19,19,19,96,96,210,237,264,291,291,316,62,62,81,113,113,0,0,0],"floor_reached":45,"playtime":1562,"items_purged":["Writhe","Zap"],"score":703,"play_id":"3ed3e60c-ca9d-4288-9d1b-fa1fad6ba885","local_time":"20201220095359","is_ascension_mode":true,"campfire_choices":[{"floor":7,"key":"REST"},{"data":"Dualcast","floor":15,"key":"SMITH"},{"floor":23,"key":"REST"},{"floor":25,"key":"REST"},{"data":"Glacier","floor":27,"key":"SMITH"},{"data":"Blizzard","floor":32,"key":"SMITH"},{"floor":40,"key":"REST"}],"circlet_count":0,"master_deck":["AscendersBane","Dualcast+1","Blizzard+1","Turbo","Glacier+1","Glacier","Glacier","Gash","Beam Cell","Coolheaded","Melter","Blizzard","Go for the Eyes","Force Field","Melter","Meteor Strike","Conserve Battery","Capacitor","Auto Shields","Necronomicurse","Redo+1","Defragment","Trip","Seek","FTL+1","Gash+1","Steam+1","Beam Cell","Lockon+1","Conserve Battery+1","Go for the Eyes","Parasite","Go for the Eyes"],"relics":["Cracked Core","NeowsBlessing","InkBottle","Bottled Lightning","Darkstone Periapt","Tiny Chest","Spirit Poop","Pandora\u0027s Box","CeramicFish","Necronomicon","Mercury Hourglass","White Beast Statue","Lantern","Letter Opener","Astrolabe","Shovel","Boot","Dead Branch","Red Mask"],"acts_visited":["Exordium","TheCity","TheBeyond"],"potions_floor_usage":[33,33,38,42],"damage_taken":[{"damage":0,"enemies":"2 Louse","floor":1,"turns":1},{"damage":0,"enemies":"Cultist","floor":3,"turns":1},{"damage":0,"enemies":"Jaw Worm","floor":4,"turns":1},{"damage":27,"enemies":"3 Sentries","floor":6,"turns":10},{"damage":0,"enemies":"Large Slime","floor":8,"turns":7},{"damage":0,"enemies":"2 Fungi Beasts","floor":11,"turns":4},{"damage":30,"enemies":"Slime Boss","floor":16,"turns":11},{"damage":29,"enemies":"3 Byrds","floor":18,"turns":6},{"damage":4,"enemies":"Shell Parasite","floor":21,"turns":8},{"damage":33,"enemies":"Champ","floor":33,"turns":15},{"damage":5,"enemies":"3 Shapes","floor":35,"turns":4},{"damage":12,"enemies":"Orb Walker","floor":36,"turns":5},{"damage":56,"enemies":"Transient","floor":38,"turns":5},{"damage":0,"enemies":"3 Darklings","floor":41,"turns":5},{"damage":37,"enemies":"Writhing Mass","floor":42,"turns":12},{"damage":7,"enemies":"4 Shapes","floor":45,"turns":2}],"seed_played":"2431088160750511555","potions_obtained":[{"floor":1,"key":"Ancient Potion"},{"floor":8,"key":"LiquidMemories"},{"floor":33,"key":"PowerPotion"},{"floor":35,"key":"Block Potion"},{"floor":38,"key":"PotionOfCapacity"},{"floor":41,"key":"FearPotion"},{"floor":42,"key":"CultistPotion"}],"is_trial":false,"path_per_floor":["M","?","M","M","$","E","R","M","T","?","M","?","?","$","R","B",null,"M","?","?","M","T","R","?","R","T","R","$","?","$","T","R","B",null,"M","M","?","M","$","R","M","M","T","?","M"],"character_chosen":"DEFECT","items_purchased":["Glacier","Gash","Blizzard","Defragment","Trip","Boot"],"campfire_rested":4,"item_purchase_floors":[5,5,14,28,28,39],"current_hp_per_floor":[68,68,68,68,68,41,63,63,63,69,69,66,66,66,66,36,70,41,41,31,27,27,53,59,86,86,86,86,86,86,86,86,53,83,78,66,66,10,10,37,37,6,6,6,0,0],"gold":0,"neow_bonus":"THREE_ENEMY_KILL","is_daily":false,"chose_seed":false,"campfire_upgraded":3,"win_rate":0.0,"timestamp":1608425639,"path_taken":["M","?","M","?","?","E","R","M","T","?","M","?","?","$","R","BOSS","M","?","?","M","?","R","?","R","T","R","$","?","?","?","R","BOSS","M","M","?","?","$","R","M","M","T","?","M"],"items_purchased_type":["Card","Card","Card","Card","Card","Relic"],"build_version":"2020-12-13","purchased_purges":2,"victory":false,"max_hp_per_floor":[75,75,75,75,75,75,75,75,75,81,81,81,81,81,81,81,81,81,81,87,87,87,87,93,93,93,93,93,93,93,93,93,93,93,93,93,93,93,93,93,93,99,99,99,99,99],"card_choices":[{"not_picked":["Darkness","Cold Snap"],"picked":"Blizzard","floor":1},{"not_picked":["Cold Snap","Sweeping Beam"],"picked":"Glacier","floor":3},{"not_picked":["Hologram","Storm"],"picked":"Glacier","floor":4},{"not_picked":["Buffer","Sunder"],"picked":"Beam Cell","floor":6},{"not_picked":["Self Repair","Hologram"],"picked":"Coolheaded","floor":8},{"not_picked":["Auto Shields","Rebound"],"picked":"Melter","floor":11},{"not_picked":["Barrage","Conserve Battery"],"picked":"Auto Shields","floor":18},{"not_picked":["White Noise","Recycle"],"picked":"Redo+1","floor":21},{"not_picked":["Reboot","Meteor Strike"],"picked":"Seek","floor":33},{"not_picked":["Steam Power","Streamline"],"picked":"Beam Cell","floor":35},{"not_picked":["Sunder","Tempest+1"],"picked":"Lockon+1","floor":36},{"not_picked":["Hologram","Loop"],"picked":"Conserve Battery+1","floor":38},{"not_picked":["Barrage","Force Field"],"picked":"Go for the Eyes","floor":41},{"not_picked":["Compile Driver","Fission"],"picked":"Go for the Eyes","floor":42}],"player_experience":434015,"relics_obtained":[{"floor":6,"key":"InkBottle"},{"floor":9,"key":"Bottled Lightning"},{"floor":20,"key":"Necronomicon"},{"floor":22,"key":"Mercury Hourglass"},{"floor":26,"key":"Lantern"},{"floor":31,"key":"Letter Opener"},{"floor":43,"key":"Dead Branch"}],"event_choices":[{"damage_healed":0,"gold_gain":0,"player_choice":"2 cards matched","damage_taken":0,"max_hp_gain":0,"max_hp_loss":0,"event_name":"Match and Keep!","floor":2,"gold_loss":0,"cards_obtained":["Zap","Turbo"]},{"damage_healed":0,"gold_gain":0,"player_choice":"Box","damage_taken":0,"relics_obtained":["Darkstone Periapt"],"max_hp_gain":0,"max_hp_loss":0,"event_name":"Big Fish","floor":10,"gold_loss":0,"cards_obtained":["Regret"]},{"damage_healed":0,"gold_gain":0,"player_choice":"Success","damage_taken":3,"relics_obtained":["Tiny Chest"],"max_hp_gain":0,"max_hp_loss":0,"event_name":"Scrap Ooze","floor":12,"gold_loss":0},{"cards_removed":["Regret"],"damage_healed":0,"gold_gain":0,"player_choice":"Offered Curse","damage_taken":0,"relics_obtained":["Spirit Poop"],"max_hp_gain":0,"max_hp_loss":0,"event_name":"Bonfire Elementals","floor":13,"gold_loss":0},{"damage_healed":0,"gold_gain":0,"player_choice":"Obtained Relic","damage_taken":0,"relics_obtained":["CeramicFish"],"max_hp_gain":0,"max_hp_loss":0,"event_name":"Addict","floor":19,"gold_loss":85},{"damage_healed":0,"gold_gain":0,"player_choice":"Obtained Book","damage_taken":16,"max_hp_gain":0,"max_hp_loss":0,"event_name":"Cursed Tome","floor":20,"gold_loss":0},{"damage_healed":0,"gold_gain":0,"player_choice":"Opened","damage_taken":0,"relics_obtained":["White Beast Statue"],"max_hp_gain":0,"max_hp_loss":0,"event_name":"The Mausoleum","floor":24,"gold_loss":0,"cards_obtained":["Writhe"]},{"damage_healed":0,"gold_gain":0,"player_choice":"Ignored","damage_taken":0,"max_hp_gain":0,"max_hp_loss":0,"event_name":"Ghosts","floor":29,"gold_loss":0},{"damage_healed":0,"gold_gain":0,"player_choice":"Gave Potion","damage_taken":0,"relics_obtained":["Shovel"],"max_hp_gain":0,"max_hp_loss":0,"event_name":"WeMeetAgain","floor":37,"gold_loss":0},{"damage_healed":0,"gold_gain":0,"player_choice":"Paid","damage_taken":0,"relics_obtained":["Red Mask"],"max_hp_gain":0,"max_hp_loss":0,"event_name":"Tomb of Lord Red Mask","floor":44,"gold_loss":113}],"is_beta":false,"boss_relics":[{"not_picked":["Runic Dome","Runic Pyramid"],"picked":"Pandora\u0027s Box"},{"not_picked":["Sozu","FrozenCore"],"picked":"Astrolabe"}],"items_purged_floors":[28,39],"is_endless":false,"potions_floor_spawned":[1,8,18,21,33,35,36,38,41,42],"killed_by":"4 Shapes","ascension_level":12}}