{"host":"7gewg82ormp6yt4e","time":1608458425,"event":{"mods":["BaseMod","Block Reminder","Colored Map","Colored Powertips","DeckTracker","Highlight Path","Minty Spire (QoL Compilation)","Relic Stats","StSLib"],"gold_per_floor":[112,112,130,140,160,192,192,208,208,48,48,48,79,97,97,173,173,193,193,210,227,143,143,176,186,186,186,205,205,217,237,237,313,313,330,343,31,0,18,47,47,47,47,61,61,61,16,16,16,16,16,16],"floor_reached":51,"playtime":3649,"items_purged":["Strike_G"],"score":1368,"play_id":"2d4ec83e-bb6c-4cf0-a6b3-44140bc57711","local_time":"20201220190025","is_ascension_mode":true,"campfire_choices":[{"floor":7.0,"key":"REST"},{"data":"Apotheosis","floor":11.0,"key":"SMITH"},{"floor":15.0,"key":"REST"},{"floor":23.0,"key":"REST"},{"floor":27.0,"key":"REST"},{"floor":32.0,"key":"REST"},{"floor":42,"key":"REST"},{"floor":45,"key":"REST"},{"floor":49,"key":"RECALL"}],"circlet_count":0,"master_deck":["AscendersBane","Strike_G","Strike_G","Defend_G","Defend_G","Defend_G","Defend_G","Defend_G","Survivor","Neutralize","Apotheosis+1","Footwork+1","Quick Slash","Quick Slash","Blade Dance","After Image","Choke","Venomology","Dash","Corpse Explosion","Blade Dance","Prepared","Footwork","Footwork","Infinite Blades","Deflect+1","Slice","Terror","Night Terror","Tools of the Trade","Slice","Cloak And Dagger","Reflex+1","Well Laid Plans","Dodge and Roll","Footwork+1"],"relics":["Ring of the Snake","Happy Flower","Torii","OrangePellets","Pear","WristBlade","Du-Vu Doll","The Courier","Fusion Hammer","Lizard Tail","Red Mask","Snake Skull"],"acts_visited":["Exordium","TheCity","TheBeyond"],"potions_floor_usage":[40,40,40,44,50,50,51,51],"damage_taken":[{"damage":0.0,"enemies":"2 Louse","floor":1.0,"turns":4.0},{"damage":2.0,"enemies":"Cultist","floor":3.0,"turns":5.0},{"damage":0.0,"enemies":"Jaw Worm","floor":4.0,"turns":5.0},{"damage":0.0,"enemies":"Large Slime","floor":5.0,"turns":7.0},{"damage":25.0,"enemies":"Lagavulin","floor":6.0,"turns":8.0},{"damage":0.0,"enemies":"2 Fungi Beasts","floor":8.0,"turns":3.0},{"damage":19.0,"enemies":"3 Sentries","floor":13.0,"turns":11.0},{"damage":0.0,"enemies":"Red Slaver","floor":14.0,"turns":4.0},{"damage":16.0,"enemies":"Slime Boss","floor":16.0,"turns":9.0},{"damage":10.0,"enemies":"2 Thieves","floor":18.0,"turns":4.0},{"damage":5.0,"enemies":"3 Byrds","floor":20.0,"turns":5.0},{"damage":2.0,"enemies":"Snake Plant","floor":21.0,"turns":5.0},{"damage":24.0,"enemies":"Book of Stabbing","floor":24.0,"turns":6.0},{"damage":1.0,"enemies":"3 Cultists","floor":25.0,"turns":5.0},{"damage":0.0,"enemies":"Chosen and Byrds","floor":28.0,"turns":7.0},{"damage":26.0,"enemies":"Snake Plant","floor":30.0,"turns":5.0},{"damage":1.0,"enemies":"Cultist and Chosen","floor":31.0,"turns":7.0},{"damage":89.0,"enemies":"Automaton","floor":33.0,"turns":12.0},{"damage":31.0,"enemies":"3 Darklings","floor":35.0,"turns":6.0},{"damage":1.0,"enemies":"Orb Walker","floor":36.0,"turns":2.0},{"damage":0.0,"enemies":"Jaw Worm Horde","floor":39.0,"turns":2.0},{"damage":31,"enemies":"Reptomancer","floor":40,"turns":5},{"damage":64,"enemies":"Transient","floor":44,"turns":6},{"damage":39,"enemies":"Time Eater","floor":50,"turns":21},{"damage":24,"enemies":"Awakened One","floor":51,"turns":3}],"seed_played":"-5526311811286694081","potions_obtained":[{"floor":5.0,"key":"SpeedPotion"},{"floor":13.0,"key":"ColorlessPotion"},{"floor":16.0,"key":"EssenceOfSteel"},{"floor":20.0,"key":"LiquidMemories"},{"floor":24.0,"key":"PowerPotion"},{"floor":31.0,"key":"AttackPotion"},{"floor":39.0,"key":"Weak Potion"},{"floor":44,"key":"Regen Potion"}],"is_trial":false,"path_per_floor":["M","?","M","M","M","E","R","M","T","$","R","?","E","M","R","B",null,"M","?","M","M","$","R","E","M","T","R","M","?","M","M","R","B",null,"M","M","$","?","M","E","?","R","T","M","R","?","$","?","R","B","B"],"character_chosen":"THE_SILENT","items_purchased":["OrangePellets","Footwork","Lizard Tail","PowerPotion"],"campfire_rested":7,"item_purchase_floors":[10,22,37,47],"current_hp_per_floor":[44,44,42,42,42,17,36,36,36,36,36,36,27,27,49,33,65,55,33,28,26,26,50,26,25,25,49,49,49,23,22,46,24,67,36,35,35,35,35,4,4,28,28,13,37,37,37,37,37,13,0,0],"gold":16,"neow_bonus":"RANDOM_COLORLESS_2","is_daily":false,"chose_seed":false,"campfire_upgraded":1,"win_rate":0.0,"timestamp":1608458425,"path_taken":["M","?","?","M","M","E","R","M","T","$","R","?","E","M","R","BOSS","M","?","M","M","$","R","E","M","T","R","M","?","M","?","R","BOSS","M","M","$","?","M","E","?","R","T","M","R","?","$","?","R","BOSS","BOSS"],"items_purchased_type":["Relic","Card","Relic","Potion"],"build_version":"2020-12-13","purchased_purges":1,"victory":false,"max_hp_per_floor":[66,66,66,66,66,66,66,66,66,66,66,66,76,76,76,76,76,76,81,81,81,81,81,81,81,81,81,81,81,81,81,81,81,81,81,81,81,81,81,81,81,81,81,81,81,81,81,81,81,81,81,81],"relic_stats":{"OrangePellets":[19],"Lizard Tail":40,"Happy Flower":[42],"Torii":30,"counters":[25,157],"Snake Skull":[4],"obtain_stats":[{"Du-Vu Doll":24,"OrangePellets":10,"Lizard Tail":37,"Pear":13,"Happy Flower":6,"Torii":9,"WristBlade":17,"The Courier":26,"Fusion Hammer":34,"Snake Skull":40,"Red Mask":38,"Ring of the Snake":0},{"Du-Vu Doll":13,"OrangePellets":6,"Lizard Tail":20,"Pear":7,"Happy Flower":5,"Torii":6,"WristBlade":9,"The Courier":14,"Fusion Hammer":18,"Snake Skull":22,"Red Mask":20,"Ring of the Snake":0},{"Du-Vu Doll":76,"OrangePellets":32,"Lizard Tail":120,"Pear":43,"Happy Flower":29,"Torii":32,"WristBlade":56,"The Courier":81,"Fusion Hammer":112,"Snake Skull":127,"Red Mask":120,"Ring of the Snake":0}],"Ring of the Snake":[50]},"card_choices":[{"not_picked":["Panache","Chrysalis"],"picked":"Apotheosis","floor":0.0},{"not_picked":["Slice","Backflip"],"picked":"Footwork","floor":1.0},{"not_picked":["Infinite Blades","Sucker Punch"],"picked":"Quick Slash","floor":3.0},{"not_picked":["Infinite Blades","Prepared"],"picked":"Quick Slash","floor":4.0},{"not_picked":["Tactician","PiercingWail"],"picked":"Blade Dance","floor":5.0},{"not_picked":["Dodge and Roll","Masterful Stab"],"picked":"After Image","floor":6.0},{"not_picked":["Dagger Throw","Sucker Punch"],"picked":"Choke","floor":8.0},{"not_picked":["Outmaneuver","Deflect"],"picked":"Unload","floor":13.0},{"not_picked":["Endless Agony","Skewer"],"picked":"Dash","floor":14.0},{"not_picked":["Envenom","Unload"],"picked":"Corpse Explosion","floor":16.0},{"not_picked":["Poisoned Stab+1","Underhanded Strike"],"picked":"Blade Dance","floor":18.0},{"not_picked":["Flechettes","Acrobatics"],"picked":"Prepared","floor":20.0},{"not_picked":["Poisoned Stab","Dash"],"picked":"Footwork","floor":21.0},{"not_picked":["Concentrate","Caltrops"],"picked":"Infinite Blades","floor":24.0},{"not_picked":["All Out Attack","Choke"],"picked":"Deflect+1","floor":25.0},{"not_picked":["Outmaneuver","Expertise"],"picked":"Slice","floor":28.0},{"not_picked":["Sucker Punch","Crippling Poison"],"picked":"Terror","floor":30.0},{"not_picked":["Poisoned Stab","Bane+1"],"picked":"Night Terror","floor":31.0},{"not_picked":["Storm of Steel","Grand Finale"],"picked":"Tools of the Trade","floor":33.0},{"not_picked":["Catalyst","Escape Plan"],"picked":"Slice","floor":35.0},{"not_picked":["Flechettes+1","Expertise"],"picked":"Cloak And Dagger","floor":36.0},{"not_picked":["Bane+1","Blade Dance"],"picked":"Reflex+1","floor":39.0},{"not_picked":["Dodge and Roll","Poisoned Stab"],"picked":"Well Laid Plans","floor":40},{"not_picked":["Dagger Throw","Bane"],"picked":"Dodge and Roll","floor":44}],"player_experience":2402898,"relics_obtained":[{"floor":6.0,"key":"Happy Flower"},{"floor":9.0,"key":"Torii"},{"floor":13.0,"key":"Pear"},{"floor":24.0,"key":"Du-Vu Doll"},{"floor":26.0,"key":"The Courier"},{"floor":40,"key":"Snake Skull"}],"event_choices":[{"cards_removed":["Strike_G"],"damage_healed":0.0,"max_hp_gain":0.0,"max_hp_loss":0.0,"gold_gain":0.0,"event_name":"Bonfire Elementals","player_choice":"Offered Basic","floor":2.0,"gold_loss":0.0,"damage_taken":0.0},{"damage_healed":0.0,"max_hp_gain":0.0,"max_hp_loss":0.0,"gold_gain":0.0,"cards_transformed":["Strike_G"],"event_name":"Living Wall","player_choice":"Change","floor":12.0,"gold_loss":0.0,"damage_taken":0.0,"cards_obtained":["Venomology"]},{"damage_healed":0.0,"max_hp_gain":5.0,"max_hp_loss":0.0,"gold_gain":0.0,"event_name":"Forgotten Altar","player_choice":"Shed Blood","floor":19.0,"gold_loss":0.0,"damage_taken":27.0},{"damage_healed":0.0,"max_hp_gain":0.0,"max_hp_loss":0.0,"gold_gain":0.0,"event_name":"Accursed Blacksmith","player_choice":"Forge","floor":29.0,"gold_loss":0.0,"damage_taken":0.0,"cards_upgraded":["Footwork"]},{"damage_healed":0.0,"max_hp_gain":0.0,"max_hp_loss":0.0,"gold_gain":0.0,"event_name":"Tomb of Lord Red Mask","player_choice":"Paid","floor":38.0,"gold_loss":31.0,"damage_taken":0.0,"relics_obtained":["Red Mask"]},{"damage_healed":0,"gold_gain":0,"player_choice":"Memory 1","damage_taken":0,"max_hp_gain":0,"max_hp_loss":0,"event_name":"SensoryStone","floor":41,"gold_loss":0},{"cards_removed":["Unload"],"damage_healed":0,"gold_gain":0,"player_choice":"Removed Attack","damage_taken":0,"max_hp_gain":0,"max_hp_loss":0,"event_name":"Falling","floor":46,"gold_loss":0},{"damage_healed":0,"gold_gain":0,"player_choice":"Copied","damage_taken":0,"max_hp_gain":0,"max_hp_loss":0,"event_name":"Duplicator","floor":48,"gold_loss":0,"cards_obtained":["Footwork"]}],"is_beta":false,"boss_relics":[{"not_picked":["Ring of the Serpent","SlaversCollar"],"picked":"WristBlade"},{"not_picked":["Runic Dome","Sozu"],"picked":"Fusion Hammer"}],"items_purged_floors":[37],"is_endless":false,"potions_floor_spawned":[5,13,14,16,20,21,24,31,39,44],"killed_by":"Awakened One","ascension_level":20}}