{"host":"nurunjbu2afj84ko","time":1608463443,"event":{"mods":["Act Like it!","BaseMod","Downfall","Hallownest","Minty Spire (QoL Compilation)","Say the Spire","StSLib"],"gold_per_floor":[99,126,126,126,126,51,51,76,91,122,138,149,162,162,172,172,172],"floor_reached":16,"playtime":1158,"items_purged":[],"score":170,"play_id":"c6bf8cd6-192c-4da2-8b19-ed247223cd35","local_time":"20201220192403","is_ascension_mode":false,"campfire_choices":[{"floor":1,"key":"RECALL"},{"data":"Slimebound:Split","floor":6,"key":"SMITH"}],"circlet_count":0,"master_deck":["Slimebound:Strike_Slimebound","Slimebound:Strike_Slimebound","Slimebound:Strike_Slimebound","Slimebound:Tackle","Slimebound:Defend_Slimebound","Slimebound:Defend_Slimebound","Slimebound:Defend_Slimebound","Slimebound:Split+1","Slimebound:CorrosiveSpit","Slimebound:SplitLeeching","Slimebound:MassRepurpose","Slimebound:PrepareCrush","Slimebound:FormOfPuddle","Slimebound:SlimeSpikes","Slimebound:GrowthPunch","Slimebound:Schlurp","Slimebound:FirmFortitude"],"relics":["Slimebound:AbsorbEndCombat","downfall:HeartsMalice","Ancient Tea Set","downfall:HeartBlessingRed","Shovel","Tiny Chest","downfall:ShatteredFragment"],"acts_visited":["Exordium"],"potions_floor_usage":[15,16],"damage_taken":[{"damage":0,"enemies":"Lagavulin","floor":2,"turns":1},{"damage":0,"enemies":"Jaw Worm","floor":5,"turns":1},{"damage":0,"enemies":"3 Sentries","floor":8,"turns":1},{"damage":19,"enemies":"2 Louse","floor":9,"turns":2},{"damage":24,"enemies":"Gremlin Nob","floor":10,"turns":3},{"damage":19,"enemies":"Cultist","floor":11,"turns":4},{"damage":14,"enemies":"Large Slime","floor":12,"turns":6},{"damage":17,"enemies":"Exordium Wildlife","floor":13,"turns":3},{"damage":14,"enemies":"Exordium Thugs","floor":15,"turns":4},{"damage":46,"enemies":"downfall:Defect","floor":16,"turns":5}],"seed_played":"1522125398872738502","potions_obtained":[{"floor":4,"key":"BlessingOfTheForge"},{"floor":4,"key":"ColorlessPotion"},{"floor":4,"key":"Fire Potion"},{"floor":9,"key":"Fire Potion"},{"floor":12,"key":"PowerPotion"},{"floor":15,"key":"Fire Potion"}],"is_trial":false,"path_per_floor":["R","E","?","?","M","R","T","E","M","E","M","M","M","?","M","B"],"character_chosen":"SLIMEBOUND","items_purchased":[],"campfire_rested":0,"item_purchase_floors":[],"current_hp_per_floor":[60,60,60,60,60,60,60,60,53,41,38,38,41,23,25,0,0],"gold":172,"neow_bonus":"THREE_ENEMY_KILL","is_daily":false,"chose_seed":false,"campfire_upgraded":1,"win_rate":0.0,"timestamp":1608463443,"path_taken":["R","E","?","?","?","R","T","E","M","E","M","M","M","?","M","BOSS"],"items_purchased_type":[],"build_version":"2020-12-13","purchased_purges":0,"victory":false,"max_hp_per_floor":[60,60,60,60,60,60,60,60,60,60,60,60,60,60,60,60,60],"card_choices":[{"not_picked":["Slimebound:ComboTackle","Slimebound:SamplingLick"],"picked":"Slimebound:SplitLeeching","floor":2},{"not_picked":["Slimebound:GrowthPunch","Slimebound:FormOfPuddle"],"picked":"Slimebound:MassRepurpose","floor":5},{"not_picked":["Slimebound:LeadByExample","Slimebound:Gluttony"],"picked":"Slimebound:PrepareCrush","floor":8},{"not_picked":["Slimebound:GrowthPunch","Slimebound:LeechingTouch"],"picked":"Slimebound:FormOfPuddle","floor":9},{"not_picked":["Slimebound:SlimeBarrage","Slimebound:ItLooksTasty","Slimebound:PressTheAttack"],"picked":"SKIP","floor":10},{"not_picked":["Slimebound:Equalize","Slimebound:Grow"],"picked":"Slimebound:SlimeSpikes","floor":11},{"not_picked":["Slimebound:SplitLeeching","Slimebound:RainOfGoop"],"picked":"Slimebound:GrowthPunch","floor":12},{"not_picked":["Slimebound:ComboTackle","Slimebound:GoopSpray"],"picked":"Slimebound:Schlurp","floor":13},{"not_picked":["Slimebound:RollThrough","Slimebound:PressTheAttack"],"picked":"Slimebound:FirmFortitude","floor":15}],"player_experience":100355,"relics_obtained":[{"floor":2,"key":"Ancient Tea Set"},{"floor":8,"key":"Shovel"},{"floor":10,"key":"Tiny Chest"}],"event_choices":[{"cards_removed":["Slimebound:Defend_Slimebound"],"damage_healed":0,"gold_gain":0,"player_choice":"Card Removal","damage_taken":0,"max_hp_gain":0,"max_hp_loss":0,"event_name":"The Cleric","floor":3,"gold_loss":0},{"damage_healed":0,"gold_gain":0,"player_choice":"Got Potions","damage_taken":0,"max_hp_gain":0,"max_hp_loss":0,"event_name":"Lab","floor":4,"gold_loss":0}],"is_beta":false,"boss_relics":[],"items_purged_floors":[],"is_endless":false,"potions_floor_spawned":[8,9,12,15],"killed_by":"downfall:Defect","ascension_level":0}}