{"host":"baymyijz6sxaqj5s","time":1608447035,"event":{"mods":["AchievementEnabler","BaseMod","KOR Keyword Fix","Keyboard Shortcuts","Minty Spire (QoL Compilation)","StSLib"],"gold_per_floor":[110,123,134,159,159,159,169,187,210,221,221,235,235,253,253,351,351,369,388,402,414,427,427,427,526,571,149,149,160,160,175,175,272,322,335,353,7,18,18,18],"floor_reached":39,"playtime":1411,"items_purged":["Strike_R","Strike_R"],"score":381,"play_id":"b6a7cf0c-9cf0-478c-91e3-267b3f39bb44","local_time":"20201220155035","is_ascension_mode":false,"campfire_choices":[{"data":"Entrench","floor":13,"key":"SMITH"},{"data":"Spot Weakness","floor":15,"key":"SMITH"},{"floor":23,"key":"REST"},{"data":"Heavy Blade","floor":32,"key":"SMITH"}],"circlet_count":0,"master_deck":["Strike_R","Strike_R","Defend_R","Defend_R","Defend_R+1","Defend_R","Bash","Shrug It Off","Cleave","Entrench+1","Spot Weakness+1","Armaments","Headbutt","Offering","Heavy Blade+1","Twin Strike","Seeing Red+1","Inflame+1","Shrug It Off","Limit Break","Sword Boomerang","Shrug It Off+1","Parasite"],"relics":["Burning Blood","Red Skull","Bronze Scales","SacredBark","Toy Ornithopter","ClockworkSouvenir","MealTicket","Tiny House","Pantograph"],"acts_visited":["Exordium","TheCity","TheBeyond"],"potions_floor_usage":[8,12,16,16,20,31,33,36],"damage_taken":[{"damage":4,"enemies":"Cultist","floor":1,"turns":4},{"damage":0,"enemies":"2 Louse","floor":2,"turns":4},{"damage":5,"enemies":"Small Slimes","floor":3,"turns":3},{"damage":8,"enemies":"Blue Slaver","floor":7,"turns":6},{"damage":7,"enemies":"3 Louse","floor":8,"turns":2},{"damage":0,"enemies":"Large Slime","floor":10,"turns":6},{"damage":2,"enemies":"Blue Slaver","floor":12,"turns":6},{"damage":28,"enemies":"Gremlin Gang","floor":14,"turns":3},{"damage":72,"enemies":"Slime Boss","floor":16,"turns":16},{"damage":28,"enemies":"Spheric Guardian","floor":18,"turns":6},{"damage":19,"enemies":"Chosen","floor":19,"turns":4},{"damage":9,"enemies":"Snecko","floor":20,"turns":5},{"damage":25,"enemies":"Snake Plant","floor":21,"turns":4},{"damage":8,"enemies":"Centurion and Healer","floor":22,"turns":5},{"damage":13,"enemies":"Shelled Parasite and Fungi","floor":29,"turns":4},{"damage":7,"enemies":"Cultist and Chosen","floor":31,"turns":4},{"damage":76,"enemies":"Automaton","floor":33,"turns":7},{"damage":17,"enemies":"Orb Walker","floor":35,"turns":3},{"damage":39,"enemies":"3 Shapes","floor":36,"turns":5},{"damage":54,"enemies":"Writhing Mass","floor":38,"turns":5},{"damage":27,"enemies":"Spire Growth","floor":39,"turns":4}],"seed_played":"-6696942363783615717","potions_obtained":[{"floor":1,"key":"AttackPotion"},{"floor":3,"key":"BloodPotion"},{"floor":7,"key":"ColorlessPotion"},{"floor":14,"key":"DuplicationPotion"},{"floor":19,"key":"AttackPotion"},{"floor":29,"key":"AttackPotion"},{"floor":31,"key":"SteroidPotion"},{"floor":34,"key":"SpeedPotion"},{"floor":35,"key":"Strength Potion"},{"floor":38,"key":"LiquidBronze"}],"is_trial":false,"path_per_floor":["M","M","M","T","?","?","M","M","T","M","?","M","R","M","R","B",null,"M","M","M","M","M","R","?","?","T","$","?","M","?","M","R","B",null,"M","M","$","M","M"],"character_chosen":"IRONCLAD","items_purchased":["Shrug It Off","ClockworkSouvenir","MealTicket","Pantograph"],"campfire_rested":1,"item_purchase_floors":[27,27,27,37],"current_hp_per_floor":[88,88,88,88,88,81,79,78,78,84,84,88,88,66,66,17,88,66,53,50,31,29,55,84,84,84,84,84,77,77,81,81,16,93,82,54,69,21,0,0],"gold":18,"neow_bonus":"TEN_PERCENT_HP_BONUS","is_daily":false,"chose_seed":false,"campfire_upgraded":3,"win_rate":0.0,"timestamp":1608447035,"path_taken":["M","M","M","?","?","?","M","M","T","M","?","M","R","M","R","BOSS","M","M","M","M","M","R","?","?","T","$","?","M","?","M","R","BOSS","M","M","$","M","M"],"items_purchased_type":["Card","Relic","Relic","Relic"],"build_version":"2020-12-13","purchased_purges":2,"victory":false,"max_hp_per_floor":[88,88,88,88,88,88,88,88,88,88,88,88,88,88,88,88,88,88,88,88,88,88,88,88,88,88,88,88,88,88,88,88,88,93,93,93,93,93,93,93],"card_choices":[{"not_picked":["Metallicize","Infernal Blade"],"picked":"Shrug It Off","floor":1},{"not_picked":["Sentinel","Anger"],"picked":"Cleave","floor":2},{"not_picked":["Wild Strike","Clash"],"picked":"Entrench","floor":3},{"not_picked":["Pummel","Fire Breathing"],"picked":"Spot Weakness","floor":7},{"not_picked":["Clothesline","Clash","Metallicize"],"picked":"SKIP","floor":8},{"not_picked":["Pummel","Twin Strike"],"picked":"Armaments","floor":10},{"not_picked":["Battle Trance","Armaments","Burning Pact"],"picked":"SKIP","floor":12},{"not_picked":["Anger","Flex"],"picked":"Headbutt","floor":14},{"not_picked":["Juggernaut","Double Tap"],"picked":"Offering","floor":16},{"not_picked":["Spot Weakness","Reckless Charge+1"],"picked":"Heavy Blade","floor":18},{"not_picked":["Heavy Blade","Wild Strike+1"],"picked":"Twin Strike","floor":19},{"not_picked":["Burning Pact","Power Through+1"],"picked":"Seeing Red+1","floor":20},{"not_picked":["True Grit","Dropkick"],"picked":"Inflame+1","floor":21},{"not_picked":["Sentinel+1","True Grit","Dropkick"],"picked":"SKIP","floor":22},{"not_picked":["Armaments","Clash","Intimidate"],"picked":"SKIP","floor":29},{"not_picked":["Cleave+1","Shockwave","Rampage"],"picked":"SKIP","floor":31},{"not_picked":["Immolate","Corruption"],"picked":"Limit Break","floor":33},{"not_picked":["Heavy Blade+1","Reckless Charge"],"picked":"Sword Boomerang","floor":34},{"not_picked":["Armaments","Flex"],"picked":"Shrug It Off+1","floor":35},{"not_picked":["Sword Boomerang+1","Second Wind+1","Burning Pact"],"picked":"SKIP","floor":36},{"not_picked":["Anger+1","Sentinel","Fire Breathing+1"],"picked":"SKIP","floor":38}],"player_experience":141877,"relics_obtained":[{"floor":4,"key":"Red Skull"},{"floor":9,"key":"Bronze Scales"},{"floor":26,"key":"Toy Ornithopter"}],"event_choices":[{"damage_healed":0,"gold_gain":0,"player_choice":"Ignored","damage_taken":0,"max_hp_gain":0,"max_hp_loss":0,"event_name":"Golden Idol","floor":5,"gold_loss":0},{"cards_removed":["Strike_R"],"damage_healed":0,"gold_gain":0,"player_choice":"Card Removal","damage_taken":7,"max_hp_gain":0,"max_hp_loss":0,"event_name":"Golden Wing","floor":6,"gold_loss":0},{"damage_healed":0,"gold_gain":0,"player_choice":"Ignored","damage_taken":0,"max_hp_gain":0,"max_hp_loss":0,"event_name":"Liars Game","floor":11,"gold_loss":0},{"damage_healed":29,"gold_gain":0,"player_choice":"Heal","damage_taken":0,"max_hp_gain":0,"max_hp_loss":0,"event_name":"The Library","floor":24,"gold_loss":0},{"damage_healed":0,"gold_gain":99,"player_choice":"Stole From Cult","damage_taken":0,"max_hp_gain":0,"max_hp_loss":0,"event_name":"Nest","floor":25,"gold_loss":0},{"damage_healed":0,"gold_gain":0,"player_choice":"Ignored","damage_taken":0,"max_hp_gain":0,"max_hp_loss":0,"event_name":"Vampires","floor":28,"gold_loss":0},{"damage_healed":0,"gold_gain":0,"player_choice":"Ignored","damage_taken":0,"max_hp_gain":0,"max_hp_loss":0,"event_name":"Beggar","floor":30,"gold_loss":0}],"is_beta":false,"boss_relics":[{"not_picked":["Calling Bell","Coffee Dripper"],"picked":"SacredBark"},{"not_picked":["Runic Pyramid","Empty Cage"],"picked":"Tiny House"}],"items_purged_floors":[27,37],"is_endless":false,"potions_floor_spawned":[1,3,7,14,19,29,31,35,38],"killed_by":"Spire Growth","ascension_level":0}}