{"host":"0ueeacaatm8t6jyh","time":1608491324,"event":{"mods":["AchievementEnabler","BaseMod","Colored Powertips","Minty Spire (QoL Compilation)","Quick Restart","Rare Cards Sparkle","Shop Mod","StSLib"],"gold_per_floor":[112,128,128,128,142,469,469,488,488,509,274,274,295,295,295,415,478,499,524,524,540,130,130,165,183,230,254,272,272,187,87,87,212,212,231,251,126,149,168,168,168,204,204,218,238,238,38,61,61,61,61,61,11,44,44,44],"floor_reached":55,"playtime":2822,"items_purged":["Strike_P","Pain","Strike_P","Strike_P"],"score":880,"play_id":"946a5923-b568-446a-9f25-b6204dbe34d0","local_time":"20201221030844","is_ascension_mode":true,"campfire_choices":[{"data":"BowlingBash","floor":7.0,"key":"SMITH"},{"data":"Judgement","floor":15.0,"key":"SMITH"},{"floor":23.0,"key":"RECALL"},{"data":"Enlightenment","floor":29.0,"key":"SMITH"},{"floor":32.0,"key":"REST"},{"floor":40.0,"key":"REST"},{"floor":49.0,"key":"REST"},{"data":"Fasting2","floor":52.0,"key":"SMITH"}],"circlet_count":0,"master_deck":["Strike_P","Defend_P","Defend_P","Defend_P","Eruption","Vigilance","EmptyMind","Prostrate","BowlingBash+1","Wireheading+1","SignatureMove","ThirdEye","Judgement+1","DevaForm","Fasting2+1","Prostrate","Enlightenment+1","ReachHeaven","FearNoEvil","Evaluate","Ragnarok","Swivel+1","MentalFortress+1","CarveReality","Worship+1"],"relics":["PureWater","NeowsBlessing","FaceOfCleric","Sundial","Odd Mushroom","WarpedTongs","MerchantsRug","Kunai","Damaru","SlaversCollar","TungstenRod","Mummified Hand","Question Card","Pen Nib"],"acts_visited":["Exordium","TheCity","TheBeyond","TheEnding"],"potions_floor_usage":[],"damage_taken":[{"damage":0.0,"enemies":"2 Louse","floor":1.0,"turns":1.0},{"damage":0.0,"enemies":"Jaw Worm","floor":2.0,"turns":1.0},{"damage":0.0,"enemies":"Cultist","floor":5.0,"turns":1.0},{"damage":16.0,"enemies":"Gremlin Nob","floor":6.0,"turns":3.0},{"damage":6.0,"enemies":"3 Louse","floor":8.0,"turns":3.0},{"damage":15.0,"enemies":"The Mushroom Lair","floor":10.0,"turns":4.0},{"damage":4.0,"enemies":"Looter","floor":13.0,"turns":2.0},{"damage":28.0,"enemies":"Hexaghost","floor":16.0,"turns":9.0},{"damage":0.0,"enemies":"Spheric Guardian","floor":18.0,"turns":1.0},{"damage":8.0,"enemies":"2 Thieves","floor":19.0,"turns":3.0},{"damage":29.0,"enemies":"Snake Plant","floor":21.0,"turns":4.0},{"damage":49.0,"enemies":"Slavers","floor":24.0,"turns":5.0},{"damage":11.0,"enemies":"Sentry and Sphere","floor":25.0,"turns":3.0},{"damage":9.0,"enemies":"Cultist and Chosen","floor":27.0,"turns":4.0},{"damage":18.0,"enemies":"Centurion and Healer","floor":28.0,"turns":3.0},{"damage":34.0,"enemies":"Automaton","floor":33.0,"turns":7.0},{"damage":3.0,"enemies":"Orb Walker","floor":35.0,"turns":2.0},{"damage":28.0,"enemies":"3 Shapes","floor":36.0,"turns":4.0},{"damage":5.0,"enemies":"Sphere and 2 Shapes","floor":38.0,"turns":5.0},{"damage":29.0,"enemies":"4 Shapes","floor":39.0,"turns":5.0},{"damage":30.0,"enemies":"Reptomancer","floor":42.0,"turns":6.0},{"damage":0.0,"enemies":"Transient","floor":44.0,"turns":5.0},{"damage":15.0,"enemies":"Sphere and 2 Shapes","floor":45.0,"turns":5.0},{"damage":6.0,"enemies":"Spire Growth","floor":48.0,"turns":3.0},{"damage":46.0,"enemies":"Awakened One","floor":50.0,"turns":10.0},{"damage":8.0,"enemies":"Shield and Spear","floor":54.0,"turns":4.0},{"damage":107,"enemies":"The Heart","floor":55,"turns":6}],"seed_played":"-6931332720218853649","potions_obtained":[{"floor":2.0,"key":"Fire Potion"},{"floor":8.0,"key":"LiquidMemories"},{"floor":16.0,"key":"SpeedPotion"},{"floor":17.0,"key":"Energy Potion"},{"floor":18.0,"key":"CultistPotion"},{"floor":19.0,"key":"Ambrosia"},{"floor":33.0,"key":"DistilledChaos"},{"floor":36.0,"key":"BottledMiracle"},{"floor":42.0,"key":"FearPotion"},{"floor":45.0,"key":"SpeedPotion"},{"floor":54.0,"key":"SteroidPotion"}],"is_trial":false,"path_per_floor":["M","M","?","?","M","E","R","M","T","?","$","?","M","$","R","B",null,"M","M","?","M","$","R","E","M","T","M","M","R","?","$","R","B",null,"M","M","$","M","M","R","?","E","T","M","M","?","$","M","R","B",null,"R","$","E","B"],"character_chosen":"WATCHER","items_purchased":["Judgement","Lee\u0027s Waffle","Enlightenment","ReachHeaven","MerchantsRug","Strength Potion","PowerPotion","ColorlessPotion"],"campfire_rested":3,"item_purchase_floors":[11,22,22,22,22,47,53,53],"current_hp_per_floor":[72,72,77,77,78,63,63,58,58,44,44,44,41,41,41,14,82,83,76,76,48,92,92,44,34,34,26,9,9,9,9,37,4,97,95,68,68,64,36,66,66,37,37,38,24,24,24,19,50,5,106,106,106,99,0,0],"gold":44,"neow_bonus":"THREE_ENEMY_KILL","is_daily":false,"chose_seed":false,"campfire_upgraded":4,"win_rate":0.0,"timestamp":1608491324,"path_taken":["M","M","?","?","?","E","R","M","T","?","$","?","M","$","R","BOSS","M","M","?","?","?","R","E","M","T","M","M","R","?","$","R","BOSS","M","M","$","M","M","R","?","E","T","M","?","?","$","M","R","BOSS","R","$","E","BOSS"],"items_purchased_type":["Card","Relic","Card","Card","Relic","Potion","Potion","Potion"],"build_version":"2020-12-13","purchased_purges":4,"victory":false,"max_hp_per_floor":[72,72,77,77,78,79,79,80,80,81,81,75,76,76,76,77,82,83,84,84,85,92,92,93,94,94,95,96,96,96,96,96,97,97,98,99,99,100,101,101,101,102,102,103,104,104,104,105,105,106,106,106,106,107,107,107],"card_choices":[{"not_picked":["Crescendo","FlyingSleeves"],"picked":"EmptyMind","floor":1.0},{"not_picked":["EmptyFist","JustLucky"],"picked":"Prostrate","floor":2.0},{"not_picked":["Prostrate","LikeWater"],"picked":"BowlingBash","floor":5.0},{"not_picked":["SpiritShield","SashWhip"],"picked":"Wireheading","floor":6.0},{"not_picked":["Collect","Halt"],"picked":"SignatureMove","floor":8.0},{"not_picked":["FlurryOfBlows","ClearTheMind"],"picked":"ThirdEye","floor":10.0},{"not_picked":["Consecrate","ThirdEye","FlyingSleeves"],"picked":"SKIP","floor":13.0},{"not_picked":["Brilliance","Vault"],"picked":"DevaForm","floor":16.0},{"not_picked":["Perseverance","CrushJoints","Protect"],"picked":"SKIP","floor":18.0},{"not_picked":["ThirdEye+1","Collect"],"picked":"Fasting2","floor":19.0},{"not_picked":["SandsOfTime","Protect+1"],"picked":"Prostrate","floor":21.0},{"not_picked":["Omniscience","FollowUp"],"picked":"FearNoEvil","floor":24.0},{"not_picked":["SashWhip","CutThroughFate","PathToVictory"],"picked":"SKIP","floor":25.0},{"not_picked":["FollowUp","ThirdEye","Halt"],"picked":"SKIP","floor":27.0},{"not_picked":["SashWhip","FlyingSleeves"],"picked":"Evaluate","floor":28.0},{"not_picked":["Scrawl","Establishment"],"picked":"Ragnarok","floor":33.0},{"not_picked":["ThirdEye+1","Study","FlurryOfBlows+1"],"picked":"SKIP","floor":35.0},{"not_picked":["Wireheading+1","Halt"],"picked":"Swivel+1","floor":36.0},{"not_picked":["Wireheading+1","Halt","Prostrate"],"picked":"SKIP","floor":38.0},{"not_picked":["FollowUp","Protect"],"picked":"MentalFortress+1","floor":39.0},{"not_picked":["BattleHymn","FlyingSleeves+1","CrushJoints"],"picked":"SKIP","floor":42.0},{"not_picked":["Vault","Crescendo+1"],"picked":"CarveReality","floor":44.0},{"not_picked":["ReachHeaven+1","Collect"],"picked":"Worship+1","floor":45.0},{"not_picked":["EmptyMind+1","Study","EmptyBody","JustLucky+1"],"picked":"SKIP","floor":48.0},{"not_picked":["ThirdEye+1","FlyingSleeves+1","Halt","DevaForm"],"picked":"SKIP","floor":54.0}],"player_experience":282023,"relics_obtained":[{"floor":6.0,"key":"Old Coin"},{"floor":9.0,"key":"Sundial"},{"floor":10.0,"key":"Odd Mushroom"},{"floor":24.0,"key":"Kunai"},{"floor":42.0,"key":"TungstenRod"},{"floor":43.0,"key":"Mummified Hand"},{"floor":46.0,"key":"Question Card"},{"floor":54.0,"key":"Pen Nib"}],"event_choices":[{"damage_healed":0.0,"max_hp_gain":5.0,"max_hp_loss":0.0,"gold_gain":0.0,"event_name":"Big Fish","player_choice":"Donut","floor":3.0,"gold_loss":0.0,"damage_taken":0.0},{"damage_healed":0.0,"max_hp_gain":0.0,"max_hp_loss":0.0,"gold_gain":0.0,"event_name":"FaceTrader","player_choice":"Trade","floor":4.0,"gold_loss":0.0,"damage_taken":0.0,"relics_obtained":["FaceOfCleric"]},{"damage_healed":0.0,"max_hp_gain":0.0,"max_hp_loss":0.0,"gold_gain":0.0,"event_name":"Mushrooms","player_choice":"Fought Mushrooms","floor":10.0,"gold_loss":0.0,"damage_taken":0.0},{"damage_healed":0.0,"max_hp_gain":0.0,"max_hp_loss":6.0,"gold_gain":0.0,"event_name":"Golden Idol","player_choice":"Lose Max HP","floor":12.0,"gold_loss":0.0,"damage_taken":0.0,"relics_obtained":["Golden Idol"]},{"damage_healed":0.0,"max_hp_gain":0.0,"max_hp_loss":0.0,"gold_gain":0.0,"event_name":"Accursed Blacksmith","player_choice":"Rummage","floor":20.0,"gold_loss":0.0,"damage_taken":0.0,"relics_obtained":["WarpedTongs"],"cards_obtained":["Pain"]},{"damage_healed":0.0,"max_hp_gain":0.0,"max_hp_loss":0.0,"gold_gain":0.0,"event_name":"Addict","player_choice":"Obtained Relic","floor":30.0,"gold_loss":85.0,"damage_taken":0.0,"relics_obtained":["Damaru"]},{"cards_removed":["Defend_P"],"damage_healed":0.0,"max_hp_gain":0.0,"max_hp_loss":0.0,"gold_gain":0.0,"event_name":"Bonfire Elementals","player_choice":"Offered Basic","floor":41.0,"gold_loss":0.0,"damage_taken":0.0},{"damage_healed":0.0,"max_hp_gain":0.0,"max_hp_loss":0.0,"gold_gain":0.0,"event_name":"Wheel of Change","player_choice":"Relic","floor":46.0,"gold_loss":0.0,"damage_taken":0.0}],"is_beta":false,"boss_relics":[{"not_picked":["Runic Dome","Fusion Hammer"],"picked":"Tiny House"},{"not_picked":["Sozu","VioletLotus"],"picked":"SlaversCollar"}],"items_purged_floors":[11,31,37,47],"is_endless":false,"potions_floor_spawned":[2,8,16,18,19,33,36,42,45,54],"killed_by":"The Heart","ascension_level":4}}