{"host":"krw8blyxua7at9ak","time":1608424237,"event":{"mods":["BaseMod","Highlight Path","Minty Spire (QoL Compilation)","ojb\u0027s Info Mod"],"gold_per_floor":[115,132,112,123,123,153,173,173,173,193,193,193],"floor_reached":11,"playtime":529,"items_purged":[],"score":150,"play_id":"3eef41e0-949f-4587-918d-346a8fd2ed00","local_time":"20201220013037","is_ascension_mode":true,"campfire_choices":[{"data":"Cloak And Dagger","floor":8,"key":"SMITH"}],"circlet_count":0,"master_deck":["AscendersBane","Strike_G","Strike_G","Strike_G","Strike_G","Strike_G","Defend_G","Defend_G","Defend_G","Defend_G","Defend_G","Survivor","Neutralize","CurseOfTheBell","Crippling Poison","Cloak And Dagger+1","Flying Knee","Endless Agony"],"relics":["Calling Bell","Lantern","Ornamental Fan","Incense Burner","InkBottle","Sundial","Frozen Egg 2"],"acts_visited":["Exordium"],"potions_floor_usage":[10,11],"damage_taken":[{"damage":7.0,"enemies":"Small Slimes","floor":1.0,"turns":5.0},{"damage":4.0,"enemies":"Cultist","floor":2.0,"turns":5.0},{"damage":1.0,"enemies":"Jaw Worm","floor":4.0,"turns":5.0},{"damage":21.0,"enemies":"3 Sentries","floor":6.0,"turns":11.0},{"damage":11,"enemies":"Lots of Slimes","floor":7,"turns":4},{"damage":8,"enemies":"Exordium Thugs","floor":10,"turns":5},{"damage":10,"enemies":"Lagavulin","floor":11,"turns":5}],"seed_played":"1020039390269613485","potions_obtained":[{"floor":2.0,"key":"SteroidPotion"},{"floor":3.0,"key":"EntropicBrew"},{"floor":7,"key":"Dexterity Potion"}],"is_trial":false,"path_per_floor":["M","M","?","M","?","E","M","R","T","M","E"],"character_chosen":"THE_SILENT","items_purchased":[],"campfire_rested":0,"item_purchase_floors":[],"current_hp_per_floor":[52,48,48,47,47,26,15,15,15,7,0,0],"gold":193,"neow_bonus":"BOSS_RELIC","is_daily":false,"chose_seed":false,"campfire_upgraded":1,"win_rate":0.0,"timestamp":1608424237,"path_taken":["M","M","?","?","?","E","?","R","T","M","E"],"items_purchased_type":[],"build_version":"2020-12-13","purchased_purges":0,"victory":false,"max_hp_per_floor":[66,66,66,66,66,66,66,66,66,66,66,66],"card_choices":[{"not_picked":["Prepared","Cloak And Dagger"],"picked":"Crippling Poison","floor":1.0},{"not_picked":["Outmaneuver","Choke","Caltrops"],"picked":"SKIP","floor":2.0},{"not_picked":["Deadly Poison","Accuracy"],"picked":"Cloak And Dagger","floor":4.0},{"not_picked":["Grand Finale","Dodge and Roll"],"picked":"Flying Knee","floor":6.0},{"not_picked":["Quick Slash","Dodge and Roll"],"picked":"Endless Agony","floor":7},{"not_picked":["Dodge and Roll","Deflect","Sucker Punch"],"picked":"SKIP","floor":10}],"player_experience":343267,"relics_obtained":[{"floor":0.0,"key":"Lantern"},{"floor":0.0,"key":"Ornamental Fan"},{"floor":0.0,"key":"Incense Burner"},{"floor":6.0,"key":"Sundial"},{"floor":9,"key":"Frozen Egg 2"}],"event_choices":[{"damage_healed":0.0,"max_hp_gain":0.0,"max_hp_loss":0.0,"gold_gain":0.0,"event_name":"The Woman in Blue","player_choice":"Bought 1 Potion","floor":3.0,"gold_loss":0.0,"damage_taken":0.0},{"damage_healed":0.0,"max_hp_gain":0.0,"max_hp_loss":0.0,"gold_gain":0.0,"event_name":"WeMeetAgain","player_choice":"Gave Potion","floor":5.0,"gold_loss":0.0,"damage_taken":0.0,"relics_obtained":["InkBottle"]}],"is_beta":false,"boss_relics":[],"items_purged_floors":[],"is_endless":false,"potions_floor_spawned":[2,7],"killed_by":"Lagavulin","ascension_level":20}}