{"host":"o7j6aatxjwpw1421","time":1608464890,"event":{"mods":["2.2 Compatiblity","BaseMod","Colored Map","DeckTracker","Highlight Path","Keyboard Shortcuts","Minty Spire (QoL Compilation)","Permanent Neow","Quick Restart","StSLib","SuperFastMode","everything is the same but u backflip on backflip"],"gold_per_floor":[117,192,192,192,205,205,220,245,268,300,300,318,338,356,356,458,458,475,495,33,44,44,44,64,64,64,74,74,74,103,121,121,217,217,235,335,349,349,360,360,391,391,391,391,408,408,0,0,0],"floor_reached":48,"playtime":3784,"items_purged":["Wild Strike"],"score":740,"play_id":"3af52612-4d54-4958-ab0d-3bfc26ff6689","local_time":"20201220204810","is_ascension_mode":true,"campfire_choices":[{"data":"Armaments","floor":6.0,"key":"SMITH"},{"floor":11.0,"key":"REST"},{"data":"Shockwave","floor":15.0,"key":"SMITH"},{"data":"Barricade","floor":23.0,"key":"SMITH"},{"data":"Entrench","floor":25.0,"key":"SMITH"},{"floor":29.0,"key":"REST"},{"data":"Body Slam","floor":32.0,"key":"SMITH"},{"data":"Body Slam","floor":40.0,"key":"SMITH"},{"data":"Impervious","floor":42.0,"key":"SMITH"},{"floor":46,"key":"REST"}],"circlet_count":0,"master_deck":["Bash+1","Juggernaut","Shockwave+1","Armaments+1","Pommel Strike","Bloodletting","Shrug It Off","Impervious+1","Uppercut","Second Wind","Flame Barrier","Double Tap","Inflame","Disarm","Barricade+1","Headbutt","Entrench+1","Offering","Body Slam+1","Warcry+1","Body Slam+1","Ghostly Armor+1","Impervious+1"],"relics":["Burning Blood","Potion Belt","StoneCalendar","Bag of Marbles","Blood Vial","Pandora\u0027s Box","Letter Opener","PreservedInsect","Toxic Egg 2","Bottled Tornado","Black Star","Blue Candle","Bottled Lightning","Ice Cream","Nunchaku","Red Mask"],"acts_visited":["Exordium","TheCity","TheBeyond"],"potions_floor_usage":[44],"damage_taken":[{"damage":3.0,"enemies":"2 Louse","floor":1.0,"turns":3.0},{"damage":13.0,"enemies":"Jaw Worm","floor":5.0,"turns":5.0},{"damage":12.0,"enemies":"Small Slimes","floor":7.0,"turns":4.0},{"damage":2.0,"enemies":"Lagavulin","floor":8.0,"turns":7.0},{"damage":28.0,"enemies":"3 Sentries","floor":10.0,"turns":7.0},{"damage":3.0,"enemies":"Exordium Wildlife","floor":12.0,"turns":5.0},{"damage":8.0,"enemies":"Gremlin Gang","floor":13.0,"turns":4.0},{"damage":6.0,"enemies":"Looter","floor":14.0,"turns":3.0},{"damage":23.0,"enemies":"Hexaghost","floor":16.0,"turns":11.0},{"damage":3.0,"enemies":"Chosen","floor":18.0,"turns":7.0},{"damage":7.0,"enemies":"3 Byrds","floor":19.0,"turns":7.0},{"damage":33.0,"enemies":"Cultist and Chosen","floor":21.0,"turns":6.0},{"damage":33.0,"enemies":"Centurion and Healer","floor":24.0,"turns":7.0},{"damage":21.0,"enemies":"Shelled Parasite and Fungi","floor":27.0,"turns":9.0},{"damage":33.0,"enemies":"Gremlin Leader","floor":30.0,"turns":10.0},{"damage":6.0,"enemies":"Snake Plant","floor":31.0,"turns":5.0},{"damage":12.0,"enemies":"Automaton","floor":33.0,"turns":11.0},{"damage":6.0,"enemies":"3 Shapes","floor":35.0,"turns":7.0},{"damage":0.0,"enemies":"3 Darklings","floor":37.0,"turns":7.0},{"damage":44.0,"enemies":"Spire Growth","floor":39.0,"turns":7.0},{"damage":21.0,"enemies":"Reptomancer","floor":41.0,"turns":7.0},{"damage":0,"enemies":"Writhing Mass","floor":44,"turns":1},{"damage":28,"enemies":"4 Shapes","floor":45,"turns":7},{"damage":43,"enemies":"2 Orb Walkers","floor":48,"turns":5}],"seed_played":"4926715652769997968","potions_obtained":[{"floor":5.0,"key":"Energy Potion"},{"floor":8.0,"key":"Weak Potion"},{"floor":13.0,"key":"EntropicBrew"},{"floor":21.0,"key":"Regen Potion"},{"floor":30.0,"key":"Energy Potion"},{"floor":37.0,"key":"ColorlessPotion"}],"is_trial":false,"path_per_floor":["M","?","T","?","M","R","M","E","T","E","R","M","M","M","R","B",null,"M","M","$","M","?","R","M","R","T","M","?","R","E","M","R","B",null,"M","?","M","T","M","R","E","R","T","M","M","R","?","?"],"character_chosen":"IRONCLAD","items_purchased":["Offering","Letter Opener"],"campfire_rested":3,"item_purchase_floors":[20,20],"current_hp_per_floor":[75,64,64,48,41,41,35,39,39,17,41,46,46,48,48,33,68,73,74,74,49,49,49,39,39,39,26,26,50,25,27,27,23,66,68,68,76,76,40,40,27,27,27,35,15,39,39,0,0],"gold":0,"neow_bonus":"ONE_RANDOM_RARE_CARD","is_daily":false,"chose_seed":false,"campfire_upgraded":7,"win_rate":0.0,"timestamp":1608464890,"path_taken":["M","?","?","?","?","R","M","E","T","E","R","M","M","M","R","BOSS","M","?","$","M","?","R","M","R","T","M","?","R","E","M","R","BOSS","M","?","?","?","M","R","E","R","T","M","M","R","?","?"],"items_purchased_type":["Card","Relic"],"build_version":"2020-12-13","purchased_purges":1,"victory":false,"max_hp_per_floor":[80,80,80,80,80,80,80,80,80,80,80,80,80,80,80,80,80,80,80,80,80,80,80,80,80,80,80,80,80,80,80,80,80,80,80,80,80,80,80,80,80,80,80,80,80,80,80,80,80],"card_choices":[{"not_picked":["Flex","True Grit"],"picked":"Shockwave","floor":1.0},{"not_picked":["Havoc","Sentinel"],"picked":"Armaments","floor":5.0},{"not_picked":["Warcry","Rage"],"picked":"Pommel Strike","floor":7.0},{"not_picked":["Sever Soul","Heavy Blade","Iron Wave"],"picked":"SKIP","floor":8.0},{"not_picked":["Bludgeon","Armaments"],"picked":"Bloodletting","floor":10.0},{"not_picked":["Anger","Dual Wield"],"picked":"Shrug It Off","floor":12.0},{"not_picked":["Havoc","Armaments","True Grit"],"picked":"SKIP","floor":13.0},{"not_picked":["Corruption","Wild Strike","Heavy Blade"],"picked":"SKIP","floor":14.0},{"not_picked":["Juggernaut","Fiend Fire"],"picked":"Impervious","floor":16.0},{"not_picked":["Wild Strike","True Grit"],"picked":"Entrench","floor":18.0},{"not_picked":["Armaments","Uppercut","Dual Wield"],"picked":"SKIP","floor":19.0},{"not_picked":["Spot Weakness","Burning Pact+1","Disarm+1"],"picked":"SKIP","floor":21.0},{"not_picked":["Iron Wave+1","Blood for Blood","Flex"],"picked":"SKIP","floor":24.0},{"not_picked":["Clash+1","Twin Strike","Cleave"],"picked":"SKIP","floor":27.0},{"not_picked":["Sever Soul","Pommel Strike","Second Wind+1"],"picked":"SKIP","floor":30.0},{"not_picked":["Rampage+1","Juggernaut"],"picked":"Body Slam","floor":31.0},{"not_picked":["Disarm+1","Burning Pact+1"],"picked":"Warcry+1","floor":35.0},{"not_picked":["Shrug It Off+1","Warcry+1"],"picked":"Body Slam","floor":37.0},{"not_picked":["Thunderclap","Wild Strike+1"],"picked":"Ghostly Armor+1","floor":39.0},{"not_picked":["Twin Strike+1","Clash"],"picked":"Impervious+1","floor":41.0},{"not_picked":["Anger+1","Havoc+1","Searing Blow"],"picked":"SKIP","floor":45}],"player_experience":286368,"relics_obtained":[{"floor":3.0,"key":"Potion Belt"},{"floor":8.0,"key":"StoneCalendar"},{"floor":9.0,"key":"Bag of Marbles"},{"floor":10.0,"key":"Blood Vial"},{"floor":26.0,"key":"Toxic Egg 2"},{"floor":30.0,"key":"Bottled Tornado"},{"floor":38.0,"key":"Blue Candle"},{"floor":41.0,"key":"Bottled Lightning"},{"floor":41.0,"key":"Ice Cream"},{"floor":43.0,"key":"Nunchaku"}],"event_choices":[{"damage_healed":0.0,"max_hp_gain":0.0,"max_hp_loss":0.0,"gold_gain":75.0,"event_name":"World of Goop","player_choice":"Gather Gold","floor":2.0,"gold_loss":0.0,"damage_taken":11.0},{"damage_healed":0.0,"max_hp_gain":0.0,"max_hp_loss":0.0,"gold_gain":0.0,"event_name":"Shining Light","player_choice":"Entered Light","floor":4.0,"gold_loss":0.0,"damage_taken":16.0,"cards_upgraded":["Strike_R","Bash"]},{"damage_healed":0.0,"max_hp_gain":0.0,"max_hp_loss":0.0,"gold_gain":0.0,"event_name":"The Mausoleum","player_choice":"Opened","floor":22.0,"gold_loss":0.0,"damage_taken":0.0,"relics_obtained":["PreservedInsect"]},{"damage_healed":0.0,"max_hp_gain":0.0,"max_hp_loss":0.0,"gold_gain":0.0,"event_name":"Vampires","player_choice":"Ignored","floor":28.0,"gold_loss":0.0,"damage_taken":0.0},{"damage_healed":0.0,"max_hp_gain":0.0,"max_hp_loss":0.0,"gold_gain":100.0,"event_name":"Golden Shrine","player_choice":"Pray","floor":36.0,"gold_loss":0.0,"damage_taken":0.0},{"damage_healed":0,"gold_gain":0,"player_choice":"Paid","damage_taken":0,"relics_obtained":["Red Mask"],"max_hp_gain":0,"max_hp_loss":0,"event_name":"Tomb of Lord Red Mask","floor":47,"gold_loss":408},{"damage_healed":0,"gold_gain":0,"player_choice":"Fight","damage_taken":0,"max_hp_gain":0,"max_hp_loss":0,"event_name":"Mysterious Sphere","floor":48,"gold_loss":0}],"is_beta":false,"boss_relics":[{"not_picked":["SacredBark","SlaversCollar"],"picked":"Pandora\u0027s Box"},{"not_picked":["Busted Crown","Snecko Eye"],"picked":"Black Star"}],"items_purged_floors":[20],"is_endless":false,"potions_floor_spawned":[5,8,13,21,30,37,44],"killed_by":"2 Orb Walkers","ascension_level":6}}