{"host":"wkcoec525dnrk4jw","time":1608452837,"event":{"mods":["BaseMod","Conspire","Minty Spire (QoL Compilation)","Quick Restart","Replay The Spire","Shop Mod","StSLib","TestMod","The Bug Knight","The Cursed","[IsaacMod]ÒÔÈö¼âËþ"],"gold_per_floor":[114,114,129,161,161,194,209,209,209,30,64,81,81,12,12,114,114,134,134,144,144,163,192,192,209,209,220,234,246,246,246],"floor_reached":30,"playtime":1436,"items_purged":["TheCursedMod:Dregs"],"score":487,"play_id":"7c40a174-7e51-4b2b-a01d-1569637e93e7","local_time":"20201220162717","is_ascension_mode":false,"campfire_choices":[{"data":"Judgement","floor":8,"key":"SMITH"},{"data":"SandsOfTime","floor":15,"key":"SMITH"}],"circlet_count":0,"master_deck":["Strike_P","Strike_P","Defend_P","Defend_P","Defend_P","Eruption","Vigilance","SandsOfTime+1","BowlingBash","Judgement+1","ForeignInfluence","Steam","ClearTheMind","Consecrate","Replay:Hysterical Blindness","Parasite","TheCursedMod:Dregs","ReachHeaven","ReachHeaven","SignatureMove","Alpha","Replay:ManipulateFuture+1","RitualDagger","WreathOfFlame","PathToVictory","Vault","Strike_P","Strike_P","Defend_P","Defend_P","Defend_P","Eruption","Vigilance","SandsOfTime+1","BowlingBash","Judgement+1","ForeignInfluence","Steam","ClearTheMind","Consecrate","Replay:Hysterical Blindness","Parasite","TheCursedMod:Dregs","ReachHeaven","ReachHeaven","SignatureMove","Alpha","Replay:ManipulateFuture+1","RitualDagger","WreathOfFlame","PathToVictory","Vault","Swivel","Replay:AtTheReady","Evaluate","Replay:Battleflow"],"relics":["PureWater","HushsDoor","testmod-TestBox","PillsDrop","testmod-TurbochargingSystem","NeowsBlessing","Ring of Hypnosis","Ring of Peace","Vajra","BookofShadows","testmod-Laevatain","testmod-CardMagician","Ancient Tea Set","testmod-Nyarlathotep","ReplayTheSpireMod:Shallot"],"acts_visited":["Exordium","TheCity"],"potions_floor_usage":[11,25,25],"damage_taken":[{"damage":0,"enemies":"Cultist","floor":1,"turns":1},{"damage":0,"enemies":"Jaw Worm","floor":3,"turns":1},{"damage":0,"enemies":"conspire:MimicChest","floor":4,"turns":1},{"damage":0,"enemies":"Gremlin Nob","floor":6,"turns":3},{"damage":0,"enemies":"Small Slimes","floor":7,"turns":2},{"damage":0,"enemies":"Lagavulin","floor":11,"turns":2},{"damage":0,"enemies":"Looter","floor":12,"turns":1},{"damage":7,"enemies":"Fading Forest","floor":16,"turns":11},{"damage":0,"enemies":"Spheric Guardian","floor":18,"turns":3},{"damage":9,"enemies":"Shell Parasite","floor":20,"turns":4},{"damage":0,"enemies":"Snake Plant","floor":22,"turns":4},{"damage":36,"enemies":"Book of Stabbing","floor":23,"turns":5},{"damage":12,"enemies":"Centurion and Healer","floor":25,"turns":6},{"damage":0,"enemies":"3 Cultists","floor":27,"turns":4},{"damage":0,"enemies":"Snecko","floor":28,"turns":3},{"damage":0,"enemies":"Snake Plant","floor":29,"turns":4},{"damage":27,"enemies":"Gremlin Leader","floor":30,"turns":5}],"seed_played":"-7016685171984633923","potions_obtained":[{"floor":1,"key":"Energy Potion"},{"floor":3,"key":"SteroidPotion"},{"floor":6,"key":"Cursed Concoction"},{"floor":12,"key":"Strength Potion"},{"floor":27,"key":"Regen Potion"},{"floor":29,"key":"SpeedPotion"}],"is_trial":false,"path_per_floor":["M","?","M","?","?","E","M","R","T","$","E","M","?","$","R","B",null,"M","?","M","?","M","E","?","M","T","M","M","M","E"],"character_chosen":"WATCHER","items_purchased":["FairyPotion","SignatureMove"],"campfire_rested":0,"item_purchase_floors":[10,14],"current_hp_per_floor":[72,72,72,72,72,72,72,72,72,72,72,75,68,68,68,68,75,75,69,60,45,45,9,9,21,21,21,21,21,0,0],"gold":246,"neow_bonus":"THREE_ENEMY_KILL","is_daily":false,"chose_seed":false,"campfire_upgraded":2,"win_rate":0.0,"timestamp":1608452837,"path_taken":["M","?","?","?","?","E","M","R","T","?","E","?","?","$","R","BOSS","M","?","M","?","M","E","?","M","T","?","M","M","E"],"items_purchased_type":["Potion","Card"],"build_version":"2020-12-13","purchased_purges":1,"victory":false,"max_hp_per_floor":[72,72,72,72,72,72,72,72,72,72,72,75,75,75,75,75,75,75,75,70,70,70,70,70,70,70,70,70,70,70,70],"card_choices":[{"not_picked":["Sanctity","FollowUp"],"picked":"SandsOfTime","floor":1},{"not_picked":["FlurryOfBlows","Prostrate"],"picked":"BowlingBash","floor":3},{"not_picked":["Tantrum","PathToVictory"],"picked":"Judgement","floor":4},{"not_picked":["FlurryOfBlows","Replay:AtTheReady"],"picked":"ClearTheMind","floor":6},{"not_picked":["ClearTheMind","EmptyFist"],"picked":"Consecrate","floor":7},{"not_picked":["Replay:AllIn","Collect"],"picked":"ReachHeaven","floor":11},{"not_picked":["Replay:DivineShield","MentalFortress"],"picked":"ReachHeaven","floor":12},{"not_picked":["Establishment","Vault"],"picked":"Alpha","floor":16},{"not_picked":["Replay:Vibes","Worship+1"],"picked":"Replay:ManipulateFuture+1","floor":18},{"not_picked":["Crescendo","Replay:DivineShield"],"picked":"WreathOfFlame","floor":20},{"not_picked":["JustLucky+1","Study"],"picked":"PathToVictory","floor":22},{"not_picked":["ForeignInfluence","EmptyFist"],"picked":"Vault","floor":23},{"not_picked":["BowlingBash+1","JustLucky+1"],"picked":"Swivel","floor":25},{"not_picked":["Sanctity","Indignation"],"picked":"Replay:AtTheReady","floor":27},{"not_picked":["ClearTheMind","Pray"],"picked":"Evaluate","floor":28},{"not_picked":["FlyingSleeves","Halt"],"picked":"Replay:Battleflow","floor":29}],"player_experience":143546,"relics_obtained":[{"floor":2,"key":"Ring of Hypnosis"},{"floor":2,"key":"Ring of Peace"},{"floor":4,"key":"Vajra"},{"floor":6,"key":"BookofShadows"},{"floor":11,"key":"testmod-Laevatain"},{"floor":23,"key":"testmod-Nyarlathotep"},{"floor":26,"key":"ReplayTheSpireMod:Shallot"}],"event_choices":[{"cards_removed":["Strike_P"],"damage_healed":0,"gold_gain":0,"player_choice":"Card Removal","damage_taken":7,"max_hp_gain":0,"max_hp_loss":0,"event_name":"Golden Wing","floor":13,"gold_loss":0},{"damage_healed":0,"gold_gain":0,"player_choice":"Joined the Cult","damage_taken":6,"max_hp_gain":0,"max_hp_loss":0,"event_name":"Nest","floor":19,"gold_loss":0,"cards_obtained":["RitualDagger"]}],"is_beta":false,"boss_relics":[{"not_picked":["Ring of Chaos","Replay:Wanted Poster"],"picked":"testmod-CardMagician"},{"not_picked":[]}],"items_purged_floors":[10],"is_endless":false,"potions_floor_spawned":[1,3,6,12,23,27,29],"killed_by":"Gremlin Leader","ascension_level":0}}