{"host":"emfjfba0992ieuaa","time":1608463952,"event":{"mods":["2.2 Compatiblity","Act Like it!","Bard","BaseMod","BetterRewards","Block Reminder","Card Forge","Colored Powertips","Energized Spire","Googly Eyes","Mimic Mod","Minty Spire (QoL Compilation)","Pale of the Ancients","Shop Mod","StSLib","SuperFastMode","The Animator","The Construct","The Forsaken","The Hierophant","The Poker Player","Wandering Minibosses"],"gold_per_floor":[419,483,115,190,190,180,180],"floor_reached":6,"playtime":286,"items_purged":[],"score":32,"play_id":"953ce5ed-aa61-4daa-8bd8-d3ea6849d680","local_time":"20201220033232","is_ascension_mode":false,"campfire_choices":[],"circlet_count":0,"master_deck":["hierophant:Strike_Hierophant","hierophant:Strike_Hierophant","hierophant:Strike_Hierophant","hierophant:Strike_Hierophant","hierophant:Punish","hierophant:Defend_Hierophant","hierophant:Defend_Hierophant","hierophant:Defend_Hierophant","hierophant:Defend_Hierophant","hierophant:ChurchCoffers","hierophant:SealAway","hierophant:Community","hierophant:Glossolalia","hierophant:Kindle","hierophant:RepressedViolence"],"relics":["hierophant:PropheticMaskRelic","Hammer of Thor","Seething Fire","Anvil of the Gods","Old Coin","theForsaken:Lifeblossom","Orrery","Omamori"],"acts_visited":["Exordium"],"potions_floor_usage":[6],"damage_taken":[{"damage":6,"enemies":"Jaw Worm","floor":1,"turns":4},{"damage":51,"enemies":"Gremlin Nob","floor":6,"turns":4}],"seed_played":"-1221246347363337032","potions_obtained":[{"floor":1,"key":"GamblersBrew"}],"is_trial":false,"path_per_floor":["M","?","$","?","?","E"],"character_chosen":"HIEROPHANT","items_purchased":["theForsaken:Lifeblossom","hierophant:Community","Orrery"],"campfire_rested":0,"item_purchase_floors":[3,3,3],"current_hp_per_floor":[48,48,48,37,25,0,0],"gold":180,"neow_bonus":"ONE_RARE_RELIC","is_daily":false,"chose_seed":false,"campfire_upgraded":0,"win_rate":0.0,"timestamp":1608463952,"path_taken":["M","?","$","?","?","E"],"items_purchased_type":["Relic","Card","Relic"],"build_version":"2020-12-13","purchased_purges":0,"victory":false,"max_hp_per_floor":[75,75,75,75,75,75,75],"card_choices":[{"not_picked":["hierophant:Endure","hierophant:Purify"],"picked":"hierophant:SealAway","floor":1},{"not_picked":["hierophant:HolyVerse","hierophant:Dazzle"],"picked":"hierophant:Glossolalia","floor":3},{"not_picked":["hierophant:HammerAndAnvil","hierophant:MirrorShield"],"picked":"hierophant:Kindle","floor":3},{"not_picked":["hierophant:Zeal","hierophant:AuricShield"],"picked":"hierophant:RepressedViolence","floor":3}],"player_experience":266835,"relics_obtained":[],"event_choices":[{"damage_healed":0,"gold_gain":64,"player_choice":"Gained Gold","damage_taken":0,"max_hp_gain":0,"max_hp_loss":0,"event_name":"Golden Wing","floor":2,"gold_loss":0},{"damage_healed":0,"gold_gain":75,"player_choice":"Gather Gold","damage_taken":11,"max_hp_gain":0,"max_hp_loss":0,"event_name":"World of Goop","floor":4,"gold_loss":0},{"damage_healed":0,"gold_gain":0,"player_choice":"Success","damage_taken":12,"relics_obtained":["Omamori"],"max_hp_gain":0,"max_hp_loss":0,"event_name":"Scrap Ooze","floor":5,"gold_loss":0}],"is_beta":false,"boss_relics":[],"items_purged_floors":[],"is_endless":false,"potions_floor_spawned":[1],"killed_by":"Gremlin Nob","ascension_level":0}}