{"host":"kw4o7b3ro2ktmmbe","time":1608454146,"event":{"mods":["BaseMod","Minty Spire (QoL Compilation)","StSLib","The Marked","Treasure Hunter"],"gold_per_floor":[69,88,88,88,101,101,133,133,160,15,35,66,86,112,112,112,112],"floor_reached":16,"playtime":1569,"items_purged":[],"score":126,"play_id":"95eaaa7f-8978-4dc2-b65c-49c54d96280a","local_time":"20201220214906","is_ascension_mode":true,"campfire_choices":[{"data":"theMarked:MysticalArsenal","floor":6.0,"key":"SMITH"},{"data":"TH:BikiniMail","floor":8,"key":"SMITH"},{"data":"theMarked:RogueSparks","floor":15,"key":"SMITH"}],"circlet_count":0,"master_deck":["theMarked:Strike","theMarked:Strike","theMarked:Strike","theMarked:Strike","theMarked:Strike","theMarked:Defend","theMarked:Defend","theMarked:Defend","theMarked:SoldierOfQuellstein","theMarked:WardOff","theMarked:Electrify","theMarked:MysticalArsenal+1","theMarked:PowerFlow","TH:BikiniMail+1","TH:ElvenBoots","theMarked:RogueSparks+1","TH:ElvenBoots","theMarked:Snap","TH:ArmorSpikes","theMarked:RogueSparks"],"relics":["theMarked:ArtifactOfAir","Thread and Needle","Potion Belt","Strawberry","Smiling Mask","Medical Kit","theMarked:VonisonLock","Ice Cream"],"acts_visited":["Exordium"],"potions_floor_usage":[11,14,16],"damage_taken":[{"damage":0.0,"enemies":"Small Slimes","floor":1.0,"turns":3.0},{"damage":0.0,"enemies":"2 Louse","floor":2.0,"turns":3.0},{"damage":0.0,"enemies":"Jaw Worm","floor":5.0,"turns":5.0},{"damage":6,"enemies":"Lagavulin","floor":7,"turns":7},{"damage":1,"enemies":"Gremlin Gang","floor":11,"turns":7},{"damage":18,"enemies":"3 Sentries","floor":12,"turns":6},{"damage":0,"enemies":"2 Fungi Beasts","floor":13,"turns":4},{"damage":24,"enemies":"Gremlin Nob","floor":14,"turns":4},{"damage":18,"enemies":"The Guardian","floor":16,"turns":7}],"seed_played":"1948393389636406086","potions_obtained":[{"floor":5.0,"key":"SpeedPotion"},{"floor":7,"key":"Block Potion"},{"floor":13,"key":"SkillPotion"},{"floor":14,"key":"Strength Potion"}],"is_trial":false,"path_per_floor":["M","M","?","?","M","R","E","R","T","$","M","E","M","E","R","B"],"character_chosen":"THE_DEFAULT","items_purchased":["Medical Kit"],"campfire_rested":0,"item_purchase_floors":[10],"current_hp_per_floor":[70,70,70,58,58,58,59,59,59,59,58,40,40,16,16,0,0],"gold":112,"neow_bonus":"ONE_RARE_RELIC","is_daily":false,"chose_seed":false,"campfire_upgraded":3,"win_rate":0.0,"timestamp":1608454146,"path_taken":["M","M","?","?","M","R","E","R","T","?","M","E","M","E","R","BOSS"],"items_purchased_type":["Relic"],"build_version":"2020-12-13","purchased_purges":0,"victory":false,"max_hp_per_floor":[70,70,70,70,70,70,77,77,77,77,77,77,77,77,77,77,77],"card_choices":[{"not_picked":["theMarked:Overthink","theMarked:HeightenedSenses"],"picked":"theMarked:WardOff","floor":1.0},{"not_picked":["theMarked:Parkour","theMarked:Overcharge"],"picked":"theMarked:Electrify","floor":2.0},{"not_picked":["theMarked:Generate","theMarked:ShockingTouch"],"picked":"theMarked:PowerFlow","floor":5.0},{"not_picked":["TH:CursedSword"],"picked":"TH:BikiniMail","floor":7},{"not_picked":["theMarked:EmpowerWeapon","theMarked:SwordAndMagic","theMarked:Seal"],"picked":"SKIP","floor":7},{"not_picked":["TH:ArmorSpikes"],"picked":"TH:ElvenBoots","floor":9},{"not_picked":["theMarked:RepellingDischarge","theMarked:ResourceFulStrike"],"picked":"theMarked:RogueSparks","floor":11},{"not_picked":["TH:DeckOfManyThings"],"picked":"TH:ElvenBoots","floor":12},{"not_picked":["theMarked:Electrocute","theMarked:Generate"],"picked":"theMarked:Snap","floor":12},{"not_picked":["theMarked:ChainLightning","theMarked:ElectricStrings","theMarked:EmpowerWeapon"],"picked":"SKIP","floor":13},{"not_picked":["TH:CopperCoins"],"picked":"TH:ArmorSpikes","floor":14},{"not_picked":["theMarked:Reabsorb","theMarked:BanishingWave"],"picked":"theMarked:RogueSparks","floor":14}],"player_experience":1764831,"relics_obtained":[{"floor":7,"key":"Strawberry"},{"floor":9,"key":"Smiling Mask"},{"floor":12,"key":"theMarked:VonisonLock"},{"floor":14,"key":"Ice Cream"}],"event_choices":[{"damage_healed":0.0,"max_hp_gain":0.0,"max_hp_loss":0.0,"gold_gain":0.0,"cards_transformed":["theMarked:Defend"],"event_name":"Living Wall","player_choice":"Change","floor":3.0,"gold_loss":0.0,"damage_taken":0.0,"cards_obtained":["theMarked:MysticalArsenal"]},{"damage_healed":0.0,"max_hp_gain":0.0,"max_hp_loss":0.0,"gold_gain":0.0,"event_name":"Scrap Ooze","player_choice":"Success","floor":4.0,"gold_loss":0.0,"damage_taken":12.0,"relics_obtained":["Potion Belt"]}],"is_beta":false,"boss_relics":[],"items_purged_floors":[],"is_endless":false,"potions_floor_spawned":[5,7,13,14],"killed_by":"The Guardian","ascension_level":1}}