{"host":"f7mgfv1rcbv6ir5v","time":1608455653,"event":{"mods":["BaseMod","Bestiary","Colored Map","Colored Powertips","Highlight Path","Minty Spire (QoL Compilation)","Relic Stats","StSLib"],"gold_per_floor":[119,134,134,134,134,165,165,198,198,216,246,260,260,280,280,376,376,391,391,391,408,419,419,419,419],"floor_reached":24,"playtime":1788,"items_purged":[],"score":259,"play_id":"5510c7be-db86-4dcc-bd77-0c3f1b2eeb7e","local_time":"20201220011413","is_ascension_mode":true,"campfire_choices":[{"floor":7,"key":"REST"},{"data":"Go for the Eyes","floor":13,"key":"SMITH"},{"floor":15,"key":"REST"},{"data":"Buffer","floor":23,"key":"SMITH"}],"circlet_count":0,"master_deck":["Strike_B+1","Strike_B","Strike_B","Strike_B","Defend_B","Defend_B","Defend_B+1","Defend_B","Zap","Dualcast","Sweeping Beam","Streamline+1","BootSequence","Ball Lightning","FTL","Go for the Eyes+1","Reinforced Body","Genetic Algorithm","Buffer+1","Stack+1","Static Discharge+1"],"relics":["Sozu","Meat on the Bone","Bronze Scales","Kunai","Omamori","Ornamental Fan","Nloth\u0027s Gift"],"acts_visited":["Exordium","TheCity"],"potions_floor_usage":[],"damage_taken":[{"damage":6,"enemies":"Jaw Worm","floor":1,"turns":4},{"damage":2,"enemies":"2 Louse","floor":2,"turns":3},{"damage":9,"enemies":"3 Sentries","floor":6,"turns":6},{"damage":27,"enemies":"Gremlin Nob","floor":8,"turns":5},{"damage":6,"enemies":"Cultist","floor":10,"turns":3},{"damage":9,"enemies":"Lagavulin","floor":11,"turns":6},{"damage":0,"enemies":"Blue Slaver","floor":12,"turns":2},{"damage":0,"enemies":"Exordium Thugs","floor":14,"turns":3},{"damage":8,"enemies":"Slime Boss","floor":16,"turns":9},{"damage":7,"enemies":"Spheric Guardian","floor":18,"turns":3},{"damage":26,"enemies":"2 Thieves","floor":21,"turns":4},{"damage":10,"enemies":"Shelled Parasite and Fungi","floor":22,"turns":7},{"damage":48,"enemies":"Gremlin Leader","floor":24,"turns":7}],"seed_played":"-1001879338185012516","potions_obtained":[],"is_trial":false,"path_per_floor":["M","M","?","?","?","E","R","E","T","M","E","M","R","M","R","B",null,"M","T","?","M","M","R","E"],"character_chosen":"DEFECT","items_purchased":[],"campfire_rested":2,"item_purchase_floors":[],"current_hp_per_floor":[69,67,52,52,52,43,65,38,38,44,47,47,47,47,69,61,75,68,68,68,42,44,44,0,0],"gold":419,"neow_bonus":"BOSS_RELIC","is_daily":false,"chose_seed":false,"campfire_upgraded":2,"win_rate":0.0,"timestamp":1608455653,"path_taken":["M","M","?","?","?","E","R","E","T","M","E","M","R","M","R","BOSS","M","?","?","M","M","R","E"],"items_purchased_type":[],"build_version":"2020-12-13","purchased_purges":0,"victory":false,"max_hp_per_floor":[75,75,75,75,75,75,75,75,75,75,75,75,75,75,75,75,75,75,75,75,75,75,75,75,75],"relic_stats":{"Sozu":7,"counters":[13,62],"Ornamental Fan":[20],"Bronze Scales":[108],"Nloth\u0027s Gift":1,"Kunai":[19],"obtain_stats":[{"Sozu":0,"Ornamental Fan":19,"Bronze Scales":8,"Omamori":11,"Nloth\u0027s Gift":20,"Kunai":9,"Cracked Core":0,"Cursed Key":17,"Meat on the Bone":6},{"Sozu":0,"Ornamental Fan":10,"Bronze Scales":4,"Omamori":6,"Nloth\u0027s Gift":10,"Kunai":4,"Cracked Core":0,"Cursed Key":9,"Meat on the Bone":3},{"Sozu":0,"Ornamental Fan":44,"Bronze Scales":18,"Omamori":27,"Nloth\u0027s Gift":44,"Kunai":18,"Cracked Core":0,"Cursed Key":41,"Meat on the Bone":13}],"Meat on the Bone":36},"card_choices":[{"not_picked":["Redo","Barrage"],"picked":"Sweeping Beam","floor":1},{"not_picked":["Steam","Barrage"],"picked":"Streamline","floor":2},{"not_picked":["Streamline","Hello World"],"picked":"BootSequence","floor":6},{"not_picked":["Steam","Conserve Battery"],"picked":"Ball Lightning","floor":8},{"not_picked":["Steam","Thunder Strike"],"picked":"FTL","floor":10},{"not_picked":["Cold Snap","Lockon"],"picked":"Go for the Eyes","floor":11},{"not_picked":["Conserve Battery","Chill"],"picked":"Reinforced Body","floor":12},{"not_picked":["Sweeping Beam","Streamline"],"picked":"Genetic Algorithm","floor":14},{"not_picked":["Machine Learning","Amplify"],"picked":"Buffer","floor":16},{"not_picked":["Coolheaded","Fusion"],"picked":"Stack+1","floor":18},{"not_picked":["Cold Snap+1","Beam Cell","Coolheaded"],"picked":"SKIP","floor":21},{"not_picked":["Gash","Fission"],"picked":"Static Discharge+1","floor":22}],"player_experience":346815,"relics_obtained":[{"floor":6,"key":"Meat on the Bone"},{"floor":8,"key":"Bronze Scales"},{"floor":9,"key":"Kunai"},{"floor":11,"key":"Omamori"},{"floor":19,"key":"Ornamental Fan"}],"event_choices":[{"damage_healed":0,"gold_gain":0,"player_choice":"Entered Light","damage_taken":15,"max_hp_gain":0,"max_hp_loss":0,"event_name":"Shining Light","floor":3,"gold_loss":0,"cards_upgraded":["Strike_B","Defend_B"]},{"damage_healed":0,"gold_gain":0,"player_choice":"Ignored","damage_taken":0,"max_hp_gain":0,"max_hp_loss":0,"event_name":"Liars Game","floor":4,"gold_loss":0},{"damage_healed":0,"gold_gain":0,"player_choice":"Upgraded","damage_taken":0,"max_hp_gain":0,"max_hp_loss":0,"event_name":"Upgrade Shrine","floor":5,"gold_loss":0,"cards_upgraded":["Streamline"]},{"damage_healed":0,"gold_gain":0,"player_choice":"Traded Relic","damage_taken":0,"relics_obtained":["Nloth\u0027s Gift"],"max_hp_gain":0,"max_hp_loss":0,"event_name":"N\u0027loth","floor":20,"relics_lost":["Cursed Key"],"gold_loss":0}],"is_beta":false,"boss_relics":[{"not_picked":["Snecko Eye","SacredBark"],"picked":"Cursed Key"}],"items_purged_floors":[],"is_endless":false,"potions_floor_spawned":[8,10,12,14,16,18,22],"killed_by":"Gremlin Leader","ascension_level":4}}