{"host":"egyxg9lnjq7g2hmw","time":1608441509,"event":{"mods":["AchievementEnabler","BaseMod","Block Reminder","Colored Map","Colored Powertips","Highlight Path","Minty Spire (QoL Compilation)","Rare Cards Sparkle","StSLib"],"gold_per_floor":[109,109,122,135,60,60,87,87,110,129,163,63,63,63,63,142,142,160,160,178,93,107,107,107,119,119,134,134,165,45,64,64,64,64],"floor_reached":33,"playtime":1906,"items_purged":["Strike_G","Strike_G","Strike_G"],"score":550,"play_id":"48a15528-9e0e-4940-abab-96a5f65844f4","local_time":"20201219211829","is_ascension_mode":true,"campfire_choices":[{"data":"Neutralize","floor":6.0,"key":"SMITH"},{"floor":8.0,"key":"REST"},{"floor":15.0,"key":"REST"},{"floor":23.0,"key":"REST"},{"floor":32.0,"key":"REST"}],"circlet_count":0,"master_deck":["AscendersBane","Strike_G+1","Strike_G+1","Defend_G","Defend_G","Defend_G","Defend_G","Defend_G","Survivor+1","Neutralize+1","Underhanded Strike+1","Heel Hook","Acrobatics","Tactician","Footwork","Prepared+1","A Thousand Cuts","Well Laid Plans","Necronomicurse","Blade Dance","Decay","Underhanded Strike","Caltrops"],"relics":["Ring of the Snake","Smiling Mask","Boot","CaptainsWheel","Bronze Scales","Black Star","Necronomicon","Bag of Preparation","Whetstone","CeramicFish","InkBottle"],"acts_visited":["Exordium","TheCity"],"potions_floor_usage":[33],"damage_taken":[{"damage":3.0,"enemies":"Jaw Worm","floor":1.0,"turns":6.0},{"damage":0.0,"enemies":"Small Slimes","floor":3.0,"turns":2.0},{"damage":0.0,"enemies":"2 Louse","floor":4.0,"turns":3.0},{"damage":33.0,"enemies":"Lagavulin","floor":7.0,"turns":7.0},{"damage":8.0,"enemies":"Looter","floor":10.0,"turns":4.0},{"damage":38.0,"enemies":"Gremlin Nob","floor":11.0,"turns":5.0},{"damage":31.0,"enemies":"Slime Boss","floor":16.0,"turns":16.0},{"damage":12.0,"enemies":"Shell Parasite","floor":18.0,"turns":6.0},{"damage":2.0,"enemies":"Chosen","floor":20.0,"turns":5.0},{"damage":7.0,"enemies":"Centurion and Healer","floor":22.0,"turns":5.0},{"damage":26.0,"enemies":"Shelled Parasite and Fungi","floor":25.0,"turns":5.0},{"damage":3.0,"enemies":"Snake Plant","floor":27.0,"turns":2.0},{"damage":7.0,"enemies":"Slavers","floor":29.0,"turns":5.0},{"damage":6.0,"enemies":"Cultist and Chosen","floor":31.0,"turns":7.0},{"damage":37,"enemies":"Collector","floor":33,"turns":7}],"seed_played":"7448943442629112245","potions_obtained":[{"floor":1.0,"key":"Ancient Potion"},{"floor":3.0,"key":"FairyPotion"},{"floor":11.0,"key":"SteroidPotion"},{"floor":20.0,"key":"SpeedPotion"},{"floor":31.0,"key":"FearPotion"}],"is_trial":false,"path_per_floor":["M","?","M","M","$","R","E","R","T","M","E","$","?","?","R","B",null,"M","?","M","?","M","R","?","M","T","M","?","E","$","M","R","B"],"character_chosen":"THE_SILENT","items_purchased":["Prepared","Caltrops"],"campfire_rested":4,"item_purchase_floors":[12,30],"current_hp_per_floor":[62,40,40,40,40,40,7,28,28,20,21,21,21,16,37,6,56,44,23,21,21,14,35,35,9,9,6,20,13,13,7,28,0,0],"gold":64,"neow_bonus":"TEN_PERCENT_HP_BONUS","is_daily":false,"chose_seed":false,"campfire_upgraded":1,"win_rate":0.0,"timestamp":1608441509,"path_taken":["M","?","M","M","$","R","E","R","T","M","E","$","?","?","R","BOSS","M","?","M","?","M","R","?","M","T","?","?","E","?","?","R","BOSS"],"items_purchased_type":["Card","Card"],"build_version":"2020-12-13","purchased_purges":3,"victory":false,"max_hp_per_floor":[72,72,72,72,72,72,72,72,72,72,72,72,72,72,72,72,72,72,72,72,72,72,72,72,72,72,72,72,72,72,72,72,72,72],"card_choices":[{"not_picked":["Tactician","Eviscerate"],"picked":"Underhanded Strike","floor":1.0},{"not_picked":["Setup","PiercingWail"],"picked":"Heel Hook","floor":3.0},{"not_picked":["Dodge and Roll","Acrobatics","Cloak And Dagger"],"picked":"SKIP","floor":4.0},{"not_picked":["Dodge and Roll","Cloak And Dagger"],"picked":"Acrobatics","floor":4.0},{"not_picked":["Footwork","Dagger Spray"],"picked":"Tactician","floor":7.0},{"not_picked":["Poisoned Stab","Leg Sweep"],"picked":"Footwork","floor":10.0},{"not_picked":["Quick Slash","Dagger Spray","Deflect"],"picked":"SKIP","floor":11.0},{"not_picked":["Storm of Steel","Phantasmal Killer"],"picked":"A Thousand Cuts","floor":16.0},{"not_picked":["PiercingWail","Backflip"],"picked":"Well Laid Plans","floor":18.0},{"not_picked":["Finisher","Deadly Poison","Prepared"],"picked":"SKIP","floor":20.0},{"not_picked":["Sucker Punch","Footwork","Dodge and Roll"],"picked":"SKIP","floor":22.0},{"not_picked":["Heel Hook","Quick Slash+1"],"picked":"Underhanded Strike","floor":25.0},{"not_picked":["Expertise","Infinite Blades","Dodge and Roll"],"picked":"SKIP","floor":27.0},{"not_picked":["Masterful Stab","Dagger Spray","Heel Hook"],"picked":"SKIP","floor":29.0},{"not_picked":["Endless Agony+1","Flying Knee","Dodge and Roll"],"picked":"SKIP","floor":31.0}],"player_experience":543034,"relics_obtained":[{"floor":7.0,"key":"Smiling Mask"},{"floor":9.0,"key":"Boot"},{"floor":11.0,"key":"CaptainsWheel"},{"floor":19.0,"key":"Necronomicon"},{"floor":26.0,"key":"Whetstone"},{"floor":29.0,"key":"CeramicFish"},{"floor":29.0,"key":"InkBottle"}],"event_choices":[{"damage_healed":0.0,"max_hp_gain":0.0,"max_hp_loss":0.0,"gold_gain":0.0,"event_name":"Shining Light","player_choice":"Entered Light","floor":2.0,"gold_loss":0.0,"damage_taken":22.0,"cards_upgraded":["Survivor","Strike_G"]},{"damage_healed":0.0,"max_hp_gain":0.0,"max_hp_loss":0.0,"gold_gain":0.0,"event_name":"Living Wall","player_choice":"Grow","floor":13.0,"gold_loss":0.0,"damage_taken":0.0,"cards_upgraded":["Prepared"]},{"damage_healed":0.0,"max_hp_gain":0.0,"max_hp_loss":0.0,"gold_gain":0.0,"event_name":"Scrap Ooze","player_choice":"Success","floor":14.0,"gold_loss":0.0,"damage_taken":5.0,"relics_obtained":["Bronze Scales"]},{"damage_healed":0.0,"max_hp_gain":0.0,"max_hp_loss":0.0,"gold_gain":0.0,"event_name":"Cursed Tome","player_choice":"Obtained Book","floor":19.0,"gold_loss":0.0,"damage_taken":21.0},{"damage_healed":0.0,"max_hp_gain":0.0,"max_hp_loss":0.0,"gold_gain":0.0,"event_name":"Addict","player_choice":"Obtained Relic","floor":21.0,"gold_loss":85.0,"damage_taken":0.0,"relics_obtained":["Bag of Preparation"]},{"damage_healed":0.0,"max_hp_gain":0.0,"max_hp_loss":0.0,"gold_gain":0.0,"event_name":"Match and Keep!","player_choice":"2 cards matched","floor":24.0,"gold_loss":0.0,"damage_taken":0.0,"cards_obtained":["Blade Dance","Decay"]},{"damage_healed":14.0,"max_hp_gain":0.0,"max_hp_loss":0.0,"gold_gain":0.0,"event_name":"The Library","player_choice":"Heal","floor":28.0,"gold_loss":0.0,"damage_taken":0.0}],"is_beta":false,"boss_relics":[{"not_picked":["Tiny House","Sozu"],"picked":"Black Star"}],"items_purged_floors":[5,12,30],"is_endless":false,"potions_floor_spawned":[1,3,11,20,31],"killed_by":"Collector","ascension_level":20}}