{"host":"hjw1ay65n7jm40lc","time":1608426282,"event":{"mods":["AchievementEnabler","BaseMod","Block Reminder","Colored Map","Colored Powertips","Downfall","Googly Eyes","Highlight Path","Minty Spire (QoL Compilation)","Quick Restart","Relic Stats","StSLib"],"gold_per_floor":[99,118,118,144,40,56,56,56,85,10,21,35,51,36,54,159,159,159,176,191,225,225,225,225,257,271,304,323,340,340,250,263,368,368,293,393,393,409,423,449,449,449,480,405,419,429,446,446,459,459],"floor_reached":51,"playtime":6973,"items_purged":["Shame"],"score":756,"play_id":"3c625078-27ae-4572-8d76-4611bbd4df13","local_time":"20201219200442","is_ascension_mode":false,"campfire_choices":[{"data":"Slimebound:Split","floor":1.0,"key":"SMITH"},{"data":"Slimebound:SpikyOuterGoop","floor":8.0,"key":"SMITH"},{"data":"Slimebound:Repurpose","floor":10.0,"key":"SMITH"},{"floor":18.0,"key":"RECALL"},{"floor":35.0,"key":"REST"},{"floor":37.0,"key":"REST"},{"floor":44,"key":"REST"}],"circlet_count":0,"master_deck":["Slimebound:Strike_Slimebound","Slimebound:Tackle","Slimebound:Defend_Slimebound","Slimebound:Defend_Slimebound","Slimebound:Defend_Slimebound","Slimebound:Defend_Slimebound","Slimebound:Split+1","Slimebound:CorrosiveSpit","Slimebound:ComboTackle","Slimebound:PressTheAttack","Slimebound:OozeBath","Slimebound:SpikyOuterGoop+1","Slimebound:SplitLeeching","Slimebound:Prepare","Slimebound:Repurpose+1","Slimebound:AcidTongue","Slimebound:SplitMire","Slimebound:MegaLick","Slimebound:MinionMaster","Slimebound:Overexert","Slimebound:Repurpose","Necronomicurse","Slimebound:SpikyOuterGoop","Slimebound:SelfFormingGoo","Slimebound:OneTwoCombo","Slimebound:Equalize+1","Slimebound:LeadByExample+1","Slimebound:SplitLeeching+1","Slimebound:Overexert","Slimebound:SlimeBarrage+1","Slimebound:ComboTackle+1","Pain"],"relics":["Slimebound:AbsorbEndCombatUpgraded","MealTicket","HornCleat","Toy Ornithopter","downfall:HeartBlessingGreen","Fusion Hammer","Bottled Lightning","Necronomicon","Du-Vu Doll","Letter Opener","Orichalcum","Art of War","downfall:HeartBlessingRed","Potion Belt","Eternal Feather","Pantograph","downfall:HeartBlessingBlue","WarpedTongs"],"acts_visited":["Exordium","TheCity","TheBeyond"],"potions_floor_usage":[50,50],"damage_taken":[{"damage":3.0,"enemies":"2 Louse","floor":2.0,"turns":1.0},{"damage":49.0,"enemies":"Gremlin Nob","floor":4.0,"turns":4.0},{"damage":20.0,"enemies":"downfall:FleeingMerchant","floor":5.0,"turns":4.0},{"damage":15.0,"enemies":"Cultist","floor":6.0,"turns":3.0},{"damage":27.0,"enemies":"Lagavulin","floor":9.0,"turns":6.0},{"damage":14.0,"enemies":"Jaw Worm","floor":11.0,"turns":4.0},{"damage":12.0,"enemies":"Large Slime","floor":12.0,"turns":4.0},{"damage":23.0,"enemies":"Gremlin Gang","floor":13.0,"turns":3.0},{"damage":19.0,"enemies":"downfall:FleeingMerchant","floor":14.0,"turns":4.0},{"damage":15.0,"enemies":"3 Louse","floor":15.0,"turns":3.0},{"damage":41.0,"enemies":"downfall:Ironclad","floor":16.0,"turns":8.0},{"damage":12.0,"enemies":"3 Byrds","floor":19.0,"turns":3.0},{"damage":21.0,"enemies":"Spheric Guardian","floor":20.0,"turns":4.0},{"damage":43.0,"enemies":"Gremlin Leader","floor":21.0,"turns":6.0},{"damage":25.0,"enemies":"Book of Stabbing","floor":25.0,"turns":5.0},{"damage":22.0,"enemies":"Shelled Parasite and Fungi","floor":26.0,"turns":4.0},{"damage":34.0,"enemies":"Slavers","floor":27.0,"turns":4.0},{"damage":23.0,"enemies":"Centurion and Healer","floor":28.0,"turns":5.0},{"damage":28.0,"enemies":"Snake Plant","floor":29.0,"turns":4.0},{"damage":15.0,"enemies":"downfall:FleeingMerchant","floor":31.0,"turns":4.0},{"damage":31.0,"enemies":"Snecko","floor":32.0,"turns":4.0},{"damage":40.0,"enemies":"downfall:Silent","floor":33.0,"turns":7.0},{"damage":33.0,"enemies":"downfall:LadyInBlue","floor":36.0,"turns":4.0},{"damage":13.0,"enemies":"3 Shapes","floor":38.0,"turns":4.0},{"damage":28.0,"enemies":"3 Darklings","floor":39.0,"turns":5.0},{"damage":90.0,"enemies":"Reptomancer","floor":40.0,"turns":6.0},{"damage":31,"enemies":"Nemesis","floor":43,"turns":5},{"damage":51,"enemies":"Sphere and 2 Shapes","floor":45,"turns":5},{"damage":28,"enemies":"Spire Growth","floor":46,"turns":4},{"damage":57,"enemies":"Transient","floor":47,"turns":5},{"damage":46,"enemies":"Writhing Mass","floor":49,"turns":4},{"damage":51,"enemies":"downfall:Defect","floor":50,"turns":6}],"seed_played":"-2329819292939013164","potions_obtained":[{"floor":4.0,"key":"Weak Potion"},{"floor":11.0,"key":"BlessingOfTheForge"},{"floor":12.0,"key":"Swift Potion"},{"floor":15.0,"key":"EntropicBrew"},{"floor":16.0,"key":"Dexterity Potion"},{"floor":19.0,"key":"SkillPotion"},{"floor":21.0,"key":"FearPotion"},{"floor":22.0,"key":"CultistPotion"},{"floor":32.0,"key":"Fire Potion"},{"floor":33.0,"key":"DistilledChaos"},{"floor":36.0,"key":"DuplicationPotion"},{"floor":36.0,"key":"FearPotion"},{"floor":36.0,"key":"SkillPotion"},{"floor":39.0,"key":"Regen Potion"},{"floor":40.0,"key":"ColorlessPotion"},{"floor":43,"key":"Strength Potion"},{"floor":47,"key":"Swift Potion"}],"is_trial":false,"path_per_floor":["R","M","?","E","$","M","T","R","E","R","M","M","M","$","M","B",null,"R","M","M","E","?","?","T","E","M","E","M","M","?","$","M","B",null,"R","?","R","M","M","E","T","?","E","R","M","M","M","?","M","B",null],"character_chosen":"SLIMEBOUND","items_purchased":["Slimebound:SpikyOuterGoop","Slimebound:SplitLeeching"],"campfire_rested":3,"item_purchase_floors":[5,5],"current_hp_per_floor":[66,65,65,30,43,44,44,44,37,37,43,55,61,66,66,55,66,66,66,53,46,46,30,30,35,41,35,42,36,36,58,54,58,66,66,59,66,66,66,57,57,57,66,76,61,73,57,57,55,76],"gold":459,"neow_bonus":"TEN_PERCENT_HP_BONUS","is_daily":false,"chose_seed":false,"campfire_upgraded":3,"win_rate":0.0,"timestamp":1608426282,"path_taken":["R","M","?","E","$","M","T","R","E","R","M","M","M","$","M","BOSS","R","M","?","E","?","?","T","E","M","E","M","M","?","$","M","BOSS","R","?","R","M","?","E","T","?","E","R","M","?","M","?","M","BOSS"],"items_purchased_type":["Card","Card"],"build_version":"2020-12-13","purchased_purges":1,"victory":true,"max_hp_per_floor":[66,66,66,66,66,66,66,66,66,66,66,66,66,66,66,66,66,66,66,66,66,66,66,66,66,66,66,66,66,66,66,66,66,66,66,66,66,66,66,66,66,66,66,76,76,76,76,76,76,76],"relic_stats":{"counters":[32,138],"Pantograph":21,"MealTicket":35,"Eternal Feather":0,"Necronomicon":[12],"Art of War":[7],"Letter Opener":[211],"Orichalcum":[42],"obtain_stats":[{"Potion Belt":36,"downfall:HeartBlessingRed":35,"downfall:HeartBlessingGreen":10,"Eternal Feather":40,"Letter Opener":25,"Orichalcum":27,"WarpedTongs":48,"Du-Vu Doll":24,"HornCleat":7,"downfall:HeartBlessingBlue":44,"Pantograph":43,"MealTicket":4,"Fusion Hammer":17,"Slimebound:AbsorbEndCombat":0,"Necronomicon":23,"Art of War":30,"Bottled Lightning":21,"Slimebound:AbsorbEndCombatUpgraded":34,"Toy Ornithopter":9},{"Potion Belt":23,"downfall:HeartBlessingRed":22,"downfall:HeartBlessingGreen":5,"Eternal Feather":26,"Letter Opener":15,"Orichalcum":17,"WarpedTongs":30,"Du-Vu Doll":14,"HornCleat":4,"downfall:HeartBlessingBlue":27,"Pantograph":27,"MealTicket":2,"Fusion Hammer":11,"Slimebound:AbsorbEndCombat":0,"Necronomicon":14,"Art of War":19,"Bottled Lightning":14,"Slimebound:AbsorbEndCombatUpgraded":22,"Toy Ornithopter":5},{"Potion Belt":94,"downfall:HeartBlessingRed":90,"downfall:HeartBlessingGreen":18,"Eternal Feather":109,"Letter Opener":61,"Orichalcum":68,"WarpedTongs":128,"Du-Vu Doll":56,"HornCleat":12,"downfall:HeartBlessingBlue":114,"Pantograph":114,"MealTicket":5,"Fusion Hammer":43,"Slimebound:AbsorbEndCombat":0,"Necronomicon":56,"Art of War":76,"Bottled Lightning":56,"Slimebound:AbsorbEndCombatUpgraded":90,"Toy Ornithopter":18}],"Toy Ornithopter":47,"WarpedTongs":[10]},"card_choices":[{"not_picked":["Slimebound:RollThrough","Slimebound:SamplingLick"],"picked":"Slimebound:ComboTackle","floor":2.0},{"not_picked":["Slimebound:SlimeBrawl","Slimebound:ViciousTackle"],"picked":"Slimebound:PressTheAttack","floor":4.0},{"not_picked":["Slimebound:SpikyOuterGoop","Slimebound:SplitLeeching"],"picked":"Slimebound:OozeBath","floor":5.0},{"not_picked":["Slimebound:ForwardTackle","Slimebound:ViciousTackle"],"picked":"Slimebound:Prepare","floor":6.0},{"not_picked":["Slimebound:SplitBruiser","Slimebound:ComboTackle"],"picked":"Slimebound:Repurpose","floor":9.0},{"not_picked":["Slimebound:RollThrough","Slimebound:SlimeSpikes"],"picked":"Slimebound:AcidTongue","floor":11.0},{"not_picked":["Slimebound:DisruptingSlam","Slimebound:LeechEnergy"],"picked":"Slimebound:SplitMire","floor":12.0},{"not_picked":["Slimebound:ViciousTackle","Slimebound:RollThrough"],"picked":"Slimebound:MegaLick","floor":13.0},{"not_picked":["Slimebound:Replication","Slimebound:SplitLeeching"],"picked":"Slimebound:MinionMaster","floor":14.0},{"not_picked":["Slimebound:SplitLeeching","Slimebound:FlameTackle","Slimebound:ViciousTackle"],"picked":"SKIP","floor":15.0},{"not_picked":["Slimebound:SelfFormingGoo","Slimebound:OozeBath"],"picked":"Slimebound:Overexert","floor":16.0},{"not_picked":["Slimebound:Schlurp","Slimebound:SlimeSpikes+1"],"picked":"Slimebound:Repurpose","floor":19.0},{"not_picked":["Slimebound:FirmFortitude","Slimebound:SplitLeeching","Slimebound:SplitMire"],"picked":"SKIP","floor":20.0},{"not_picked":["Slimebound:Schlurp","Slimebound:ItLooksTasty","Slimebound:FinishingTackle"],"picked":"SKIP","floor":21.0},{"not_picked":["Slimebound:SamplingLick","Slimebound:GoopSpray","Slimebound:PressTheAttack"],"picked":"SKIP","floor":25.0},{"not_picked":["Slimebound:RollThrough","Slimebound:SplitLeeching+1","Slimebound:Schlurp"],"picked":"SKIP","floor":26.0},{"not_picked":["Slimebound:RollThrough","Slimebound:SplitLeeching+1","Slimebound:Schlurp"],"picked":"SKIP","floor":26.0},{"not_picked":["Slimebound:RollThrough","Slimebound:SplitLeeching+1","Slimebound:Schlurp"],"picked":"SKIP","floor":26.0},{"not_picked":["Slimebound:Schlurp+1","Slimebound:ForwardTackle+1"],"picked":"Slimebound:SpikyOuterGoop","floor":27.0},{"not_picked":["Slimebound:FinishingTackle+1","Slimebound:ProtectTheBoss+1","Slimebound:SplitAcid"],"picked":"SKIP","floor":28.0},{"not_picked":["Slimebound:FormOfPuddle+1","Slimebound:FlameTackle+1"],"picked":"Slimebound:SelfFormingGoo","floor":29.0},{"not_picked":["Slimebound:LeechEnergy","Slimebound:FinishingTackle+1","Slimebound:SplitBruiser"],"picked":"SKIP","floor":31.0},{"not_picked":["Slimebound:SplitMire","Slimebound:FinishingTackle","Slimebound:Replication"],"picked":"SKIP","floor":32.0},{"not_picked":["Slimebound:Overexert","Slimebound:OozeBath"],"picked":"Slimebound:OneTwoCombo","floor":33.0},{"not_picked":["Slimebound:MegaLick","Slimebound:LeechingTouch"],"picked":"Slimebound:Equalize+1","floor":36.0},{"not_picked":["Slimebound:ComboTackle+1","Slimebound:RollThrough"],"picked":"Slimebound:LeadByExample+1","floor":38.0},{"not_picked":["Slimebound:LeechEnergy+1","Slimebound:GoopSpray+1"],"picked":"Slimebound:SplitLeeching+1","floor":39.0},{"not_picked":["Slimebound:ViciousTackle+1","Slimebound:FinishingTackle","Slimebound:GrowthPunch"],"picked":"SKIP","floor":40.0},{"not_picked":["Slimebound:ItLooksTasty+1","Slimebound:FormOfPuddle+1","Slimebound:ViciousTackle+1"],"picked":"SKIP","floor":43},{"not_picked":["Slimebound:Dissolve","Slimebound:FlameTackle+1"],"picked":"Slimebound:SlimeBarrage+1","floor":45},{"not_picked":["Slimebound:DouseInSlime","Slimebound:LeechEnergy","Slimebound:LeechingTouch+1"],"picked":"SKIP","floor":46},{"not_picked":["Slimebound:DisruptingSlam+1","Slimebound:SlimeSpikes+1"],"picked":"Slimebound:ComboTackle+1","floor":47},{"not_picked":["Slimebound:SamplingLick","Slimebound:ProtectTheBoss+1","Slimebound:RollThrough+1"],"picked":"SKIP","floor":49}],"player_experience":382361,"relics_obtained":[{"floor":4.0,"key":"MealTicket"},{"floor":7.0,"key":"HornCleat"},{"floor":9.0,"key":"Toy Ornithopter"},{"floor":21.0,"key":"Bottled Lightning"},{"floor":23.0,"key":"Necronomicon"},{"floor":24.0,"key":"Du-Vu Doll"},{"floor":25.0,"key":"Letter Opener"},{"floor":27.0,"key":"Orichalcum"},{"floor":36.0,"key":"Potion Belt"},{"floor":40.0,"key":"Eternal Feather"},{"floor":43,"key":"Pantograph"}],"event_choices":[{"cards_removed":["Slimebound:Strike_Slimebound"],"damage_healed":0.0,"max_hp_gain":0.0,"max_hp_loss":0.0,"gold_gain":0.0,"event_name":"Bonfire Elementals","player_choice":"Offered Basic","floor":3.0,"gold_loss":0.0,"damage_taken":0.0},{"damage_healed":0.0,"max_hp_gain":0.0,"max_hp_loss":0.0,"gold_gain":0.0,"event_name":"Addict","player_choice":"Stole Relic","floor":30.0,"gold_loss":0.0,"damage_taken":0.0,"relics_obtained":["Art of War"],"cards_obtained":["Shame"]},{"damage_healed":0.0,"max_hp_gain":0.0,"max_hp_loss":0.0,"gold_gain":0.0,"cards_transformed":["Slimebound:Strike_Slimebound"],"event_name":"Transmorgrifier","player_choice":"Transformed","floor":42.0,"gold_loss":0.0,"damage_taken":0.0,"cards_obtained":["Slimebound:Overexert"]},{"damage_healed":0,"gold_gain":0,"player_choice":"Rummage","damage_taken":0,"relics_obtained":["WarpedTongs"],"max_hp_gain":0,"max_hp_loss":0,"event_name":"Accursed Blacksmith","floor":48,"gold_loss":0,"cards_obtained":["Pain"]}],"is_beta":false,"boss_relics":[{"not_picked":["Runic Dome","Black Star"],"picked":"Fusion Hammer"},{"not_picked":["Snecko Eye","Astrolabe"],"picked":"Slimebound:AbsorbEndCombatUpgraded"}],"items_purged_floors":[31],"is_endless":false,"potions_floor_spawned":[4,11,12,15,16,19,21,25,32,33,39,40,43,47],"ascension_level":0}}