{"host":"njruw0b0uprlitpx","time":1608472762,"event":{"mods":["2.2 Compatiblity","Astrologer","BaseMod","Better Altar","Better Note","Better Sensory Stone","Better Skull","Better Third Choice","BetterRewards","Block Reminder","Colored Map","Colored Powertips","Hermit","Jedi Mod","Keyboard Shortcuts","Minty Spire (QoL Compilation)","Quick Restart","Relic Stats","Replay The Spire","SacredBarkPlus","Spicy Shops","StSLib","SuperFastMode","The Blackbeard","The Bug Knight","The Construct","The Evolution","The Forsaken","The Mystic","The Problem Sleuth","The Runesmith","The Spell Scribe","Wandering Minibosses"],"gold_per_floor":[115,129,146,8,8,8,8,8,8,61,61,87,87,100,100,198,198,218,24,24,34,34,63,63,91,118,118,6,36,55,30,30,129,129,148,148,1147,1161,632,632,662,662,662,679,526,544,544,42,42,42],"floor_reached":51,"playtime":9202,"items_purged":["Doubt","theScribe:StarterDefend","theScribe:StarterAttack","theScribe:StarterDefend","Normality","Normality","theScribe:StarterDefend"],"score":1175,"play_id":"c54d3390-6857-460f-9470-e80c875b5dc2","local_time":"20201220075922","is_ascension_mode":true,"campfire_choices":[{"data":"theScribe:BlankScroll","floor":6,"key":"SMITH"},{"data":"theScribe:Thunder","floor":8,"key":"SMITH"},{"data":"theScribe:WeirdToxin","floor":11,"key":"SMITH"},{"floor":15,"key":"REST"},{"data":"theScribe:Overexert","floor":24,"key":"SMITH"},{"data":"theScribe:Escalation","floor":27,"key":"SMITH"},{"floor":32,"key":"REST"},{"data":"theScribe:StarterAttack","floor":40,"key":"PURGE"},{"data":"theScribe:Overexert","floor":47,"key":"SMITH"},{"data":"construct:SiegeForm","floor":49,"key":"SMITH"}],"circlet_count":0,"master_deck":["theScribe:LightningStrike","theScribe:LightningStrike","theScribe:IcyDefend","theScribe:IcyDefend","theScribe:StarterModifier+1","theScribe:WordsOfPower+1","theScribe:LightningBolt+1","theScribe:Insight+1","theScribe:EnchantedStrike","theScribe:Thunder+1","theScribe:WeirdToxin+1","theScribe:BlankScroll+1","theScribe:FalseLife+1","theScribe:Thwack","theScribe:Escalation+1","theScribe:TimeDilation+1","AbeCurse","theScribe:ToxicSpellstone","theScribe:Overexert+1","theScribe:Insight+1","construct:SiegeForm+1","theScribe:CatalyticCatastrophe","theScribe:QuickStudy","theScribe:ArcaneArcing","theScribe:FrostvenomToxin","theScribe:Overexert+1","theScribe:StaticCage","theScribe:WeirdToxin","Parasite","theScribe:BlankScroll+1","theScribe:FrostvenomToxin","theScribe:LightningBlade","Mayhem","theScribe:FrostvenomToxin","theScribe:FocusedBolt","Sadistic Nature","Trip","theScribe:WeirdToxin"],"relics":["theScribe:StarterRelic1","Membership Card","Iron Hammer","Peace Pipe","Potion Belt","Cauldron","Thread and Needle","Singing Bowl","Oddly Smooth Stone","Shuriken","Abe\u0027s Treasure","Orrery","ReplayTheSpireMod:TigerMarble","Simple Rune","theForsaken:Lifeblossom","Red Mask","Cursed Key","Lee\u0027s Waffle","jedi:shrinkray","Nunchaku","Gambling Chip","theForsaken:ScaryMask","Sundial","BargainBundle","Anchor","HollowMod:JonisBlessing","Gremlin Food","Mummified Hand","Onion Ring","Strange Spoon"],"acts_visited":["Exordium","TheCity","TheBeyond"],"potions_floor_usage":[12,16,18,21,25,33,33,33,33,38,50,50,50,50,50],"damage_taken":[{"damage":0,"enemies":"Cultist","floor":1,"turns":2},{"damage":0,"enemies":"2 Louse","floor":2,"turns":2},{"damage":0,"enemies":"Small Slimes","floor":3,"turns":2},{"damage":5,"enemies":"3 Sentries","floor":12,"turns":2},{"damage":2,"enemies":"2 Fungi Beasts","floor":14,"turns":2},{"damage":15,"enemies":"Slime Boss","floor":16,"turns":5},{"damage":9,"enemies":"2 Thieves","floor":18,"turns":2},{"damage":1,"enemies":"Shell Parasite","floor":21,"turns":4},{"damage":0,"enemies":"Gremlin Leader","floor":23,"turns":4},{"damage":0,"enemies":"Slavers","floor":25,"turns":2},{"damage":18,"enemies":"Masked Bandits","floor":29,"turns":3},{"damage":0,"enemies":"Snecko","floor":30,"turns":2},{"damage":10,"enemies":"Automaton","floor":33,"turns":4},{"damage":0,"enemies":"Orb Walker","floor":35,"turns":3},{"damage":28,"enemies":"3 Darklings","floor":38,"turns":4},{"damage":2,"enemies":"Reptomancer","floor":41,"turns":3},{"damage":0,"enemies":"Writhing Mass","floor":44,"turns":2},{"damage":0,"enemies":"Maw","floor":46,"turns":2},{"damage":1,"enemies":"Time Eater","floor":50,"turns":4}],"seed_played":"3208081006571489980","potions_obtained":[{"floor":0,"key":"Weak Potion"},{"floor":0,"key":"DistilledChaos"},{"floor":0,"key":"PowerPotion"},{"floor":0,"key":"Venom Potion"},{"floor":0,"key":"GamblersBrew"},{"floor":2,"key":"Explosive Potion"},{"floor":25,"key":"LiquidBronze"},{"floor":29,"key":"jedi:tentaclejuice"},{"floor":33,"key":"SteroidPotion"},{"floor":35,"key":"Fire Potion"},{"floor":41,"key":"Ancient Potion"},{"floor":44,"key":"PowerPotion"}],"is_trial":false,"path_per_floor":["M","M","M","$","?","R","?","R","T","T","R","E","?","M","R","B",null,"M","$","?","M","?","E","R","E","T","R","$","?","M","$","R","B",null,"M","?","?","M","$","R","E","?","T","M","$","M","R","$","R","B",null],"character_chosen":"THE_SCRIBE","items_purchased":["Membership Card","theScribe:WordsOfPower","Iron Hammer","Potion Belt","Cauldron","theScribe:LightningBolt","theScribe:Insight+1","theScribe:EnchantedStrike","Thread and Needle","theScribe:FalseLife+1","theScribe:Thwack","Orrery","DistilledChaos","theScribe:QuickStudy","PowerPotion","Lee\u0027s Waffle","PowerPotion","theScribe:StaticCage","jedi:shrinkray","Nunchaku","Gambling Chip","Swift Potion","BargainBundle","Anchor","HollowMod:JonisBlessing","Gremlin Food","Mummified Hand","Onion Ring","theScribe:FrostvenomToxin","theScribe:LightningBlade","jedi:mysterypotion","LifebloodPotion","Mayhem","theScribe:FocusedBolt","Strange Spoon","Sadistic Nature","Trip","Venom Potion","theScribe:WeirdToxin"],"campfire_rested":2,"item_purchase_floors":[0,0,0,0,0,0,0,0,0,4,4,19,19,28,31,39,39,39,39,39,39,39,45,45,45,45,45,45,45,45,45,45,45,48,48,48,48,48,48],"current_hp_per_floor":[75,75,75,75,60,60,60,60,60,60,60,55,55,55,77,62,77,68,72,72,73,73,73,73,75,75,75,75,62,65,65,85,75,85,87,87,87,64,96,96,96,81,81,84,84,84,84,84,84,83],"gold":42,"neow_bonus":"","is_daily":false,"chose_seed":false,"campfire_upgraded":7,"win_rate":0.0,"timestamp":1608472762,"path_taken":["M","?","?","$","?","R","?","R","T","?","R","E","?","?","R","BOSS","M","$","?","M","?","E","R","E","T","R","?","?","?","$","R","BOSS","M","?","?","M","?","R","E","?","T","M","$","?","R","$","R","BOSS"],"items_purchased_type":["Relic","Card","Relic","Relic","Relic","Card","Card","Card","Relic","Card","Card","Relic","Potion","Card","Potion","Relic","Potion","Card","Relic","Relic","Relic","Potion","Relic","Relic","Relic","Relic","Relic","Relic","Card","Card","Potion","Potion","Card","Card","Relic","Card","Card","Potion","Card"],"build_version":"2020-12-13","purchased_purges":7,"victory":true,"max_hp_per_floor":[75,75,75,75,75,75,75,75,75,75,75,75,75,77,77,77,77,77,81,81,83,83,83,83,85,85,85,85,85,85,85,85,85,85,87,87,87,89,96,96,96,96,96,96,96,96,96,96,96,96],"relic_stats":{"Peace Pipe":2,"Strange Spoon":[8],"Lee\u0027s Waffle":32,"Nunchaku":[3],"Singing Bowl":14,"counters":[96,395],"Shuriken":[22],"Sundial":[0],"Mummified Hand":[46],"Gambling Chip":[3],"Cursed Key":3,"obtain_stats":[{"Golden Egg":0,"Mark of the Bloom":47,"CeramicFish":0,"Vajra":9,"jedi:command_rare":46,"wanderingMiniBosses:OtherGremlinHorn":21,"jedi:bottledfury":23,"theScribe:StormScale":0,"jedi:shrinkray":39,"Sundial":43,"Philosopher\u0027s Stone":17,"Iron Hammer":0,"HollowMod:PaleOreRelic":28,"Replay:Bottled Steam":8,"ReplayTheSpireMod:CursedCoin":11,"Oddly Smooth Stone":0,"HollowMod:JonisBlessing":45,"theSleuth:BowenStilsonDogg":9,"theSleuth:Typewriter":0,"Akabeko":25,"potionbrewer:Torch":11,"jedi:heavyjacket":28,"Replay:Baseball":9,"ReplayTheSpireMod:Shallot":5,"Shuriken":12,"Simple Rune":25,"Onion Ring":45,"ReplayTheSpireMod:TigerMarble":43,"Abe\u0027s Treasure":17,"theScribe:StarterRelic1":0,"ReplayFunnel":30,"Lantern":14,"aspiration:Lifesprig":26,"theForsaken:ScaryMask":41,"Snecko Heart":17,"Torii":33,"Singing Bowl":9,"Angel_Ring":45,"Painkiller Herb":17,"mysticmod:SpellBook":46,"theForsaken:Lifeblossom":26,"CloakClasp":46,"Cursed Key":34,"theSleuth:JesterOfEncumbrance":31,"Dream Catcher":29,"Nunchaku":3,"Replay:Bandana":40,"Shovel":9,"Mummified Hand":12,"Gambling Chip":0,"Red Mask":27,"Chemical X":36,"wanderingMiniBosses:LockLocket":45,"Runic Pyramid":34,"Gremlin Food":24,"energizedSpire:RedRose":36,"Potion Belt":0,"BargainBundle":0,"Lee\u0027s Waffle":39,"ReplayTheSpireMod:Ninjato":0,"Replay:Towering Pillar of Hats":0,"Golden Idol":5,"Thread and Needle":0,"PreservedInsect":26,"Odd Mushroom":7,"Orichalcum":43,"Replay:Arrowhead":26,"White Beast Statue":11,"Peace Pipe":0,"Cauldron":0,"Strange Spoon":48,"Anchor":45,"potionbrewer:BoosterPack":10,"jedi:ominousloannote":28,"Orrery":28,"Art of War":7,"Bottled Lightning":25,"Membership Card":0,"ReplayTheSpireMod:Ring of Challenge":2,"ReplayTheSpireMod:Lightbulb":26},{"Golden Egg":51,"Mark of the Bloom":75,"CeramicFish":19,"Vajra":22,"jedi:command_rare":48,"wanderingMiniBosses:OtherGremlinHorn":36,"jedi:bottledfury":64,"theScribe:StormScale":51,"jedi:shrinkray":92,"Sundial":93,"Philosopher\u0027s Stone":61,"Iron Hammer":77,"HollowMod:PaleOreRelic":10,"Replay:Bottled Steam":28,"ReplayTheSpireMod:CursedCoin":29,"Oddly Smooth Stone":51,"HollowMod:JonisBlessing":94,"theSleuth:BowenStilsonDogg":3,"theSleuth:Typewriter":0,"Akabeko":65,"potionbrewer:Torch":4,"jedi:heavyjacket":66,"Replay:Baseball":56,"ReplayTheSpireMod:Shallot":26,"Shuriken":81,"Simple Rune":87,"Onion Ring":94,"ReplayTheSpireMod:TigerMarble":47,"Abe\u0027s Treasure":83,"theScribe:StarterRelic1":0,"ReplayFunnel":41,"Lantern":6,"aspiration:Lifesprig":9,"theForsaken:ScaryMask":93,"Snecko Heart":7,"Torii":14,"Singing Bowl":80,"Angel_Ring":17,"Painkiller Herb":32,"mysticmod:SpellBook":48,"theForsaken:Lifeblossom":87,"CloakClasp":48,"Cursed Key":69,"theSleuth:JesterOfEncumbrance":12,"Dream Catcher":11,"Nunchaku":20,"Replay:Bandana":46,"Shovel":28,"Mummified Hand":58,"Gambling Chip":19,"Red Mask":10,"Chemical X":44,"wanderingMiniBosses:LockLocket":75,"Runic Pyramid":43,"Gremlin Food":9,"energizedSpire:RedRose":15,"Potion Belt":77,"BargainBundle":51,"Lee\u0027s Waffle":92,"ReplayTheSpireMod:Ninjato":19,"Replay:Towering Pillar of Hats":25,"Golden Idol":1,"Thread and Needle":77,"PreservedInsect":38,"Odd Mushroom":2,"Orichalcum":17,"Replay:Arrowhead":9,"White Beast Statue":29,"Peace Pipe":77,"Cauldron":77,"Strange Spoon":95,"Anchor":94,"potionbrewer:BoosterPack":3,"jedi:ominousloannote":66,"Orrery":66,"Art of War":55,"Bottled Lightning":38,"Membership Card":77,"ReplayTheSpireMod:Ring of Challenge":20,"ReplayTheSpireMod:Lightbulb":65},{"Golden Egg":246,"Mark of the Bloom":329,"CeramicFish":119,"Vajra":127,"jedi:command_rare":233,"wanderingMiniBosses:OtherGremlinHorn":198,"jedi:bottledfury":286,"theScribe:StormScale":246,"jedi:shrinkray":384,"Sundial":387,"Philosopher\u0027s Stone":276,"Iron Hammer":341,"HollowMod:PaleOreRelic":63,"Replay:Bottled Steam":164,"ReplayTheSpireMod:CursedCoin":166,"Oddly Smooth Stone":246,"HollowMod:JonisBlessing":389,"theSleuth:BowenStilsonDogg":14,"theSleuth:Typewriter":0,"Akabeko":289,"potionbrewer:Torch":21,"jedi:heavyjacket":293,"Replay:Baseball":258,"ReplayTheSpireMod:Shallot":153,"Shuriken":349,"Simple Rune":368,"Onion Ring":389,"ReplayTheSpireMod:TigerMarble":230,"Abe\u0027s Treasure":356,"theScribe:StarterRelic1":0,"ReplayFunnel":212,"Lantern":34,"aspiration:Lifesprig":58,"theForsaken:ScaryMask":387,"Snecko Heart":44,"Torii":80,"Singing Bowl":347,"Angel_Ring":99,"Painkiller Herb":181,"mysticmod:SpellBook":233,"theForsaken:Lifeblossom":368,"CloakClasp":233,"Cursed Key":303,"theSleuth:JesterOfEncumbrance":73,"Dream Catcher":69,"Nunchaku":121,"Replay:Bandana":228,"Shovel":164,"Mummified Hand":265,"Gambling Chip":119,"Red Mask":63,"Chemical X":221,"wanderingMiniBosses:LockLocket":329,"Runic Pyramid":218,"Gremlin Food":58,"energizedSpire:RedRose":91,"Potion Belt":341,"BargainBundle":246,"Lee\u0027s Waffle":384,"ReplayTheSpireMod:Ninjato":119,"Replay:Towering Pillar of Hats":151,"Golden Idol":2,"Thread and Needle":341,"PreservedInsect":204,"Odd Mushroom":9,"Orichalcum":99,"Replay:Arrowhead":58,"White Beast Statue":166,"Peace Pipe":341,"Cauldron":341,"Strange Spoon":391,"Anchor":389,"potionbrewer:BoosterPack":14,"jedi:ominousloannote":293,"Orrery":293,"Art of War":256,"Bottled Lightning":204,"Membership Card":341,"ReplayTheSpireMod:Ring of Challenge":121,"ReplayTheSpireMod:Lightbulb":289}]},"card_choices":[{"not_picked":["theScribe:FranticSearch","theScribe:AmplifyingSpellstone"],"picked":"theScribe:Thunder","floor":1},{"not_picked":["theScribe:PriceOfKnowledge","theScribe:FrostvenomToxin"],"picked":"theScribe:WeirdToxin","floor":2},{"not_picked":["theScribe:MagicMissiles","theScribe:ThrownScroll"],"picked":"theScribe:BlankScroll","floor":3},{"not_picked":["theScribe:ThrownScroll","theScribe:FalseLife"],"picked":"theScribe:Escalation","floor":12},{"not_picked":["theScribe:MirrorImage","theScribe:ToxicSpellstone","theScribe:Overcharge"],"picked":"Singing Bowl","floor":14},{"not_picked":["theScribe:Ghost_Realm","theScribe:ScriptedStarfall"],"picked":"theScribe:TimeDilation","floor":16},{"not_picked":["theScribe:LiquidumScroll","theScribe:EnchantedStrike+1"],"picked":"theScribe:ToxicSpellstone","floor":18},{"not_picked":["theScribe:Incendio","theScribe:ArcaneBarrier","theScribe:TelumSpellstone+1"],"picked":"Singing Bowl","floor":19},{"not_picked":["theScribe:FalseLife+1","theScribe:ArcaneArcing"],"picked":"theScribe:PiercingBolts","floor":19},{"not_picked":["theScribe:BluntWeapons","theScribe:GlaciesSpellstone"],"picked":"theScribe:Overexert","floor":19},{"not_picked":["theScribe:ArcaneBarrier","theScribe:WeirdBlast+1","theScribe:Frost"],"picked":"Singing Bowl","floor":19},{"not_picked":["theScribe:BluntWeapons+1","theScribe:Frost"],"picked":"theScribe:Insight+1","floor":19},{"not_picked":["theScribe:TelumSpellstone+1","theScribe:GlaciesSpellstone","theScribe:ThrownScroll"],"picked":"Singing Bowl","floor":21},{"not_picked":["theScribe:MirrorImage","theScribe:PriceOfKnowledge"],"picked":"theScribe:CatalyticCatastrophe","floor":23},{"not_picked":["theScribe:TelumSpellstone","theScribe:Frost","theScribe:FocusingBlow"],"picked":"Singing Bowl","floor":25},{"not_picked":["theScribe:TelumSpellstone","theScribe:WeirdToxin"],"picked":"theScribe:ArcaneArcing","floor":29},{"not_picked":["theScribe:MagicMissiles","theScribe:MirrorImage"],"picked":"theScribe:FrostvenomToxin","floor":30},{"not_picked":["theScribe:AbsoluteZero","theScribe:TimeDilation"],"picked":"theScribe:Overexert","floor":33},{"not_picked":["theScribe:Thunder+1","theScribe:GatherComponents","theScribe:InvigoratingStrike"],"picked":"Singing Bowl","floor":35},{"not_picked":["theScribe:RecklessResponse","theScribe:Incendio+1","theScribe:SanguineSurge+1"],"picked":"Singing Bowl","floor":38},{"not_picked":["theScribe:InvigoratingStrike+1","theScribe:LightningBolt"],"picked":"theScribe:WeirdToxin","floor":41},{"not_picked":["theScribe:QuickStudy","theScribe:GatherComponents"],"picked":"theScribe:BlankScroll+1","floor":44},{"not_picked":["theScribe:FocusingBlow","theScribe:Frost"],"picked":"theScribe:FrostvenomToxin","floor":46}],"player_experience":1832845,"relics_obtained":[{"floor":9,"key":"Singing Bowl"},{"floor":10,"key":"Oddly Smooth Stone"},{"floor":12,"key":"Shuriken"},{"floor":23,"key":"ReplayTheSpireMod:TigerMarble"},{"floor":25,"key":"Simple Rune"},{"floor":26,"key":"theForsaken:Lifeblossom"},{"floor":29,"key":"Red Mask"},{"floor":41,"key":"theForsaken:ScaryMask"},{"floor":43,"key":"Sundial"}],"event_choices":[{"damage_healed":75,"gold_gain":0,"player_choice":"Upgrade","damage_taken":15,"max_hp_gain":0,"max_hp_loss":75,"event_name":"betterThird:BetterShining","floor":5,"gold_loss":0,"cards_upgraded":["theScribe:IcyDefend","theScribe:LightningBolt"]},{"damage_healed":0,"gold_gain":0,"player_choice":"Grow","damage_taken":0,"max_hp_gain":0,"max_hp_loss":0,"event_name":"Living Wall","floor":7,"gold_loss":0,"cards_upgraded":["theScribe:WordsOfPower"]},{"cards_removed":["theScribe:TimeDilation"],"damage_healed":0,"gold_gain":0,"player_choice":"Take \u0026 Give","damage_taken":0,"max_hp_gain":0,"max_hp_loss":0,"event_name":"betterNote:BetterNote","floor":20,"gold_loss":0,"cards_obtained":["construct:SiegeForm"]},{"damage_healed":0,"gold_gain":0,"player_choice":"Ignored","damage_taken":0,"max_hp_gain":0,"max_hp_loss":0,"event_name":"Ghosts","floor":22,"gold_loss":0},{"damage_healed":0,"gold_gain":0,"player_choice":"Fought Bandits","damage_taken":0,"max_hp_gain":0,"max_hp_loss":0,"event_name":"Masked Bandits","floor":29,"gold_loss":0},{"cards_removed":["theScribe:PiercingBolts"],"damage_healed":0,"gold_gain":0,"player_choice":"Removed Attack","damage_taken":0,"max_hp_gain":0,"max_hp_loss":0,"event_name":"Falling","floor":36,"gold_loss":0},{"damage_healed":0,"gold_gain":999,"player_choice":"Gold","damage_taken":0,"max_hp_gain":0,"max_hp_loss":0,"event_name":"MindBloom","floor":37,"gold_loss":0,"cards_obtained":["Normality","Normality"]},{"damage_healed":0,"gold_gain":0,"player_choice":"UP ","damage_taken":17,"relics_obtained":[],"max_hp_gain":0,"max_hp_loss":0,"event_name":"betterSkull:BetterSkull","floor":42,"gold_loss":0,"cards_upgraded":["theScribe:TimeDilation"]}],"is_beta":false,"boss_relics":[{"not_picked":["ReplayTheSpireMod:DimensionalGlitch","ChewingGum"],"picked":"Abe\u0027s Treasure"},{"not_picked":["Black Star","Tiny House"],"picked":"Cursed Key"}],"items_purged_floors":[0,4,19,28,39,45,48],"is_endless":false,"potions_floor_spawned":[2,25,29,33,35,41,44],"ascension_level":2}}