{"host":"084p4jjw1dsfu79x","time":1608442825,"event":{"mods":["BaseMod","Better Third Choice","Colored Map","Downfall","GifTheSpireLib","Hermit","Hubris","Infinite Spire","Jorbs\u0027s Wanderer Trilogy","Marisa????????","Minty Spire (QoL Compilation)","Potionbrewer","Rare Cards Sparkle","Replay The Spire","Robot Space Explorer","Shade Mod","StSLib","The Blue Laboratory","The Construct","The Cursed","The Death Knight","The Poker Player","TheFirefly"],"gold_per_floor":[13,30,30,48,48,48,73,73,96,116,116,148,19,37,37,142,142,159,159,188,206,57,57,57,57,82,82,102,114,114,148,148,245,245,262,276,26,26,43,43,76,76,100,100,100],"floor_reached":44,"playtime":1823,"items_purged":["Pain","Shade:ExtraLimbs","Shade:Defend_Shade","Shade:Defend_Shade"],"score":514,"play_id":"ce94c5a3-dd60-4432-9830-0563042b2343","local_time":"20201219214025","is_ascension_mode":false,"campfire_choices":[{"data":"Shade:SpectralStrikes","floor":6,"key":"SMITH"},{"floor":8,"key":"REST"},{"floor":11,"key":"REST"},{"floor":15,"key":"REST"},{"data":"Shade:WallOfFlesh","floor":23,"key":"SMITH"},{"floor":27,"key":"REST"},{"data":"Shade:GraveStillness","floor":30,"key":"SMITH"},{"floor":32,"key":"REST"},{"floor":40,"key":"REST"}],"circlet_count":0,"master_deck":["Shade:Strike_Shade","Shade:Strike_Shade","Shade:Strike_Shade","Shade:Strike_Shade","Shade:AnimateDead","Shade:CarefulCut","Shade:SpectralStrikes+1","Shade:PoundOfFlesh","Shade:ScuttlingHand","Shade:FreshBones+1","Shade:WallOfFlesh+1","Shade:FreshBones+1","Shade:LichForm+1","Shade:SkeletonHug+1","Shade:CommandSoldier","Shade:GraveStillness+1","infinitespire:Collect","Decay","Shade:FreshBones+1","Shade:LichForm","Shade:SensePrey","Shade:StitchTogether","Shade:GraveStillness"],"relics":["Shade:YorickPolishedSkull","WarpedTongs","ReplayFunnel","Akabeko","hubris:CrystalStatue","hubris:RunicObelisk","Red Mask","Pantograph","infinitespire:Satchel","Boot"],"acts_visited":["Exordium","TheCity","TheBeyond"],"potions_floor_usage":[7,10,14,20,28,29,41,41,41],"damage_taken":[{"damage":0,"enemies":"2 Louse","floor":1,"turns":3},{"damage":0,"enemies":"Cultist","floor":2,"turns":3},{"damage":1,"enemies":"Small Slimes","floor":4,"turns":4},{"damage":25,"enemies":"Lagavulin","floor":7,"turns":5},{"damage":14,"enemies":"3 Louse","floor":10,"turns":4},{"damage":15,"enemies":"3 Sentries","floor":12,"turns":6},{"damage":0,"enemies":"Red Slaver","floor":14,"turns":2},{"damage":0,"enemies":"Slime Boss","floor":16,"turns":6},{"damage":0,"enemies":"Spheric Guardian","floor":18,"turns":3},{"damage":0,"enemies":"Masked Bandits","floor":20,"turns":2},{"damage":5,"enemies":"Shell Parasite","floor":21,"turns":3},{"damage":0,"enemies":"Snake Plant","floor":28,"turns":3},{"damage":0,"enemies":"3 Cultists","floor":29,"turns":4},{"damage":35,"enemies":"Slavers","floor":31,"turns":4},{"damage":43,"enemies":"hubris:MusketHawk","floor":33,"turns":5},{"damage":20,"enemies":"Orb Walker","floor":35,"turns":3},{"damage":0,"enemies":"3 Shapes","floor":36,"turns":3},{"damage":18,"enemies":"Maw","floor":39,"turns":5},{"damage":41,"enemies":"Reptomancer","floor":41,"turns":4},{"damage":23,"enemies":"Transient","floor":44,"turns":4}],"seed_played":"6277819682892898822","potions_obtained":[{"floor":4,"key":"blueLaboratory:RememoryPotion"},{"floor":7,"key":"Weak Potion"},{"floor":12,"key":"SkillPotion"},{"floor":18,"key":"AttackPotion"},{"floor":20,"key":"LiquidMemories"},{"floor":28,"key":"infinitespire:BlackPotion"},{"floor":31,"key":"Elixir"},{"floor":36,"key":"SteroidPotion"},{"floor":39,"key":"ColorlessPotion"}],"is_trial":false,"path_per_floor":["M","M","?","M","?","R","E","R","T","M","R","E","$","M","R","B",null,"M","?","?","M","$","R","AVR","?","T","R","M","M","R","E","R","B",null,"M","M","$","?","M","R","E","?","T","M"],"character_chosen":"SHADE","items_purchased":["Shade:WallOfFlesh","Shade:GraveStillness","Shade:StitchTogether","Shade:GraveStillness"],"campfire_rested":6,"item_purchase_floors":[13,22,37,37],"current_hp_per_floor":[65,65,65,64,64,64,39,58,58,44,63,48,48,48,65,65,65,65,46,46,41,41,41,41,41,41,60,60,60,60,25,44,22,65,45,45,45,45,37,56,22,22,22,0,0],"gold":100,"neow_bonus":"RANDOM_COLORLESS_2","is_daily":false,"chose_seed":false,"campfire_upgraded":3,"win_rate":0.0,"timestamp":1608442825,"path_taken":["M","M","?","M","?","R","E","R","T","M","R","E","$","M","R","BOSS","M","?","?","M","$","R","AVR","?","T","R","M","M","R","E","R","BOSS","M","M","$","?","?","R","E","?","T","M"],"items_purchased_type":["Card","Card","Card","Card"],"build_version":"2020-12-13","purchased_purges":4,"victory":false,"max_hp_per_floor":[65,65,65,65,65,65,65,65,65,65,65,65,65,65,65,65,65,65,65,65,65,65,65,65,65,65,65,65,65,65,65,65,65,65,65,65,65,65,65,65,65,65,65,65,65],"card_choices":[{"not_picked":["Shade:SanguineRitual","Shade:SoulToxin"],"picked":"Shade:ExtraLimbs","floor":1},{"not_picked":["Shade:SkeletonHug","Shade:LyeBath","Shade:FingerOfDeath"],"picked":"SKIP","floor":2},{"not_picked":["Shade:SkeletonArmy","Shade:GraveStillness"],"picked":"Shade:SpectralStrikes","floor":4},{"not_picked":["Shade:SoulToxin","Shade:AncientSpear"],"picked":"Shade:PoundOfFlesh","floor":7},{"not_picked":["Shade:DangerousRitual","Shade:Haruspicy"],"picked":"Shade:ScuttlingHand","floor":10},{"not_picked":["Shade:Bonestorm","Shade:RavenousHorde"],"picked":"Shade:FreshBones","floor":12},{"not_picked":["Shade:ExtraLimbs","Shade:GoDigging"],"picked":"Shade:FreshBones","floor":14},{"not_picked":["Shade:LastGasp","Shade:Putrefaction"],"picked":"Shade:LichForm","floor":16},{"not_picked":["Shade:Premonition","Shade:GraveStillness"],"picked":"Shade:SkeletonHug+1","floor":18},{"not_picked":["Shade:FleshLikeOak","Shade:Awaken+1"],"picked":"Shade:CommandSoldier","floor":21},{"not_picked":["Shade:Carnophage","Shade:SanguineRitual","Shade:CloudOfShrapnel+1"],"picked":"SKIP","floor":28},{"not_picked":["Shade:GreyBargain+1","Shade:SoulPierce","Shade:SkeletonHug+1"],"picked":"SKIP","floor":29},{"not_picked":["Shade:CloudOfShrapnel","Shade:GreyBargain"],"picked":"Shade:FreshBones+1","floor":31},{"not_picked":["Shade:DarkOfNight","Shade:LastGasp"],"picked":"Shade:LichForm","floor":33},{"not_picked":["Shade:FingerOfDeath+1","Shade:SkeletonHug","Shade:AncientSpear+1"],"picked":"SKIP","floor":35},{"not_picked":["Shade:Brains","Shade:FingerOfDeath"],"picked":"Shade:SensePrey","floor":36},{"not_picked":["Shade:FeralStrike","Shade:LyeBath+1","Shade:Frenzy"],"picked":"SKIP","floor":39},{"not_picked":["Shade:BoneShards+1","Shade:CloudOfShrapnel","Shade:Asphyxiate"],"picked":"SKIP","floor":41}],"player_experience":486233,"relics_obtained":[{"floor":7,"key":"ReplayFunnel"},{"floor":9,"key":"Akabeko"},{"floor":12,"key":"hubris:CrystalStatue"},{"floor":20,"key":"Red Mask"},{"floor":31,"key":"Pantograph"},{"floor":41,"key":"infinitespire:Satchel"},{"floor":43,"key":"Boot"}],"event_choices":[{"damage_healed":0,"gold_gain":0,"player_choice":"Rummage","damage_taken":0,"relics_obtained":["WarpedTongs"],"max_hp_gain":0,"max_hp_loss":0,"event_name":"Accursed Blacksmith","floor":5,"gold_loss":0,"cards_obtained":["Pain"]},{"damage_healed":0,"gold_gain":0,"player_choice":"Fought Bandits","damage_taken":0,"max_hp_gain":0,"max_hp_loss":0,"event_name":"Masked Bandits","floor":20,"gold_loss":0},{"damage_healed":0,"gold_gain":0,"player_choice":"Smashed Altar","damage_taken":0,"max_hp_gain":0,"max_hp_loss":0,"event_name":"Forgotten Altar","floor":25,"gold_loss":0,"cards_obtained":["Decay"]},{"cards_removed":["Shade:Defend_Shade"],"damage_healed":0,"gold_gain":0,"player_choice":"Purged","damage_taken":0,"max_hp_gain":0,"max_hp_loss":0,"event_name":"Purifier","floor":38,"gold_loss":0}],"is_beta":false,"boss_relics":[{"not_picked":["Pandora\u0027s Box","hubris:Stopwatch"],"picked":"hubris:RunicObelisk"},{"not_picked":["Ring of Chaos","Painkiller Herb"],"picked":"Shade:YorickPolishedSkull"}],"items_purged_floors":[13,22,24,37],"is_endless":false,"potions_floor_spawned":[4,7,12,16,18,20,28,31,36,39],"killed_by":"Transient","ascension_level":0}}