{"host":"ecaj4hn004xnnrw9","time":1608428253,"event":{"mods":["AchievementEnabler","BaseMod","Hermit","Minty Spire (QoL Compilation)","Quick Restart","Replay The Spire","StSLib","The Cursed"],"gold_per_floor":[114,114,114,114,132,171,186,61,61,81,81,104,104,130,130,130,130],"floor_reached":16,"playtime":744,"items_purged":["Strike_G"],"score":141,"play_id":"a258f6cf-249d-476f-b37b-5d9bea20c847","local_time":"20201220013733","is_ascension_mode":true,"campfire_choices":[{"floor":11,"key":"REST"},{"data":"Accuracy","floor":13,"key":"SMITH"},{"data":"Backstab","floor":15,"key":"SMITH"}],"circlet_count":0,"master_deck":["Strike_G","Strike_G+1","Strike_G","Defend_G","Defend_G","Defend_G+1","Defend_G","Defend_G","Survivor","Neutralize","Accuracy+1","PiercingWail","Sucker Punch","Backstab+1"],"relics":["Ring of the Snake","NeowsBlessing","Golden Idol","Vampiric Spirits","BranchBurnRelic","Orichalcum","Odd Mushroom"],"acts_visited":["Exordium"],"potions_floor_usage":[14,16],"damage_taken":[{"damage":0,"enemies":"2 Louse","floor":1,"turns":1},{"damage":0,"enemies":"Small Slimes","floor":5,"turns":1},{"damage":0,"enemies":"3 Sentries","floor":6,"turns":2},{"damage":0,"enemies":"Jaw Worm","floor":7,"turns":5},{"damage":3,"enemies":"Looter","floor":10,"turns":4},{"damage":25,"enemies":"The Mushroom Lair","floor":14,"turns":5},{"damage":66,"enemies":"Hexaghost","floor":16,"turns":16}],"seed_played":"1677363423691088707","potions_obtained":[{"floor":1,"key":"GamblersBrew"},{"floor":14,"key":"Weak Potion"}],"is_trial":false,"path_per_floor":["M","?","?","?","M","E","M","$","T","M","R","T","R","?","R","B"],"character_chosen":"THE_SILENT","items_purchased":["AttackPotion"],"campfire_rested":1,"item_purchase_floors":[8],"current_hp_per_floor":[70,53,39,32,32,32,34,34,34,33,54,54,54,45,45,0,0],"gold":130,"neow_bonus":"THREE_ENEMY_KILL","is_daily":false,"chose_seed":false,"campfire_upgraded":2,"win_rate":0.0,"timestamp":1608428253,"path_taken":["M","?","?","?","M","E","M","?","T","M","R","?","R","?","R","BOSS"],"items_purchased_type":["Potion"],"build_version":"2020-12-13","purchased_purges":1,"victory":false,"max_hp_per_floor":[70,70,70,70,70,70,70,70,70,70,70,70,70,70,70,70,70],"card_choices":[{"not_picked":["ReplayTheSpireMod:Tripwire","PiercingWail"],"picked":"Accuracy","floor":1},{"not_picked":["Backflip","Underhanded Strike"],"picked":"PiercingWail","floor":5},{"not_picked":["Slice","ReplayTheSpireMod:Exploit Weakness"],"picked":"Sucker Punch","floor":6},{"not_picked":["Cloak And Dagger","Prepared"],"picked":"Backstab","floor":7},{"not_picked":["Bullet Time","PiercingWail","Catalyst"],"picked":"SKIP","floor":10}],"player_experience":181331,"relics_obtained":[{"floor":6,"key":"Vampiric Spirits"},{"floor":9,"key":"Dead Branch"},{"floor":12,"key":"Orichalcum"},{"floor":14,"key":"Odd Mushroom"}],"event_choices":[{"damage_healed":0,"gold_gain":0,"player_choice":"Take Damage","damage_taken":17,"relics_obtained":["Golden Idol"],"max_hp_gain":0,"max_hp_loss":0,"event_name":"Golden Idol","floor":2,"gold_loss":0},{"damage_healed":0,"gold_gain":0,"player_choice":"Entered Light","damage_taken":14,"max_hp_gain":0,"max_hp_loss":0,"event_name":"Shining Light","floor":3,"gold_loss":0,"cards_upgraded":["Defend_G","Strike_G"]},{"cards_removed":["Strike_G"],"damage_healed":0,"gold_gain":0,"player_choice":"Card Removal","damage_taken":7,"max_hp_gain":0,"max_hp_loss":0,"event_name":"Golden Wing","floor":4,"gold_loss":0},{"damage_healed":0,"gold_gain":0,"player_choice":"Fought Mushrooms","damage_taken":0,"max_hp_gain":0,"max_hp_loss":0,"event_name":"Mushrooms","floor":14,"gold_loss":0}],"is_beta":false,"boss_relics":[],"items_purged_floors":[8],"is_endless":false,"potions_floor_spawned":[1,14],"killed_by":"Hexaghost","ascension_level":3}}