{"host":"6ko66ogg91i6g7xq","time":1608459651,"event":{"mods":["AchievementEnabler","Act Like it!","BaseMod","Colored Map","Colored Powertips","Downfall","Hermit","Minty Spire (QoL Compilation)","Quick Restart","Relic Stats","StSLib","The Jungle","everything is the same but u backflip on backflip"],"gold_per_floor":[111,286,286,71,91,91,122,138,138,157,18,43,55,28,28,125,125,95,95],"floor_reached":18,"playtime":437,"items_purged":[],"score":205,"play_id":"54db3ae5-4059-479a-b0b2-e4fcea11b61b","local_time":"20201220052051","is_ascension_mode":true,"campfire_choices":[{"floor":6,"key":"RECALL"},{"data":"Bouncing Flask","floor":15,"key":"SMITH"}],"circlet_count":0,"master_deck":["Strike_G","Strike_G","Strike_G","Strike_G","Strike_G","Defend_G","Defend_G","Defend_G","Defend_G","Defend_G","Survivor","Neutralize","Accuracy","Corpse Explosion","Deadly Poison","Sucker Punch","Bouncing Flask+1","Sucker Punch","Heel Hook","Poisoned Stab","Envenom"],"relics":["Ring of the Snake","NeowsBlessing","Membership Card","Matryoshka","Potion Belt","Eternal Feather","Paper Crane","CaptainsWheel","SacredBark"],"acts_visited":["Exordium","TheCity"],"potions_floor_usage":[8,12,16],"damage_taken":[{"damage":0,"enemies":"2 Louse","floor":1,"turns":1},{"damage":0,"enemies":"Jaw Worm","floor":5,"turns":1},{"damage":0,"enemies":"Lagavulin","floor":7,"turns":1},{"damage":0,"enemies":"Cultist","floor":8,"turns":3},{"damage":10,"enemies":"2 Fungi Beasts","floor":10,"turns":3},{"damage":10,"enemies":"Gremlin Nob","floor":12,"turns":4},{"damage":16,"enemies":"Large Slime","floor":13,"turns":6},{"damage":22,"enemies":"Slime Boss","floor":16,"turns":11},{"damage":8,"enemies":"2 Thieves","floor":18,"turns":2}],"seed_played":"-2415693776479443278","potions_obtained":[{"floor":5,"key":"BlessingOfTheForge"},{"floor":10,"key":"GhostInAJar"},{"floor":12,"key":"FearPotion"},{"floor":13,"key":"ColorlessPotion"}],"is_trial":false,"path_per_floor":["M","?","?","$","M","R","E","M","T","M","$","E","M","$","R","B",null,"M"],"character_chosen":"THE_SILENT","items_purchased":["Membership Card","Corpse Explosion","Paper Crane","Bouncing Flask","Poisoned Stab"],"campfire_rested":0,"item_purchase_floors":[4,4,11,11,14],"current_hp_per_floor":[70,70,63,63,63,63,63,63,63,53,53,43,27,27,39,17,70,62,62],"gold":95,"neow_bonus":"THREE_ENEMY_KILL","is_daily":false,"chose_seed":false,"campfire_upgraded":1,"win_rate":0.0,"timestamp":1608459651,"path_taken":["M","?","?","$","M","R","E","M","T","M","$","E","M","?","R","BOSS","M"],"items_purchased_type":["Relic","Card","Relic","Card","Card"],"build_version":"2020-12-13","purchased_purges":0,"victory":false,"max_hp_per_floor":[70,70,70,70,70,70,70,70,70,70,70,70,70,70,70,70,70,70,70],"relic_stats":{"counters":[9,32],"Eternal Feather":12,"obtain_stats":[{"Potion Belt":9,"CaptainsWheel":12,"Matryoshka":7,"NeowsBlessing":0,"SacredBark":17,"Eternal Feather":9,"Membership Card":4,"Paper Crane":11,"Ring of the Snake":0},{"Potion Belt":4,"CaptainsWheel":6,"Matryoshka":3,"NeowsBlessing":0,"SacredBark":8,"Eternal Feather":4,"Membership Card":1,"Paper Crane":5,"Ring of the Snake":0},{"Potion Belt":6,"CaptainsWheel":13,"Matryoshka":3,"NeowsBlessing":0,"SacredBark":30,"Eternal Feather":6,"Membership Card":1,"Paper Crane":9,"Ring of the Snake":0}],"Ring of the Snake":[18]},"card_choices":[{"not_picked":["Prepared","Eviscerate"],"picked":"Accuracy","floor":1},{"not_picked":["Sucker Punch","Deflect"],"picked":"Deadly Poison","floor":5},{"not_picked":["All Out Attack","Deflect","Concentrate"],"picked":"SKIP","floor":7},{"not_picked":["Finisher","Backstab"],"picked":"Sucker Punch","floor":8},{"not_picked":["Backflip","Flying Knee","Skewer"],"picked":"SKIP","floor":10},{"not_picked":["Distraction","Outmaneuver"],"picked":"Sucker Punch","floor":12},{"not_picked":["Accuracy","Blade Dance"],"picked":"Heel Hook","floor":13},{"not_picked":["Tools of the Trade","Die Die Die"],"picked":"Envenom","floor":16}],"player_experience":290450,"relics_obtained":[{"floor":7,"key":"Matryoshka"},{"floor":9,"key":"Potion Belt"},{"floor":9,"key":"Eternal Feather"},{"floor":12,"key":"CaptainsWheel"}],"event_choices":[{"damage_healed":0,"gold_gain":175,"player_choice":"AGREE","damage_taken":0,"max_hp_gain":0,"max_hp_loss":0,"event_name":"Liars Game","floor":2,"gold_loss":0,"cards_obtained":["Doubt"]},{"cards_removed":["Doubt"],"damage_healed":0,"gold_gain":0,"player_choice":"Card Removal","damage_taken":7,"max_hp_gain":0,"max_hp_loss":0,"event_name":"Golden Wing","floor":3,"gold_loss":0}],"is_beta":false,"boss_relics":[{"not_picked":["Cursed Key","Ectoplasm"],"picked":"SacredBark"}],"items_purged_floors":[],"is_endless":false,"potions_floor_spawned":[5,10,12,13],"killed_by":"2 Thieves","ascension_level":1}}