{"host":"xyexbe31ku0ov20l","time":1608443062,"event":{"mods":["AchievementEnabler","AlwaysNeverKeys","BaseMod","Bestiary","Block Reminder","Colored Map","Colored Powertips","Curses Come First","Displayed Cursed Tome","Minty Spire (QoL Compilation)","Permanent Neow","Quick Restart","Random Character Button","Rare Cards Sparkle","Relic Stats","StSLib"],"gold_per_floor":[117,129,139,139,139,139,139,158,228,228,228],"floor_reached":10,"playtime":409,"items_purged":[],"score":116,"play_id":"a1a4a8ee-abde-4549-839e-003acc2b0de0","local_time":"20201219214422","is_ascension_mode":true,"campfire_choices":[{"data":"Footwork","floor":6,"key":"SMITH"}],"circlet_count":0,"master_deck":["AscendersBane","Strike_G","Strike_G","Strike_G","Strike_G","Strike_G","Defend_G","Defend_G","Defend_G","Defend_G","Defend_G","Survivor","Neutralize","Glass Knife","Deadly Poison","Well Laid Plans","Footwork+1","Injury","Backflip"],"relics":["Ring of the Snake","Golden Idol","MealTicket","Frozen Egg 2"],"acts_visited":["Exordium"],"potions_floor_usage":[8,10],"damage_taken":[{"damage":1,"enemies":"Small Slimes","floor":1,"turns":3},{"damage":2,"enemies":"Jaw Worm","floor":2,"turns":5},{"damage":1,"enemies":"2 Louse","floor":3,"turns":3},{"damage":8,"enemies":"2 Fungi Beasts","floor":8,"turns":4},{"damage":31,"enemies":"3 Sentries","floor":10,"turns":8}],"seed_played":"8358634849303472060","potions_obtained":[{"floor":1,"key":"FearPotion"},{"floor":8,"key":"DistilledChaos"}],"is_trial":false,"path_per_floor":["M","M","M","?","?","R","?","M","T","E"],"character_chosen":"THE_SILENT","items_purchased":[],"campfire_rested":0,"item_purchase_floors":[],"current_hp_per_floor":[58,56,55,55,37,37,37,29,29,0,0],"gold":228,"neow_bonus":"ONE_RANDOM_RARE_CARD","is_daily":false,"chose_seed":false,"campfire_upgraded":1,"win_rate":0.0,"timestamp":1608443062,"path_taken":["M","M","M","?","?","R","?","M","T","E"],"items_purchased_type":[],"build_version":"2020-12-13","purchased_purges":0,"victory":false,"max_hp_per_floor":[66,66,66,66,66,66,66,66,66,66,66],"relic_stats":{"counters":[5,23],"Golden Idol":4,"MealTicket":0,"obtain_stats":[{"Golden Idol":4,"MealTicket":5,"Frozen Egg 2":9,"Ring of the Snake":0},{"Golden Idol":3,"MealTicket":3,"Frozen Egg 2":4,"Ring of the Snake":0},{"Golden Idol":11,"MealTicket":11,"Frozen Egg 2":15,"Ring of the Snake":0}],"Ring of the Snake":[10]},"card_choices":[{"not_picked":["Catalyst","Underhanded Strike"],"picked":"Deadly Poison","floor":1},{"not_picked":["Deflect","Bane"],"picked":"Well Laid Plans","floor":2},{"not_picked":["Accuracy","Sucker Punch"],"picked":"Footwork","floor":3},{"not_picked":["Blade Dance","Deflect"],"picked":"Backflip","floor":8}],"player_experience":2223789,"relics_obtained":[{"floor":9,"key":"Frozen Egg 2"}],"event_choices":[{"damage_healed":0,"gold_gain":0,"player_choice":"Take Wound","damage_taken":0,"relics_obtained":["Golden Idol"],"max_hp_gain":0,"max_hp_loss":0,"event_name":"Golden Idol","floor":4,"gold_loss":0,"cards_obtained":["Injury"]},{"damage_healed":0,"gold_gain":0,"player_choice":"Success","damage_taken":18,"relics_obtained":["MealTicket"],"max_hp_gain":0,"max_hp_loss":0,"event_name":"Scrap Ooze","floor":5,"gold_loss":0},{"damage_healed":0,"gold_gain":0,"player_choice":"Ignored","damage_taken":0,"max_hp_gain":0,"max_hp_loss":0,"event_name":"Shining Light","floor":7,"gold_loss":0}],"is_beta":false,"boss_relics":[],"items_purged_floors":[],"is_endless":false,"potions_floor_spawned":[1,8],"killed_by":"3 Sentries","ascension_level":20}}