{"host":"njruw0b0uprlitpx","time":1608483270,"event":{"mods":["2.2 Compatiblity","Astrologer","BaseMod","Better Altar","Better Note","Better Sensory Stone","Better Skull","Better Third Choice","BetterRewards","Block Reminder","Colored Map","Colored Powertips","Hermit","Jedi Mod","Keyboard Shortcuts","Minty Spire (QoL Compilation)","Quick Restart","Relic Stats","Replay The Spire","SacredBarkPlus","Spicy Shops","StSLib","SuperFastMode","The Blackbeard","The Bug Knight","The Construct","The Evolution","The Forsaken","The Mystic","The Problem Sleuth","The Runesmith","The Spell Scribe","Wandering Minibosses"],"gold_per_floor":[112,129,142,88,88,88,88,100,169,26,26,53,72,72,72,172,172,184,196,209,84,117,117,148,163,163,173,173,201,201,201,201,303,303,314,52,71,71,82,82,82,82,82,94,105,29,29,47,47,47],"floor_reached":51,"playtime":2019,"items_purged":["HollowMod:SharpenedShadows","HollowMod:QuickDashStart","Doubt"],"score":1169,"play_id":"44abfd30-f5c1-4550-a86a-bfc2f394969c","local_time":"20201220105430","is_ascension_mode":true,"campfire_choices":[{"data":"HollowMod:FastStrike","floor":7.0,"key":"SMITH"},{"data":"HollowMod:SharpenedShadows","floor":7.0,"key":"SMITH"},{"data":"HollowMod:theNailsmith","floor":15.0,"key":"SMITH"},{"data":"HollowMod:BlackTendrils","floor":15.0,"key":"SMITH"},{"data":"HollowMod:WraithStrike","floor":23,"key":"SMITH"},{"data":"HollowMod:HornetsHelp","floor":23,"key":"SMITH"},{"data":"HollowMod:VengefulVoid","floor":28,"key":"SMITH"},{"data":"HollowMod:VengefulVoid","floor":28,"key":"SMITH"},{"data":"HollowMod:CoiledNail","floor":30,"key":"SMITH"},{"data":"HollowMod:VengefulVoid","floor":30,"key":"SMITH"},{"floor":32,"key":"REST"},{"data":"HollowMod:Weaversong","floor":40,"key":"SMITH"},{"data":"HollowMod:RecoilStrike","floor":40,"key":"SMITH"},{"floor":42,"key":"REST"},{"data":"HollowMod:BlackTendrils","floor":47,"key":"SMITH"},{"data":"HollowMod:SiblingsShadow","floor":47,"key":"SMITH"},{"data":"HollowMod:ShadowDash","floor":49,"key":"SMITH"},{"data":"HollowMod:BlackTendrils","floor":49,"key":"SMITH"}],"circlet_count":0,"master_deck":["HollowMod:NailStrikeStart","HollowMod:NailStrikeStart","HollowMod:NailStrikeStart","HollowMod:QuickDashStart","HollowMod:FocusHealStart","HollowMod:PogoStrike","HollowMod:SharpenedShadows+1","HollowMod:CloakDash+1","HollowMod:CycloneSlash","HollowMod:VengefulVoid+1","HollowMod:WraithStrike+1","HollowMod:FastStrike+1","HollowMod:theNailsmith+1","HollowMod:HornetsHelp+1","HollowMod:BlackTendrils+1","HollowMod:VengefulVoid+1","HollowMod:DreamGate+1","HollowMod:SoulEater+1","HollowMod:DashSlash+1","HollowMod:WraithStrike+1","HollowMod:CoiledNail+1","HollowMod:ShadowDash+1","HollowMod:VengefulVoid+1","HollowMod:Weaversong+1","HollowMod:CloakDash","HollowMod:RecoilStrike+1","HollowMod:DescendingDark+1","HollowMod:RecoilStrike+1","HollowMod:MantisMark","Madness","Madness","Writhe","HollowMod:HeavyBlow+1","HollowMod:BlackTendrils+1","HollowMod:SiblingsShadow+1","HollowMod:BlackTendrils+1","HollowMod:ShadowDash+1"],"relics":["HollowMod:VesselMask","Replay:Kaleidoscope","Replay:Arrowhead","BargainBundle","HollowMod:JonisBlessing","Bag of Preparation","StrikeDummy","Onion Ring","ReplayTheSpireMod:CursedCoin","Replay:Wax Seal","Ancient Tea Set","Regal Pillow","Astrolabe","Red Mask","Pen Nib","TungstenRod","HollowMod:IsmasTear","Cursed Key","Membership Card","Orrery","Vajra"],"acts_visited":["Exordium","TheCity","TheBeyond"],"potions_floor_usage":[16,16,16,22,24,29,50,50],"damage_taken":[{"damage":0.0,"enemies":"2 Louse","floor":1.0,"turns":2.0},{"damage":0.0,"enemies":"Small Slimes","floor":2.0,"turns":2.0},{"damage":0.0,"enemies":"Cultist","floor":3.0,"turns":2.0},{"damage":0.0,"enemies":"Exordium Wildlife","floor":8.0,"turns":2.0},{"damage":0.0,"enemies":"Gremlin Nob","floor":12.0,"turns":3.0},{"damage":0.0,"enemies":"Exordium Thugs","floor":13.0,"turns":3.0},{"damage":22,"enemies":"Hexaghost","floor":16,"turns":4},{"damage":0,"enemies":"2 Thieves","floor":18,"turns":2},{"damage":0,"enemies":"3 Byrds","floor":19,"turns":4},{"damage":6,"enemies":"3 Cultists","floor":20,"turns":4},{"damage":0,"enemies":"Masked Bandits","floor":22,"turns":3},{"damage":0,"enemies":"Slavers","floor":24,"turns":3},{"damage":12,"enemies":"Shelled Parasite and Fungi","floor":25,"turns":3},{"damage":0,"enemies":"Centurion and Healer","floor":27,"turns":4},{"damage":0,"enemies":"Book of Stabbing","floor":29,"turns":2},{"damage":29,"enemies":"Champ","floor":33,"turns":6},{"damage":0,"enemies":"3 Darklings","floor":35,"turns":2},{"damage":0,"enemies":"Orb Walker","floor":37,"turns":2},{"damage":18,"enemies":"Writhing Mass","floor":39,"turns":3},{"damage":0,"enemies":"3 Darklings","floor":44,"turns":2},{"damage":7,"enemies":"Spire Growth","floor":45,"turns":4},{"damage":0,"enemies":"Transient","floor":48,"turns":5},{"damage":21,"enemies":"Donu and Deca","floor":50,"turns":4}],"seed_played":"440465840697020284","potions_obtained":[{"floor":19,"key":"Energy Potion"},{"floor":22,"key":"PowerPotion"},{"floor":27,"key":"Adrenaline Potion"},{"floor":35,"key":"Dexterity Potion"}],"is_trial":false,"path_per_floor":["M","M","M","$","?","?","R","M","T","$","?","E","M","?","R","B",null,"M","M","M","$","?","R","E","M","T","M","R","E","R","?","R","B",null,"M","$","M","?","M","R","?","R","T","M","M","$","R","M","R","B",null],"character_chosen":"THE_BUGKNIGHT","items_purchased":["HollowMod:SharpenedShadows","HollowMod:CloakDash","Replay:Arrowhead","EntropicBrew","BargainBundle","HollowMod:JonisBlessing","Bag of Preparation","StrikeDummy","HollowMod:CycloneSlash","LifebloodPotion","HollowMod:WraithStrike","HollowMod:FastStrike","ReplayTheSpireMod:CursedCoin","Replay:Wax Seal","HollowMod:HornetsHelp","Ancient Tea Set","Membership Card","Orrery","DuplicationPotion","HollowMod:SiblingsShadow","HollowMod:BlackTendrils"],"campfire_rested":2,"item_purchase_floors":[0,0,0,0,0,0,0,0,0,0,4,4,10,10,10,10,36,36,36,46,46],"current_hp_per_floor":[75,75,75,75,75,75,75,75,75,75,75,75,75,75,75,53,75,75,75,69,69,69,69,69,57,57,57,57,57,57,57,75,46,75,75,75,75,67,49,49,49,75,75,75,68,68,68,68,68,47],"gold":47,"neow_bonus":"","is_daily":false,"chose_seed":false,"campfire_upgraded":16,"win_rate":0.0,"timestamp":1608483270,"path_taken":["M","M","M","$","?","?","R","?","T","$","?","E","?","?","R","BOSS","M","M","?","$","?","R","E","M","T","M","R","E","R","?","R","BOSS","M","$","M","?","M","R","?","R","T","?","?","?","R","M","R","BOSS"],"items_purchased_type":["Card","Card","Relic","Potion","Relic","Relic","Relic","Relic","Card","Potion","Card","Card","Relic","Relic","Card","Relic","Relic","Relic","Potion","Card","Card"],"build_version":"2020-12-13","purchased_purges":3,"victory":true,"max_hp_per_floor":[75,75,75,75,75,75,75,75,75,75,75,75,75,75,75,75,75,75,75,75,75,75,75,75,75,75,75,75,75,75,75,75,75,75,75,75,75,75,75,75,75,75,75,75,75,75,75,75,75,75],"relic_stats":{"Regal Pillow":4,"counters":[47,144],"Astrolabe":["HollowMod:DreamGate","HollowMod:SoulEater","HollowMod:DashSlash"],"Pen Nib":[9],"Bag of Preparation":[46],"Cursed Key":1,"obtain_stats":[{"Golden Egg":9,"Regal Pillow":12,"Enchiridion":30,"Vajra":43,"HollowMod:VesselMask":0,"Mango":20,"Bag of Preparation":0,"jedi:Pinwheel":8,"Bottled Tornado":40,"Ancient Tea Set":10,"Cursed Key":34,"SsserpentHead":19,"Nunchaku":47,"Lizard Tail":49,"jedi:firstaidkit":0,"DollysMirror":37,"jedi:matchstick":43,"Red Mask":22,"Replay:Wax Seal":0,"HollowMod:QueensCombRelic":0,"BargainBundle":0,"ReplayTheSpireMod:CursedCoin":20,"Guide Book":0,"Dead Branch":6,"Astrolabe":17,"HollowMod:JonisBlessing":0,"Pen Nib":24,"HollowMod:IsmasTear":29,"Replay:Kaleidoscope":0,"Replay:Arrowhead":0,"Runic Dome":17,"Replay:Baseball":23,"Brimstone":28,"Bird Faced Urn":11,"Orrery":36,"Onion Ring":9,"Snack Pack":25,"Membership Card":12,"jedi:command_shop":28,"theForsaken:JudgementScales":0,"StrikeDummy":0,"Toy Ornithopter":26,"Abe\u0027s Treasure":34,"TungstenRod":26,"ReplayTheSpireMod:ShopPack":0},{"Golden Egg":5,"Regal Pillow":29,"Enchiridion":14,"Vajra":43,"HollowMod:VesselMask":0,"Mango":10,"Bag of Preparation":24,"jedi:Pinwheel":5,"Bottled Tornado":19,"Ancient Tea Set":28,"Cursed Key":40,"SsserpentHead":10,"Nunchaku":21,"Lizard Tail":22,"jedi:firstaidkit":0,"DollysMirror":17,"jedi:matchstick":20,"Red Mask":35,"Replay:Wax Seal":0,"HollowMod:QueensCombRelic":0,"BargainBundle":24,"ReplayTheSpireMod:CursedCoin":10,"Guide Book":0,"Dead Branch":4,"Astrolabe":31,"HollowMod:JonisBlessing":24,"Pen Nib":36,"HollowMod:IsmasTear":39,"Replay:Kaleidoscope":24,"Replay:Arrowhead":24,"Runic Dome":9,"Replay:Baseball":12,"Brimstone":14,"Bird Faced Urn":7,"Orrery":41,"Onion Ring":28,"Snack Pack":13,"Membership Card":7,"jedi:command_shop":14,"theForsaken:JudgementScales":0,"StrikeDummy":24,"Toy Ornithopter":13,"Abe\u0027s Treasure":16,"TungstenRod":37,"ReplayTheSpireMod:ShopPack":0},{"Golden Egg":12,"Regal Pillow":84,"Enchiridion":39,"Vajra":129,"HollowMod:VesselMask":0,"Mango":26,"Bag of Preparation":73,"jedi:Pinwheel":12,"Bottled Tornado":54,"Ancient Tea Set":81,"Cursed Key":122,"SsserpentHead":26,"Nunchaku":63,"Lizard Tail":65,"jedi:firstaidkit":0,"DollysMirror":49,"jedi:matchstick":59,"Red Mask":104,"Replay:Wax Seal":0,"HollowMod:QueensCombRelic":0,"BargainBundle":73,"ReplayTheSpireMod:CursedCoin":26,"Guide Book":0,"Dead Branch":9,"Astrolabe":91,"HollowMod:JonisBlessing":73,"Pen Nib":107,"HollowMod:IsmasTear":116,"Replay:Kaleidoscope":73,"Replay:Arrowhead":73,"Runic Dome":23,"Replay:Baseball":33,"Brimstone":39,"Bird Faced Urn":16,"Orrery":124,"Onion Ring":81,"Snack Pack":36,"Membership Card":16,"jedi:command_shop":39,"theForsaken:JudgementScales":0,"StrikeDummy":73,"Toy Ornithopter":36,"Abe\u0027s Treasure":47,"TungstenRod":110,"ReplayTheSpireMod:ShopPack":0}],"TungstenRod":7},"card_choices":[{"not_picked":["HollowMod:SoulVessel","HollowMod:HowlingWraiths"],"picked":"HollowMod:VengefulVoid","floor":1.0},{"not_picked":["HollowMod:HowlingWraiths","HollowMod:InfectedCysts","HollowMod:CycloneSlash"],"picked":"SKIP","floor":2.0},{"not_picked":["HollowMod:SoulSplash","HollowMod:PureNailStrike","HollowMod:ChannelNail"],"picked":"SKIP","floor":3.0},{"not_picked":["HollowMod:CornifersMapStart","HollowMod:SiblingsSouls"],"picked":"HollowMod:theNailsmith","floor":8.0},{"not_picked":["HollowMod:SoulEater","HollowMod:RecoilStrike"],"picked":"HollowMod:BlackTendrils","floor":12.0},{"not_picked":["HollowMod:SoulStrike","HollowMod:SoulEater"],"picked":"HollowMod:VengefulVoid","floor":13.0},{"not_picked":["HollowMod:CloakDash","HollowMod:VengefulVoid+1"],"picked":"HollowMod:WraithStrike+1","floor":18},{"not_picked":["HollowMod:DungDefenderAura","HollowMod:LifebloodCocoon","HollowMod:InfectedAttack+1"],"picked":"SKIP","floor":19},{"not_picked":["HollowMod:NewGlowingWomb","HollowMod:MawleksShell+1"],"picked":"HollowMod:CoiledNail","floor":20},{"not_picked":["HollowMod:CoiledNail","HollowMod:HerrahsAnger"],"picked":"HollowMod:ShadowDash+1","floor":22},{"not_picked":["HollowMod:LifebloodCore","HollowMod:QuirrelsAssistance","HollowMod:SoulSplash"],"picked":"SKIP","floor":24},{"not_picked":["HollowMod:VengefulSpirit","HollowMod:InfectedCysts+1"],"picked":"HollowMod:VengefulVoid","floor":25},{"not_picked":["HollowMod:MawleksShell+1","HollowMod:DoubleDash","HollowMod:HowlingWraiths"],"picked":"SKIP","floor":27},{"not_picked":["HollowMod:TaintedHusks","HollowMod:DashSlash","HollowMod:HeavyBlow"],"picked":"SKIP","floor":29},{"not_picked":["HollowMod:HornetsHelp","HollowMod:RadiancesLament"],"picked":"HollowMod:Weaversong","floor":33},{"not_picked":["HollowMod:InfectedAttack+1","HollowMod:DesolateDive+1"],"picked":"HollowMod:CloakDash","floor":35},{"not_picked":["HollowMod:WhiteLadysBlessing","HollowMod:CloakDash+1"],"picked":"HollowMod:RecoilStrike","floor":36},{"not_picked":["HollowMod:GoodIntentions+1","HollowMod:CloakDash+1"],"picked":"HollowMod:DescendingDark+1","floor":36},{"not_picked":["HollowMod:SoulStrike","HollowMod:WraithStrike+1"],"picked":"HollowMod:RecoilStrike+1","floor":36},{"not_picked":["HollowMod:LifebloodCocoon","HollowMod:HowlingWraiths"],"picked":"HollowMod:MantisMark","floor":37},{"not_picked":["HollowMod:GoodIntentions","HollowMod:SoulSplash","HollowMod:DungDefenderAura+1"],"picked":"SKIP","floor":39},{"not_picked":["HollowMod:NewJinnsSoul+1","HollowMod:SoulStrike"],"picked":"HollowMod:HeavyBlow+1","floor":44},{"not_picked":["HollowMod:MonarchWings","HollowMod:InfectedAttack+1"],"picked":"HollowMod:BlackTendrils","floor":45},{"not_picked":["HollowMod:ShapeofUnn","HollowMod:DungDefenderAura"],"picked":"HollowMod:ShadowDash","floor":48}],"player_experience":1850411,"relics_obtained":[{"floor":9.0,"key":"Onion Ring"},{"floor":12.0,"key":"Regal Pillow"},{"floor":22,"key":"Red Mask"},{"floor":24,"key":"Pen Nib"},{"floor":26,"key":"TungstenRod"},{"floor":29,"key":"HollowMod:IsmasTear"},{"floor":43,"key":"Vajra"}],"event_choices":[{"cards_removed":["HollowMod:FastStrike"],"damage_healed":0.0,"max_hp_gain":0.0,"max_hp_loss":0.0,"gold_gain":0.0,"event_name":"betterNote:BetterNote","player_choice":"Give","floor":6.0,"gold_loss":0.0,"damage_taken":0.0,"cards_obtained":["None"]},{"damage_healed":0.0,"max_hp_gain":0.0,"max_hp_loss":0.0,"gold_gain":0.0,"event_name":"Wheel of Change","player_choice":"Cursed","floor":14.0,"gold_loss":0.0,"damage_taken":0.0,"cards_obtained":["Decay"]},{"damage_healed":0,"gold_gain":0,"player_choice":"Fought Bandits","damage_taken":0,"max_hp_gain":0,"max_hp_loss":0,"event_name":"Masked Bandits","floor":22,"gold_loss":0},{"damage_healed":0,"gold_gain":0,"player_choice":"Embrace Madness","damage_taken":9,"max_hp_gain":0,"max_hp_loss":0,"event_name":"Winding Halls","floor":38,"gold_loss":0,"cards_obtained":["Madness","Madness"]}],"is_beta":false,"boss_relics":[{"not_picked":["SlaversCollar","Kintsugi"],"picked":"Astrolabe"},{"not_picked":["Coffee Dripper","jedi:battlestandard","Tiny House"]}],"items_purged_floors":[0,0,21],"is_endless":false,"potions_floor_spawned":[2,8,12,13,19,20,22,27,35,45,48],"ascension_level":4}}