{"host":"81h68oe4mr04pk3r","time":1608445532,"event":{"mods":["Act Like it!","Aspiration","BaseMod","BetterRewards","Colored Map","Colored Powertips","Conspire","Downfall","Hermit","Hubris","Infinite Spire","Jorbs\u0027s Wanderer Trilogy","Koishi","Lobotomy","LobotomyExtend","Marisa????????","Minty Spire (QoL Compilation)","Quick Restart","Reimu??????","Remilia??????","Replay The Spire","StSLib","The Bug Knight","The Construct","The Cursed","The Disciple","The Servant 0.9.4"],"gold_per_floor":[99,131,131,158,158,158,158,177,177,177,177,277,288,305,323,323,323,419,419,419,210,226,226,326,346,346,372,442,442,460,475,465,515,530,530,530],"floor_reached":35,"playtime":4386,"items_purged":[],"score":360,"play_id":"7d72699a-60af-44dd-8d7b-25cb637a269d","local_time":"20201219222532","is_ascension_mode":false,"campfire_choices":[{"data":"champ:Taunt","floor":1,"key":"SMITH"},{"data":"champ:GladiatorsShout","floor":6,"key":"SMITH"},{"floor":29,"key":"REST"}],"circlet_count":0,"master_deck":["champ:Strike","champ:Strike","champ:Strike","champ:Strike","champ:Defend","champ:Defend","champ:Defend","champ:Defend","champ:Taunt+1","champ:GladiatorsShout+1","champ:Circumvent","champ:IronFortress","champ:PreciseThrust","champ:Backstep","Slimebound:SplitLeeching","champ:TornadoPunch","Slimebound:OneTwoCombo","conspire:ExplosiveBarrier","Spot Weakness","champ:GladiatorStyle","champ:Backstep","champ:PerfectedStrike+1","infinitespire:Gouge","champ:Encircle","champ:BringItOn+1","champ:FanOfKnives","Slimebound:Grow","Wild Strike","champ:CalledShot","Demonic Infusion"],"relics":["champ:ChampionCrown","downfall:HeartsMalice","LetterFromLob","Replay:Bottled Steam","hubris:DisguiseKit","ReplayTheSpireMod:TigerMarble","Pear","conspire:GlowingRock","aspiration:IroncladSkillbook","champ:BerserkersGuideToSlaughter","downfall:CloakOfManyFaces","CultistMask","FaceOfCleric","NlothsMask","GremlinMask","SsserpentHead","Potion Belt"],"acts_visited":["Exordium","TheCity"],"potions_floor_usage":[18,18,24,24,27,27,35,35,35,35],"damage_taken":[{"damage":0,"enemies":"3 Sentries","floor":2,"turns":1},{"damage":0,"enemies":"conspire:RoseBush","floor":3,"turns":1},{"damage":0,"enemies":"Lagavulin","floor":4,"turns":1},{"damage":12,"enemies":"Small Slimes","floor":8,"turns":8},{"damage":0,"enemies":"Cultist","floor":13,"turns":5},{"damage":7,"enemies":"2 Fungi Beasts","floor":14,"turns":6},{"damage":19,"enemies":"Large Slime","floor":15,"turns":4},{"damage":77,"enemies":"downfall:Defect","floor":18,"turns":14},{"damage":4,"enemies":"downfall:FleeingMerchant","floor":21,"turns":4},{"damage":26,"enemies":"Spheric Guardian","floor":22,"turns":6},{"damage":13,"enemies":"downfall:FaceTrader","floor":24,"turns":5},{"damage":23,"enemies":"Snecko","floor":25,"turns":6},{"damage":61,"enemies":"Book of Stabbing","floor":27,"turns":7},{"damage":20,"enemies":"Sentry and Sphere","floor":28,"turns":6},{"damage":4,"enemies":"Chosen and Byrds","floor":30,"turns":6},{"damage":5,"enemies":"Snecko","floor":31,"turns":5},{"damage":32,"enemies":"conspire:HollyBat","floor":34,"turns":7},{"damage":36,"enemies":"downfall:Silent","floor":35,"turns":7}],"seed_played":"-3992963094238627057","potions_obtained":[{"floor":4,"key":"champ:OpenerPotion"},{"floor":8,"key":"champ:CounterPotion"},{"floor":18,"key":"conspire:TimeTravelPotion"},{"floor":20,"key":"Adrenaline Potion"},{"floor":20,"key":"Fire Potion"},{"floor":24,"key":"Regen Potion"},{"floor":25,"key":"Swift Potion"},{"floor":27,"key":"Fire Potion"},{"floor":28,"key":"sneckomod:MuddlingPotion"},{"floor":30,"key":"Weak Potion"}],"is_trial":false,"path_per_floor":["R","E","M","E","?","R","T","M","?","PTL","PTL","?","M","M","M","T","M","B",null,"R_BF","$","M","AVR","?","M","T","E","M","R","M","M","?","?","M","B"],"character_chosen":"THE_CHAMP","items_purchased":["Spot Weakness","champ:GladiatorStyle","champ:Backstep"],"campfire_rested":1,"item_purchase_floors":[21,21,21],"current_hp_per_floor":[90,90,90,90,90,90,90,84,94,94,94,94,94,93,93,93,93,20,100,100,100,82,82,86,74,74,22,7,37,44,50,50,50,34,0,0],"gold":530,"neow_bonus":"THREE_ENEMY_KILL","is_daily":false,"chose_seed":false,"campfire_upgraded":2,"win_rate":0.0,"timestamp":1608445532,"path_taken":["R","E","?","E","?","R","T","?","?","PTL","PTL","?","M","?","M","?","M","BOSS","R_BF","$","M","AVR","?","M","T","E","?","R","M","M","?","?","M","BOSS"],"items_purchased_type":["Card","Card","Card"],"build_version":"2020-12-13","purchased_purges":0,"victory":false,"max_hp_per_floor":[90,90,90,90,90,90,90,90,100,100,100,100,100,100,100,100,100,100,100,100,100,100,100,100,101,101,102,103,103,104,105,105,105,106,106,106],"card_choices":[{"not_picked":["champ:Duel","champ:FlashCut"],"picked":"champ:GladiatorsShout","floor":2},{"not_picked":["champ:PerfectedStrike","champ:AdrenalArmor"],"picked":"champ:Circumvent","floor":3},{"not_picked":["champ:StrikeOfGenius","champ:Backstep"],"picked":"champ:IronFortress","floor":4},{"not_picked":["champ:Duel","champ:FlashCut","Slimebound:LeechEnergy"],"picked":"champ:PreciseThrust","floor":8},{"not_picked":["champ:EnGarde","champ:FocusedGladiator","Slimebound:FinishingTackle"],"picked":"champ:Backstep","floor":13},{"not_picked":["champ:FightOn","champ:PerfectForm","champ:GladiatorStyle"],"picked":"Slimebound:SplitLeeching","floor":14},{"not_picked":["champ:Circumvent","champ:BerserkersShout","Slimebound:Gluttony"],"picked":"champ:TornadoPunch","floor":15},{"not_picked":["champ:LastStand","champ:IgnorePain","champ:StrikeOfGenius"],"picked":"Slimebound:OneTwoCombo","floor":18},{"not_picked":["Infernal Blade","champ:ShieldWall+1","Sword Boomerang+1","Slimebound:SplitAcid"],"picked":"conspire:ExplosiveBarrier","floor":21},{"not_picked":["ReplayTheSpireMod:LeadingStrike","Clothesline","champ:EndlessRage+1","Slimebound:FlameTackle"],"picked":"champ:PerfectedStrike+1","floor":22},{"not_picked":["champ:StanceDance","champ:Backstep","champ:SteelEdge","Slimebound:ViciousTackle"],"picked":"champ:Encircle","floor":24},{"not_picked":["Replay:Undeath\u0027s Touch","conspire:Charge","champ:Encircle","Slimebound:RollThrough"],"picked":"champ:BringItOn+1","floor":25},{"not_picked":["Replay:Undeath\u0027s Touch+1","Abandon+1","champ:Encircle+1","Slimebound:Dissolve"],"picked":"champ:FanOfKnives","floor":27},{"not_picked":["champ:Riposte","Uppercut","Clash","Armaments+1"],"picked":"Slimebound:Grow","floor":28},{"not_picked":["Clothesline","champ:ShieldWall","Warcry","Slimebound:Schlurp"],"picked":"Wild Strike","floor":30},{"not_picked":["Massacre","hubris:CleavingFinish","Cleave","Slimebound:PressTheAttack"],"picked":"champ:CalledShot","floor":31},{"not_picked":["Reckless Charge","hubris:SharpeningStone+1","Dual Wield","Slimebound:SplitLeeching"],"picked":"Demonic Infusion","floor":34}],"player_experience":118371,"relics_obtained":[{"floor":2,"key":"LetterFromLob"},{"floor":2,"key":"Replay:Bottled Steam"},{"floor":4,"key":"hubris:DisguiseKit"},{"floor":7,"key":"ReplayTheSpireMod:TigerMarble"},{"floor":9,"key":"Pear"},{"floor":16,"key":"conspire:GlowingRock"},{"floor":24,"key":"downfall:CloakOfManyFaces"},{"floor":27,"key":"Potion Belt"}],"event_choices":[{"cards_removed":["champ:Execute"],"damage_healed":0,"gold_gain":0,"player_choice":"Offered Basic","damage_taken":0,"max_hp_gain":0,"max_hp_loss":0,"event_name":"Bonfire Elementals","floor":5,"gold_loss":0}],"is_beta":false,"boss_relics":[{"not_picked":["hubris:TerracottaHorce","Fusion Hammer"],"picked":"aspiration:IroncladSkillbook"}],"items_purged_floors":[],"is_endless":false,"potions_floor_spawned":[4,8,18,24,25,27,28,30],"killed_by":"downfall:Silent","ascension_level":0}}