{"host":"o7j6aatxjwpw1421","time":1608449565,"event":{"mods":["2.2 Compatiblity","BaseMod","Colored Map","DeckTracker","Highlight Path","Keyboard Shortcuts","Minty Spire (QoL Compilation)","Permanent Neow","Quick Restart","StSLib","SuperFastMode","everything is the same but u backflip on backflip"],"gold_per_floor":[119,129,54,65,77,77,77,103,103,103,53,53,70,403,403,403,403],"floor_reached":16,"playtime":500,"items_purged":["Strike_R"],"score":138,"play_id":"445fc712-ccdc-43fe-9ed2-ba2dceb38613","local_time":"20201220163245","is_ascension_mode":true,"campfire_choices":[{"data":"Entrench","floor":6,"key":"SMITH"},{"data":"Bash","floor":10,"key":"SMITH"},{"data":"Body Slam","floor":15,"key":"SMITH"}],"circlet_count":0,"master_deck":["Strike_R","Strike_R","Strike_R","Strike_R","Defend_R","Defend_R","Defend_R","Defend_R","Bash+1","Pommel Strike","Thunderclap","Entrench+1","Battle Trance","Shrug It Off","Body Slam+1"],"relics":["Burning Blood","Mango","Omamori","InkBottle","Old Coin"],"acts_visited":["Exordium"],"potions_floor_usage":[14,14],"damage_taken":[{"damage":9,"enemies":"2 Louse","floor":1,"turns":3},{"damage":0,"enemies":"Small Slimes","floor":2,"turns":3},{"damage":11,"enemies":"Cultist","floor":4,"turns":4},{"damage":15,"enemies":"2 Fungi Beasts","floor":5,"turns":5},{"damage":40,"enemies":"Gremlin Nob","floor":8,"turns":5},{"damage":16,"enemies":"Looter","floor":13,"turns":4},{"damage":32,"enemies":"Lagavulin","floor":14,"turns":5},{"damage":0,"enemies":"Slime Boss","floor":16,"turns":3}],"seed_played":"-5467730936235113222","potions_obtained":[{"floor":1,"key":"SkillPotion"},{"floor":5,"key":"BloodPotion"},{"floor":8,"key":"LiquidBronze"}],"is_trial":false,"path_per_floor":["M","M","$","M","M","R","$","E","T","R","?","?","M","E","R","B"],"character_chosen":"IRONCLAD","items_purchased":[],"campfire_rested":0,"item_purchase_floors":[],"current_hp_per_floor":[91,94,94,89,80,80,80,46,46,46,46,46,36,28,28,28,28],"gold":403,"neow_bonus":"ONE_RARE_RELIC","is_daily":false,"chose_seed":false,"campfire_upgraded":3,"win_rate":0.0,"timestamp":1608449565,"path_taken":["M","M","$","M","M","R","$","E","T","R","?","?","M","E","R","BOSS"],"items_purchased_type":[],"build_version":"2020-12-13","purchased_purges":1,"victory":false,"max_hp_per_floor":[94,94,94,94,94,94,94,94,94,94,94,94,94,94,94,94,94],"card_choices":[{"not_picked":["Uppercut","Sword Boomerang"],"picked":"Pommel Strike","floor":1},{"not_picked":["Power Through","Anger"],"picked":"Thunderclap","floor":2},{"not_picked":["Flex","Heavy Blade"],"picked":"Entrench","floor":4},{"not_picked":["Pommel Strike","Rage","Infernal Blade"],"picked":"SKIP","floor":5},{"not_picked":["Reaper","Wild Strike"],"picked":"Battle Trance","floor":8},{"not_picked":["Wild Strike","Cleave"],"picked":"Shrug It Off","floor":13},{"not_picked":["Heavy Blade","Feel No Pain"],"picked":"Body Slam","floor":14}],"player_experience":275316,"relics_obtained":[{"floor":8,"key":"Omamori"},{"floor":9,"key":"InkBottle"},{"floor":14,"key":"Old Coin"}],"event_choices":[{"cards_removed":["Decay"],"damage_healed":0,"gold_gain":0,"player_choice":"Card Removal","damage_taken":0,"max_hp_gain":0,"max_hp_loss":0,"event_name":"The Cleric","floor":11,"gold_loss":50},{"damage_healed":0,"gold_gain":0,"player_choice":"Ignored","damage_taken":0,"max_hp_gain":0,"max_hp_loss":0,"event_name":"Liars Game","floor":12,"gold_loss":0}],"is_beta":false,"boss_relics":[],"items_purged_floors":[3],"is_endless":false,"potions_floor_spawned":[1,5,8],"killed_by":"Slime Boss","ascension_level":5}}