{"host":"18wi9kpcl4eah7pe","time":1608442328,"event":{"mods":["BaseMod","Colored Powertips","Downfall","Minty Spire (QoL Compilation)","StSLib"],"gold_per_floor":[199,40,40,102,102,115,187,37,57,86,86,86,101,101,119,119,119],"floor_reached":16,"playtime":570,"items_purged":[],"score":123,"play_id":"d5afdb3c-a8ee-4a4f-97e3-2153f22ff085","local_time":"20201219233208","is_ascension_mode":false,"campfire_choices":[{"floor":1,"key":"RECALL"},{"floor":5,"key":"REST"},{"floor":8,"key":"DIG"}],"circlet_count":0,"master_deck":["sneckomod:Strike","sneckomod:Strike","sneckomod:Strike","sneckomod:Defend","sneckomod:Defend+1","sneckomod:Defend","sneckomod:TailWhip","sneckomod:SnekBite","sneckomod:Unknown","sneckomod:Unknown","sneckomod:UnknownClassHEXA_GHOST_PURPLE","sneckomod:UnknownClassSLIMEBOUND","sneckomod:UnknownBlock","sneckomod:CheapStock+1","sneckomod:SerpentMind","sneckomod:SlitherStrike","sneckomod:UnknownClassSLIMEBOUND+1","Regret","sneckomod:UnknownCommonAttack"],"relics":["sneckomod:SneckoSoul","Happy Flower","Orichalcum","Shovel","downfall:HeartBlessingRed","downfall:HeartBlessingBlue","Kunai","WingedGreaves"],"acts_visited":["Exordium"],"potions_floor_usage":[15,16],"damage_taken":[{"damage":10,"enemies":"downfall:FleeingMerchant","floor":2,"turns":4},{"damage":24,"enemies":"Lagavulin Event","floor":4,"turns":5},{"damage":2,"enemies":"Small Slimes","floor":6,"turns":4},{"damage":6,"enemies":"Jaw Worm","floor":9,"turns":3},{"damage":16,"enemies":"Gremlin Nob","floor":10,"turns":6},{"damage":0,"enemies":"Cultist","floor":12,"turns":1},{"damage":13,"enemies":"Large Slime","floor":13,"turns":5},{"damage":8,"enemies":"3 Louse","floor":15,"turns":3},{"damage":37,"enemies":"downfall:Defect","floor":16,"turns":5}],"seed_played":"-7325992742703287337","potions_obtained":[{"floor":4,"key":"GamblersBrew"},{"floor":9,"key":"Explosive Potion"},{"floor":13,"key":"LiquidMemories"}],"is_trial":false,"path_per_floor":["R","$","?","?","R","M","T","R","M","E","?","M","M","?","M","B"],"character_chosen":"THE_SNECKO","items_purchased":["Happy Flower"],"campfire_rested":1,"item_purchase_floors":[2],"current_hp_per_floor":[90,81,63,40,67,66,66,76,70,54,54,54,42,42,35,0,0],"gold":119,"neow_bonus":"HUNDRED_GOLD","is_daily":false,"chose_seed":false,"campfire_upgraded":0,"win_rate":0.0,"timestamp":1608442328,"path_taken":["R","$","?","?","R","M","T","R","M","E","?","?","M","?","M","BOSS"],"items_purchased_type":["Relic"],"build_version":"2020-12-13","purchased_purges":0,"victory":false,"max_hp_per_floor":[90,91,91,92,92,93,93,103,103,103,103,103,104,104,105,105,105],"card_choices":[{"not_picked":["sneckomod:UnknownCommonSkill","sneckomod:QuickBite"],"picked":"sneckomod:UnknownClassHEXA_GHOST_PURPLE","floor":2},{"not_picked":["sneckomod:DefensiveFlair","sneckomod:SoulDraw"],"picked":"sneckomod:UnknownClassSLIMEBOUND","floor":4},{"not_picked":["sneckomod:Rotation","sneckomod:Unknown1Cost"],"picked":"sneckomod:UnknownBlock","floor":6},{"not_picked":["sneckomod:UnknownVulnerable","sneckomod:UnknownBlock"],"picked":"sneckomod:CheapStock","floor":9},{"not_picked":["sneckomod:UnknownClassRED","sneckomod:SoulDraw"],"picked":"sneckomod:SerpentMind","floor":10},{"not_picked":["sneckomod:UnknownClassTHE_CHAMP_GRAY","sneckomod:ImprovisedGuard"],"picked":"sneckomod:SlitherStrike","floor":12},{"not_picked":["sneckomod:UnknownVulnerable","sneckomod:RainOfDice"],"picked":"sneckomod:UnknownClassSLIMEBOUND","floor":13},{"not_picked":["sneckomod:UnknownCommonSkill","sneckomod:Unknown1Cost"],"picked":"sneckomod:UnknownCommonAttack","floor":15}],"player_experience":811002,"relics_obtained":[{"floor":8,"key":"Kunai"},{"floor":10,"key":"WingedGreaves"}],"event_choices":[{"damage_healed":0,"gold_gain":0,"player_choice":"Success","damage_taken":18,"relics_obtained":["Orichalcum"],"max_hp_gain":0,"max_hp_loss":0,"event_name":"Scrap Ooze","floor":3,"gold_loss":0}],"is_beta":false,"boss_relics":[],"items_purged_floors":[],"is_endless":false,"potions_floor_spawned":[4,9,13],"killed_by":"downfall:Defect","ascension_level":0}}