{"host":"9tzam4717zt8ei1o","time":1608435564,"event":{"mods":["BaseMod","Colored Map","Keyboard Shortcuts","Minty Spire (QoL Compilation)","Quick Restart","StSLib","SuperFastMode"],"gold_per_floor":[109,126,126,144,160,192,192,192,245,263,278,167,185,201,201,275,275,286,302,302,31,31,31,80,109,409,409,424,424,424,441,441,441,441],"floor_reached":33,"playtime":1225,"items_purged":["Strike_G","Defend_G"],"score":738,"play_id":"a53caa74-bf4b-410c-80b9-e59850377995","local_time":"20201220123924","is_ascension_mode":true,"campfire_choices":[{"data":"Footwork","floor":8.0,"key":"SMITH"},{"floor":15.0,"key":"REST"},{"data":"Calculated Gamble","floor":23.0,"key":"SMITH"},{"floor":27,"key":"REST"},{"data":"Footwork","floor":30,"key":"SMITH"},{"data":"Concentrate","floor":32,"key":"SMITH"}],"circlet_count":0,"master_deck":["AscendersBane","Defend_G","Defend_G","Defend_G","Defend_G","Survivor","Neutralize","Adrenaline","Footwork+1","Flying Knee","PiercingWail","Escape Plan","Blade Dance","Calculated Gamble+1","Blur","Blur","Phantasmal Killer","Envenom+1","Eviscerate+1","Dash+1","Backflip","Concentrate+1","Deflect","Dodge and Roll","Footwork+1"],"relics":["Ring of the Snake","Shuriken","Regal Pillow","Art of War","Astrolabe","Medical Kit","Lantern","Meat on the Bone","Old Coin"],"acts_visited":["Exordium","TheCity"],"potions_floor_usage":[25,33],"damage_taken":[{"damage":8.0,"enemies":"Small Slimes","floor":1.0,"turns":4.0},{"damage":0.0,"enemies":"Cultist","floor":2.0,"turns":4.0},{"damage":0.0,"enemies":"Jaw Worm","floor":4.0,"turns":7.0},{"damage":1.0,"enemies":"Looter","floor":5.0,"turns":4.0},{"damage":19.0,"enemies":"3 Sentries","floor":6.0,"turns":9.0},{"damage":0.0,"enemies":"3 Louse","floor":10.0,"turns":3.0},{"damage":1.0,"enemies":"Blue Slaver","floor":11.0,"turns":4.0},{"damage":9.0,"enemies":"Red Slaver","floor":13.0,"turns":5.0},{"damage":0.0,"enemies":"Exordium Wildlife","floor":14.0,"turns":5.0},{"damage":24.0,"enemies":"The Guardian","floor":16.0,"turns":19.0},{"damage":8.0,"enemies":"Spheric Guardian","floor":18.0,"turns":6.0},{"damage":15.0,"enemies":"2 Thieves","floor":19.0,"turns":5.0},{"damage":25,"enemies":"Slavers","floor":25,"turns":8},{"damage":28,"enemies":"Snecko","floor":28,"turns":8},{"damage":4,"enemies":"Centurion and Healer","floor":31,"turns":10},{"damage":53,"enemies":"Collector","floor":33,"turns":18}],"seed_played":"8662758956999722627","potions_obtained":[{"floor":1.0,"key":"Explosive Potion"},{"floor":5.0,"key":"AttackPotion"},{"floor":11.0,"key":"Dexterity Potion"},{"floor":13.0,"key":"GamblersBrew"},{"floor":31,"key":"SpeedPotion"}],"is_trial":false,"path_per_floor":["M","M","?","M","M","E","?","R","T","M","M","$","M","M","R","B",null,"M","M","?","$","?","R","T","E","T","R","M","?","R","M","R","B"],"character_chosen":"THE_SILENT","items_purchased":["Blur","Medical Kit"],"campfire_rested":2,"item_purchase_floors":[12,21],"current_hp_per_floor":[51,51,40,40,39,20,20,20,20,20,19,19,10,10,44,20,55,47,32,32,32,32,32,32,7,7,41,25,25,25,33,33,0,0],"gold":441,"neow_bonus":"ONE_RANDOM_RARE_CARD","is_daily":false,"chose_seed":false,"campfire_upgraded":4,"win_rate":0.0,"timestamp":1608435564,"path_taken":["M","M","?","M","M","E","?","R","T","?","M","$","M","M","R","BOSS","M","M","?","$","?","R","?","E","T","R","M","?","R","M","R","BOSS"],"items_purchased_type":["Card","Relic"],"build_version":"2020-12-13","purchased_purges":2,"victory":false,"max_hp_per_floor":[66,66,66,66,66,66,66,66,66,66,66,66,66,66,66,66,66,66,66,66,66,66,66,66,66,66,66,66,66,66,66,66,66,66],"card_choices":[{"not_picked":["Caltrops","Outmaneuver"],"picked":"Footwork","floor":1.0},{"not_picked":["Distraction","Underhanded Strike"],"picked":"Flying Knee","floor":2.0},{"not_picked":["Flying Knee","Quick Slash","Outmaneuver"],"picked":"SKIP","floor":4.0},{"not_picked":["Concentrate","Catalyst"],"picked":"PiercingWail","floor":5.0},{"not_picked":["Poisoned Stab","Accuracy"],"picked":"Escape Plan","floor":6.0},{"not_picked":["All Out Attack","Flying Knee"],"picked":"Blade Dance","floor":10.0},{"not_picked":["Deflect","Dodge and Roll"],"picked":"Calculated Gamble","floor":11.0},{"not_picked":["Bane","Sucker Punch"],"picked":"Blur","floor":13.0},{"not_picked":["Calculated Gamble","Crippling Poison","Underhanded Strike"],"picked":"SKIP","floor":14.0},{"not_picked":["Wraith Form v2","Unload"],"picked":"Phantasmal Killer","floor":16.0},{"not_picked":["PiercingWail","Skewer"],"picked":"Backflip","floor":18.0},{"not_picked":["Poisoned Stab","Concentrate","Quick Slash"],"picked":"SKIP","floor":19.0},{"not_picked":["Poisoned Stab","Concentrate","Quick Slash"],"picked":"SKIP","floor":19.0},{"not_picked":["Poisoned Stab","Quick Slash"],"picked":"Concentrate","floor":19.0},{"not_picked":["Underhanded Strike","Flying Knee"],"picked":"Deflect","floor":25},{"not_picked":["PiercingWail","Dodge and Roll","Outmaneuver"],"picked":"SKIP","floor":28},{"not_picked":["PiercingWail","Outmaneuver"],"picked":"Dodge and Roll","floor":28},{"not_picked":["Masterful Stab","Accuracy","All Out Attack"],"picked":"SKIP","floor":31}],"player_experience":101638,"relics_obtained":[{"floor":6.0,"key":"Regal Pillow"},{"floor":9.0,"key":"Art of War"},{"floor":24.0,"key":"Lantern"},{"floor":25,"key":"Meat on the Bone"},{"floor":26,"key":"Old Coin"}],"event_choices":[{"damage_healed":0.0,"max_hp_gain":0.0,"max_hp_loss":0.0,"gold_gain":0.0,"event_name":"Scrap Ooze","player_choice":"Success","floor":3.0,"gold_loss":0.0,"damage_taken":11.0,"relics_obtained":["Shuriken"]},{"cards_removed":["Strike_G"],"damage_healed":0.0,"max_hp_gain":0.0,"max_hp_loss":0.0,"gold_gain":0.0,"event_name":"Purifier","player_choice":"Purged","floor":7.0,"gold_loss":0.0,"damage_taken":0.0},{"damage_healed":0.0,"max_hp_gain":0.0,"max_hp_loss":0.0,"gold_gain":0.0,"event_name":"Cursed Tome","player_choice":"Ignored","floor":20.0,"gold_loss":0.0,"damage_taken":0.0},{"damage_healed":0.0,"max_hp_gain":0.0,"max_hp_loss":0.0,"gold_gain":0.0,"event_name":"Ghosts","player_choice":"Ignored","floor":22.0,"gold_loss":0.0,"damage_taken":0.0},{"damage_healed":0,"gold_gain":0,"player_choice":"Read","damage_taken":0,"max_hp_gain":0,"max_hp_loss":0,"event_name":"The Library","floor":29,"gold_loss":0,"cards_obtained":["Footwork"]}],"is_beta":false,"boss_relics":[{"not_picked":["Busted Crown","Calling Bell"],"picked":"Astrolabe"}],"items_purged_floors":[12,21],"is_endless":false,"potions_floor_spawned":[1,5,11,13,14,18,31],"killed_by":"Collector","ascension_level":20}}