{"host":"4id8injl4bo2b6ih","time":1608434760,"event":{"mods":["Act Like it!","BaseMod","Better Third Choice","Colored Map","Downfall","Friendly Minions","Highlight Path","Luminous","Minty Spire (QoL Compilation)","Robot Space Explorer","Shop Mod","Spicy Shops","StSLib"],"gold_per_floor":[99,116,146,146,157,157,226,244,94,121,141,157,168,184,204,299,349,349,367,393,393,393,407,407,422,433,467,317,328,340,358,374,471,471,471,489,520,520,553,566,566,566,578,578,597,46,61,78,92,92],"floor_reached":51,"playtime":6720,"items_purged":[],"score":771,"play_id":"6d5cdbba-38a5-4050-875a-961de42967f2","local_time":"20201220042600","is_ascension_mode":false,"campfire_choices":[{"data":"Guardian:TwinSlam","floor":1.0,"key":"SMITH"},{"data":"Guardian:ArmoredProtocol","floor":4.0,"key":"SMITH"},{"floor":6.0,"key":"RECALL"},{"data":"Guardian:PrismaticBarrier","floor":9.0,"key":"SMITH"},{"data":"Guardian:DecasProtection","floor":18.0,"key":"SMITH"},{"data":"Guardian:DecasProtection","floor":21.0,"key":"SMITH"},{"data":"Guardian:FloatingOrbs","floor":35.0,"key":"SMITH"},{"data":"Guardian:PiercingHide","floor":42,"key":"SMITH"},{"floor":44,"key":"REST"}],"circlet_count":0,"master_deck":["Guardian:Strike_Guardian","Guardian:Strike_Guardian","Guardian:Strike_Guardian","Guardian:Strike_Guardian","Guardian:Defend_Guardian","Guardian:Defend_Guardian","Guardian:Defend_Guardian+1","Guardian:Defend_Guardian","Guardian:CurlUp","Guardian:TwinSlam+1","Guardian:PrismaticBarrier+1","Guardian:ArmoredProtocol+1","Guardian:ExploitGems","Guardian:FloatingOrbs+1","Guardian:ShieldSpikes","Guardian:PiercingHide","Guardian:DecasProtection+1","Guardian:DecasProtection+1","Guardian:RevengeProtocol","Guardian:Planning+1","Guardian:PiercingHide+1","Guardian:Preprogram+1","Guardian:BronzeOrb","Guardian:Suspension+1","Guardian:Gem_Blue","Guardian:StasisStrike","Guardian:ArmoredProtocol","Guardian:ArmoredProtocol","Guardian:Repulse","Guardian:ChargeUp","Guardian:Gem_Red","Guardian:TimeCapacitor"],"relics":["Guardian:ModeShifter","Boot","downfall:HeartBlessingRed","downfall:HeartBlessingBlue","Omamori","Tiny House","Orichalcum","The Courier","Gremlin Horn","Smiling Mask","Cursed Key","Blue Candle","Potion Belt","Shovel","Bronze Scales","Blood Vial","Pen Nib"],"acts_visited":["TheCity","TheBeyond"],"potions_floor_usage":[45,50,50],"damage_taken":[{"damage":5.0,"enemies":"Cultist","floor":2.0,"turns":5.0},{"damage":32.0,"enemies":"3 Sentries","floor":3.0,"turns":11.0},{"damage":1.0,"enemies":"Jaw Worm","floor":5.0,"turns":5.0},{"damage":0.0,"enemies":"Small Slimes","floor":8.0,"turns":3.0},{"damage":9.0,"enemies":"Lagavulin","floor":10.0,"turns":7.0},{"damage":0.0,"enemies":"Exordium Wildlife","floor":11.0,"turns":4.0},{"damage":9.0,"enemies":"Gremlin Gang","floor":12.0,"turns":4.0},{"damage":2.0,"enemies":"Exordium Thugs","floor":13.0,"turns":5.0},{"damage":0.0,"enemies":"Large Slime","floor":14.0,"turns":6.0},{"damage":1.0,"enemies":"Lots of Slimes","floor":15.0,"turns":5.0},{"damage":5.0,"enemies":"downfall:Ironclad","floor":16.0,"turns":12.0},{"damage":2.0,"enemies":"Spheric Guardian","floor":19.0,"turns":6.0},{"damage":14.0,"enemies":"Gremlin Leader","floor":20.0,"turns":8.0},{"damage":0.0,"enemies":"3 Byrds","floor":23.0,"turns":5.0},{"damage":0.0,"enemies":"Centurion and Healer","floor":25.0,"turns":8.0},{"damage":15.0,"enemies":"Snecko","floor":26.0,"turns":9.0},{"damage":8.0,"enemies":"Slavers","floor":27.0,"turns":6.0},{"damage":6.0,"enemies":"3 Cultists","floor":29.0,"turns":6.0},{"damage":22.0,"enemies":"Snake Plant","floor":30.0,"turns":7.0},{"damage":0.0,"enemies":"Cultist and Chosen","floor":31.0,"turns":5.0},{"damage":0.0,"enemies":"Shelled Parasite and Fungi","floor":32.0,"turns":7.0},{"damage":38.0,"enemies":"downfall:Watcher","floor":33.0,"turns":15.0},{"damage":0.0,"enemies":"3 Shapes","floor":36.0,"turns":5.0},{"damage":46.0,"enemies":"Reptomancer","floor":37.0,"turns":7.0},{"damage":24,"enemies":"Giant Head","floor":39,"turns":10},{"damage":0,"enemies":"Orb Walker","floor":40,"turns":4},{"damage":0,"enemies":"Transient","floor":43,"turns":5},{"damage":0,"enemies":"Jaw Worm Horde","floor":45,"turns":5},{"damage":0,"enemies":"downfall:FleeingMerchant","floor":46,"turns":4},{"damage":19,"enemies":"Writhing Mass","floor":47,"turns":6},{"damage":10,"enemies":"Maw","floor":48,"turns":8},{"damage":5,"enemies":"Jaw Worm Horde","floor":49,"turns":5},{"damage":18,"enemies":"downfall:Silent","floor":50,"turns":10}],"seed_played":"4490878107460534566","potions_obtained":[{"floor":10.0,"key":"Guardian:DefensiveModePotion"},{"floor":11.0,"key":"Guardian:BlockOnCardUsePotion"},{"floor":13.0,"key":"SteroidPotion"},{"floor":15.0,"key":"GamblersBrew"},{"floor":16.0,"key":"Regen Potion"},{"floor":17.0,"key":"Fruit Juice"},{"floor":23.0,"key":"LiquidMemories"},{"floor":29.0,"key":"Guardian:BlockOnCardUsePotion"},{"floor":31.0,"key":"Guardian:StasisDiscoveryPotion"},{"floor":39,"key":"Fire Potion"},{"floor":43,"key":"sneckomod:MuddlingPotion"},{"floor":47,"key":"Strength Potion"},{"floor":48,"key":"Fire Potion"}],"is_trial":false,"path_per_floor":["R","M","E","R","M","R","T","M","R","E","M","M","M","M","M","B",null,"R","M","E","R","?","M","T","M","M","E","?","M","M","M","M","B",null,"R","M","E","?","E","M","T","R","M","R","M","$","M","M","M","B",null],"character_chosen":"GUARDIAN","items_purchased":["Bronze Scales","Blood Vial","Pen Nib","Guardian:ArmoredProtocol","Guardian:ArmoredProtocol","Guardian:Repulse"],"campfire_rested":1,"item_purchase_floors":[46,46,46,46,46,46],"current_hp_per_floor":[80,75,43,43,42,42,42,42,52,43,43,34,32,32,31,26,95,95,93,79,79,79,84,84,84,69,61,110,104,82,82,82,44,110,110,110,64,64,40,40,40,40,40,73,73,73,56,48,45,29],"gold":92,"neow_bonus":"THREE_CARDS","is_daily":false,"chose_seed":false,"campfire_upgraded":7,"win_rate":0.0,"timestamp":1608434760,"path_taken":["R","M","E","R","M","R","T","M","R","E","M","M","M","M","M","BOSS","R","M","E","R","?","M","T","M","M","E","?","?","M","M","M","BOSS","R","M","E","?","E","M","T","R","M","R","M","?","?","M","M","BOSS"],"items_purchased_type":["Relic","Relic","Relic","Card","Card","Card"],"build_version":"2020-12-13","purchased_purges":0,"victory":true,"max_hp_per_floor":[80,80,80,80,80,80,80,80,90,90,90,90,90,90,90,90,95,95,95,95,95,95,100,100,100,100,100,110,110,110,110,110,110,110,110,110,110,110,110,110,110,110,110,110,110,110,110,110,110,110],"card_choices":[{"not_picked":["Guardian:GuardianWhirl","Guardian:WalkerClaw"],"picked":"Guardian:PrismaticBarrier","floor":0.0},{"not_picked":["Guardian:Gem_Red","Guardian:Incinerate"],"picked":"Guardian:ArmoredProtocol","floor":2.0},{"not_picked":["Guardian:BronzeOrb","Guardian:Gem_Red"],"picked":"Guardian:ExploitGems","floor":3.0},{"not_picked":["Guardian:ChargeCore","Guardian:WalkerClaw","Guardian:RollAttack"],"picked":"SKIP","floor":5.0},{"not_picked":["Guardian:WalkerClaw","Guardian:VentSteam"],"picked":"Guardian:FloatingOrbs","floor":8.0},{"not_picked":["Guardian:GuardianWhirl","Guardian:PrismaticBarrier"],"picked":"Guardian:ShieldSpikes","floor":10.0},{"not_picked":["Guardian:Incinerate","Guardian:CrystalBeam"],"picked":"Guardian:PiercingHide","floor":11.0},{"not_picked":["Guardian:ConstructionForm","Guardian:Gem_Lightblue"],"picked":"Guardian:Gem_Cyan","floor":12.0},{"not_picked":["Guardian:PrismaticBeam","Guardian:RollAttack"],"picked":"Guardian:Gem_Green","floor":13.0},{"not_picked":["Guardian:TemporalStrike","Guardian:Gem_Red"],"picked":"Guardian:DecasProtection","floor":14.0},{"not_picked":["Guardian:VentSteam","Guardian:ShieldSpikes"],"picked":"Guardian:DecasProtection","floor":15.0},{"not_picked":["Guardian:FastForward","Guardian:TimeSifter"],"picked":"Guardian:RevengeProtocol","floor":16.0},{"not_picked":["Guardian:TemporalStrike","Guardian:Planning"],"picked":"Guardian:Gem_Green","floor":17.0},{"not_picked":["Guardian:ShieldCharger+1","Guardian:TemporalStrike+1"],"picked":"Guardian:Gem_Lightblue","floor":19.0},{"not_picked":["Guardian:Suspension","Guardian:WalkerClaw"],"picked":"Guardian:Gem_Green","floor":20.0},{"not_picked":["Guardian:FierceBash","Guardian:MultiBeam"],"picked":"Guardian:Gem_Red","floor":23.0},{"not_picked":["Guardian:Incinerate","Guardian:GuardianWhirl+1"],"picked":"Guardian:Planning+1","floor":25.0},{"not_picked":["Guardian:Gem_Lightblue","Guardian:Planning"],"picked":"Guardian:Gem_Crimson","floor":26.0},{"not_picked":["Guardian:PrismaticBarrier+1","Guardian:Preprogram+1"],"picked":"Guardian:Gem_White","floor":27.0},{"not_picked":["Guardian:Reroute","Guardian:Recover+1"],"picked":"Guardian:Gem_Lightblue","floor":29.0},{"not_picked":["Guardian:Incinerate","Guardian:Gem_White"],"picked":"Guardian:Gem_Purple","floor":30.0},{"not_picked":["Guardian:TemporalStrike","Guardian:PrismaticBarrier","Guardian:ChargeCore"],"picked":"SKIP","floor":31.0},{"not_picked":["Guardian:RollAttack","Guardian:Reroute"],"picked":"Guardian:PiercingHide","floor":32.0},{"not_picked":["Guardian:RevengeProtocol","Guardian:TimeSifter"],"picked":"Guardian:Gem_Synthetic","floor":33.0},{"not_picked":["Guardian:WalkerClaw+1","Guardian:Incinerate"],"picked":"Guardian:Preprogram+1","floor":36.0},{"not_picked":["Guardian:TimeCapacitor","Guardian:PrimingBeam"],"picked":"Guardian:BronzeOrb","floor":37.0},{"not_picked":["Guardian:VentSteam","Guardian:Reroute+1"],"picked":"Guardian:Suspension+1","floor":39},{"not_picked":["Guardian:Incinerate","Guardian:ShieldCharger"],"picked":"Guardian:Gem_Crimson","floor":40},{"not_picked":["Guardian:TemporalStrike","Guardian:Reroute","Guardian:Suspension+1"],"picked":"SKIP","floor":43},{"not_picked":["Guardian:Reroute","Guardian:Gem_Red"],"picked":"Guardian:Gem_Blue","floor":45},{"not_picked":["Guardian:RollAttack","Guardian:TemporalStrike"],"picked":"Guardian:StasisStrike","floor":46},{"not_picked":["Guardian:PiercingHide","Guardian:Gem_Green"],"picked":"Guardian:ChargeUp","floor":47},{"not_picked":["Guardian:Planning+1","Guardian:Gem_Green"],"picked":"Guardian:Gem_Red","floor":48},{"not_picked":["Guardian:Recover+1","Guardian:CrystalBeam"],"picked":"Guardian:TimeCapacitor","floor":49}],"player_experience":344860,"relics_obtained":[{"floor":3.0,"key":"Boot"},{"floor":10.0,"key":"Omamori"},{"floor":20.0,"key":"Orichalcum"},{"floor":24.0,"key":"Gremlin Horn"},{"floor":27.0,"key":"Smiling Mask"},{"floor":37.0,"key":"Blue Candle"},{"floor":39,"key":"Potion Belt"},{"floor":41,"key":"Shovel"}],"event_choices":[{"damage_healed":0.0,"max_hp_gain":0.0,"max_hp_loss":0.0,"gold_gain":0.0,"event_name":"NoteForYourself","player_choice":"Ignored","floor":38.0,"gold_loss":0.0,"damage_taken":0.0}],"is_beta":false,"boss_relics":[{"not_picked":["Astrolabe","Runic Dome"],"picked":"Tiny House"},{"not_picked":["Empty Cage","Busted Crown"],"picked":"Cursed Key"}],"items_purged_floors":[],"is_endless":false,"potions_floor_spawned":[10,11,13,15,16,20,23,29,30,31,33,39,43,47,48,49],"ascension_level":0}}