{"host":"xnqz5xrogo3hmjp9","time":1608475639,"event":{"mods":["ATMod(°¢èªMod)","AchievementEnabler","BaseMod","Better Third Choice","BetterRewards","Colored Map","Colored Powertips","Conspire","Downfall","GifTheSpireLib","Hermit","Infinite Spire","KinomotoSakuraMod(Ä¾Ö®±¾Ó£)","Marisa£¨ìFÓê¡¡Ä§ÀíÉ³£©","Marked Mod","Minty Spire (QoL Compilation)","Quick Restart","Relic Stats","Remilia£¨ÀÙÃ×ÀòÑÇ£©","Replay The Spire","Shop Mod","Spicy Shops","StSLib","SuperFastMode","The Mystic","The Senshi","Yuri Mod"],"gold_per_floor":[109,125,143,157,175,175,175],"floor_reached":6,"playtime":906,"items_purged":[],"score":40,"play_id":"44593911-14cf-4448-8419-14095f1d8dc9","local_time":"20201220224719","is_ascension_mode":false,"campfire_choices":[],"circlet_count":0,"master_deck":["hermit:Strike_Hermit","hermit:Strike_Hermit","hermit:Strike_Hermit","hermit:Strike_Hermit","hermit:Defend_Hermit","hermit:Defend_Hermit","hermit:Defend_Hermit","hermit:Defend_Hermit","hermit:Snapshot","hermit:Covet","hermit:FullyLoaded","hermit:WideOpen","hermit:BigShot","hermit:GhostlyPresence","hermit:FatalDesire"],"relics":["hermit:Momento","AT_ATBox"],"acts_visited":["Exordium"],"potions_floor_usage":[],"damage_taken":[{"damage":4,"enemies":"conspire:RoseBush","floor":1,"turns":4},{"damage":7,"enemies":"2 Louse","floor":2,"turns":3},{"damage":1,"enemies":"Cultist","floor":3,"turns":4},{"damage":8,"enemies":"Red Slaver","floor":4,"turns":5},{"damage":6,"enemies":"3 Louse","floor":5,"turns":4},{"damage":63,"enemies":"3 Sentries","floor":6,"turns":12}],"seed_played":"2295380716410334501","potions_obtained":[{"floor":2,"key":"Energy Potion"},{"floor":4,"key":"Strength Potion"},{"floor":5,"key":"Energy Potion"}],"is_trial":false,"path_per_floor":["M","M","M","M","M","E"],"character_chosen":"HERMIT","items_purchased":[],"campfire_rested":0,"item_purchase_floors":[],"current_hp_per_floor":[78,71,70,62,56,0,0],"gold":175,"neow_bonus":"TEN_PERCENT_HP_BONUS","is_daily":false,"chose_seed":false,"campfire_upgraded":0,"win_rate":0.0,"timestamp":1608475639,"path_taken":["M","M","M","M","M","E"],"items_purchased_type":[],"build_version":"2020-12-13","purchased_purges":0,"victory":false,"max_hp_per_floor":[82,82,82,82,82,82,82],"relic_stats":{"counters":[6,32],"obtain_stats":[{"AT_ATBox":0,"hermit:Momento":0},{"AT_ATBox":0,"hermit:Momento":0},{"AT_ATBox":0,"hermit:Momento":0}]},"card_choices":[{"not_picked":["hermit:TrackingShot","hermit:Manifest"],"picked":"hermit:FullyLoaded","floor":1},{"not_picked":["hermit:LowProfile","hermit:Dive"],"picked":"hermit:WideOpen","floor":2},{"not_picked":["hermit:LowProfile","hermit:Headshot"],"picked":"hermit:BigShot","floor":3},{"not_picked":["hermit:WideOpen","hermit:TrackingShot"],"picked":"hermit:GhostlyPresence","floor":4},{"not_picked":["hermit:SprayPray","hermit:Misfire"],"picked":"hermit:FatalDesire","floor":5}],"player_experience":92158,"relics_obtained":[],"event_choices":[],"is_beta":false,"boss_relics":[],"items_purged_floors":[],"is_endless":false,"potions_floor_spawned":[2,4,5],"killed_by":"3 Sentries","ascension_level":0}}