{"host":"an6uhul3yec8m0jh","time":1608437810,"event":{"mods":["ATMod(°¢èªMod)","Act Like it!","BaseMod","Colored Map","Colored Powertips","Gensokyo","Highlight Path","Minty Spire (QoL Compilation)","Quick Restart","StSLib","Waifu the Spire","noobMod"],"gold_per_floor":[113,8,18,18,118,144,144,157,157,43,43,60,84,102,102,200,200,245,245,0,483,483,536,536,74,101,187,48,102,102,52,52,204,204,345,390,426,426,376,376,1291,1291,1315,894,894,933,971,1009,1009,1259,1259,1259,900,1179,1304],"floor_reached":56,"playtime":2948,"items_purged":["Strike_R","Strike_R","Strike_R","Whirlwind","Defend_R","Defend_R"],"score":1811,"play_id":"3b74154b-235f-4543-a3c3-5a14698da593","local_time":"20201220121650","is_ascension_mode":true,"campfire_choices":[{"data":"AT_BodySlamDance","floor":7.0,"key":"SMITH"},{"data":"AT_ShrugMaster","floor":15.0,"key":"SMITH"},{"data":"AT_BodySlamDance","floor":32.0,"key":"SMITH"},{"data":"Gensokyo:ShootingStar","floor":40.0,"key":"SMITH"},{"data":"Power Through","floor":42.0,"key":"SMITH"},{"floor":49.0,"key":"RECALL"},{"data":"Pummel","floor":52.0,"key":"PURGE"}],"circlet_count":0,"master_deck":["Strike_R+1","Defend_R+1","Defend_R","AT_BodySlamDance+1","Second Wind","AT_CaressingTears","Feel No Pain+1","AT_ShrugMaster+1","Pommel Strike","CurseOfTheBell","Entrench+1","Power Through+1","Dark Embrace+1","Evolve","AT_BodySlamDance+1","Spot Weakness","Gensokyo:ShootingStar+1","AT_Dispersion","Corruption+1","Feed+1","Infernal Blade+1","Shockwave+1","Battle Trance+1","Power Through+1","AT_GerminateFire+1"],"relics":["Burning Blood","ice","AT_ATBox","NeowsBlessing","Gensokyo:OccultBall","Peace Pipe","Turnip","Happy Flower","Akabeko","Calling Bell","AT_MibuBalloonWealth","AT_GuinsooRageblade","Prayer Wheel","Gensokyo:RedStar","Gensokyo:MosesMiracle","Red Skull","Paper Frog","AT_Manta","Bag of Preparation","Smiling Mask","Astrolabe","Bronze Scales","Membership Card","Bag of Marbles","AT_TheCollector","Regal Pillow","AT_SilvercatRing","Lee\u0027s Waffle","AT_BellDemon","InkBottle"],"acts_visited":["Gensokyo:Gensokyo","Gensokyo:Gensokyoer","TheBeyond","TheEnding"],"potions_floor_usage":[55,55,55],"damage_taken":[{"damage":0.0,"enemies":"Gensokyo:Python","floor":1.0,"turns":1.0},{"damage":0.0,"enemies":"Gensokyo:3_Fairies","floor":3.0,"turns":2.0},{"damage":2.0,"enemies":"Gensokyo:Mamizou","floor":6.0,"turns":3.0},{"damage":4.0,"enemies":"Gensokyo:2_Kodama","floor":8.0,"turns":4.0},{"damage":9.0,"enemies":"Gensokyo:VengefulSpirit","floor":12.0,"turns":4.0},{"damage":0.0,"enemies":"Gensokyo:LivingMonolith","floor":14.0,"turns":2.0},{"damage":0.0,"enemies":"Gensokyo:Yukari","floor":16.0,"turns":7.0},{"damage":9.0,"enemies":"Gensokyo:CosmicMonolith","floor":18.0,"turns":4.0},{"damage":39.0,"enemies":"Gensokyo:3_Dogs","floor":21.0,"turns":1.0},{"damage":11.0,"enemies":"Gensokyo:Koishi","floor":23.0,"turns":4.0},{"damage":0.0,"enemies":"Gensokyo:3_Gloops","floor":27.0,"turns":4.0},{"damage":0.0,"enemies":"Gensokyo:Tenshi","floor":29.0,"turns":1.0},{"damage":1.0,"enemies":"Gensokyo:Eiki","floor":33.0,"turns":3.0},{"damage":18.0,"enemies":"3 Darklings","floor":35.0,"turns":3.0},{"damage":0.0,"enemies":"Orb Walker","floor":36.0,"turns":1.0},{"damage":0.0,"enemies":"Maw","floor":37.0,"turns":4.0},{"damage":71.0,"enemies":"Reptomancer","floor":41.0,"turns":3.0},{"damage":0.0,"enemies":"Spire Growth","floor":46.0,"turns":1.0},{"damage":0.0,"enemies":"Writhing Mass","floor":47.0,"turns":1.0},{"damage":0.0,"enemies":"Maw","floor":48.0,"turns":2.0},{"damage":0.0,"enemies":"Donu and Deca","floor":50.0,"turns":1.0},{"damage":9.0,"enemies":"Shield and Spear","floor":54.0,"turns":3.0},{"damage":11,"enemies":"The Heart","floor":55,"turns":4}],"seed_played":"8131494791325259604","potions_obtained":[{"floor":1.0,"key":"EssenceOfSteel"},{"floor":3.0,"key":"Dexterity Potion"},{"floor":12.0,"key":"PowerPotion"},{"floor":27.0,"key":"SmokeBomb"},{"floor":29.0,"key":"ElixirPotion"},{"floor":35.0,"key":"SkillPotion"},{"floor":37.0,"key":"SkillPotion"},{"floor":54.0,"key":"PowerPotion"}],"is_trial":false,"path_per_floor":["M","$","M","?","?","E","R","M","T","$","?","M","T","M","R","B",null,"M","?","?","M","?","E","T","$","T","M","$","E","?","$","R","B",null,"M","M","M","?","$","R","E","R","T","$","T","M","M","M","R","B",null,"R","$","E","B",null],"character_chosen":"IRONCLAD","items_purchased":["AT_CaressingTears","Feel No Pain","AT_ShrugMaster","AT_Manta","Evolve","Brutality","Membership Card","Bag of Marbles","AT_TheCollector","AT_SilvercatRing","Lee\u0027s Waffle","AT_GerminateFire","AT_BellDemon"],"campfire_rested":0,"item_purchase_floors":[2,2,10,25,25,28,44,44,44,53,53,53,53],"current_hp_per_floor":[80,80,80,80,80,80,80,80,80,80,80,77,77,80,80,80,80,78,78,78,45,45,44,44,44,44,53,53,59,59,59,59,80,80,68,74,80,80,80,80,80,80,80,80,80,80,80,80,80,80,80,80,87,87,87],"gold":1304,"neow_bonus":"THREE_ENEMY_KILL","is_daily":false,"chose_seed":false,"campfire_upgraded":5,"win_rate":0.0,"timestamp":1608437810,"path_taken":["M","$","M","?","?","E","R","M","T","$","?","?","?","M","R","BOSS","M","?","?","?","?","E","?","?","T","?","$","E","?","?","R","BOSS","M","M","M","?","$","R","E","R","T","$","?","M","M","M","R","BOSS","R","$","E","BOSS"],"items_purchased_type":["Card","Card","Card","Relic","Card","Card","Relic","Relic","Relic","Relic","Relic","Card","Relic"],"build_version":"2020-12-13","purchased_purges":6,"victory":true,"max_hp_per_floor":[80,80,80,80,80,80,80,80,80,80,80,80,80,80,80,80,80,80,80,80,80,80,80,80,80,80,80,80,80,80,80,80,80,80,80,80,80,80,80,80,80,80,80,80,80,80,80,80,80,80,80,80,87,87,87],"card_choices":[{"not_picked":["True Grit","Flex"],"picked":"Second Wind","floor":1.0},{"not_picked":["AT_GerminateFire","Metallicize"],"picked":"AT_DiedThrough","floor":3.0},{"not_picked":["Iron Wave","Headbutt","Heavy Blade"],"picked":"SKIP","floor":6.0},{"not_picked":["Havoc","Iron Wave"],"picked":"Whirlwind","floor":8.0},{"not_picked":["Headbutt","Infernal Blade"],"picked":"Wild Strike","floor":12.0},{"not_picked":["Dual Wield","Fire Breathing"],"picked":"Pommel Strike","floor":14.0},{"not_picked":["Disarm+1","Whirlwind"],"picked":"Entrench+1","floor":18.0},{"not_picked":["True Grit","Infernal Blade+1","Searing Blow+1"],"picked":"SKIP","floor":18.0},{"not_picked":["Searing Blow","Wild Strike"],"picked":"Rupture","floor":21.0},{"not_picked":["Pommel Strike","Ghostly Armor"],"picked":"Power Through","floor":21.0},{"not_picked":["Disarm","Dual Wield"],"picked":"Dark Embrace+1","floor":23.0},{"not_picked":["Berserk","True Grit"],"picked":"AT_BodySlamDance","floor":27.0},{"not_picked":["Anger","Shrug It Off+1","Blood for Blood"],"picked":"SKIP","floor":27.0},{"not_picked":["Sword Boomerang","True Grit"],"picked":"Spot Weakness","floor":29.0},{"not_picked":[],"picked":"Gensokyo:ShootingStar","floor":33.0},{"not_picked":["Juggernaut","Exhume"],"picked":"AT_Dispersion","floor":33.0},{"not_picked":["AT_IchimonjiDouble","AT_DrawKnifeCut"],"picked":"Shockwave+1","floor":35.0},{"not_picked":["Uppercut+1","True Grit","Wild Strike"],"picked":"SKIP","floor":35.0},{"not_picked":["Uppercut+1","True Grit","Wild Strike"],"picked":"SKIP","floor":35.0},{"not_picked":["Juggernaut","Armaments"],"picked":"Pummel","floor":36.0},{"not_picked":["Flex+1","Perfected Strike+1","Shrug It Off"],"picked":"SKIP","floor":36.0},{"not_picked":["Shockwave","Anger"],"picked":"Battle Trance+1","floor":37.0},{"not_picked":["Battle Trance","AT_IchimonjiDouble+1","Reckless Charge"],"picked":"SKIP","floor":37.0},{"not_picked":["Evolve+1","Pommel Strike+1","Disarm+1"],"picked":"SKIP","floor":41.0},{"not_picked":["Flex","Headbutt","Infernal Blade+1"],"picked":"SKIP","floor":46.0},{"not_picked":["Intimidate+1","Pommel Strike+1","Bloodletting"],"picked":"SKIP","floor":46.0},{"not_picked":["Shrug It Off","Clash+1"],"picked":"Power Through+1","floor":47.0},{"not_picked":["AT_DrawKnifeCut","Hemokinesis","Havoc+1"],"picked":"SKIP","floor":47.0},{"not_picked":["Pommel Strike","Clash+1","Wild Strike"],"picked":"SKIP","floor":48.0},{"not_picked":["Body Slam","Spot Weakness+1","Flex"],"picked":"SKIP","floor":48.0},{"not_picked":["Armaments","Feed","AT_BodySlamDance"],"picked":"SKIP","floor":54.0}],"player_experience":121727,"relics_obtained":[{"floor":6.0,"key":"Peace Pipe"},{"floor":9.0,"key":"Turnip"},{"floor":13.0,"key":"Akabeko"},{"floor":14.0,"key":"Gensokyo:OccultBall"},{"floor":16.0,"key":"Gensokyo:OccultBall"},{"floor":17.0,"key":"AT_MibuBalloonWealth"},{"floor":17.0,"key":"AT_GuinsooRageblade"},{"floor":17.0,"key":"Prayer Wheel"},{"floor":23.0,"key":"Red Skull"},{"floor":24.0,"key":"Paper Frog"},{"floor":26.0,"key":"Bag of Preparation"},{"floor":29.0,"key":"Gensokyo:MosesMiracle"},{"floor":29.0,"key":"Smiling Mask"},{"floor":33.0,"key":"Gensokyo:OccultBall"},{"floor":41.0,"key":"Bronze Scales"},{"floor":45.0,"key":"Regal Pillow"},{"floor":54.0,"key":"InkBottle"}],"event_choices":[{"cards_removed":["Wild Strike"],"damage_healed":0.0,"max_hp_gain":0.0,"max_hp_loss":0.0,"gold_gain":0.0,"event_name":"Purifier","player_choice":"Purged","floor":38.0,"gold_loss":0.0,"damage_taken":0.0}],"is_beta":false,"boss_relics":[{"not_picked":["Mark of Pain","Coffee Dripper"],"picked":"Calling Bell"},{"not_picked":["Snecko Eye","Fusion Hammer"],"picked":"Astrolabe"}],"items_purged_floors":[10,25,31,39,44,53],"is_endless":false,"potions_floor_spawned":[1,3,12,27,29,35,37,54],"ascension_level":4}}