{"host":"fhq3k2nq5elnbks3","time":1608459414,"event":{"mods":["2.2 Compatiblity","AchievementEnabler","Act Like it!","AlwaysNeverKeys","BaseMod","Better Altar","Better Skull","Better Vampires","Better-Laid Plans","Block Reminder","CapriCore","Card Filter","CatGirl Mod","Chen","Colored Powertips","Displayed Cursed Tome","Eldritch Tears","Fiend Mod","Fireblade Mod","Friendly Minions","FutureSeer","Gensokyo","GifTheSpireLib","Gremlin Skip","Hermit","JesterMod","Koishi","Marisa????????","Minty Spire (QoL Compilation)","Onozuka Komachi Mod","Permanent Neow","QueenMod","Quick Restart","Reimu??????","Relic Filter","Remilia??????","Ruin Mod","Shop Mod","StSLib","SuperFastMode","The Administrix","The Cursed","The Fake Hero","The Forsaken","The Gatherer","The Immortal","The Necromancer","The Servant 0.9.4","Transform Curses","Uncapped","Unknown Chances","Wandering Minibosses"],"gold_per_floor":[210,221,232,20,49,49,109,109,132,132,132,132,170,170,170,170,170],"floor_reached":16,"playtime":1391,"items_purged":[],"score":100,"play_id":"2d9a62f4-9ecc-4e9c-9627-4512dee3dda0","local_time":"20201220041654","is_ascension_mode":false,"campfire_choices":[{"data":"WitchOfGreed","floor":6,"key":"SMITH"},{"data":"SprinkleStarSeal","floor":8,"key":"SMITH"},{"data":"UpSweep","floor":12,"key":"SMITH"},{"data":"MasterSpark","floor":15,"key":"SMITH"}],"circlet_count":0,"master_deck":["Strike_MRS","Strike_MRS","Strike_MRS","Strike_MRS","Defend_MRS","Defend_MRS","Defend_MRS","Defend_MRS","MasterSpark+1","UpSweep+1","SuperPerseids","WitchOfGreed+1","SprinkleStarSeal+1"],"relics":["MiniHakkero","MerchantsRug","Kunai","MealTicket"],"acts_visited":["Gensokyo:Gensokyo"],"potions_floor_usage":[7,16,16,16],"damage_taken":[{"damage":4,"enemies":"Gensokyo:Gryphon","floor":1,"turns":4},{"damage":0,"enemies":"Gensokyo:3_Fairies","floor":2,"turns":4},{"damage":1,"enemies":"Gensokyo:2_Kodama","floor":3,"turns":6},{"damage":25,"enemies":"Gensokyo:CorruptedTreant","floor":5,"turns":8},{"damage":22,"enemies":"Gensokyo:Cirno","floor":7,"turns":8},{"damage":7,"enemies":"Gensokyo:2_Rabbits","floor":13,"turns":6},{"damage":60,"enemies":"Gensokyo:Kokoro","floor":16,"turns":13}],"seed_played":"-4361794868161667004","potions_obtained":[{"floor":1,"key":"SteroidPotion"},{"floor":5,"key":"GrandPatriotsElixir:ReiMu"},{"floor":5,"key":"DuplicationPotion"},{"floor":7,"key":"Energy Potion"},{"floor":13,"key":"Energy Potion"}],"is_trial":false,"path_per_floor":["M","M","M","$","M","R","E","R","T","?","?","R","M","?","R","B"],"character_chosen":"MARISA","items_purchased":["MerchantsRug","SprinkleStarSeal"],"campfire_rested":0,"item_purchase_floors":[4,4],"current_hp_per_floor":[71,71,70,70,45,45,23,23,23,23,23,23,16,39,39,0,0],"gold":170,"neow_bonus":"HUNDRED_GOLD","is_daily":false,"chose_seed":false,"campfire_upgraded":4,"win_rate":0.0,"timestamp":1608459414,"path_taken":["M","M","M","$","M","R","E","R","T","?","?","R","M","?","R","BOSS"],"items_purchased_type":["Relic","Card"],"build_version":"2020-12-13","purchased_purges":0,"victory":false,"max_hp_per_floor":[75,75,75,75,75,75,75,75,75,75,75,75,75,75,75,75,75],"card_choices":[{"not_picked":["DC","GravityBeat"],"picked":"SuperPerseids","floor":1},{"not_picked":["OneTimeOff","WitchLeyline","LuminesStrike"],"picked":"SKIP","floor":2},{"not_picked":["IllusionStar","OpenUniverse"],"picked":"WitchOfGreed","floor":3},{"not_picked":["GalacticHalo","SporeBomb","GasGiant"],"picked":"SKIP","floor":5},{"not_picked":["WitchOfGreed","ChargingUp","Singularity"],"picked":"SKIP","floor":7},{"not_picked":["LuminesStrike","Singularity","DC"],"picked":"SKIP","floor":13}],"player_experience":278028,"relics_obtained":[{"floor":7,"key":"Kunai"},{"floor":9,"key":"MealTicket"}],"event_choices":[],"is_beta":false,"boss_relics":[],"items_purged_floors":[],"is_endless":false,"potions_floor_spawned":[1,5,13],"killed_by":"Gensokyo:Kokoro","ascension_level":0}}