{"host":"r6jigiblrojhp6xe","time":1608455486,"event":{"mods":["AchievementEnabler","BaseMod","DeckTracker","Minty Spire (QoL Compilation)","Quick Restart","Rare Cards Sparkle","Relic Stats","StSLib","SuperFastMode","The Cursed","everything is the same but u backflip on backflip"],"gold_per_floor":[112,37,37,60,60,60,86,86,156,166,179,213,229,71,71,147,147,157,57,75,93,104,104,104],"floor_reached":23,"playtime":513,"items_purged":["Strike_R","Strike_R","Strike_R"],"score":452,"play_id":"f93f28f7-b1fb-4fba-bd54-bbb0d54e3778","local_time":"20201220181126","is_ascension_mode":true,"campfire_choices":[{"data":"Defend_R","floor":6,"key":"SMITH"},{"data":"Cleave","floor":8,"key":"SMITH"},{"data":"Body Slam","floor":15,"key":"SMITH"}],"circlet_count":0,"master_deck":["AscendersBane","Strike_R","Strike_R+1","Defend_R+1","Defend_R+1","Defend_R","Defend_R","Bash+1","Cleave+1","Disarm","Body Slam+1","Offering","Flash of Steel","Barricade","True Grit"],"relics":["Burning Blood","NeowsBlessing","Bag of Preparation","Magic Flower","The Courier","Potion Belt","Philosopher\u0027s Stone"],"acts_visited":["Exordium","TheCity"],"potions_floor_usage":[12,13,16,22,23],"damage_taken":[{"damage":0,"enemies":"Cultist","floor":1,"turns":1},{"damage":0,"enemies":"Gremlin Nob","floor":7,"turns":1},{"damage":0,"enemies":"Jaw Worm","floor":10,"turns":1},{"damage":7,"enemies":"2 Louse","floor":11,"turns":3},{"damage":34,"enemies":"Lagavulin","floor":12,"turns":6},{"damage":2,"enemies":"Gremlin Gang","floor":13,"turns":3},{"damage":12,"enemies":"The Guardian","floor":16,"turns":12},{"damage":6,"enemies":"Chosen","floor":18,"turns":3},{"damage":14,"enemies":"2 Thieves","floor":20,"turns":2},{"damage":15,"enemies":"Centurion and Healer","floor":21,"turns":4},{"damage":58,"enemies":"Sentry and Sphere","floor":22,"turns":6},{"damage":7,"enemies":"Book of Stabbing","floor":23,"turns":5}],"seed_played":"8581474103834786849","potions_obtained":[{"floor":1,"key":"Energy Potion"},{"floor":7,"key":"ElixirPotion"},{"floor":13,"key":"FearPotion"},{"floor":16,"key":"AttackPotion"},{"floor":20,"key":"DistilledChaos"},{"floor":21,"key":"Weak Potion"}],"is_trial":false,"path_per_floor":["M","$","?","T","?","R","E","R","T","M","M","E","M","$","R","B",null,"M","$","M","M","M","E"],"character_chosen":"IRONCLAD","items_purchased":["Flash of Steel"],"campfire_rested":0,"item_purchase_floors":[14],"current_hp_per_floor":[74,74,51,51,51,51,57,57,57,66,68,43,50,50,50,47,68,71,71,66,60,11,4,4],"gold":104,"neow_bonus":"THREE_ENEMY_KILL","is_daily":false,"chose_seed":false,"campfire_upgraded":3,"win_rate":0.0,"timestamp":1608455486,"path_taken":["M","$","?","?","?","R","E","R","T","M","M","E","?","$","R","BOSS","M","$","M","M","M","E"],"items_purchased_type":["Card"],"build_version":"2020-12-13","purchased_purges":3,"victory":false,"max_hp_per_floor":[75,75,75,75,75,75,75,75,75,75,75,75,75,75,75,75,75,75,75,75,75,75,75,75],"relic_stats":{"counters":[12,47],"Magic Flower":[27],"Bag of Preparation":[22],"obtain_stats":[{"Potion Belt":12,"NeowsBlessing":0,"Magic Flower":7,"Philosopher\u0027s Stone":17,"The Courier":9,"Bag of Preparation":4,"Burning Blood":0},{"Potion Belt":5,"NeowsBlessing":0,"Magic Flower":2,"Philosopher\u0027s Stone":7,"The Courier":2,"Bag of Preparation":1,"Burning Blood":0},{"Potion Belt":12,"NeowsBlessing":0,"Magic Flower":2,"Philosopher\u0027s Stone":27,"The Courier":2,"Bag of Preparation":1,"Burning Blood":0}],"Burning Blood":93},"card_choices":[{"not_picked":["Spot Weakness","Twin Strike","Combust"],"picked":"SKIP","floor":1},{"not_picked":["Warcry","Seeing Red"],"picked":"Cleave","floor":7},{"not_picked":["Flex","Clothesline"],"picked":"Disarm","floor":10},{"not_picked":["Pommel Strike","Seeing Red"],"picked":"Body Slam","floor":11},{"not_picked":["Second Wind","Dual Wield","Perfected Strike"],"picked":"SKIP","floor":12},{"not_picked":["Dual Wield","Perfected Strike"],"picked":"Offering","floor":13},{"not_picked":["Dual Wield","Body Slam","Sword Boomerang"],"picked":"SKIP","floor":18},{"not_picked":["Twin Strike","Clash","Anger"],"picked":"SKIP","floor":20},{"not_picked":["Cleave","Wild Strike"],"picked":"Barricade","floor":21},{"not_picked":["Hemokinesis","Feel No Pain"],"picked":"True Grit","floor":22}],"player_experience":535816,"relics_obtained":[{"floor":4,"key":"Bag of Preparation"},{"floor":7,"key":"Magic Flower"},{"floor":9,"key":"The Courier"},{"floor":12,"key":"Potion Belt"}],"event_choices":[{"damage_healed":0,"gold_gain":0,"player_choice":"Entered Light","damage_taken":23,"max_hp_gain":0,"max_hp_loss":0,"event_name":"Shining Light","floor":3,"gold_loss":0,"cards_upgraded":["Defend_R","Strike_R"]},{"damage_healed":0,"gold_gain":0,"player_choice":"Forge","damage_taken":0,"max_hp_gain":0,"max_hp_loss":0,"event_name":"Accursed Blacksmith","floor":5,"gold_loss":0,"cards_upgraded":["Bash"]}],"is_beta":false,"boss_relics":[{"not_picked":["Snecko Eye","Runic Pyramid"],"picked":"Philosopher\u0027s Stone"}],"items_purged_floors":[2,14,19],"is_endless":false,"potions_floor_spawned":[1,7,13,16,20,21],"killed_by":"Book of Stabbing","ascension_level":20}}