{"host":"vh33hu3wddwn6yt6","time":1608484564,"event":{"mods":["AchievementEnabler","Act Like it!","Aspiration","BaseMod","Better Altar","Better Match","Better Note","Better Sensory Stone","Better Skull","Better Third Choice","BetterRewards","Downfall","Hubris","Infinite Spire","Minty Spire (QoL Compilation)","Permanent Neow","Replay The Spire","Shade Mod","Shop Mod","Spicy Shops","StSLib","SuperFastMode","The Blackbeard","The Necromancer","The Poker Player","The Servant 0.9.4","TheBandit","Wandering Minibosses"],"gold_per_floor":[113,113,188,198,123,158,158,176,203,203,221,253,253,278,278,385,385,417,417,452,452,481,481,516,516,516,516,564,591,620,580,580,694,694,721,748,748,766,792,792,833,833,903,964,989,1023,1023,1023,1023,1136,1136,1156,702,722,71,85,117,117,129,156,187,207,207,207,242,242,329,329,350,367,81,81,101,129,129,129,129,129,446,16,16,26,26,120,120,136,150,150,150,153,176,189,214,214,241,241,241,264,277,277,362,362,378,445,458,478,499,529,529,570,593,793,893,919,930,939,939,1032,1032,1055,1055,970,987,987,987,1020,973,1000,1000,1000,1000],"floor_reached":130,"playtime":3021,"items_purged":["Defend_W","Normality"],"score":3325,"play_id":"b81455f0-5140-4cad-8e35-e8281919692c","local_time":"20201220181604","is_ascension_mode":true,"campfire_choices":[{"floor":7.0,"key":"REST"},{"data":"Summon_Undead","floor":10.0,"key":"SMITH"},{"data":"Summon_Lich","floor":13.0,"key":"SMITH"},{"data":"Negative_Energy_Arrows","floor":15.0,"key":"SMITH"},{"data":"Grasp_Heart","floor":23.0,"key":"SMITH"},{"floor":25.0,"key":"RECALL"},{"data":"Negative_Energy_Mist","floor":32.0,"key":"SMITH"},{"data":"Negative_Energy_Mist","floor":40.0,"key":"SMITH"},{"data":"Negative_Energy_Sphere","floor":42.0,"key":"SMITH"},{"floor":49.0,"key":"REST"},{"data":"Summon_Lich","floor":58.0,"key":"SMITH"},{"data":"Summon_Lich","floor":63.0,"key":"SMITH"},{"data":"Negative_Energy_Javelin","floor":66.0,"key":"SMITH"},{"data":"Defend_W","floor":78.0,"key":"SMITH"},{"data":"Defend_W","floor":78.0,"key":"SMITH"},{"data":"Sadistic Nature","floor":81.0,"key":"SMITH"},{"data":"Strike_W","floor":81.0,"key":"SMITH"},{"floor":100.0,"key":"DIG"},{"data":"expansioncontent:Collect","floor":109.0,"key":"SMITH"},{"data":"Summon_Vampire_Lady","floor":109.0,"key":"SMITH"},{"floor":117.0,"key":"REST"},{"data":"Summon_Undead_Army","floor":125.0,"key":"SMITH"},{"data":"Summon_Death_Knight","floor":125.0,"key":"SMITH"}],"circlet_count":0,"master_deck":["Strike_W+1","Defend_W+1","Defend_W+1","Defend_W+1","Negative_Energy_Arrows+1","Bone_Wall+1","Summon_Lich+1","Summon_Undead+1","Grasp_Heart+1","Negative_Energy_Sphere+1","Negative_Energy_Javelin+1","Summon_Death_Knight+1","Negative_Energy_Mist+1","Summon_Undead_Army+1","Negative_Energy_Mist+1","Summon_Lich+1","Summon_Lich+1","Summon_Lich+1","Sadistic Nature+1","Summon_Vampire_Lady+1","expansioncontent:Collect+1","Negative_Energy_Sphere+1","Summon_Undead_Army+1","Summon_Death_Knight+1","Replay:SS_hec_2"],"relics":["Vampire_Amulet","Pantograph","Strange Spoon","War Paint","Replay:Baseball","hubris:64BitClover","Replay:Bandana","Empty Cage","Sozu","Bottled Flame","Nloth\u0027s Gift","Kunai","Blue Doll","Orichalcum","hubris:ScarierMask","PreservedInsect","Garlic","Incense Burner","aspiration:PoetsPen_weak","aspiration:ArtOfWarUpgrade","Black Star","ReplayTheSpireMod:Ninjato","aspiration:Lifesprig","hubris:BundleOfHerbs","BargainBundle","aspiration:HatOfInfinitePower","Singing Bowl","TheAbacus","ReplayTheSpireMod:TigerMarble","Omamori","Iron Hammer","infinitespire:Satchel","Sundial","hubris:EvacipatedBox","Philosopher\u0027s Stone","Busted Crown","Calling Bell","Runic Dome","MealTicket","hubris:Metronome","Pocketwatch","Replay:Arrowhead","MerchantsRug","aspiration:HummingbirdHeart","hubris:GlazedTorus","Du-Vu Doll","Pondfish Scales","hubris:Reverence","Replay:Rubber Ducky","Old Coin","Membership Card","hubris:Backtick","Mummified Hand","Replay:Ringing Soul","Juzu Bracelet","Question Card","infinitespire:WardingShard","Nunchaku","Vajra","ReplayTheSpireMod:Shallot","Dream Catcher","StrikeDummy","Molten Egg 2","Letter Opener","aspiration:SeaSaltIceCream","aspiration:Stabinomicon","Pen Nib","Counterbalance","Lizard Tail","Ancient Tea Set","Centennial Puzzle","ReplayTheSpireMod:Lightbulb","Quantum Egg","aspiration:FrozenJewel","infinitespire:Cupcake","Replay:Kaleidoscope","Happy Flower","Akabeko","Regal Pillow"],"acts_visited":["Exordium","TheCity","TheBeyond","Exordium","TheCity","TheBeyond","Exordium","TheCity"],"potions_floor_usage":[],"damage_taken":[{"damage":3.0,"enemies":"Small Slimes","floor":1.0,"turns":3.0},{"damage":5.0,"enemies":"Jaw Worm","floor":4.0,"turns":4.0},{"damage":13.0,"enemies":"3 Sentries","floor":6.0,"turns":5.0},{"damage":0.0,"enemies":"Cultist","floor":8.0,"turns":3.0},{"damage":6.0,"enemies":"Lots of Slimes","floor":11.0,"turns":2.0},{"damage":5.0,"enemies":"Lagavulin","floor":12.0,"turns":6.0},{"damage":0.0,"enemies":"3 Sentries","floor":14.0,"turns":3.0},{"damage":0.0,"enemies":"The Guardian","floor":16.0,"turns":8.0},{"damage":1.0,"enemies":"Spheric Guardian","floor":18.0,"turns":4.0},{"damage":10.0,"enemies":"Chosen","floor":20.0,"turns":3.0},{"damage":15.0,"enemies":"Snake Plant","floor":22.0,"turns":4.0},{"damage":14.0,"enemies":"Centurion and Healer","floor":24.0,"turns":4.0},{"damage":5.0,"enemies":"Nightmare","floor":28.0,"turns":7.0},{"damage":4.0,"enemies":"Sentry and Sphere","floor":30.0,"turns":4.0},{"damage":58.0,"enemies":"Automaton","floor":33.0,"turns":10.0},{"damage":3.0,"enemies":"3 Shapes","floor":35.0,"turns":3.0},{"damage":4.0,"enemies":"3 Darklings","floor":36.0,"turns":3.0},{"damage":27.0,"enemies":"Writhing Mass","floor":38.0,"turns":5.0},{"damage":0.0,"enemies":"Transient","floor":39.0,"turns":5.0},{"damage":10.0,"enemies":"Reptomancer","floor":41.0,"turns":5.0},{"damage":7.0,"enemies":"R_Hoarder","floor":44.0,"turns":6.0},{"damage":0.0,"enemies":"Sphere and 2 Shapes","floor":45.0,"turns":3.0},{"damage":33.0,"enemies":"Nemesis","floor":46.0,"turns":7.0},{"damage":25.0,"enemies":"Donu and Deca","floor":50.0,"turns":9.0},{"damage":0.0,"enemies":"Small Slimes","floor":52.0,"turns":1.0},{"damage":0.0,"enemies":"2 Louse","floor":54.0,"turns":1.0},{"damage":0.0,"enemies":"Cultist","floor":56.0,"turns":2.0},{"damage":0.0,"enemies":"Gremlin Nob","floor":57.0,"turns":2.0},{"damage":30.0,"enemies":"Nightmare","floor":59.0,"turns":7.0},{"damage":13.0,"enemies":"Gremlin Nob","floor":61.0,"turns":3.0},{"damage":0.0,"enemies":"Gremlin Gang","floor":62.0,"turns":1.0},{"damage":0.0,"enemies":"Lots of Slimes","floor":65.0,"turns":1.0},{"damage":34.0,"enemies":"Hexaghost","floor":67.0,"turns":6.0},{"damage":6.0,"enemies":"2 Thieves","floor":69.0,"turns":2.0},{"damage":3.0,"enemies":"3 Byrds","floor":70.0,"turns":2.0},{"damage":0.0,"enemies":"Centurion and Healer","floor":73.0,"turns":3.0},{"damage":0.0,"enemies":"Slavers","floor":74.0,"turns":2.0},{"damage":49.0,"enemies":"Nightmare","floor":79.0,"turns":6.0},{"damage":0.0,"enemies":"Shelled Parasite and Fungi","floor":82.0,"turns":2.0},{"damage":0.0,"enemies":"Automaton","floor":84.0,"turns":4.0},{"damage":0.0,"enemies":"Orb Walker","floor":86.0,"turns":2.0},{"damage":0.0,"enemies":"3 Darklings","floor":87.0,"turns":3.0},{"damage":0.0,"enemies":"Writhing Mass","floor":90.0,"turns":5.0},{"damage":0.0,"enemies":"Reptomancer","floor":91.0,"turns":4.0},{"damage":0.0,"enemies":"Sphere and 2 Shapes","floor":92.0,"turns":2.0},{"damage":0.0,"enemies":"R_Hoarder","floor":93.0,"turns":4.0},{"damage":0.0,"enemies":"Nemesis","floor":95.0,"turns":3.0},{"damage":11.0,"enemies":"Nightmare","floor":98.0,"turns":4.0},{"damage":0.0,"enemies":"Jaw Worm Horde","floor":99.0,"turns":2.0},{"damage":4.0,"enemies":"hubris:GrandSnecko","floor":101.0,"turns":6.0},{"damage":0.0,"enemies":"Small Slimes","floor":103.0,"turns":1.0},{"damage":0.0,"enemies":"3 Sentries","floor":104.0,"turns":2.0},{"damage":0.0,"enemies":"2 Louse","floor":105.0,"turns":1.0},{"damage":0.0,"enemies":"Jaw Worm","floor":106.0,"turns":1.0},{"damage":0.0,"enemies":"Red Slaver","floor":107.0,"turns":1.0},{"damage":0.0,"enemies":"3 Sentries","floor":108.0,"turns":2.0},{"damage":0.0,"enemies":"Gremlin Nob","floor":110.0,"turns":1.0},{"damage":0.0,"enemies":"Lagavulin","floor":114.0,"turns":2.0},{"damage":0.0,"enemies":"Exordium Wildlife","floor":115.0,"turns":1.0},{"damage":0.0,"enemies":"Looter","floor":116.0,"turns":2.0},{"damage":20.0,"enemies":"Hexaghost","floor":118.0,"turns":3.0},{"damage":0.0,"enemies":"2 Thieves","floor":120.0,"turns":1.0},{"damage":0.0,"enemies":"Spheric Guardian","floor":123.0,"turns":1.0},{"damage":0.0,"enemies":"Slavers","floor":126.0,"turns":2.0},{"damage":0,"enemies":"Book of Stabbing","floor":130,"turns":1}],"seed_played":"-6940764925871600787","potions_obtained":[{"floor":4.0,"key":"Energy Potion"},{"floor":6.0,"key":"Explosive Potion"},{"floor":12.0,"key":"DistilledChaos"}],"is_trial":false,"path_per_floor":["M","?","?","M","?","E","R","M","T","R","M","E","R","E","R","B",null,"M","T","M","AVR","M","R","M","R","T","?","NM","T","M","?","R","B",null,"M","M","?","M","M","R","E","R","T","E","M","E","AVR","?","R","B",null,"M","$","M","$","M","E","R","NM","T","E","M","R","$","M","R","B",null,"M","M","$","?","M","E","AVR","?","T","R","NM","$","R","M","R","B",null,"M","M","?","?","M","E","M","E","T","E","R","?","NM","M","R","B",null,"M","?","M","M","M","E","R","E","T","?","?","E","M","M","R","B",null,"M","?","?","M","?","R","E","$","T","?","E"],"character_chosen":"NECROMANCER","items_purchased":["Summon_Lich","Summon_Undead","Pantograph","Strange Spoon","aspiration:Lifesprig","hubris:BundleOfHerbs","BargainBundle","aspiration:HatOfInfinitePower","Singing Bowl","Summon_Lich+1","TheAbacus","hubris:EvacipatedBox","MerchantsRug","aspiration:HummingbirdHeart","Membership Card","Sadistic Nature","Replay:SS_hec_2"],"campfire_rested":3,"item_purchase_floors":[0,0,0,0,53,53,55,55,55,55,55,64,71,71,80,80,127],"current_hp_per_floor":[60,60,49,46,46,45,67,69,69,69,73,75,75,75,75,75,75,75,75,67,82,69,69,59,59,59,59,62,62,74,74,74,57,82,82,80,82,60,68,68,68,68,68,63,67,36,36,36,60,82,82,82,82,82,82,82,84,84,59,59,56,64,64,45,55,55,62,92,90,93,96,96,98,100,100,100,100,100,58,73,73,77,77,104,104,106,108,108,103,105,107,109,111,111,115,115,120,116,124,124,126,126,128,130,132,134,136,138,138,140,140,86,86,94,98,102,149,137,155,157,157,157,159,159,159,161,164,164,164,164,164],"gold":1000,"neow_bonus":"","is_daily":false,"chose_seed":false,"campfire_upgraded":18,"win_rate":0.0,"timestamp":1608484564,"path_taken":["M","?","?","M","?","E","R","M","T","R","?","E","R","E","R","BOSS","M","?","M","AVR","M","R","M","R","T","?","NM","?","M","?","R","BOSS","M","M","?","?","M","R","E","R","T","E","M","E","AVR","?","R","BOSS","M","$","M","$","M","E","R","NM","T","E","M","R","?","M","R","BOSS","M","?","$","?","M","E","AVR","?","T","R","NM","$","R","M","R","BOSS","M","M","?","?","M","E","M","E","T","E","R","?","NM","M","R","BOSS","M","?","M","M","M","E","R","E","T","?","?","E","M","M","R","BOSS","M","?","?","M","?","R","E","?","T","?","E"],"items_purchased_type":["Card","Card","Relic","Relic","Relic","Relic","Relic","Relic","Relic","Card","Relic","Relic","Relic","Relic","Relic","Card","Card"],"build_version":"2020-12-13","purchased_purges":2,"victory":false,"max_hp_per_floor":[75,75,75,75,75,75,75,75,75,75,75,75,75,75,75,75,75,75,75,75,82,82,82,82,82,82,82,82,82,82,82,82,82,82,82,82,82,82,82,82,82,82,82,82,82,82,82,82,82,82,82,82,82,82,82,82,84,84,84,84,86,88,88,88,90,90,92,92,94,96,96,96,98,100,100,100,100,100,102,102,102,104,104,104,104,106,108,108,103,105,107,109,111,111,115,115,120,122,124,124,126,126,128,130,132,134,136,138,138,140,140,142,142,145,147,149,152,155,155,157,157,157,159,159,159,161,164,164,164,164,164],"card_choices":[{"not_picked":["Epidemic","Scare","Bones_to_Steel"],"picked":"SKIP","floor":1.0},{"not_picked":["Epidemic","Life_Tap","Scare"],"picked":"SKIP","floor":4.0},{"not_picked":["Reap_The_Weak","Negative_Energy_Bomb"],"picked":"Grasp_Heart","floor":5.0},{"not_picked":["Vampiric_Strike","Spectral_Armor","Detonate_Bones"],"picked":"SKIP","floor":6.0},{"not_picked":["Blood_Shield","Whirlwind_of_Bones"],"picked":"Negative_Energy_Sphere","floor":8.0},{"not_picked":["Spectral_Walk","Vampiric_Strike","Bones_to_Steel"],"picked":"SKIP","floor":11.0},{"not_picked":["Blood_Curse","Blood_for_Blood"],"picked":"Negative_Energy_Javelin","floor":12.0},{"not_picked":["Blood_Curse","Death_March_Dance","Toxic_Smoke_Screen"],"picked":"SKIP","floor":14.0},{"not_picked":["Epidemic","Blood_Curse","Necrotic_Claws"],"picked":"SKIP","floor":18.0},{"not_picked":["Finger_Of_Death+1","Deaths_Shadow","Shackles_Of_Pain"],"picked":"SKIP","floor":20.0},{"not_picked":["Negative_Energy_Shield","Bone_Bullets","Stop_Heart"],"picked":"SKIP","floor":22.0},{"not_picked":["Violent_Necrosis","Deaths_Shadow","Blood_Shield"],"picked":"SKIP","floor":24.0},{"not_picked":["Negative_Energy_Javelin","Negative_Energy_Mist"],"picked":"Summon_Death_Knight","floor":28.0},{"not_picked":["Bone_Bullets","Death_Knell+1"],"picked":"Negative_Energy_Mist","floor":30.0},{"not_picked":["Bone_Shift","Bone_Bullets"],"picked":"Summon_Undead_Army+1","floor":35.0},{"not_picked":["Death_March_Dance","Death_Coil","Finger_Of_Death+1"],"picked":"SKIP","floor":36.0},{"not_picked":["Negative_Energy_Sphere","Death_Coil"],"picked":"Negative_Energy_Mist","floor":38.0},{"not_picked":["Cloudkill","Necromantic_Selection","Death_Coil"],"picked":"SKIP","floor":39.0},{"not_picked":["Bone_Armor+1","Death_Coil","Blood_Curse"],"picked":"SKIP","floor":41.0},{"not_picked":["Requiem","Plague_Bolt","Spectral_Armor+1"],"picked":"SKIP","floor":44.0},{"not_picked":["Corrupt+1","Bone_Shift","Blood_Curse"],"picked":"SKIP","floor":45.0},{"not_picked":["Spectral_Walk+1","Exploit","Thousand_Bone_Knives"],"picked":"SKIP","floor":46.0},{"not_picked":["Chill_Blood","Consume_Illness","Shackles_Of_Pain"],"picked":"SKIP","floor":52.0},{"not_picked":["Shackles_Of_Pain","Scare","Negative_Energy_Shield"],"picked":"SKIP","floor":54.0},{"not_picked":["Shackles_Of_Pain","Bone_Shift"],"picked":"Summon_Lich","floor":56.0},{"not_picked":["Consume_Illness","Negative_Energy_Bomb","Toxic_Smoke_Screen"],"picked":"Singing Bowl","floor":57.0},{"not_picked":["Necromantic_Selection","Hellfire"],"picked":"Summon_Lich","floor":59.0},{"not_picked":["Skeleton_Dragon","Bone_Spikes","Chill_Blood"],"picked":"Singing Bowl","floor":61.0},{"not_picked":["Negative_Energy_Sphere","Blood_Curse","Pandemic"],"picked":"Singing Bowl","floor":62.0},{"not_picked":["Blood_for_Blood","Blood_Whip","Blood_Magic"],"picked":"Singing Bowl","floor":65.0},{"not_picked":["Cloudkill","Blood_Magic","Grasp_Heart"],"picked":"Singing Bowl","floor":67.0},{"not_picked":["Bone_Bullets"],"picked":"Singing Bowl","floor":69.0},{"not_picked":["Detonate_Bones"],"picked":"Singing Bowl","floor":70.0},{"not_picked":["Vampiric_Strike"],"picked":"Singing Bowl","floor":73.0},{"not_picked":["Blood_for_Blood"],"picked":"Singing Bowl","floor":74.0},{"not_picked":["Reap_The_Weak"],"picked":"Singing Bowl","floor":79.0},{"not_picked":["Spectral_Armor+1"],"picked":"Singing Bowl","floor":82.0},{"not_picked":[],"picked":"Summon_Vampire_Lady","floor":84.0},{"not_picked":["Bone_Shift"],"picked":"Singing Bowl","floor":86.0},{"not_picked":["Deaths_Shadow"],"picked":"Singing Bowl","floor":87.0},{"not_picked":["Bone_Armor"],"picked":"Singing Bowl","floor":90.0},{"not_picked":["Toxic_Smoke_Screen"],"picked":"Singing Bowl","floor":91.0},{"not_picked":["Uncharnel+1"],"picked":"Singing Bowl","floor":92.0},{"not_picked":["Blood_Is_Power","Blood_Magic"],"picked":"Singing Bowl","floor":93.0},{"not_picked":["infinitespire:Menacing","infinitespire:UltimateForm","ReplayTheSpireMod:Echoes of Time"],"picked":"Singing Bowl","floor":95.0},{"not_picked":["Blood_Magic","Bone_Spikes"],"picked":"Singing Bowl","floor":95.0},{"not_picked":["Replay:SS_forest_6"],"picked":"expansioncontent:Collect","floor":97.0},{"not_picked":["Replay:SS_fish_1","Mind Blast"],"picked":"Singing Bowl","floor":97.0},{"not_picked":["Epidemic+1","Blood_Wake+1"],"picked":"Singing Bowl","floor":98.0},{"not_picked":["Life_Drain+1","Bones_to_Steel"],"picked":"Singing Bowl","floor":99.0},{"not_picked":["Skeleton_Dragon","Hellfire+1"],"picked":"Singing Bowl","floor":101.0},{"not_picked":["Bone_Bullets+1","Vampiric_Strike+1"],"picked":"Singing Bowl","floor":103.0},{"not_picked":["Life_Tap","Death_Coil+1"],"picked":"Singing Bowl","floor":104.0},{"not_picked":["Life_Drain+1","Negative_Energy_Shield"],"picked":"Singing Bowl","floor":105.0},{"not_picked":["Toxic_Smoke_Screen","Bone_Armor"],"picked":"Singing Bowl","floor":106.0},{"not_picked":["Shade_Step","Stop_Heart"],"picked":"Singing Bowl","floor":107.0},{"not_picked":["Spectral_Armor","Uncharnel"],"picked":"Singing Bowl","floor":108.0},{"not_picked":["Blood_Magic","Hellfire+1"],"picked":"Singing Bowl","floor":110.0},{"not_picked":["Consume_Illness","Chill_Blood"],"picked":"Singing Bowl","floor":112.0},{"not_picked":["Vampiric_Strike+1"],"picked":"Negative_Energy_Sphere+1","floor":114.0},{"not_picked":["Shackles_Of_Pain","Requiem+1"],"picked":"Singing Bowl","floor":115.0},{"not_picked":["Consume_Illness","Negative_Energy_Burst+1"],"picked":"Singing Bowl","floor":116.0},{"not_picked":["Plague_Bolt+1"],"picked":"Summon_Undead_Army","floor":117.0},{"not_picked":["Negative_Energy_Bomb+1"],"picked":"Summon_Death_Knight","floor":118.0},{"not_picked":["Exploit+1","Negative_Energy_Mist"],"picked":"Singing Bowl","floor":120.0},{"not_picked":["Consume_Illness","Toxic_Smoke_Screen"],"picked":"Singing Bowl","floor":123.0},{"not_picked":["Bone_Shift","Negative_Energy_Bomb+1"],"picked":"Singing Bowl","floor":126.0}],"player_experience":548719,"relics_obtained":[{"floor":6.0,"key":"War Paint"},{"floor":9.0,"key":"Replay:Baseball"},{"floor":12.0,"key":"hubris:64BitClover"},{"floor":14.0,"key":"Replay:Bandana"},{"floor":26.0,"key":"Bottled Flame"},{"floor":28.0,"key":"Kunai"},{"floor":29.0,"key":"Blue Doll"},{"floor":33.0,"key":"Orichalcum"},{"floor":41.0,"key":"PreservedInsect"},{"floor":43.0,"key":"Garlic"},{"floor":44.0,"key":"Incense Burner"},{"floor":52.0,"key":"ReplayTheSpireMod:Ninjato"},{"floor":57.0,"key":"ReplayTheSpireMod:TigerMarble"},{"floor":59.0,"key":"Omamori"},{"floor":59.0,"key":"Iron Hammer"},{"floor":61.0,"key":"infinitespire:Satchel"},{"floor":61.0,"key":"Sundial"},{"floor":68.0,"key":"MealTicket"},{"floor":68.0,"key":"hubris:Metronome"},{"floor":68.0,"key":"Pocketwatch"},{"floor":70.0,"key":"Replay:Arrowhead"},{"floor":74.0,"key":"hubris:GlazedTorus"},{"floor":74.0,"key":"Du-Vu Doll"},{"floor":77.0,"key":"hubris:Reverence"},{"floor":79.0,"key":"Replay:Rubber Ducky"},{"floor":79.0,"key":"Old Coin"},{"floor":91.0,"key":"Replay:Ringing Soul"},{"floor":91.0,"key":"Juzu Bracelet"},{"floor":92.0,"key":"Question Card"},{"floor":93.0,"key":"infinitespire:WardingShard"},{"floor":93.0,"key":"Nunchaku"},{"floor":94.0,"key":"Vajra"},{"floor":95.0,"key":"ReplayTheSpireMod:Shallot"},{"floor":95.0,"key":"Dream Catcher"},{"floor":98.0,"key":"StrikeDummy"},{"floor":98.0,"key":"Molten Egg 2"},{"floor":100.0,"key":"Letter Opener"},{"floor":104.0,"key":"aspiration:SeaSaltIceCream"},{"floor":108.0,"key":"Pen Nib"},{"floor":108.0,"key":"Counterbalance"},{"floor":110.0,"key":"Lizard Tail"},{"floor":110.0,"key":"Ancient Tea Set"},{"floor":111.0,"key":"Centennial Puzzle"},{"floor":114.0,"key":"ReplayTheSpireMod:Lightbulb"},{"floor":114.0,"key":"Quantum Egg"},{"floor":115.0,"key":"aspiration:FrozenJewel"},{"floor":126.0,"key":"Happy Flower"},{"floor":126.0,"key":"Akabeko"},{"floor":128.0,"key":"Regal Pillow"}],"event_choices":[{"damage_healed":0.0,"max_hp_gain":0.0,"max_hp_loss":0.0,"gold_gain":75.0,"event_name":"betterThird:BetterGoop","player_choice":"Gold","floor":3.0,"gold_loss":0.0,"damage_taken":11.0},{"damage_healed":0.0,"max_hp_gain":0.0,"max_hp_loss":0.0,"gold_gain":0.0,"event_name":"betterMatch:BetterMatch","player_choice":"1","floor":5.0,"gold_loss":0.0,"damage_taken":0.0,"cards_obtained":["betterMatch:RareCard"]},{"damage_healed":0.0,"max_hp_gain":0.0,"max_hp_loss":0.0,"gold_gain":0.0,"event_name":"N\u0027loth","player_choice":"Traded Relic","floor":27.0,"relics_lost":["Lee\u0027s Waffle"],"gold_loss":0.0,"damage_taken":0.0,"relics_obtained":["Nloth\u0027s Gift"]},{"damage_healed":0.0,"max_hp_gain":0.0,"max_hp_loss":0.0,"gold_gain":0.0,"event_name":"Designer","player_choice":"Upgrade","floor":31.0,"gold_loss":40.0,"damage_taken":0.0,"cards_upgraded":["Summon_Death_Knight"]},{"damage_healed":4.0,"max_hp_gain":0.0,"max_hp_loss":0.0,"gold_gain":0.0,"event_name":"betterSkull:BetterSkull","player_choice":"LEAVE ","floor":37.0,"gold_loss":0.0,"damage_taken":0.0,"cards_upgraded":[],"relics_obtained":[]},{"cards_removed":["Strike_W"],"damage_healed":0.0,"max_hp_gain":0.0,"max_hp_loss":0.0,"gold_gain":0.0,"event_name":"Wheel of Change","player_choice":"Card Removal","floor":48.0,"gold_loss":0.0,"damage_taken":0.0},{"damage_healed":0.0,"max_hp_gain":0.0,"max_hp_loss":0.0,"gold_gain":0.0,"event_name":"Beggar","player_choice":"Ignored","floor":72.0,"gold_loss":0.0,"damage_taken":0.0},{"damage_healed":0.0,"max_hp_gain":0.0,"max_hp_loss":0.0,"gold_gain":0.0,"event_name":"Tomb of Lord Red Mask","player_choice":"Ignored","floor":88.0,"gold_loss":0.0,"damage_taken":0.0},{"damage_healed":0.0,"max_hp_gain":0.0,"max_hp_loss":5.0,"gold_gain":0.0,"event_name":"Winding Halls","player_choice":"Max HP","floor":89.0,"gold_loss":0.0,"damage_taken":0.0},{"damage_healed":0.0,"max_hp_gain":0.0,"max_hp_loss":0.0,"gold_gain":6.0,"event_name":"betterStone:BetterStone","player_choice":"1","floor":97.0,"gold_loss":0.0,"damage_taken":0.0},{"damage_healed":0.0,"max_hp_gain":0.0,"max_hp_loss":0.0,"gold_gain":0.0,"event_name":"Dead Adventurer","player_choice":"Searched \u00272\u0027 times","floor":104.0,"gold_loss":0.0,"damage_taken":0.0},{"damage_healed":0.0,"max_hp_gain":0.0,"max_hp_loss":0.0,"gold_gain":100.0,"event_name":"Golden Shrine","player_choice":"Pray","floor":113.0,"gold_loss":0.0,"damage_taken":0.0},{"damage_healed":0.0,"max_hp_gain":0.0,"max_hp_loss":0.0,"gold_gain":0.0,"event_name":"Ghosts","player_choice":"Ignored","floor":121.0,"gold_loss":0.0,"damage_taken":0.0},{"damage_healed":0.0,"max_hp_gain":0.0,"max_hp_loss":0.0,"gold_gain":0.0,"event_name":"Addict","player_choice":"Obtained Relic","floor":122.0,"gold_loss":85.0,"damage_taken":0.0,"relics_obtained":["Replay:Kaleidoscope"]},{"damage_healed":0.0,"max_hp_gain":0.0,"max_hp_loss":0.0,"gold_gain":0.0,"event_name":"Cursed Tome","player_choice":"Ignored","floor":129.0,"gold_loss":0.0,"damage_taken":0.0}],"is_beta":false,"boss_relics":[{"not_picked":["Tiny House","hubris:GrandSneckoEye"],"picked":"Empty Cage"},{"not_picked":["Replay:Bronze Core","infinitespire:Cupcake"],"picked":"hubris:ScarierMask"},{"not_picked":["Calling Bell","Busted Crown"],"picked":"Black Star"},{"not_picked":["aspiration:DefectSkillbook","SlaversCollar","Replay:Drink Me"],"picked":"Replay:Grab Bag"},{"not_picked":["Velvet Choker","Cursed Key","Replay:Ancient Bell"],"picked":"Philosopher\u0027s Stone"},{"not_picked":["hubris:TerracottaHorce","ReplayTheSpireMod:DimensionalGlitch","SacredBark"],"picked":"Busted Crown"},{"not_picked":["hubris:HollowSoul","aspiration:SecretTechniqueScroll","Kintsugi"],"picked":"Calling Bell"},{"not_picked":["Snecko Eye","Tiny House","aspiration:IroncladSkillbook"],"picked":"Runic Dome"},{"not_picked":["aspiration:RitualDagger","hubris:BlackHole","hubris:CrackedHourglass"],"picked":"hubris:Backtick"},{"not_picked":["Pandora\u0027s Box","aspiration:FutureDiary","Runic Pyramid","ChewingGum"]},{"not_picked":["hubris:VirtuousBlindfold","ReplayTheSpireMod:SealedPack","Ring of Chaos"],"picked":"infinitespire:Cupcake"}],"items_purged_floors":[21,55],"is_endless":true,"potions_floor_spawned":[4,6,12,24,28,33,38,41,44,45,46,52,56,57,62,70,82,90,91,92,99,104,108,115,116,126],"killed_by":"Book of Stabbing","ascension_level":1}}