{"host":"kag8mfq4or8nkqb2","time":1608493460,"event":{"mods":["2.2 Compatiblity","BaseMod","Downfall","Minty Spire (QoL Compilation)","StSLib"],"gold_per_floor":[99,125,50,50,50,50,50,50,81,6,27,12,29,129,143,238,238,238,248,7,40,40,25,106,139,139,171,182,182,199,299,310,411,411,336,581,596,471,487,487,487,504,529,529,201,251,76,87,102,102,102,136,52,52,52],"floor_reached":56,"playtime":3652,"items_purged":["Guardian:Defend_Guardian","Writhe","Guardian:Defend_Guardian+1","Guardian:Strike_Guardian+1","Guardian:Defend_Guardian+1"],"score":2224,"play_id":"62bf2611-99ab-463d-a944-8f0b96402ffb","local_time":"20201220194420","is_ascension_mode":true,"campfire_choices":[{"floor":1,"key":"RECALL"},{"data":"Guardian:TwinSlam","floor":3,"key":"SMITH"},{"data":"Guardian:ShieldSpikes","floor":5,"key":"SMITH"},{"data":"Guardian:EvasiveProtocol","floor":10,"key":"SMITH"},{"data":"Guardian:SpikerProtocol","floor":18,"key":"SMITH"},{"data":"Guardian:SphericShield","floor":35,"key":"SMITH"},{"data":"expansioncontent:CaCaw","floor":54,"key":"SMITH"}],"circlet_count":0,"master_deck":["AscendersBane","Guardian:Strike_Guardian+1","Guardian:CurlUp+1","Guardian:TwinSlam+1","Guardian:Planning+1","Guardian:ShieldSpikes+1","Guardian:EvasiveProtocol+1","Guardian:DecasProtection+1","Guardian:BronzeArmor","Guardian:SpikerProtocol+1","Guardian:ExploitGems","Guardian:VentSteam","Guardian:Harden","Guardian:SphericShield+1","Guardian:Gem_Fragmented","Guardian:Gem_Synthetic","Guardian:PiercingHide","Guardian:SpikerProtocol","Guardian:PolyBeam","expansioncontent:CaCaw+1"],"relics":["Guardian:ModeShifter","downfall:HeartsMalice","Kunai","downfall:HeartBlessingRed","Gambling Chip","Singing Bowl","hexamod:BolsterEngine","downfall:HeartBlessingGreen","Odd Mushroom","sneckomod:SneckoTalon","War Paint","Guardian:SackOfGems","PreservedInsect","Guardian:GemstoneGun","Vajra","Coffee Dripper","downfall:HeartBlessingBlue","Mango","Guardian:PickAxe","Mummified Hand","Bag of Preparation","TungstenRod","CaptainsWheel"],"acts_visited":["Exordium","TheCity","TheBeyond","TheEnding"],"potions_floor_usage":[25,55],"damage_taken":[{"damage":0,"enemies":"Lagavulin","floor":2,"turns":1},{"damage":0,"enemies":"Jaw Worm","floor":4,"turns":1},{"damage":0,"enemies":"Gremlin Nob","floor":9,"turns":1},{"damage":9,"enemies":"The Mushroom Lair","floor":11,"turns":5},{"damage":0,"enemies":"downfall:FleeingMerchant","floor":12,"turns":4},{"damage":0,"enemies":"2 Louse","floor":13,"turns":2},{"damage":20,"enemies":"downfall:Heads","floor":14,"turns":8},{"damage":0,"enemies":"Small Slimes","floor":15,"turns":3},{"damage":0,"enemies":"downfall:Ironclad","floor":16,"turns":15},{"damage":0,"enemies":"Shell Parasite","floor":19,"turns":6},{"damage":0,"enemies":"downfall:FleeingMerchant","floor":20,"turns":4},{"damage":0,"enemies":"Book of Stabbing","floor":21,"turns":4},{"damage":3,"enemies":"downfall:FleeingMerchant","floor":23,"turns":4},{"damage":2,"enemies":"Gremlin Leader","floor":25,"turns":6},{"damage":12,"enemies":"Slavers","floor":27,"turns":5},{"damage":0,"enemies":"Spheric Guardian","floor":28,"turns":3},{"damage":0,"enemies":"Centurion and Healer","floor":30,"turns":8},{"damage":0,"enemies":"3 Cultists","floor":32,"turns":4},{"damage":0,"enemies":"downfall:Watcher","floor":33,"turns":10},{"damage":0,"enemies":"downfall:FleeingMerchant","floor":36,"turns":4},{"damage":0,"enemies":"3 Darklings","floor":37,"turns":5},{"damage":0,"enemies":"3 Shapes","floor":39,"turns":5},{"damage":0,"enemies":"Writhing Mass","floor":42,"turns":5},{"damage":16,"enemies":"Reptomancer","floor":43,"turns":6},{"damage":0,"enemies":"Mind Bloom Boss Battle","floor":46,"turns":7},{"damage":0,"enemies":"Jaw Worm Horde","floor":48,"turns":5},{"damage":0,"enemies":"Maw","floor":49,"turns":8},{"damage":0,"enemies":"downfall:Silent","floor":50,"turns":9},{"damage":32,"enemies":"downfall:CharBossMerchant","floor":52,"turns":9},{"damage":8,"enemies":"downfall:NeowBoss","floor":55,"turns":20}],"seed_played":"9038322790931458296","potions_obtained":[{"floor":13,"key":"GamblersBrew"},{"floor":15,"key":"LiquidMemories"},{"floor":21,"key":"Ancient Potion"},{"floor":25,"key":"LiquidBronze"},{"floor":30,"key":"Guardian:DefensiveModePotion"},{"floor":46,"key":"LiquidMemories"}],"is_trial":false,"path_per_floor":["R","E","R","M","R","?","T","?","E","R","?","$","M","?","M","B",null,"R","M","$","E","?","$","T","E","?","E","M","?","M","?","M","B",null,"R","$","M","$","M","?","T","M","E","R","$","?","$","M","M","B",null,"E","$","R","B",null],"character_chosen":"GUARDIAN","items_purchased":["War Paint","Bag of Preparation","Guardian:PiercingHide","expansioncontent:CaCaw"],"campfire_rested":0,"item_purchase_floors":[20,45,45,53],"current_hp_per_floor":[72,72,72,72,72,72,72,60,60,60,51,51,53,33,35,35,72,72,74,76,76,76,73,73,73,73,63,63,63,65,65,65,65,87,97,97,99,99,101,115,115,117,103,103,103,103,103,105,105,105,122,92,92,92,84],"gold":52,"neow_bonus":"THREE_ENEMY_KILL","is_daily":false,"chose_seed":false,"campfire_upgraded":6,"win_rate":0.0,"timestamp":1608493460,"path_taken":["R","E","R","M","R","?","T","?","E","R","?","$","M","?","M","BOSS","R","M","$","E","?","$","T","E","?","E","M","?","M","?","M","BOSS","R","$","M","?","M","?","T","M","E","R","$","?","$","M","M","BOSS","E","$","R","BOSS"],"items_purchased_type":["Relic","Relic","Card","Card"],"build_version":"2020-12-13","purchased_purges":5,"victory":true,"max_hp_per_floor":[80,80,80,80,80,80,80,80,80,80,80,80,82,82,84,84,84,84,86,88,88,88,88,88,90,90,92,92,92,94,94,94,94,94,104,104,106,106,108,122,122,124,126,126,126,126,126,128,128,128,128,130,130,130,130],"card_choices":[{"not_picked":["Guardian:Suspension","Guardian:GuardianWhirl"],"picked":"Guardian:Planning","floor":2},{"not_picked":["Guardian:Gem_Purple","Guardian:VentSteam"],"picked":"Guardian:ShieldSpikes","floor":4},{"not_picked":["Guardian:ChargeCore","Guardian:Suspension"],"picked":"Guardian:EvasiveProtocol","floor":9},{"not_picked":["Guardian:Gem_Red","Guardian:Gem_Fragmented"],"picked":"Guardian:Gem_Orange","floor":11},{"not_picked":["Guardian:TimeBomb","Guardian:TimeSifter"],"picked":"Guardian:DecasProtection","floor":12},{"not_picked":["Guardian:TemporalShield","Guardian:Reroute","Guardian:Incinerate"],"picked":"Singing Bowl","floor":13},{"not_picked":["Guardian:Gem_Green","Guardian:Suspension"],"picked":"Guardian:BronzeArmor","floor":14},{"not_picked":["Guardian:MultiBeam","Guardian:WalkerClaw","Guardian:Gem_Purple"],"picked":"Singing Bowl","floor":15},{"not_picked":["Guardian:GemFinder","Guardian:ConstructionForm"],"picked":"Guardian:ExploitGems","floor":16},{"not_picked":["Guardian:Gem_Green","Guardian:ChargeUp","Guardian:VentSteam"],"picked":"Singing Bowl","floor":19},{"not_picked":["Guardian:Gem_Green","Guardian:ConstructionForm","Guardian:Gem_Purple"],"picked":"Singing Bowl","floor":20},{"not_picked":["Guardian:Emergency","Guardian:Repulse+1"],"picked":"Guardian:Gem_Orange","floor":21},{"not_picked":["Guardian:TemporalStrike","Guardian:Incinerate"],"picked":"Guardian:VentSteam","floor":23},{"not_picked":["Guardian:Preprogram","Guardian:TimeBomb","Guardian:WalkerClaw"],"picked":"Singing Bowl","floor":25},{"not_picked":["Guardian:CrystalBeam","Guardian:Reroute","Guardian:PrimingBeam"],"picked":"Singing Bowl","floor":27},{"not_picked":["Guardian:VentSteam","Guardian:PolyBeam"],"picked":"Guardian:Harden","floor":28},{"not_picked":["Guardian:RollAttack","Guardian:BronzeArmor","Guardian:PrismaticBarrier"],"picked":"Singing Bowl","floor":30},{"not_picked":["Guardian:TemporalShield","Guardian:BronzeOrb"],"picked":"Guardian:Gem_Fragmented","floor":32},{"not_picked":["Guardian:FierceBash","Guardian:CompilePackage"],"picked":"Guardian:SphericShield","floor":33},{"not_picked":["Guardian:BronzeOrb+1","Guardian:Gem_Red"],"picked":"Guardian:Gem_Yellow","floor":36},{"not_picked":["Guardian:Emergency+1","Guardian:Gem_Green","Guardian:PiercingHide"],"picked":"Singing Bowl","floor":37},{"not_picked":["Guardian:CrystalBeam+1","Guardian:FuturePlans+1","Guardian:Gem_Cyan"],"picked":"Singing Bowl","floor":39},{"not_picked":["Guardian:Planning","Guardian:WalkerClaw","Guardian:TimeSifter"],"picked":"Singing Bowl","floor":42},{"not_picked":["Guardian:TimeBomb","Guardian:FastForward","Guardian:WalkerClaw+1"],"picked":"Singing Bowl","floor":43},{"not_picked":["Guardian:Incinerate","Guardian:Recover"],"picked":"Guardian:SpikerProtocol","floor":46},{"not_picked":["Guardian:SpikerProtocol","Guardian:FloatingOrbs","Guardian:SentryBeam+1"],"picked":"Singing Bowl","floor":48},{"not_picked":["Guardian:Planning","Guardian:Gem_Lightblue"],"picked":"Guardian:PolyBeam","floor":49},{"not_picked":["Guardian:Gem_Lightblue","Guardian:Emergency+1","Guardian:PrimingBeam+1"],"picked":"Singing Bowl","floor":52}],"player_experience":1038467,"relics_obtained":[{"floor":2,"key":"Kunai"},{"floor":7,"key":"Gambling Chip"},{"floor":9,"key":"hexamod:BolsterEngine"},{"floor":11,"key":"Odd Mushroom"},{"floor":21,"key":"Guardian:SackOfGems"},{"floor":25,"key":"PreservedInsect"},{"floor":27,"key":"Guardian:GemstoneGun"},{"floor":40,"key":"Mango"},{"floor":41,"key":"Guardian:PickAxe"},{"floor":43,"key":"Mummified Hand"},{"floor":46,"key":"TungstenRod"},{"floor":52,"key":"CaptainsWheel"}],"event_choices":[{"damage_healed":0,"gold_gain":0,"player_choice":"Success","damage_taken":12,"relics_obtained":["Singing Bowl"],"max_hp_gain":0,"max_hp_loss":0,"event_name":"Scrap Ooze","floor":8,"gold_loss":0},{"damage_healed":0,"gold_gain":0,"player_choice":"Fought Mushrooms","damage_taken":0,"max_hp_gain":0,"max_hp_loss":0,"event_name":"Mushrooms","floor":11,"gold_loss":0},{"damage_healed":0,"gold_gain":0,"player_choice":"Simplicity","damage_taken":0,"max_hp_gain":0,"max_hp_loss":0,"event_name":"Back to Basics","floor":26,"gold_loss":0,"cards_upgraded":["Guardian:Strike_Guardian","Guardian:Strike_Guardian","Guardian:Defend_Guardian","Guardian:Defend_Guardian"]}],"is_beta":false,"boss_relics":[{"not_picked":["Guardian:StasisSlotReductionRelic","Black Star"],"picked":"sneckomod:SneckoTalon"},{"not_picked":["SacredBark","Empty Cage"],"picked":"Coffee Dripper"}],"items_purged_floors":[20,36,38,45,47],"is_endless":false,"potions_floor_spawned":[13,15,16,21,25,27,30,32,39,43,46,49,52],"ascension_level":12}}