{"host":"vzugls1u57eppbds","time":1608483119,"event":{"mods":["AchievementEnabler","BaseMod","Better Third Choice","Minty Spire (QoL Compilation)","Relic Stats","Shop Mod","StSLib","The IronCluck"],"gold_per_floor":[112,187,187,14,30,30,30],"floor_reached":6,"playtime":150,"items_purged":[],"score":48,"play_id":"20424f44-fd49-41cf-98f4-e5ec21a14feb","local_time":"20201220175159","is_ascension_mode":true,"campfire_choices":[],"circlet_count":0,"master_deck":["Strike_R","Strike_R","Strike_R","Strike_R","Strike_R","Defend_R","Defend_R","Defend_R","Defend_R","Bash","Berserk","Pommel Strike","Metamorphosis","Iron Wave"],"relics":["Burning Blood","Spirit Poop"],"acts_visited":["Exordium"],"potions_floor_usage":[5],"damage_taken":[{"damage":9,"enemies":"Jaw Worm","floor":1,"turns":3},{"damage":8,"enemies":"2 Louse","floor":5,"turns":2},{"damage":50,"enemies":"3 Sentries","floor":6,"turns":6}],"seed_played":"1676098788902141974","potions_obtained":[{"floor":1,"key":"Explosive Potion"}],"is_trial":false,"path_per_floor":["M","?","?","$","M","E"],"character_chosen":"IRONCLAD","items_purchased":["Metamorphosis"],"campfire_rested":0,"item_purchase_floors":[4],"current_hp_per_floor":[69,58,58,58,56,6,6],"gold":30,"neow_bonus":"THREE_RARE_CARDS","is_daily":false,"chose_seed":false,"campfire_upgraded":0,"win_rate":0.0,"timestamp":1608483119,"path_taken":["M","?","?","$","M","E"],"items_purchased_type":["Card"],"build_version":"2020-12-13","purchased_purges":0,"victory":false,"max_hp_per_floor":[80,80,80,80,80,80,80],"relic_stats":{"counters":[3,11],"obtain_stats":[{"Spirit Poop":3,"Burning Blood":0},{"Spirit Poop":1,"Burning Blood":0},{"Spirit Poop":3,"Burning Blood":0}],"Burning Blood":12},"card_choices":[{"not_picked":["Corruption","Impervious"],"picked":"Berserk","floor":0},{"not_picked":["Feel No Pain","Warcry"],"picked":"Pommel Strike","floor":1},{"not_picked":["Twin Strike","Warcry"],"picked":"Iron Wave","floor":5}],"player_experience":222011,"relics_obtained":[],"event_choices":[{"damage_healed":0,"gold_gain":75,"player_choice":"Gold","damage_taken":11,"max_hp_gain":0,"max_hp_loss":0,"event_name":"betterThird:BetterGoop","floor":2,"gold_loss":0},{"cards_removed":["Regret"],"damage_healed":0,"gold_gain":0,"player_choice":"Offered Curse","damage_taken":0,"relics_obtained":["Spirit Poop"],"max_hp_gain":0,"max_hp_loss":0,"event_name":"Bonfire Elementals","floor":3,"gold_loss":0}],"is_beta":false,"boss_relics":[],"items_purged_floors":[],"is_endless":false,"potions_floor_spawned":[1],"killed_by":"3 Sentries","ascension_level":9}}