{"host":"udzsrhbqdxqtlypj","time":1608474082,"event":{"mods":["BaseMod","Minty Spire (QoL Compilation)","Relic Stats"],"gold_per_floor":[118,137,52,64,64,64,95,95,141,164,194,212,212,239,239,336,336,347,361,376,376,102,137,137,157,210,210,243,263,263,297,297,392,392,412,412,412,412,82,107,107,121,121,138,138,138,155,171,171,171],"floor_reached":51,"playtime":3089,"items_purged":["Concentrate","Dagger Spray"],"score":1183,"play_id":"f7fc0477-4ff8-4c03-b779-608436e2f9aa","local_time":"20201220082122","is_ascension_mode":true,"campfire_choices":[{"data":"Adrenaline","floor":6,"key":"SMITH"},{"data":"Sucker Punch","floor":8,"key":"SMITH"},{"data":"Bouncing Flask","floor":15,"key":"SMITH"},{"data":"Wraith Form v2","floor":24,"key":"SMITH"},{"floor":30,"key":"REST"},{"data":"Noxious Fumes","floor":32,"key":"SMITH"},{"data":"Catalyst","floor":41,"key":"SMITH"},{"data":"Adrenaline","floor":46,"key":"SMITH"},{"data":"Noxious Fumes","floor":49,"key":"SMITH"}],"circlet_count":0,"master_deck":["AscendersBane","Survivor","Neutralize","Adrenaline+1","Blade Dance","Backstab","Bouncing Flask+1","Sucker Punch+1","Infinite Blades","PiercingWail","Wraith Form v2+1","Heel Hook","All Out Attack","Dagger Spray","Acrobatics","Bane","Backstab","Noxious Fumes+1","PiercingWail","Deflect","Cloak And Dagger","Dodge and Roll+1","Adrenaline+1","Noxious Fumes+1","Adrenaline+1","Backstab+1","Flash of Steel","Catalyst+1","Accuracy+1","Deadly Poison+1","Slice"],"relics":["Ring of the Snake","Strawberry","Lantern","Odd Mushroom","Singing Bowl","Tiny Chest","Pandora\u0027s Box","DollysMirror","Mummified Hand","Orichalcum","PreservedInsect","Ornamental Fan","Runic Dome","Frozen Egg 2","Art of War","White Beast Statue","Unceasing Top","Shuriken"],"acts_visited":["Exordium","TheCity","TheBeyond"],"potions_floor_usage":[10,11,14,18,23,27,31,31,33,50,50],"damage_taken":[{"damage":0,"enemies":"Jaw Worm","floor":1,"turns":5},{"damage":1,"enemies":"Small Slimes","floor":2,"turns":3},{"damage":0,"enemies":"2 Louse","floor":4,"turns":2},{"damage":9,"enemies":"3 Sentries","floor":7,"turns":6},{"damage":10,"enemies":"The Mushroom Lair","floor":10,"turns":3},{"damage":6,"enemies":"Gremlin Nob","floor":11,"turns":3},{"damage":1,"enemies":"Looter","floor":12,"turns":2},{"damage":17,"enemies":"3 Sentries","floor":14,"turns":4},{"damage":10,"enemies":"Hexaghost","floor":16,"turns":9},{"damage":5,"enemies":"2 Thieves","floor":18,"turns":3},{"damage":9,"enemies":"Shell Parasite","floor":19,"turns":4},{"damage":6,"enemies":"Snecko","floor":20,"turns":5},{"damage":0,"enemies":"Gremlin Leader","floor":23,"turns":4},{"damage":14,"enemies":"Snake Plant","floor":25,"turns":5},{"damage":0,"enemies":"Centurion and Healer","floor":27,"turns":1},{"damage":1,"enemies":"Slavers","floor":28,"turns":5},{"damage":0,"enemies":"3 Cultists","floor":29,"turns":4},{"damage":14,"enemies":"Book of Stabbing","floor":31,"turns":4},{"damage":14,"enemies":"Automaton","floor":33,"turns":9},{"damage":12,"enemies":"3 Darklings","floor":35,"turns":4},{"damage":0,"enemies":"Nemesis","floor":40,"turns":5},{"damage":0,"enemies":"3 Shapes","floor":42,"turns":3},{"damage":0,"enemies":"Jaw Worm Horde","floor":44,"turns":3},{"damage":0,"enemies":"Spire Growth","floor":47,"turns":2},{"damage":5,"enemies":"Writhing Mass","floor":48,"turns":3},{"damage":36,"enemies":"Donu and Deca","floor":50,"turns":7}],"seed_played":"8754345943131181071","potions_obtained":[{"floor":2,"key":"Explosive Potion"},{"floor":4,"key":"SneckoOil"},{"floor":7,"key":"SmokeBomb"},{"floor":12,"key":"Explosive Potion"},{"floor":14,"key":"Fire Potion"},{"floor":18,"key":"Dexterity Potion"},{"floor":28,"key":"Block Potion"},{"floor":29,"key":"SneckoOil"},{"floor":31,"key":"Block Potion"},{"floor":35,"key":"GamblersBrew"},{"floor":40,"key":"GamblersBrew"},{"floor":42,"key":"Fire Potion"},{"floor":44,"key":"AttackPotion"},{"floor":47,"key":"Ancient Potion"}],"is_trial":false,"path_per_floor":["M","M","$","M","?","R","E","R","T","?","E","M","?","E","R","B",null,"M","M","M","?","$","E","R","M","T","M","E","M","R","E","R","B",null,"M","?","?","T","$","E","R","M","T","M","?","R","M","M","R","B",null],"character_chosen":"THE_SILENT","items_purchased":["Bouncing Flask","Dagger Spray","DollysMirror","Strength Potion","Catalyst","Art of War"],"campfire_rested":1,"item_purchase_floors":[3,3,22,22,39,39],"current_hp_per_floor":[63,62,62,62,62,62,60,60,60,50,46,45,38,23,23,13,59,54,45,39,39,39,39,39,27,27,27,28,30,54,42,42,28,69,57,57,57,57,57,57,57,57,57,59,59,59,59,56,56,20],"gold":171,"neow_bonus":"THREE_RARE_CARDS","is_daily":false,"chose_seed":false,"campfire_upgraded":8,"win_rate":0.0,"timestamp":1608474082,"path_taken":["M","M","$","M","?","R","E","R","T","?","E","M","?","E","R","BOSS","M","M","M","?","$","E","R","M","T","M","E","M","R","E","R","BOSS","M","?","?","?","$","E","R","M","T","?","?","R","M","M","R","BOSS"],"items_purchased_type":["Card","Card","Relic","Potion","Card","Relic"],"build_version":"2020-12-13","purchased_purges":2,"victory":true,"max_hp_per_floor":[63,63,63,63,63,63,70,70,70,70,72,72,72,74,74,74,74,74,74,74,74,74,74,74,76,76,76,78,80,80,82,82,82,82,82,82,82,82,82,82,82,82,82,84,84,84,84,86,86,86],"relic_stats":{"Singing Bowl":16,"counters":[26,108],"PreservedInsect":92,"Orichalcum":[48],"Mummified Hand":[59],"Ornamental Fan":[128],"Shuriken":[14],"Tiny Chest":1,"Pandora\u0027s Box":["Heel Hook","Concentrate","All Out Attack","Dagger Spray","Acrobatics","Bane","Backstab","Noxious Fumes","PiercingWail"],"Art of War":[1],"obtain_stats":[{"Lantern":9,"Singing Bowl":11,"PreservedInsect":28,"Odd Mushroom":10,"Orichalcum":26,"Frozen Egg 2":38,"White Beast Statue":40,"Runic Dome":34,"DollysMirror":22,"Mummified Hand":23,"Ornamental Fan":31,"Shuriken":45,"Strawberry":7,"Tiny Chest":14,"Pandora\u0027s Box":17,"Art of War":39,"Unceasing Top":43,"Ring of the Snake":0},{"Lantern":4,"Singing Bowl":6,"PreservedInsect":16,"Odd Mushroom":5,"Orichalcum":14,"Frozen Egg 2":20,"White Beast Statue":21,"Runic Dome":19,"DollysMirror":12,"Mummified Hand":13,"Ornamental Fan":18,"Shuriken":23,"Strawberry":4,"Tiny Chest":8,"Pandora\u0027s Box":9,"Art of War":20,"Unceasing Top":22,"Ring of the Snake":0},{"Lantern":16,"Singing Bowl":22,"PreservedInsect":64,"Odd Mushroom":19,"Orichalcum":58,"Frozen Egg 2":85,"White Beast Statue":90,"Runic Dome":81,"DollysMirror":49,"Mummified Hand":53,"Ornamental Fan":72,"Shuriken":96,"Strawberry":16,"Tiny Chest":28,"Pandora\u0027s Box":37,"Art of War":85,"Unceasing Top":93,"Ring of the Snake":0}],"Unceasing Top":[30],"Ring of the Snake":[52]},"card_choices":[{"not_picked":["Bullet Time","Night Terror"],"picked":"Adrenaline","floor":0},{"not_picked":["Cloak And Dagger","Backflip"],"picked":"Blade Dance","floor":1},{"not_picked":["Deadly Poison","Dodge and Roll"],"picked":"Backstab","floor":2},{"not_picked":["Heel Hook","Prepared","Tactician"],"picked":"SKIP","floor":4},{"not_picked":["Acrobatics","Footwork"],"picked":"Sucker Punch","floor":7},{"not_picked":["Dodge and Roll","Setup"],"picked":"Infinite Blades","floor":10},{"not_picked":["Outmaneuver","Acrobatics","Dodge and Roll"],"picked":"Singing Bowl","floor":11},{"not_picked":["Bane","Acrobatics"],"picked":"PiercingWail","floor":12},{"not_picked":["Calculated Gamble","Deflect","Outmaneuver"],"picked":"Singing Bowl","floor":14},{"not_picked":["Storm of Steel","Night Terror"],"picked":"Wraith Form v2","floor":16},{"not_picked":["Quick Slash","Concentrate"],"picked":"Deflect","floor":18},{"not_picked":["PiercingWail","Crippling Poison"],"picked":"Cloak And Dagger","floor":19},{"not_picked":["Noxious Fumes","Caltrops"],"picked":"Dodge and Roll+1","floor":20},{"not_picked":["Outmaneuver","Heel Hook+1"],"picked":"Noxious Fumes","floor":23},{"not_picked":["Choke","Calculated Gamble","Sucker Punch"],"picked":"Singing Bowl","floor":25},{"not_picked":["Terror","Dagger Spray","Deflect"],"picked":"Singing Bowl","floor":28},{"not_picked":["Caltrops","Sucker Punch","Skewer"],"picked":"Singing Bowl","floor":29},{"not_picked":["Endless Agony","Finisher","Doppelganger"],"picked":"Singing Bowl","floor":31},{"not_picked":["Venomology","Grand Finale"],"picked":"Adrenaline","floor":33},{"not_picked":["Heel Hook+1","Prepared+1"],"picked":"Backstab+1","floor":35},{"not_picked":["Forethought","Jack Of All Trades"],"picked":"Flash of Steel","floor":36},{"not_picked":["Dagger Spray","All Out Attack+1"],"picked":"Accuracy+1","floor":40},{"not_picked":["Sucker Punch+1","Prepared+1"],"picked":"Deadly Poison+1","floor":42},{"not_picked":["Dodge and Roll+1","Dagger Spray","Bouncing Flask+1"],"picked":"Singing Bowl","floor":44},{"not_picked":["Acrobatics+1","Dash+1"],"picked":"Slice","floor":47},{"not_picked":["Flechettes","Bane+1","Sucker Punch+1"],"picked":"Singing Bowl","floor":48}],"player_experience":2692130,"relics_obtained":[{"floor":7,"key":"Strawberry"},{"floor":9,"key":"Lantern"},{"floor":10,"key":"Odd Mushroom"},{"floor":11,"key":"Singing Bowl"},{"floor":14,"key":"Tiny Chest"},{"floor":23,"key":"Mummified Hand"},{"floor":26,"key":"Orichalcum"},{"floor":28,"key":"PreservedInsect"},{"floor":31,"key":"Ornamental Fan"},{"floor":38,"key":"Frozen Egg 2"},{"floor":40,"key":"White Beast Statue"},{"floor":43,"key":"Unceasing Top"}],"event_choices":[{"damage_healed":0,"gold_gain":0,"player_choice":"Ignored","damage_taken":0,"max_hp_gain":0,"max_hp_loss":0,"event_name":"Liars Game","floor":5,"gold_loss":0},{"damage_healed":0,"gold_gain":0,"player_choice":"Fought Mushrooms","damage_taken":0,"max_hp_gain":0,"max_hp_loss":0,"event_name":"Mushrooms","floor":10,"gold_loss":0},{"cards_removed":["Strike_G"],"damage_healed":0,"gold_gain":0,"player_choice":"Card Removal","damage_taken":7,"max_hp_gain":0,"max_hp_loss":0,"event_name":"Golden Wing","floor":13,"gold_loss":0},{"damage_healed":0,"gold_gain":0,"player_choice":"Ignored","damage_taken":0,"max_hp_gain":0,"max_hp_loss":0,"event_name":"Vampires","floor":21,"gold_loss":0},{"damage_healed":0,"gold_gain":0,"player_choice":"Memory 1","damage_taken":0,"max_hp_gain":0,"max_hp_loss":0,"event_name":"SensoryStone","floor":36,"gold_loss":0},{"damage_healed":0,"gold_gain":0,"player_choice":"Ignored","damage_taken":0,"max_hp_gain":0,"max_hp_loss":0,"event_name":"SecretPortal","floor":37,"gold_loss":0},{"damage_healed":0,"gold_gain":0,"player_choice":"Gave Potion","damage_taken":0,"relics_obtained":["Shuriken"],"max_hp_gain":0,"max_hp_loss":0,"event_name":"WeMeetAgain","floor":45,"gold_loss":0}],"is_beta":false,"boss_relics":[{"not_picked":["Ring of the Serpent","Busted Crown"],"picked":"Pandora\u0027s Box"},{"not_picked":["Snecko Eye","Black Star"],"picked":"Runic Dome"}],"items_purged_floors":[22,39],"is_endless":false,"potions_floor_spawned":[2,4,7,12,14,18,27,28,29,31,35,40,42,44,47,48],"ascension_level":10}}