{"host":"coame8l8goqx0svj","time":1608463234,"event":{"mods":["BaseMod","Downfall","Minty Spire (QoL Compilation)","StSLib"],"gold_per_floor":[99,127,127,127,154,154,154,188,6,6,6,19,4,14,25,25,25],"floor_reached":16,"playtime":889,"items_purged":[],"score":232,"play_id":"e187c96c-48da-45db-8fb1-aa2d1cf5873c","local_time":"20201220122034","is_ascension_mode":true,"campfire_choices":[{"floor":1,"key":"RECALL"},{"data":"Slimebound:Nibble","floor":10,"key":"SMITH"}],"circlet_count":0,"master_deck":["Slimebound:Strike_Slimebound","Slimebound:Strike_Slimebound","Slimebound:Defend_Slimebound","Slimebound:Defend_Slimebound","Slimebound:Defend_Slimebound","Slimebound:Defend_Slimebound","Slimebound:Split","Slimebound:CorrosiveSpit","Slimebound:Gluttony","Slimebound:AcidTongue","Slimebound:Nibble+1","Slimebound:RainOfGoop","Slimebound:ForwardTackle","Trip","Slimebound:CheckThePlaybook","Slimebound:SlimeSpikes","Slimebound:FlameTackle"],"relics":["Slimebound:AbsorbEndCombat","downfall:HeartsMalice","StrikeDummy","Bag of Marbles","Kunai"],"acts_visited":["Exordium"],"potions_floor_usage":[16,16],"damage_taken":[{"damage":0,"enemies":"3 Sentries","floor":2,"turns":1},{"damage":0,"enemies":"2 Louse","floor":4,"turns":1},{"damage":0,"enemies":"Gremlin Nob","floor":5,"turns":1},{"damage":49,"enemies":"3 Sentries","floor":8,"turns":7},{"damage":4,"enemies":"downfall:FleeingMerchant","floor":9,"turns":4},{"damage":1,"enemies":"Cultist","floor":12,"turns":3},{"damage":15,"enemies":"downfall:FleeingMerchant","floor":13,"turns":4},{"damage":15,"enemies":"Small Slimes","floor":14,"turns":3},{"damage":15,"enemies":"2 Fungi Beasts","floor":15,"turns":2},{"damage":42,"enemies":"downfall:Watcher","floor":16,"turns":5}],"seed_played":"-3313206563093174011","potions_obtained":[{"floor":5,"key":"Slimebound:SpawnSlimePotion"},{"floor":8,"key":"Guardian:BlockOnCardUsePotion"},{"floor":12,"key":"sneckomod:MuddlingPotion"},{"floor":15,"key":"Explosive Potion"}],"is_trial":false,"path_per_floor":["R","E","?","M","E","?","T","E","$","R","?","M","$","M","M","B"],"character_chosen":"SLIMEBOUND","items_purchased":["Slimebound:ForwardTackle","Trip"],"campfire_rested":0,"item_purchase_floors":[9,9],"current_hp_per_floor":[54,54,54,54,54,59,59,26,38,38,38,43,44,35,34,0,0],"gold":25,"neow_bonus":"THREE_ENEMY_KILL","is_daily":false,"chose_seed":false,"campfire_upgraded":1,"win_rate":0.0,"timestamp":1608463234,"path_taken":["R","E","?","?","E","?","T","E","$","R","?","M","$","?","M","BOSS"],"items_purchased_type":["Card","Card"],"build_version":"2020-12-13","purchased_purges":0,"victory":false,"max_hp_per_floor":[60,60,60,60,60,65,65,65,65,65,65,65,65,65,65,65,65],"card_choices":[{"not_picked":["Slimebound:ViciousTackle","Slimebound:HungryTackle","Slimebound:LeechEnergy"],"picked":"SKIP","floor":2},{"not_picked":["Slimebound:SlimeSpikes","Slimebound:SamplingLick"],"picked":"Slimebound:Gluttony","floor":4},{"not_picked":["Slimebound:PressTheAttack","Slimebound:RollThrough"],"picked":"Slimebound:AcidTongue","floor":5},{"not_picked":["Slimebound:SlimeTap","Slimebound:GrowthPunch"],"picked":"Slimebound:Nibble","floor":8},{"not_picked":["Slimebound:ComboTackle","Slimebound:GoopSpray"],"picked":"Slimebound:RainOfGoop","floor":9},{"not_picked":["Slimebound:RollThrough","Slimebound:Dissolve"],"picked":"Slimebound:CheckThePlaybook","floor":12},{"not_picked":["Slimebound:GoopSpray","Slimebound:DivideAndConquer"],"picked":"Slimebound:SlimeSpikes","floor":13},{"not_picked":["Slimebound:LeechingTouch","Slimebound:ComboTackle","Slimebound:Repurpose"],"picked":"SKIP","floor":14},{"not_picked":["Slimebound:Prepare","Slimebound:LeechingTouch"],"picked":"Slimebound:FlameTackle","floor":15}],"player_experience":1679040,"relics_obtained":[{"floor":2,"key":"StrikeDummy"},{"floor":5,"key":"Bag of Marbles"},{"floor":8,"key":"Kunai"}],"event_choices":[{"cards_removed":["Slimebound:Tackle"],"damage_healed":0,"gold_gain":0,"player_choice":"Offered Basic","damage_taken":0,"max_hp_gain":0,"max_hp_loss":0,"event_name":"Bonfire Elementals","floor":3,"gold_loss":0},{"damage_healed":0,"gold_gain":0,"player_choice":"Donut","damage_taken":0,"max_hp_gain":5,"max_hp_loss":0,"event_name":"Big Fish","floor":6,"gold_loss":0},{"cards_removed":["Slimebound:Strike_Slimebound"],"damage_healed":0,"gold_gain":0,"player_choice":"Purged","damage_taken":0,"max_hp_gain":0,"max_hp_loss":0,"event_name":"Purifier","floor":11,"gold_loss":0}],"is_beta":false,"boss_relics":[],"items_purged_floors":[],"is_endless":false,"potions_floor_spawned":[5,8,12,15],"killed_by":"downfall:Watcher","ascension_level":8}}