{"host":"woah5shdh5xsovm3","time":1608503719,"event":{"mods":["BaseMod","BetterRewards","Downfall","Hermit","Hubris","Infinite Spire","Jorbs\u0027s Wanderer Trilogy","Koishi","Marisa????????","Minty Spire (QoL Compilation)","Remilia??????","Replay The Spire","Shop Mod","StSLib","SuperFastMode","The Animator","The Bug Knight","The Construct","The Cursed","The Disciple","The Hierophant","The Necromancer","The Poker Player","The Runesmith","The Servant 0.9.4"],"gold_per_floor":[113,188,208,218,236,262,262,276,299,299,299,309,309,321,321,425,425,474,573,591,591,591,591],"floor_reached":22,"playtime":679,"items_purged":[],"score":188,"play_id":"8b6e92d0-5dfb-4d14-b6d6-57be955a1029","local_time":"20201220163519","is_ascension_mode":false,"campfire_choices":[{"floor":11,"key":"REST"},{"data":"HollowMod:Weaversong","floor":15,"key":"SMITH"}],"circlet_count":0,"master_deck":["HollowMod:NailStrikeStart","HollowMod:NailStrikeStart","HollowMod:NailStrikeStart","HollowMod:QuickDashStart","HollowMod:QuickDashStart","HollowMod:QuickDashStart","HollowMod:FocusHealStart","HollowMod:PogoStrike","HollowMod:RecoilStrike","HollowMod:MonarchWings","HollowMod:Weaversong+1","HollowMod:RecoilStrike","HollowMod:ElderbugsWisdom"],"relics":["HollowMod:VesselMask","Replay:Multitool","Ancient Tea Set","Black Star","infinitespire:Beetle Shell"],"acts_visited":["Exordium","TheCity"],"potions_floor_usage":[6,16,18],"damage_taken":[{"damage":0,"enemies":"2 Louse","floor":1,"turns":4},{"damage":1,"enemies":"Cultist","floor":3,"turns":4},{"damage":1,"enemies":"Jaw Worm","floor":4,"turns":4},{"damage":2,"enemies":"Looter","floor":5,"turns":4},{"damage":24,"enemies":"Gremlin Nob","floor":6,"turns":4},{"damage":10,"enemies":"Exordium Thugs","floor":8,"turns":5},{"damage":8,"enemies":"3 Louse","floor":12,"turns":3},{"damage":1,"enemies":"2 Fungi Beasts","floor":14,"turns":3},{"damage":33,"enemies":"Slime Boss","floor":16,"turns":7},{"damage":10,"enemies":"2 Thieves","floor":18,"turns":3},{"damage":53,"enemies":"3 Byrds","floor":20,"turns":6},{"damage":12,"enemies":"Centurion and Healer","floor":22,"turns":1}],"seed_played":"5522811818798406621","potions_obtained":[{"floor":3,"key":"hexamod:EctoCoolerPotion"},{"floor":4,"key":"champ:CounterPotion"},{"floor":5,"key":"Ancient Potion"},{"floor":14,"key":"BlessingOfTheForge"},{"floor":20,"key":"Milkshake"}],"is_trial":false,"path_per_floor":["M","?","M","M","M","E","?","M","T","?","R","M","?","M","R","B",null,"M","?","M","?","M"],"character_chosen":"THE_BUGKNIGHT","items_purchased":[],"campfire_rested":1,"item_purchase_floors":[],"current_hp_per_floor":[75,64,69,74,75,57,57,47,47,40,62,60,60,59,59,32,75,65,65,12,12,0,0],"gold":591,"neow_bonus":"REMOVE_CARD","is_daily":false,"chose_seed":false,"campfire_upgraded":1,"win_rate":0.0,"timestamp":1608503719,"path_taken":["M","?","M","M","M","E","?","?","T","?","R","M","?","M","R","BOSS","M","?","M","?","?"],"items_purchased_type":[],"build_version":"2020-12-13","purchased_purges":0,"victory":false,"max_hp_per_floor":[75,75,75,75,75,75,75,75,75,75,75,75,75,75,75,75,75,75,75,75,75,75,75],"card_choices":[{"not_picked":["HollowMod:NewLittleFool","HollowMod:DashSlash","HollowMod:HuntersJournal"],"picked":"SKIP","floor":1},{"not_picked":["HollowMod:HeavyBlow","HollowMod:ChannelNail"],"picked":"HollowMod:RecoilStrike","floor":3},{"not_picked":["HollowMod:BaldurShell","HollowMod:SiblingsSouls"],"picked":"HollowMod:MonarchWings","floor":4},{"not_picked":["HollowMod:SharpenedNail","HollowMod:ShapeofUnn","HollowMod:HeavyBlow"],"picked":"SKIP","floor":5},{"not_picked":["HollowMod:NewJinnsSoul","HollowMod:FallenFury"],"picked":"HollowMod:Weaversong","floor":6},{"not_picked":["HollowMod:HeavyBlow","HollowMod:NewJinnsSoul","HollowMod:DoubleDash"],"picked":"SKIP","floor":8},{"not_picked":["HollowMod:DesolateDive","HollowMod:InfectedAttack","HollowMod:DreamGate"],"picked":"SKIP","floor":12},{"not_picked":["HollowMod:CloakDash","HollowMod:WraithStrike"],"picked":"HollowMod:RecoilStrike","floor":14},{"not_picked":["HollowMod:VoidDash","HollowMod:MidwifesHunger"],"picked":"HollowMod:ElderbugsWisdom","floor":16},{"not_picked":["HollowMod:FastStrike","HollowMod:DashSlash","HollowMod:NewJinnsSoul"],"picked":"SKIP","floor":18},{"not_picked":["HollowMod:VengefulSpirit+1","HollowMod:GoodIntentions","HollowMod:InfectedAttack"],"picked":"SKIP","floor":20}],"player_experience":393476,"relics_obtained":[{"floor":6,"key":"Replay:Multitool"},{"floor":9,"key":"Ancient Tea Set"}],"event_choices":[{"damage_healed":0,"gold_gain":75,"player_choice":"Gather Gold","damage_taken":11,"max_hp_gain":0,"max_hp_loss":0,"event_name":"World of Goop","floor":2,"gold_loss":0},{"damage_healed":0,"gold_gain":0,"player_choice":"Cursed","damage_taken":0,"max_hp_gain":0,"max_hp_loss":0,"event_name":"Wheel of Change","floor":7,"gold_loss":0,"cards_obtained":["Decay"]},{"cards_removed":["Decay"],"damage_healed":0,"gold_gain":0,"player_choice":"Card Removal","damage_taken":7,"max_hp_gain":0,"max_hp_loss":0,"event_name":"Golden Wing","floor":10,"gold_loss":0},{"cards_removed":["HollowMod:QuickDashStart"],"damage_healed":0,"gold_gain":0,"player_choice":"Purged","damage_taken":0,"max_hp_gain":0,"max_hp_loss":0,"event_name":"Purifier","floor":13,"gold_loss":0},{"damage_healed":0,"gold_gain":99,"player_choice":"Stole From Cult","damage_taken":0,"max_hp_gain":0,"max_hp_loss":0,"event_name":"Nest","floor":19,"gold_loss":0},{"damage_healed":0,"gold_gain":0,"player_choice":"Opened","damage_taken":0,"relics_obtained":["infinitespire:Beetle Shell"],"max_hp_gain":0,"max_hp_loss":0,"event_name":"The Mausoleum","floor":21,"gold_loss":0}],"is_beta":false,"boss_relics":[{"not_picked":["Abe\u0027s Treasure","Honey Jar"],"picked":"Black Star"}],"items_purged_floors":[],"is_endless":false,"potions_floor_spawned":[3,4,5,14,20],"killed_by":"Centurion and Healer","ascension_level":0}}