{"host":"ry4pu9xcjr7tzcbd","time":1608505408,"event":{"mods":["BaseMod","Beaked The Cultist","Downfall","Minty Spire (QoL Compilation)","StSLib"],"gold_per_floor":[99,99,134,134,134,134,134,134,151,162,179,191,191,11,22,126,126,126,111,111,124,124,150,176,176,176,176],"floor_reached":26,"playtime":1112,"items_purged":[],"score":247,"play_id":"ecaaab55-f1c2-4ceb-982c-9c5a8af5eb19","local_time":"20201221000328","is_ascension_mode":false,"campfire_choices":[{"data":"Guardian:TwinSlam","floor":1,"key":"SMITH"},{"data":"Guardian:EvasiveProtocol","floor":4,"key":"SMITH"},{"data":"Guardian:WalkerClaw","floor":8,"key":"SMITH"},{"data":"expansioncontent:StudyTheSpire","floor":18,"key":"SMITH"},{"data":"Guardian:PrismaticBeam","floor":20,"key":"SMITH"}],"circlet_count":0,"master_deck":["Guardian:Strike_Guardian","Guardian:Strike_Guardian","Guardian:Defend_Guardian+1","Guardian:Defend_Guardian","Guardian:Defend_Guardian","Guardian:CurlUp+1","Guardian:TwinSlam+1","Guardian:EvasiveProtocol+1","Guardian:WalkerClaw+1","Guardian:PrismaticBeam+1","expansioncontent:StudyTheSpire+1","Guardian:Clone","Guardian:MultiBeam+1","Guardian:PolyBeam+1"],"relics":["Guardian:ModeShifter","downfall:HeartsMalice","Kunai","Darkstone Periapt","Astrolabe","War Paint","downfall:RedIOU"],"acts_visited":["Exordium","TheCity"],"potions_floor_usage":[12,12,16,23,23],"damage_taken":[{"damage":0,"enemies":"Cultist","floor":2,"turns":1},{"damage":0,"enemies":"Lagavulin","floor":3,"turns":1},{"damage":0,"enemies":"Jaw Worm","floor":6,"turns":1},{"damage":0,"enemies":"2 Louse","floor":9,"turns":1},{"damage":15,"enemies":"Exordium Thugs","floor":10,"turns":6},{"damage":10,"enemies":"2 Fungi Beasts","floor":11,"turns":4},{"damage":0,"enemies":"3 Louse","floor":12,"turns":2},{"damage":0,"enemies":"downfall:FleeingMerchant","floor":14,"turns":4},{"damage":12,"enemies":"Large Slime","floor":15,"turns":3},{"damage":18,"enemies":"downfall:Watcher","floor":16,"turns":8},{"damage":11,"enemies":"downfall:FleeingMerchant","floor":19,"turns":4},{"damage":10,"enemies":"3 Byrds","floor":21,"turns":4},{"damage":31,"enemies":"Book of Stabbing","floor":23,"turns":5},{"damage":35,"enemies":"Gremlin Leader","floor":26,"turns":4}],"seed_played":"8813152554831873368","potions_obtained":[{"floor":9,"key":"Regen Potion"},{"floor":10,"key":"Fire Potion"},{"floor":11,"key":"Fire Potion"},{"floor":21,"key":"EssenceOfSteel"},{"floor":22,"key":"CultistPotion"}],"is_trial":false,"path_per_floor":["R","M","E","R","?","M","T","R","M","M","M","M","?","$","M","B",null,"R","$","R","M","?","E","T","?","E"],"character_chosen":"GUARDIAN","items_purchased":["expansioncontent:StudyTheSpire"],"campfire_rested":0,"item_purchase_floors":[14],"current_hp_per_floor":[80,80,80,80,80,80,80,80,80,65,55,55,60,60,48,44,85,85,74,74,64,64,33,33,33,0,0],"gold":176,"neow_bonus":"THREE_ENEMY_KILL","is_daily":false,"chose_seed":false,"campfire_upgraded":5,"win_rate":0.0,"timestamp":1608505408,"path_taken":["R","?","E","R","?","M","T","R","M","?","M","M","?","?","M","BOSS","R","$","R","M","?","E","T","?","E"],"items_purchased_type":["Card"],"build_version":"2020-12-13","purchased_purges":0,"victory":false,"max_hp_per_floor":[80,80,80,80,80,80,80,80,80,80,80,80,85,85,85,85,85,85,85,85,85,85,85,85,85,85,85],"card_choices":[{"not_picked":["Guardian:Gem_Cyan","Guardian:RollAttack","Guardian:ChargeCore"],"picked":"SKIP","floor":2},{"not_picked":["Guardian:ShieldSpikes","Guardian:TemporalStrike"],"picked":"Guardian:EvasiveProtocol","floor":3},{"not_picked":["Guardian:FloatingOrbs","Guardian:GuardianWhirl"],"picked":"Guardian:WalkerClaw","floor":6},{"not_picked":["Guardian:RollAttack","Guardian:Recover","Guardian:CrystalBeam"],"picked":"SKIP","floor":9},{"not_picked":["Guardian:Reroute","Guardian:GuardianWhirl"],"picked":"Guardian:PrismaticBeam","floor":10},{"not_picked":["Guardian:ChargeCore","Guardian:VentSteam","Guardian:Gem_Purple"],"picked":"SKIP","floor":11},{"not_picked":["Guardian:Incinerate","Guardian:TimeBomb","Guardian:RefractedBeam"],"picked":"SKIP","floor":12},{"not_picked":["Guardian:Gem_Cyan","Guardian:Gem_Lightblue","Guardian:Recover"],"picked":"SKIP","floor":14},{"not_picked":["Guardian:CrystalBeam","Guardian:Gem_Blue"],"picked":"Guardian:Clone","floor":15},{"not_picked":["Guardian:ExploitGems","Guardian:HyperBeam_Guardian"],"picked":"Guardian:Gem_Orange","floor":16},{"not_picked":["Guardian:StasisStrike","Guardian:Reroute","Guardian:Gem_Fragmented"],"picked":"SKIP","floor":19},{"not_picked":["Guardian:RollAttack","Guardian:VentSteam","Guardian:Suspension"],"picked":"SKIP","floor":21},{"not_picked":["Guardian:Incinerate","Guardian:Gem_Fragmented","Guardian:Reroute"],"picked":"SKIP","floor":23}],"player_experience":1222919,"relics_obtained":[{"floor":3,"key":"Kunai"},{"floor":7,"key":"Darkstone Periapt"},{"floor":23,"key":"Blood Vial"},{"floor":24,"key":"War Paint"}],"event_choices":[{"damage_healed":0,"gold_gain":0,"player_choice":"Full Heal","damage_taken":0,"max_hp_gain":0,"max_hp_loss":0,"event_name":"Wheel of Change","floor":5,"gold_loss":0},{"damage_healed":0,"gold_gain":0,"player_choice":"Donut","damage_taken":0,"max_hp_gain":5,"max_hp_loss":0,"event_name":"Big Fish","floor":13,"gold_loss":0}],"is_beta":false,"boss_relics":[{"not_picked":["Velvet Choker","Coffee Dripper"],"picked":"Astrolabe"}],"items_purged_floors":[],"is_endless":false,"potions_floor_spawned":[9,10,11,21],"killed_by":"Gremlin Leader","ascension_level":0}}