{"host":"ecaj4hn004xnnrw9","time":1608425443,"event":{"mods":["AchievementEnabler","BaseMod","Hermit","Minty Spire (QoL Compilation)","Quick Restart","Replay The Spire","StSLib","The Cursed"],"gold_per_floor":[119,119,49,66,13,47,63,92,92,17,30,30,63,76,76,172,172,189,201,201,201,201,201,211,237,237,270,297,322,75,75,75,94,94,198,198,208,208,220,236,248,248,282,310,310,320,353,353,353,364,364,364],"floor_reached":53,"playtime":2374,"items_purged":["Strike_B","Strike_B"],"score":973,"play_id":"cea8e955-114c-48dc-ab44-22a30e6cead0","local_time":"20201220005043","is_ascension_mode":true,"campfire_choices":[{"data":"Zap","floor":15,"key":"SMITH"},{"data":"Streamline","floor":26,"key":"SMITH"},{"data":"Streamline","floor":31,"key":"SMITH"},{"data":"Steam Power","floor":34,"key":"SMITH"},{"data":"Hyperbeam","floor":42,"key":"SMITH"},{"data":"Reinforced Body","floor":49,"key":"SMITH"},{"data":"Reboot","floor":51,"key":"SMITH"}],"circlet_count":0,"master_deck":["Strike_B","Defend_B+1","Defend_B+1","Defend_B+1","Defend_B+1","Zap+1","Dualcast","Steam","FTL","Beam Cell","Beam Cell","Streamline+1","Steam","Streamline+1","Reinforced Body+1","Turbo","Machine Learning+1","Go for the Eyes+1","Genetic Algorithm+1","Steam Power+1","Hyperbeam+1","Coolheaded+1","Compile Driver+1","Reboot+1","Flash of Steel","Flash of Steel"],"relics":["Cracked Core","NeowsBlessing","Replay:Towering Pillar of Hats","Letter Opener","Incense Burner","WingedGreaves","Gremlin Horn","Coffee Dripper","Singing Bowl","Replay:Wax Seal","Toy Ornithopter","Boot","Painkiller Herb","Potion Belt","StrikeDummy","Bottled Tornado","Replay:Bottled Eggs"],"acts_visited":["Exordium","TheCity","TheBeyond"],"potions_floor_usage":[8,16,24,35,35,44,52,52,52],"damage_taken":[{"damage":0,"enemies":"Jaw Worm","floor":1,"turns":1},{"damage":0,"enemies":"Cultist","floor":4,"turns":1},{"damage":0,"enemies":"Lagavulin","floor":6,"turns":1},{"damage":1,"enemies":"2 Louse","floor":7,"turns":2},{"damage":0,"enemies":"Gremlin Nob","floor":8,"turns":2},{"damage":0,"enemies":"Gremlin Gang","floor":11,"turns":4},{"damage":20,"enemies":"Lagavulin","floor":13,"turns":5},{"damage":0,"enemies":"Exordium Wildlife","floor":14,"turns":2},{"damage":9,"enemies":"Fading Forest","floor":16,"turns":11},{"damage":17,"enemies":"Spheric Guardian","floor":18,"turns":4},{"damage":1,"enemies":"Chosen","floor":19,"turns":5},{"damage":6,"enemies":"Snake Plant","floor":24,"turns":4},{"damage":8,"enemies":"Replay:Snechameleon","floor":25,"turns":10},{"damage":24,"enemies":"Book of Stabbing","floor":27,"turns":6},{"damage":3,"enemies":"Centurion and Healer","floor":33,"turns":5},{"damage":20,"enemies":"Automaton","floor":35,"turns":10},{"damage":0,"enemies":"3 Shapes","floor":37,"turns":3},{"damage":0,"enemies":"Orb Walker","floor":39,"turns":3},{"damage":0,"enemies":"3 Darklings","floor":40,"turns":4},{"damage":27,"enemies":"Maw","floor":41,"turns":7},{"damage":0,"enemies":"R_Hoarder","floor":43,"turns":9},{"damage":23,"enemies":"Giant Head","floor":44,"turns":7},{"damage":0,"enemies":"Jaw Worm Horde","floor":46,"turns":3},{"damage":0,"enemies":"Nemesis","floor":47,"turns":4},{"damage":0,"enemies":"Writhing Mass","floor":50,"turns":4},{"damage":4,"enemies":"Awakened One","floor":52,"turns":11}],"seed_played":"216166043988636211","potions_obtained":[{"floor":1,"key":"AttackPotion"},{"floor":4,"key":"Fire Potion"},{"floor":14,"key":"Strength Potion"},{"floor":16,"key":"Languid Potion"},{"floor":25,"key":"BlessingOfTheForge"},{"floor":35,"key":"Weak Potion"},{"floor":37,"key":"DuplicationPotion"},{"floor":41,"key":"Strength Potion"},{"floor":43,"key":"GamblersBrew"}],"is_trial":false,"path_per_floor":["M","?","$","M","$","E","M","E","T","$","M","?","E","M","R","B",null,"M","M","?","?","PTL","PTL","M","E","R","E","T","T","$","R","?","M","R","B",null,"?","?","?","?","?","T","E","E","T","?","E","?","T","?","T","B",null],"character_chosen":"DEFECT","items_purchased":["FTL","Beam Cell","FairyPotion","PowerPotion"],"campfire_rested":0,"item_purchase_floors":[3,5,30,30],"current_hp_per_floor":[75,75,75,75,75,75,74,74,74,74,74,74,54,54,54,45,75,58,57,43,43,43,43,37,31,31,7,7,7,7,7,7,6,6,25,84,86,86,88,88,61,61,63,45,45,47,49,41,41,43,43,54],"gold":364,"neow_bonus":"THREE_ENEMY_KILL","is_daily":false,"chose_seed":false,"campfire_upgraded":7,"win_rate":0.0,"timestamp":1608425443,"path_taken":["M","?","?","M","$","E","?","E","T","$","?","?","E","M","R","BOSS","M","?","?","?","PTL","PTL","?","E","R","E","T","?","$","R","?","M","R","BOSS","?","?","?","?","?","T","E","E","T","?","E","?","T","?","T","BOSS"],"items_purchased_type":["Card","Card","Potion","Potion"],"build_version":"2020-12-13","purchased_purges":2,"victory":true,"max_hp_per_floor":[75,75,75,75,75,75,75,75,75,75,75,75,75,75,75,75,75,75,75,80,80,80,80,80,82,82,82,82,82,82,82,82,84,84,84,84,86,86,88,88,88,88,90,90,90,92,94,96,96,98,98,98],"card_choices":[{"not_picked":["Crystallizer","Hologram"],"picked":"Steam","floor":1},{"not_picked":["Beam Cell","Glacier","Cold Snap"],"picked":"SKIP","floor":4},{"not_picked":["Glacier","Cold Snap"],"picked":"Beam Cell","floor":4},{"not_picked":["Multi-Cast","Hello World"],"picked":"Streamline","floor":6},{"not_picked":["Compile Driver","Beam Cell"],"picked":"Steam","floor":7},{"not_picked":["Hologram","Conserve Battery"],"picked":"Streamline","floor":8},{"not_picked":["Barrage","Sweeping Beam","Stack"],"picked":"SKIP","floor":11},{"not_picked":["Steam","Lockon"],"picked":"Reinforced Body","floor":13},{"not_picked":["Coolheaded","Capacitor"],"picked":"Turbo","floor":14},{"not_picked":["Fission","Creative AI"],"picked":"Machine Learning","floor":16},{"not_picked":["Leap","ReplaySort"],"picked":"Go for the Eyes+1","floor":18},{"not_picked":["Compile Driver+1","Force Field"],"picked":"Genetic Algorithm+1","floor":19},{"not_picked":["Darkness","Loop","Go for the Eyes"],"picked":"SKIP","floor":24},{"not_picked":["Barrage+1","Streamline+1","Panic Button+1"],"picked":"Singing Bowl","floor":25},{"not_picked":["BasicCrystalCard","Tempest"],"picked":"Steam Power","floor":27},{"not_picked":["Blizzard+1","Loop","Hologram"],"picked":"Singing Bowl","floor":33},{"not_picked":["Electrodynamics","Meteor Strike"],"picked":"Hyperbeam","floor":35},{"not_picked":["Force Field+1","Redo+1","Ball Lightning"],"picked":"Singing Bowl","floor":37},{"not_picked":["Rebound","Loop","Undo"],"picked":"Singing Bowl","floor":39},{"not_picked":["Buffer","Force Field"],"picked":"Coolheaded+1","floor":40},{"not_picked":["Coolheaded","Beam Cell"],"picked":"Compile Driver+1","floor":41},{"not_picked":["Coolheaded","Streamline+1","Conserve Battery+1"],"picked":"Singing Bowl","floor":43},{"not_picked":["BasicCrystalCard","Rebound+1"],"picked":"Reboot","floor":44},{"not_picked":["Leap+1","Turbo","ReplayTheSpireMod:GoodbyeWorld+1"],"picked":"Singing Bowl","floor":46},{"not_picked":["Heatsinks+1","Streamline","Hologram+1"],"picked":"SKIP","floor":47},{"not_picked":["Heatsinks+1","Streamline","Hologram+1"],"picked":"Singing Bowl","floor":47},{"not_picked":["Metamorphosis","ReplayTheSpireMod:Brewmster"],"picked":"Flash of Steel","floor":48},{"not_picked":["Replay:Bootleg Shield Generator","Madness"],"picked":"Flash of Steel","floor":48},{"not_picked":["ReplayTheSpireMod:Trickstab","Chrysalis","ReplayTheSpireMod:Uncanny Aura"],"picked":"Singing Bowl","floor":48},{"not_picked":["Hologram","FIFO Queue+1","Ball Lightning"],"picked":"Singing Bowl","floor":50}],"player_experience":178587,"relics_obtained":[{"floor":6,"key":"Replay:Towering Pillar of Hats"},{"floor":8,"key":"Letter Opener"},{"floor":9,"key":"Incense Burner"},{"floor":13,"key":"Gremlin Horn"},{"floor":25,"key":"Singing Bowl"},{"floor":27,"key":"Replay:Wax Seal"},{"floor":28,"key":"Toy Ornithopter"},{"floor":29,"key":"Boot"},{"floor":43,"key":"Potion Belt"},{"floor":44,"key":"StrikeDummy"},{"floor":45,"key":"Bottled Tornado"},{"floor":47,"key":"Replay:Bottled Eggs"}],"event_choices":[{"cards_removed":["Strike_B"],"damage_healed":0,"gold_gain":0,"player_choice":"Purged","damage_taken":0,"max_hp_gain":0,"max_hp_loss":0,"event_name":"Purifier","floor":2,"gold_loss":0},{"damage_healed":0,"gold_gain":0,"player_choice":"Gave Potion","damage_taken":0,"relics_obtained":["WingedGreaves"],"max_hp_gain":0,"max_hp_loss":0,"event_name":"WeMeetAgain","floor":12,"gold_loss":0},{"damage_healed":0,"gold_gain":0,"player_choice":"Shed Blood","damage_taken":19,"max_hp_gain":5,"max_hp_loss":0,"event_name":"Forgotten Altar","floor":20,"gold_loss":0},{"damage_healed":0,"gold_gain":0,"player_choice":"Forge","damage_taken":0,"max_hp_gain":0,"max_hp_loss":0,"event_name":"Accursed Blacksmith","floor":21,"gold_loss":0,"cards_upgraded":["Machine Learning"]},{"damage_healed":0,"gold_gain":0,"player_choice":"Ignored","damage_taken":0,"max_hp_gain":0,"max_hp_loss":0,"event_name":"Vampires","floor":32,"gold_loss":0},{"damage_healed":0,"gold_gain":0,"player_choice":"Ignored","damage_taken":0,"max_hp_gain":0,"max_hp_loss":0,"event_name":"SecretPortal","floor":38,"gold_loss":0},{"damage_healed":0,"gold_gain":0,"player_choice":"Memory 3","damage_taken":10,"max_hp_gain":0,"max_hp_loss":0,"event_name":"SensoryStone","floor":48,"gold_loss":0}],"is_beta":false,"boss_relics":[{"not_picked":["Replay:Ancient Bell","Astrolabe"],"picked":"Coffee Dripper"},{"not_picked":["ReplayTheSpireMod:DimensionalGlitch","Replay:Wanted Poster"],"picked":"Painkiller Herb"}],"items_purged_floors":[10,30],"is_endless":false,"potions_floor_spawned":[1,4,14,16,25,35,37,41,43],"ascension_level":1}}