{"host":"eemx8njkng76fu5x","time":1608464412,"event":{"mods":["2.2 Compatiblity","BaseMod","Downfall","Minty Spire (QoL Compilation)","Permanent Neow","StSLib","Unceasing Turn Reminder","Unknown Chances"],"gold_per_floor":[99,99,131,147,72,97,97,97,111,36,36,47,147,163,182,287,287,287,300,311,324,324,186,186,286,236,236,246,63,63,63,73,170,170,170,182,232,232,232,249,275,275,302,302,314,211,68,68,84,84],"floor_reached":51,"playtime":2559,"items_purged":["champ:Riposte+1","champ:ShieldSigil","champ:Execute"],"score":923,"play_id":"d528ce44-0d15-44e3-9bc0-1f70d9979a5e","local_time":"20201220194012","is_ascension_mode":true,"campfire_choices":[{"floor":1.0,"key":"RECALL"},{"data":"champ:Riposte","floor":5.0,"key":"SMITH"},{"data":"champ:PerfectedStrike","floor":10.0,"key":"SMITH"},{"data":"champ:PerfectedStrike","floor":18.0,"key":"SMITH"},{"data":"champ:CalledShot","floor":22.0,"key":"SMITH"},{"data":"champ:GladiatorStyle","floor":27.0,"key":"SMITH"},{"data":"champ:VampiricStrike","floor":35,"key":"SMITH"},{"data":"champ:Haymaker","floor":39,"key":"SMITH"},{"data":"champ:GladiatorStyle","floor":42,"key":"SMITH"},{"data":"champ:CheapShot","floor":44,"key":"SMITH"}],"circlet_count":0,"master_deck":["champ:Strike","champ:Strike","champ:Strike","champ:Strike","champ:Defend","champ:Defend","champ:Defend","champ:Taunt+1","champ:FlashCut","champ:PerfectedStrike+1","champ:FlashCut","champ:PerfectedStrike+1","champ:CalledShot+1","champ:CheapShot+1","champ:TornadoPunch+1","champ:GladiatorStyle+1","champ:DefensiveShout","champ:Haymaker+1","champ:PerfectedStrike","champ:GladiatorStyle+1","champ:VampiricStrike+1","champ:BladeFlurry","champ:BladeFlurry+1","champ:BladeFlurry+1","champ:DefensiveShout+1"],"relics":["champ:ChampionCrown","Pantograph","downfall:HeartBlessingRed","Ancient Tea Set","downfall:HeartBlessingBlue","champ:PowerArmor","champ:SpectersHand","champ:BlackKnightHelmet","White Beast Statue","Gremlin Horn","InkBottle","Runic Pyramid","FossilizedHelix","champ:DefensiveTrainingManual","Thread and Needle","Ice Cream","Potion Belt"],"acts_visited":["Exordium","TheCity","TheBeyond"],"potions_floor_usage":[33,43,45,50,50],"damage_taken":[{"damage":37.0,"enemies":"Gremlin Nob","floor":3.0,"turns":5.0},{"damage":11.0,"enemies":"Jaw Worm","floor":4.0,"turns":6.0},{"damage":42.0,"enemies":"3 Sentries","floor":6.0,"turns":7.0},{"damage":0.0,"enemies":"Cultist","floor":9.0,"turns":2.0},{"damage":0.0,"enemies":"Small Slimes","floor":12.0,"turns":2.0},{"damage":1.0,"enemies":"Blue Slaver","floor":14.0,"turns":3.0},{"damage":0.0,"enemies":"2 Fungi Beasts","floor":15.0,"turns":2.0},{"damage":25.0,"enemies":"downfall:Watcher","floor":16.0,"turns":7.0},{"damage":2.0,"enemies":"Shell Parasite","floor":19.0,"turns":4.0},{"damage":20.0,"enemies":"Snecko","floor":20.0,"turns":4.0},{"damage":18.0,"enemies":"Centurion and Healer","floor":21.0,"turns":5.0},{"damage":9.0,"enemies":"downfall:FleeingMerchant","floor":23.0,"turns":5.0},{"damage":35.0,"enemies":"downfall:FleeingMerchant","floor":25.0,"turns":6.0},{"damage":11,"enemies":"Shelled Parasite and Fungi","floor":28,"turns":4},{"damage":5,"enemies":"downfall:FleeingMerchant","floor":29,"turns":5},{"damage":5,"enemies":"3 Cultists","floor":32,"turns":3},{"damage":51,"enemies":"downfall:Ironclad","floor":33,"turns":5},{"damage":5,"enemies":"Orb Walker","floor":36,"turns":3},{"damage":43,"enemies":"Mind Bloom Boss Battle","floor":37,"turns":6},{"damage":0,"enemies":"3 Darklings","floor":40,"turns":4},{"damage":9,"enemies":"Reptomancer","floor":43,"turns":4},{"damage":32,"enemies":"4 Shapes","floor":45,"turns":4},{"damage":0,"enemies":"downfall:FleeingMerchant","floor":46,"turns":2},{"damage":16,"enemies":"Jaw Worm Horde","floor":49,"turns":3},{"damage":41,"enemies":"downfall:Silent","floor":50,"turns":5}],"seed_played":"8244364515553507532","potions_obtained":[{"floor":4.0,"key":"Energy Potion"},{"floor":6.0,"key":"Strength Potion"},{"floor":14.0,"key":"DuplicationPotion"},{"floor":20.0,"key":"ColorlessPotion"},{"floor":33,"key":"Block Potion"},{"floor":43,"key":"Energy Potion"},{"floor":45,"key":"Fire Potion"},{"floor":49,"key":"BlessingOfTheForge"}],"is_trial":false,"path_per_floor":["R","?","E","M","R","E","T","?","M","R","?","M","?","M","M","B",null,"R","M","M","M","R","$","T","?","?","R","M","$","T","?","M","B",null,"R","M","?","?","R","M","T","R","E","R","M","$","?","?","M","B",null],"character_chosen":"THE_CHAMP","items_purchased":["champ:DefensiveShout","champ:GladiatorStyle","Ice Cream","Potion Belt"],"campfire_rested":0,"item_purchase_floors":[23,29,46,47],"current_hp_per_floor":[81,81,54,53,53,21,21,31,31,41,41,41,41,40,40,40,93,93,91,76,58,58,54,54,24,62,62,56,56,56,56,56,35,91,91,86,110,110,110,110,110,110,110,110,96,100,100,100,84,95],"gold":84,"neow_bonus":"UPGRADE_CARD","is_daily":false,"chose_seed":false,"campfire_upgraded":9,"win_rate":0.0,"timestamp":1608464412,"path_taken":["R","?","E","?","R","E","T","?","M","R","?","M","?","M","M","BOSS","R","M","M","M","R","$","T","?","?","R","M","$","?","?","M","BOSS","R","M","?","?","R","M","T","R","E","R","M","$","?","?","M","BOSS"],"items_purchased_type":["Card","Card","Relic","Relic"],"build_version":"2020-12-13","purchased_purges":3,"victory":true,"max_hp_per_floor":[90,90,90,90,90,90,90,100,100,110,110,110,110,110,110,110,110,110,110,110,110,110,110,110,110,110,110,110,110,110,110,110,110,110,110,110,110,110,110,110,110,110,110,110,110,110,110,110,110,110],"card_choices":[{"not_picked":["champ:ViciousMockery","champ:CrookedStrike"],"picked":"champ:Riposte","floor":3.0},{"not_picked":["champ:Encircle","champ:CrookedStrike"],"picked":"champ:ShieldSigil","floor":4.0},{"not_picked":["champ:DefensiveStyle","champ:RageSigil"],"picked":"champ:FlashCut","floor":6.0},{"not_picked":["champ:Backstep","champ:BerserkerStyle"],"picked":"champ:PerfectedStrike","floor":9.0},{"not_picked":["champ:SwordSigil","champ:DefensiveShout"],"picked":"champ:FlashCut","floor":12.0},{"not_picked":["champ:Encircle","champ:StanceDance"],"picked":"champ:PerfectedStrike","floor":14.0},{"not_picked":["champ:AdrenalArmor","champ:CrookedStrike"],"picked":"champ:CalledShot","floor":15.0},{"not_picked":["champ:ShieldSlam","champ:EnchantShield"],"picked":"champ:CheapShot","floor":16.0},{"not_picked":["champ:Backstep+1","champ:PreciseThrust"],"picked":"champ:TornadoPunch+1","floor":19.0},{"not_picked":["champ:FocusedDefense","champ:ArenaPreparation+1","champ:RecklessLeap"],"picked":"SKIP","floor":20.0},{"not_picked":["champ:ShieldSigil","champ:AdrenalArmor+1"],"picked":"champ:GladiatorStyle","floor":21.0},{"not_picked":["champ:RageSigil","champ:DefensiveStyle","champ:GutPunch"],"picked":"SKIP","floor":23.0},{"not_picked":["champ:Backstep","champ:RecklessLeap+1"],"picked":"champ:Haymaker","floor":28},{"not_picked":["champ:ShieldSlam","champ:BerserkerStyle"],"picked":"champ:PerfectedStrike","floor":29},{"not_picked":["champ:FanOfKnives","champ:ShieldWall","champ:PerfectedStrike"],"picked":"SKIP","floor":32},{"not_picked":["champ:SteelEdge","champ:EnchantCrown"],"picked":"champ:VampiricStrike","floor":33},{"not_picked":["champ:CrookedStrike","champ:BladeFlurry","champ:Shatter+1"],"picked":"SKIP","floor":36},{"not_picked":["champ:CrookedStrike","champ:Shatter+1"],"picked":"champ:BladeFlurry","floor":36},{"not_picked":["champ:FanOfKnives","champ:FlashCut+1"],"picked":"champ:BladeFlurry+1","floor":40},{"not_picked":["champ:TornadoPunch","champ:Backstep+1"],"picked":"champ:BladeFlurry+1","floor":43},{"not_picked":["champ:LastStand","champ:ShieldSigil+1","champ:StanceDance"],"picked":"SKIP","floor":45},{"not_picked":["champ:FightOn","champ:CrookedStrike"],"picked":"champ:DefensiveShout+1","floor":46},{"not_picked":["champ:Haymaker","champ:PerfectedStrike","champ:AdrenalArmor+1"],"picked":"SKIP","floor":49}],"player_experience":376281,"relics_obtained":[{"floor":3.0,"key":"Pantograph"},{"floor":6.0,"key":"Ancient Tea Set"},{"floor":24.0,"key":"champ:SpectersHand"},{"floor":25.0,"key":"champ:BlackKnightHelmet"},{"floor":25.0,"key":"White Beast Statue"},{"floor":30,"key":"Gremlin Horn"},{"floor":37,"key":"FossilizedHelix"},{"floor":41,"key":"champ:DefensiveTrainingManual"},{"floor":43,"key":"Thread and Needle"}],"event_choices":[{"cards_removed":["champ:Defend"],"damage_healed":0.0,"max_hp_gain":0.0,"max_hp_loss":0.0,"gold_gain":0.0,"event_name":"Purifier","player_choice":"Purged","floor":2.0,"gold_loss":0.0,"damage_taken":0.0}],"is_beta":false,"boss_relics":[{"not_picked":["Tiny House","Sozu"],"picked":"champ:PowerArmor"},{"not_picked":["Black Star","Coffee Dripper"],"picked":"Runic Pyramid"}],"items_purged_floors":[23,29,46],"is_endless":false,"potions_floor_spawned":[4,6,14,20,25,28,29,32,33,36,37,40,43,45,46,49],"ascension_level":6}}