{"host":"7cp3z5w0tcrrm8ys","time":1608463443,"event":{"mods":["AchievementEnabler","BaseMod","Colored Map","Colored Powertips","DeckTracker","Minty Spire (QoL Compilation)","StSLib","SuperFastMode"],"gold_per_floor":[115,126,138,154,169,169,189,189,236,250,266,281,314,332,332,409,409,425,41,58,0,16,41,41,55,126,126,145,145,145],"floor_reached":29,"playtime":1111,"items_purged":["Strike_R"],"score":535,"play_id":"3cfa2595-1a03-4a02-a60b-1a830a4b1c37","local_time":"20201220202403","is_ascension_mode":true,"campfire_choices":[{"data":"Perfected Strike","floor":6,"key":"SMITH"},{"floor":8,"key":"REST"},{"data":"Barricade","floor":15,"key":"SMITH"},{"floor":24,"key":"REST"},{"floor":27,"key":"REST"}],"circlet_count":0,"master_deck":["AscendersBane","Strike_R","Strike_R","Strike_R","Strike_R","Defend_R","Defend_R","Defend_R","Defend_R","Bash","Barricade+1","Perfected Strike+1","Shrug It Off","Perfected Strike","Twin Strike","Perfected Strike","Twin Strike","Combust","Corruption","Armaments","Pommel Strike+1","Perfected Strike","Thunderclap+1","Pommel Strike+1","Regret","True Grit+1"],"relics":["Burning Blood","Smiling Mask","Lizard Tail","Cursed Key","Toolbox","Juzu Bracelet","Frozen Egg 2","Blue Candle"],"acts_visited":["Exordium","TheCity"],"potions_floor_usage":[4,11,16,16,20,22,23,25,29],"damage_taken":[{"damage":7,"enemies":"Cultist","floor":1,"turns":4},{"damage":14,"enemies":"Jaw Worm","floor":2,"turns":4},{"damage":5,"enemies":"Small Slimes","floor":3,"turns":3},{"damage":8,"enemies":"3 Louse","floor":4,"turns":2},{"damage":18,"enemies":"Lots of Slimes","floor":5,"turns":5},{"damage":15,"enemies":"Large Slime","floor":7,"turns":6},{"damage":13,"enemies":"Red Slaver","floor":10,"turns":3},{"damage":0,"enemies":"3 Louse","floor":11,"turns":2},{"damage":1,"enemies":"2 Fungi Beasts","floor":12,"turns":3},{"damage":24,"enemies":"3 Sentries","floor":13,"turns":5},{"damage":16,"enemies":"Exordium Wildlife","floor":14,"turns":3},{"damage":49,"enemies":"The Guardian","floor":16,"turns":12},{"damage":12,"enemies":"Spheric Guardian","floor":18,"turns":3},{"damage":33,"enemies":"Shell Parasite","floor":20,"turns":6},{"damage":13,"enemies":"Cultist and Chosen","floor":22,"turns":7},{"damage":20,"enemies":"Gremlin Leader","floor":23,"turns":10},{"damage":12,"enemies":"Sentry and Sphere","floor":25,"turns":5},{"damage":18,"enemies":"Centurion and Healer","floor":28,"turns":3},{"damage":41,"enemies":"Book of Stabbing","floor":29,"turns":3}],"seed_played":"1216759325653203727","potions_obtained":[{"floor":1,"key":"Explosive Potion"},{"floor":5,"key":"Dexterity Potion"},{"floor":7,"key":"Strength Potion"},{"floor":10,"key":"Explosive Potion"},{"floor":11,"key":"Swift Potion"},{"floor":16,"key":"SpeedPotion"},{"floor":20,"key":"HeartOfIron"},{"floor":22,"key":"LiquidBronze"},{"floor":23,"key":"EssenceOfSteel"},{"floor":28,"key":"Fire Potion"}],"is_trial":false,"path_per_floor":["M","M","M","M","M","R","M","R","T","M","M","M","E","M","R","B",null,"M","$","M","?","M","E","R","M","T","R","M","E"],"character_chosen":"IRONCLAD","items_purchased":["Toolbox","Juzu Bracelet"],"campfire_rested":3,"item_purchase_floors":[19,19],"current_hp_per_floor":[67,59,60,58,46,46,37,59,59,52,58,63,45,35,35,29,64,58,58,31,31,24,10,32,26,26,48,36,0,0],"gold":145,"neow_bonus":"ONE_RANDOM_RARE_CARD","is_daily":false,"chose_seed":false,"campfire_upgraded":2,"win_rate":0.0,"timestamp":1608463443,"path_taken":["M","M","?","M","M","R","M","R","T","M","M","M","E","M","R","BOSS","M","$","M","?","M","E","R","M","T","R","M","E"],"items_purchased_type":["Relic","Relic"],"build_version":"2020-12-13","purchased_purges":1,"victory":false,"max_hp_per_floor":[75,75,75,75,75,75,75,75,75,75,75,75,75,75,75,75,75,75,75,75,75,75,75,75,75,75,75,75,75,75],"card_choices":[{"not_picked":["Clash","Heavy Blade"],"picked":"Perfected Strike","floor":1},{"not_picked":["Disarm","Feel No Pain"],"picked":"Shrug It Off","floor":2},{"not_picked":["Entrench","Clothesline"],"picked":"Perfected Strike","floor":3},{"not_picked":["Iron Wave","Sword Boomerang"],"picked":"Twin Strike","floor":4},{"not_picked":["Dropkick","Spot Weakness","Inflame"],"picked":"SKIP","floor":5},{"not_picked":["Ghostly Armor","Double Tap"],"picked":"Perfected Strike","floor":7},{"not_picked":["True Grit","Entrench","Clash"],"picked":"SKIP","floor":10},{"not_picked":["Exhume","Clothesline"],"picked":"Twin Strike","floor":11},{"not_picked":["Havoc","True Grit"],"picked":"Combust","floor":12},{"not_picked":["Pummel","Juggernaut","Iron Wave"],"picked":"SKIP","floor":13},{"not_picked":["Wild Strike","Searing Blow","True Grit"],"picked":"SKIP","floor":14},{"not_picked":["Juggernaut","Brutality"],"picked":"Corruption","floor":16},{"not_picked":["Havoc","Second Wind+1"],"picked":"Armaments","floor":18},{"not_picked":["Warcry","Clash"],"picked":"Pommel Strike+1","floor":20},{"not_picked":["Thunderclap","Headbutt+1"],"picked":"Perfected Strike","floor":22},{"not_picked":["Wild Strike+1","Inflame+1"],"picked":"Thunderclap+1","floor":23},{"not_picked":["Cleave","Reckless Charge"],"picked":"Pommel Strike+1","floor":25},{"not_picked":["Body Slam","Flame Barrier"],"picked":"True Grit+1","floor":28}],"player_experience":786708,"relics_obtained":[{"floor":9,"key":"Smiling Mask"},{"floor":13,"key":"Lizard Tail"},{"floor":23,"key":"Frozen Egg 2"},{"floor":26,"key":"Blue Candle"}],"event_choices":[{"damage_healed":0,"gold_gain":0,"player_choice":"Paid Fearfully","damage_taken":0,"max_hp_gain":0,"max_hp_loss":0,"event_name":"Masked Bandits","floor":21,"gold_loss":58}],"is_beta":false,"boss_relics":[{"not_picked":["Empty Cage","SlaversCollar"],"picked":"Cursed Key"}],"items_purged_floors":[19],"is_endless":false,"potions_floor_spawned":[1,5,7,10,11,13,16,20,22,23,28],"killed_by":"Book of Stabbing","ascension_level":20}}