{"host":"87fdiiwflhrwsj8a","time":1608486991,"event":{"mods":["Aspiration","BaseMod","Better Match","Better Third Choice","BetterRewards","Colored Map","Downfall","GifTheSpireLib","Infinite Spire","Minty Spire (QoL Compilation)","Relic Sorter","Replay The Spire","Robot Space Explorer","StSLib","Stuff the Spire","The Cursed"],"gold_per_floor":[119,119,119,119,119,119,148,148,148,148,158,186,65,240,240,342,342,359,359,634,646,230,230,230],"floor_reached":23,"playtime":662,"items_purged":[],"score":469,"play_id":"286434d9-2efe-4498-9b6e-b9526b9b587a","local_time":"20201220125631","is_ascension_mode":true,"campfire_choices":[{"data":"1","floor":8.0,"key":"LIFT"},{"data":"2","floor":10.0,"key":"LIFT"},{"floor":15.0,"key":"REST"}],"circlet_count":0,"master_deck":["AscendersBane","TheCursedMod:Strike_TheCursed","TheCursedMod:Strike_TheCursed","TheCursedMod:Strike_TheCursed","TheCursedMod:Strike_TheCursed","TheCursedMod:Defend_TheCursed","TheCursedMod:Defend_TheCursed","TheCursedMod:Defend_TheCursed","TheCursedMod:Defend_TheCursed","TheCursedMod:CursedWand","TheCursedMod:CleanUpWorkshop","TheCursedMod:Dregs","Impatience+1","TheCursedMod:TacticalStrike","TheCursedMod:TacticalStrike","TheCursedMod:CursedShiv","TheCursedMod:CursedShiv","TheCursedMod:ShockAndAwe+1","Doubt","TheCursedMod:CollectTribute","TheCursedMod:BlessingInDisguise","StuffTheSpire:DeathNote","Regret"],"relics":["TheCursedMod:BlackMagic101","Kunai","Girya","Juzu Bracelet","infinitespire:Bottled Soul","ReplayFunnel","aspiration:HatOfInfinitePower","Singing Bowl","Ring of Chaos","Replay:WaspNest","Oddly Smooth Stone"],"acts_visited":["Exordium","TheCity"],"potions_floor_usage":[23],"damage_taken":[{"damage":1.0,"enemies":"Cultist","floor":1.0,"turns":4.0},{"damage":20.0,"enemies":"3 Sentries","floor":7.0,"turns":6.0},{"damage":4.0,"enemies":"Jaw Worm","floor":11.0,"turns":2.0},{"damage":4.0,"enemies":"Gremlin Nob","floor":12.0,"turns":3.0},{"damage":14.0,"enemies":"The Guardian","floor":16.0,"turns":12.0},{"damage":17.0,"enemies":"2 Thieves","floor":18.0,"turns":3.0},{"damage":0,"enemies":"Spheric Guardian","floor":21,"turns":1},{"damage":36,"enemies":"Nightmare","floor":23,"turns":3}],"seed_played":"-2053300467666568195","potions_obtained":[{"floor":7.0,"key":"sneckomod:MuddlingPotion"},{"floor":11.0,"key":"Adrenaline Potion"},{"floor":21,"key":"Elixir"}],"is_trial":false,"path_per_floor":["M","T","?","?","?","?","E","R","T","R","M","E","$","?","R","B",null,"M","?","?","M","$","NM"],"character_chosen":"THE_CURSED","items_purchased":["Kunai","Juzu Bracelet","Impatience","TheCursedMod:TacticalStrike","TheCursedMod:ShockAndAwe+1","Replay:WaspNest","Oddly Smooth Stone"],"campfire_rested":1,"item_purchase_floors":[0,0,0,0,13,22,22],"current_hp_per_floor":[29,29,44,44,44,44,24,24,24,24,20,16,16,16,38,24,62,45,25,25,27,27,0,0],"gold":230,"neow_bonus":"","is_daily":false,"chose_seed":false,"campfire_upgraded":0,"win_rate":0.0,"timestamp":1608486991,"path_taken":["M","?","?","?","?","?","E","R","T","R","M","E","?","?","R","BOSS","M","?","?","M","$","NM"],"items_purchased_type":["Relic","Relic","Card","Card","Card","Relic","Relic"],"build_version":"2020-12-13","purchased_purges":0,"victory":false,"max_hp_per_floor":[75,75,75,75,75,75,75,75,75,75,75,75,75,75,75,75,75,75,75,75,77,77,77,77],"card_choices":[{"not_picked":["TheCursedMod:RavingStaff","TheCursedMod:HellsGateOpen"],"picked":"TheCursedMod:TacticalStrike","floor":1.0},{"not_picked":["TheCursedMod:CircleOfBlood","TheCursedMod:CircleOfAmplification"],"picked":"TheCursedMod:CursedShiv","floor":7.0},{"not_picked":["TheCursedMod:Hemoplague","TheCursedMod:BlessingInDisguise","TheCursedMod:FleshFromBone"],"picked":"SKIP","floor":11.0},{"not_picked":["TheCursedMod:SmokeScreen","TheCursedMod:LuckyCharm"],"picked":"TheCursedMod:CursedShiv","floor":12.0},{"not_picked":["TheCursedMod:StunningStrike","TheCursedMod:ShockAndAwe"],"picked":"TheCursedMod:CollectTribute","floor":16.0},{"not_picked":["TheCursedMod:RapidMovement","TheCursedMod:CursedMace+1"],"picked":"TheCursedMod:BlessingInDisguise","floor":18},{"not_picked":["TheCursedMod:BlessingInDisguise","TheCursedMod:Torture","TheCursedMod:SpitefulPray"],"picked":"Singing Bowl","floor":21}],"player_experience":2594152,"relics_obtained":[{"floor":2.0,"key":"infinitespire:Bottled Soul"},{"floor":7.0,"key":"ReplayFunnel"},{"floor":9.0,"key":"aspiration:HatOfInfinitePower"},{"floor":12.0,"key":"Singing Bowl"}],"event_choices":[{"damage_healed":0.0,"max_hp_gain":0.0,"max_hp_loss":0.0,"gold_gain":175.0,"event_name":"betterThird:BetterSerpent","player_choice":"AGREE","floor":14.0,"gold_loss":0.0,"damage_taken":65.0},{"damage_healed":0,"gold_gain":275,"player_choice":"Desecrate","damage_taken":0,"max_hp_gain":0,"max_hp_loss":0,"event_name":"Golden Shrine","floor":20,"gold_loss":0,"cards_obtained":["Regret"]}],"is_beta":false,"boss_relics":[{"not_picked":["ChewingGum","StuffTheSpire:ModemDavis"],"picked":"Ring of Chaos"}],"items_purged_floors":[],"is_endless":false,"potions_floor_spawned":[7,11,21],"killed_by":"Nightmare","ascension_level":12}}