{"host":"40ttcv3g5w633xb3","time":1608485802,"event":{"mods":["AchievementEnabler","Act Like it!","Ascension Reborn","Aspiration","BaseMod","Beaked The Cultist","BetterRewards","Challenge The Spire","Clawfect","Colored Map","Colored Powertips","Conspire","Custom Start","Downfall","Elementarium","Emptier Cage","Energized Spire","Gensokyo","GifTheSpireLib","GungeonMod","Halation","Hallownest","Hermit","Highlight Path","Hubris","HumanHunterMod(????mod)","Humility","Infinite Spire","Jedi Mod","KomeijiMod","Marisa????????","Marked Mod","Minty Spire (QoL Compilation)","MostiFishMod","Pale of the Ancients","Permanent Neow","Quarter Circle Forward PUNCH!","Quick Restart","Random Character Button","Rare Cards Sparkle","Relic Stats","Replay The Spire","Shade Mod","Spicy Shops","Spikes Relics","StSLib","Stuff the Spire","SuperFastMode","The Edgeheg","The Hierophant","The Jungle","The Necromancer","The Problem Sleuth","TheArtist","Trackpad","Wandering Minibosses","vexMod","yUi"],"gold_per_floor":[113,132,132,132,155,155,190,190,218,240,278,278,278,302,302,422,422,435,447,447,469,469,469,499,512,568,590,631,631,655,674,674,674,793,793,809,809,823,823,823],"floor_reached":41,"playtime":1640,"items_purged":[],"score":175,"play_id":"edc21f40-6027-4b68-a8e1-06a724e4ff5a","local_time":"20201220173642","is_ascension_mode":true,"campfire_choices":[{"data":"Twin Strike","floor":6,"key":"SMITH"},{"data":"MostiFishMod:HellRitual","floor":8,"key":"SMITH"},{"data":"Cleave","floor":15,"key":"SMITH"},{"data":"Whirlwind","floor":23,"key":"SMITH"},{"data":"MostiFishMod:RacingGame","floor":29,"key":"SMITH"},{"floor":33,"key":"DIG"}],"circlet_count":0,"master_deck":["conspire:GhostlyStrike+1","conspire:GhostlyStrike+1","conspire:GhostlyStrike+1","conspire:GhostlyStrike+1","conspire:GhostlyDefend+1","conspire:GhostlyDefend+1","conspire:GhostlyDefend+1","conspire:GhostlyDefend+1","Bash+1","Flame Barrier","Twin Strike+1","MostiFishMod:HellRitual+1","Havoc","Cleave+1","Rampage","Battle Trance","Pommel Strike+1","Impervious","Uppercut+1","Whirlwind+1","Twin Strike+1","Entrench","MostiFishMod:RacingGame+1","Entrench","Sword Boomerang+1","Body Slam+1","Limit Break","Dark Shackles","Flex+1"],"relics":["Burning Blood","DaveBox","PatriotShield","aspiration:Nostalgia","MiniHakkero","Question Card","DemoMod:MeltedRock","halation:BottledLove","infinitespire:Lucky Rock","infinitespire:FocusingShard","Akabeko","DemoMod:GlassGuonStoneRelic","PreservedInsect","ImportantClient","infinitespire:BottledMercury","trackpad:WondrousWand","aspiration:FrozenJewel","trackpad:BottledTsunami","aspiration:EmptySkull","Red Mask","hubris:SlimyHat","trackpad:SneckoScepter","ChiXiaoBlade","Ring of the Serpent","Ring of the Serpent","Ring of the Serpent","Ring of the Serpent","Ring of the Serpent","Electric Blood","hubris:SlimyHat","hubris:SlimyHat","hubris:SlimyHat","hubris:SlimyHat","hubris:SlimyHat","hubris:SlimyHat","hubris:SlimyHat","hubris:SlimyHat","hubris:SlimyHat","hubris:SlimyHat","hubris:SlimyHat","hubris:SlimyHat","hubris:SlimyHat","hubris:SlimyHat","hubris:SlimyHat","hubris:SlimyHat","hubris:SlimyHat","hubris:SlimyHat","hubris:SlimyHat","hubris:SlimyHat","hubris:SlimyHat","Ring of the Serpent"],"acts_visited":["Exordium","TheCity","TheBeyond"],"potions_floor_usage":[],"damage_taken":[{"damage":0,"enemies":"2 Louse","floor":1,"turns":1},{"damage":0,"enemies":"Jaw Worm","floor":2,"turns":1},{"damage":0,"enemies":"Cultist","floor":5,"turns":1},{"damage":0,"enemies":"Gremlin Nob","floor":7,"turns":2},{"damage":0,"enemies":"3 Louse","floor":10,"turns":1},{"damage":0,"enemies":"Lagavulin","floor":11,"turns":1},{"damage":0,"enemies":"Red Slaver","floor":14,"turns":1},{"damage":0,"enemies":"Fading Forest","floor":16,"turns":5},{"damage":4,"enemies":"Chosen","floor":18,"turns":1},{"damage":0,"enemies":"conspire:FuzzyDice","floor":19,"turns":1},{"damage":0,"enemies":"Sentry and Sphere","floor":21,"turns":1},{"damage":0,"enemies":"conspire:SneckoGhost","floor":24,"turns":1},{"damage":0,"enemies":"3 Cultists","floor":25,"turns":1},{"damage":0,"enemies":"Snecko","floor":27,"turns":1},{"damage":4,"enemies":"Masked Bandits","floor":28,"turns":1},{"damage":0,"enemies":"Centurion and Healer","floor":30,"turns":1},{"damage":1,"enemies":"Chosen and Byrds","floor":31,"turns":1},{"damage":0,"enemies":"Automaton","floor":34,"turns":5},{"damage":0,"enemies":"Orb Walker","floor":36,"turns":1},{"damage":19,"enemies":"3 Shapes","floor":38,"turns":1},{"damage":53,"enemies":"infinitespire:MassOfShapes","floor":40,"turns":1}],"seed_played":"4109779878651216055","potions_obtained":[{"floor":1,"key":"Milkshake"},{"floor":2,"key":"LiquidBronze"},{"floor":2,"key":"Strength Potion"}],"is_trial":false,"path_per_floor":["M","M","?","T","M","R","E","R","T","M","E","?","?","M","R","B",null,"M","M","T","M","?","R","E","M","T","M","?","R","M","M","M","R_BF","B",null,"M","?","M","?","B",null],"character_chosen":"IRONCLAD","items_purchased":[],"campfire_rested":0,"item_purchase_floors":[],"current_hp_per_floor":[85,85,85,85,85,85,85,85,85,85,85,85,85,85,85,90,90,90,90,90,90,90,90,90,90,90,90,90,90,90,90,90,90,95,95,95,95,84,84,46],"gold":823,"neow_bonus":"NOSTALGIA","is_daily":false,"chose_seed":false,"campfire_upgraded":5,"win_rate":0.0,"timestamp":1608485802,"path_taken":["M","M","?","?","M","R","E","R","T","?","E","?","?","M","R","BOSS","M","M","?","?","?","R","E","?","T","M","?","R","M","M","M","R_BF","BOSS","M","?","?","?","BOSS"],"items_purchased_type":[],"build_version":"2020-12-13","purchased_purges":0,"victory":true,"max_hp_per_floor":[85,85,85,85,85,85,85,85,85,85,85,85,85,85,85,90,90,90,90,90,90,90,90,90,90,90,90,90,90,90,90,90,90,95,95,95,95,95,95,100],"relic_stats":{"counters":[21,30],"PreservedInsect":31,"Question Card":37,"obtain_stats":[{"infinitespire:BottledMercury":19,"PatriotShield":0,"DaveBox":0,"DemoMod:GlassGuonStoneRelic":10,"trackpad:WondrousWand":20,"hubris:SlimyHat":33,"Burning Blood":0,"trackpad:SneckoScepter":34,"DemoMod:MeltedRock":4,"Red Mask":28,"Electric Blood":35,"ImportantClient":16,"StuffTheSpire:RunicHypercube":17,"aspiration:Nostalgia":0,"halation:BottledLove":4,"infinitespire:FocusingShard":9,"PreservedInsect":11,"infinitespire:Lucky Rock":7,"Question Card":1,"Akabeko":9,"aspiration:FrozenJewel":24,"aspiration:EmptySkull":26,"ChiXiaoBlade":34,"MiniHakkero":0,"trackpad:BottledTsunami":26,"Ring of the Serpent":34},{"infinitespire:BottledMercury":10,"PatriotShield":0,"DaveBox":0,"DemoMod:GlassGuonStoneRelic":5,"trackpad:WondrousWand":10,"hubris:SlimyHat":17,"Burning Blood":0,"trackpad:SneckoScepter":18,"DemoMod:MeltedRock":2,"Red Mask":15,"Electric Blood":18,"ImportantClient":8,"StuffTheSpire:RunicHypercube":8,"aspiration:Nostalgia":0,"halation:BottledLove":2,"infinitespire:FocusingShard":4,"PreservedInsect":6,"infinitespire:Lucky Rock":4,"Question Card":1,"Akabeko":4,"aspiration:FrozenJewel":12,"aspiration:EmptySkull":13,"ChiXiaoBlade":18,"MiniHakkero":0,"trackpad:BottledTsunami":13,"Ring of the Serpent":18},{"infinitespire:BottledMercury":15,"PatriotShield":0,"DaveBox":0,"DemoMod:GlassGuonStoneRelic":6,"trackpad:WondrousWand":15,"hubris:SlimyHat":22,"Burning Blood":0,"trackpad:SneckoScepter":27,"DemoMod:MeltedRock":2,"Red Mask":20,"Electric Blood":27,"ImportantClient":13,"StuffTheSpire:RunicHypercube":13,"aspiration:Nostalgia":0,"halation:BottledLove":2,"infinitespire:FocusingShard":5,"PreservedInsect":7,"infinitespire:Lucky Rock":5,"Question Card":1,"Akabeko":5,"aspiration:FrozenJewel":17,"aspiration:EmptySkull":18,"ChiXiaoBlade":27,"MiniHakkero":0,"trackpad:BottledTsunami":18,"Ring of the Serpent":27}],"Burning Blood":25},"card_choices":[{"not_picked":["hubris:CleavingFinish+1","Wild Strike"],"picked":"Flame Barrier","floor":1},{"not_picked":["Clothesline+1","Body Slam+1","Fire Breathing"],"picked":"Twin Strike","floor":2},{"not_picked":["MostiFishMod:BrandingRite+1","jedi:fear","Body Slam","Replay:Undeath\u0027s Touch"],"picked":"SKIP","floor":5},{"not_picked":["Hemokinesis","Sword Boomerang","ReplayTheSpireMod:Strike From Hell"],"picked":"MostiFishMod:HellRitual","floor":7},{"not_picked":["Iron Wave","Wild Strike","MostiFishMod:ChineseTea"],"picked":"Havoc","floor":7},{"not_picked":["StuffTheSpire:RockThrow+1","Pommel Strike","Headbutt+1"],"picked":"Cleave","floor":10},{"not_picked":["Dark Embrace","Massacre","Defy Death+1"],"picked":"Rampage","floor":11},{"not_picked":["DemoMod:WhiteBlade","MostiFishMod:ChineseTea","Run Through"],"picked":"Battle Trance","floor":11},{"not_picked":["Demonic Infusion","Clash","Clothesline+1"],"picked":"Pommel Strike+1","floor":14},{"not_picked":["MostiFishMod:ChineseTea","hubris:StunningStrike","Barricade"],"picked":"Impervious","floor":16},{"not_picked":["Anger","Pommel Strike","Flex+1"],"picked":"Uppercut+1","floor":18},{"not_picked":["Massacre+1","Seeing Red+1","Shrug It Off+1"],"picked":"Whirlwind","floor":19},{"not_picked":["MostiFishMod:UltimateDefense","Invigoration+1","Shrug It Off+1"],"picked":"Twin Strike+1","floor":21},{"not_picked":["Disarm","Havoc+1","Clash"],"picked":"MostiFishMod:RacingGame","floor":24},{"not_picked":["Warcry","conspire:ExplosiveBarrier+1","Run Through+1"],"picked":"Entrench","floor":25},{"not_picked":["Iron Wave","Warcry","Sword Boomerang","Twin Strike"],"picked":"SKIP","floor":27},{"not_picked":["Cleave+1","Invigoration","ReplayTheSpireMod:Strike From Hell"],"picked":"Sword Boomerang+1","floor":28},{"not_picked":["StuffTheSpire:RockThrow+1","ReplayTheSpireMod:Limb From Limb+1","Ghostly Armor+1"],"picked":"Body Slam+1","floor":30},{"not_picked":["Fire Breathing","Headbutt+1","hubris:ReadiedAction+1","Sentinel+1"],"picked":"SKIP","floor":31},{"not_picked":["Offering","Reaper","hubris:StunningStrike"],"picked":"Limit Break","floor":34},{"not_picked":["MostiFishMod:BrandingRite+1","StuffTheSpire:Slingshot+1","Sever Soul+1","Twin Strike"],"picked":"SKIP","floor":36},{"not_picked":["Dark Embrace+1","Perfected Strike+1","DemoMod:BlackBlade+1"],"picked":"Flex+1","floor":38}],"player_experience":316664,"relics_obtained":[{"floor":1,"key":"Question Card"},{"floor":4,"key":"DemoMod:MeltedRock"},{"floor":4,"key":"halation:BottledLove"},{"floor":7,"key":"infinitespire:Lucky Rock"},{"floor":9,"key":"infinitespire:FocusingShard"},{"floor":9,"key":"Akabeko"},{"floor":11,"key":"PreservedInsect"},{"floor":16,"key":"ImportantClient"},{"floor":19,"key":"infinitespire:BottledMercury"},{"floor":20,"key":"trackpad:WondrousWand"},{"floor":24,"key":"aspiration:FrozenJewel"},{"floor":26,"key":"trackpad:BottledTsunami"},{"floor":26,"key":"aspiration:EmptySkull"},{"floor":28,"key":"Red Mask"},{"floor":33,"key":"hubris:SlimyHat"},{"floor":34,"key":"trackpad:SneckoScepter"}],"event_choices":[{"damage_healed":0,"gold_gain":0,"player_choice":"Agree","damage_taken":0,"max_hp_gain":0,"max_hp_loss":0,"event_name":"conspire:LoneGhost","floor":3,"gold_loss":0},{"cards_removed":["conspire:GhostlyStrike"],"damage_healed":0,"gold_gain":0,"player_choice":"Purged","damage_taken":0,"max_hp_gain":0,"max_hp_loss":0,"event_name":"Purifier","floor":13,"gold_loss":0},{"damage_healed":0,"gold_gain":0,"player_choice":"Read","damage_taken":0,"max_hp_gain":0,"max_hp_loss":0,"event_name":"The Library","floor":22,"gold_loss":0,"cards_obtained":["Entrench"]},{"damage_healed":0,"gold_gain":0,"player_choice":"Fought Bandits","damage_taken":0,"max_hp_gain":0,"max_hp_loss":0,"event_name":"Masked Bandits","floor":28,"gold_loss":0},{"damage_healed":0,"gold_gain":0,"player_choice":"1 cards matched","damage_taken":0,"max_hp_gain":0,"max_hp_loss":0,"event_name":"Match and Keep!","floor":37,"gold_loss":0,"cards_obtained":["Dark Shackles"]},{"damage_healed":0,"gold_gain":0,"player_choice":"Took Portal","damage_taken":0,"max_hp_gain":0,"max_hp_loss":0,"event_name":"SecretPortal","floor":39,"gold_loss":0}],"is_beta":false,"boss_relics":[{"not_picked":["Astrolabe","conspire:RoyalGoblet"],"picked":"StuffTheSpire:RunicHypercube"},{"not_picked":["halation:Risk","vexMod:EndlessSickness"],"picked":"Electric Blood"}],"items_purged_floors":[],"is_endless":false,"potions_floor_spawned":[2,5,10,14,18,24,28,30,31],"ascension_level":-20}}