{"host":"cc187","time":1608494120,"event":{"mods":["AchievementEnabler","BaseMod","Bestiary","Colored Map","Colored Powertips","Highlight Path","Keyboard Shortcuts","Minty Spire (QoL Compilation)","Quick Restart","Rare Cards Sparkle","Relic Stats","StSLib","SuperFastMode","Synergy Search"],"gold_per_floor":[118,118,128,29,43,82,82,102,147,105,70,112,112,156,156,241,268,287,287,312,312,312],"floor_reached":21,"playtime":1666,"items_purged":[],"score":374,"play_id":"d5695265-73ff-49fa-83ae-b62fe76cfe52","local_time":"20201220195520","is_ascension_mode":true,"campfire_choices":[{"floor":7,"key":"REST"},{"data":"Blade Dance","floor":13,"key":"SMITH"},{"floor":15,"key":"REST"}],"circlet_count":0,"master_deck":["AscendersBane","Strike_G","Strike_G","Defend_G","Defend_G","Defend_G","Defend_G","Survivor","Neutralize","Blade Dance+1","Dash","Prepared","After Image","Backstab","Underhanded Strike","Dodge and Roll","Night Terror","Night Terror+1","Flying Knee+1","Leg Sweep","Footwork+1"],"relics":["Black Star","HornCleat","CeramicFish","Omamori","Lantern","Ancient Tea Set","Regal Pillow","Art of War","Toy Ornithopter","Astrolabe"],"acts_visited":["Exordium","TheCity"],"potions_floor_usage":[18],"damage_taken":[{"damage":3,"enemies":"Cultist","floor":1,"turns":4},{"damage":7,"enemies":"Small Slimes","floor":3,"turns":4},{"damage":2,"enemies":"Jaw Worm","floor":5,"turns":5},{"damage":23,"enemies":"Gremlin Nob","floor":6,"turns":6},{"damage":0,"enemies":"Looter","floor":8,"turns":4},{"damage":11,"enemies":"3 Sentries","floor":12,"turns":12},{"damage":17,"enemies":"Lagavulin","floor":14,"turns":10},{"damage":48,"enemies":"The Guardian","floor":16,"turns":22},{"damage":30,"enemies":"Spheric Guardian","floor":18,"turns":8},{"damage":26,"enemies":"3 Byrds","floor":20,"turns":10},{"damage":32,"enemies":"Centurion and Healer","floor":21,"turns":5}],"seed_played":"-6011431293971572001","potions_obtained":[{"floor":3,"key":"FairyPotion"},{"floor":5,"key":"SpeedPotion"},{"floor":12,"key":"Weak Potion"}],"is_trial":false,"path_per_floor":["M","?","M","?","M","E","R","M","T","?","?","E","R","E","R","B",null,"M","?","M","M"],"character_chosen":"THE_SILENT","items_purchased":[],"campfire_rested":2,"item_purchase_floors":[],"current_hp_per_floor":[56,49,42,42,40,17,36,36,36,36,52,41,41,24,58,10,52,27,27,1,0,0],"gold":312,"neow_bonus":"BOSS_RELIC","is_daily":false,"chose_seed":false,"campfire_upgraded":1,"win_rate":0.0,"timestamp":1608494120,"path_taken":["M","?","M","?","M","E","R","?","T","?","?","E","R","E","R","BOSS","M","?","M","?"],"items_purchased_type":[],"build_version":"2020-12-18","purchased_purges":0,"victory":false,"max_hp_per_floor":[66,66,66,66,66,66,66,66,66,66,66,66,66,66,66,66,66,66,66,66,66,66],"relic_stats":{"Regal Pillow":15,"counters":[11,90],"CeramicFish":90,"Astrolabe":["Night Terror","Grand Finale","Flying Knee"],"Black Star":3,"Art of War":[4],"obtain_stats":[{"Lantern":9,"Regal Pillow":12,"HornCleat":4,"CeramicFish":6,"Astrolabe":17,"Black Star":0,"Omamori":6,"Art of War":14,"Ancient Tea Set":12,"Toy Ornithopter":14,"Ring of the Snake":0},{"Lantern":5,"Regal Pillow":6,"HornCleat":2,"CeramicFish":4,"Astrolabe":8,"Black Star":0,"Omamori":4,"Art of War":7,"Ancient Tea Set":6,"Toy Ornithopter":7,"Ring of the Snake":0},{"Lantern":23,"Regal Pillow":35,"HornCleat":8,"CeramicFish":19,"Astrolabe":67,"Black Star":0,"Omamori":19,"Art of War":45,"Ancient Tea Set":35,"Toy Ornithopter":45,"Ring of the Snake":0}],"Toy Ornithopter":5},"card_choices":[{"not_picked":["Deflect","Poisoned Stab"],"picked":"Blade Dance","floor":1},{"not_picked":["Sucker Punch","Prepared"],"picked":"Dash","floor":3},{"not_picked":["Dash","Dagger Throw"],"picked":"Prepared","floor":5},{"not_picked":["Dagger Throw","Reflex"],"picked":"After Image","floor":6},{"not_picked":["Underhanded Strike","Leg Sweep"],"picked":"Backstab","floor":8},{"not_picked":["Endless Agony","Deadly Poison"],"picked":"Underhanded Strike","floor":12},{"not_picked":["Dagger Spray","Backstab"],"picked":"Dodge and Roll","floor":14},{"not_picked":["Glass Knife","Unload"],"picked":"Night Terror","floor":16},{"not_picked":["Prepared","Flying Knee"],"picked":"Leg Sweep","floor":18},{"not_picked":["Accuracy","Sucker Punch"],"picked":"Footwork+1","floor":20}],"player_experience":814413,"relics_obtained":[{"floor":6,"key":"CeramicFish"},{"floor":6,"key":"Omamori"},{"floor":9,"key":"Lantern"},{"floor":12,"key":"Ancient Tea Set"},{"floor":12,"key":"Regal Pillow"},{"floor":14,"key":"Art of War"},{"floor":14,"key":"Toy Ornithopter"}],"event_choices":[{"cards_removed":["Strike_G"],"damage_healed":0,"gold_gain":0,"player_choice":"Card Removal","damage_taken":7,"max_hp_gain":0,"max_hp_loss":0,"event_name":"Golden Wing","floor":2,"gold_loss":0},{"damage_healed":0,"gold_gain":0,"player_choice":"Paid Gold","damage_taken":0,"relics_obtained":["HornCleat"],"max_hp_gain":0,"max_hp_loss":0,"event_name":"WeMeetAgain","floor":4,"gold_loss":99},{"damage_healed":0,"gold_gain":0,"player_choice":"Left Gold","damage_taken":0,"max_hp_gain":0,"max_hp_loss":0,"event_name":"World of Goop","floor":10,"gold_loss":42},{"damage_healed":16,"gold_gain":0,"player_choice":"Healed","damage_taken":0,"max_hp_gain":0,"max_hp_loss":0,"event_name":"The Cleric","floor":11,"gold_loss":35},{"cards_removed":["Grand Finale"],"damage_healed":0,"gold_gain":0,"player_choice":"Purged","damage_taken":0,"max_hp_gain":0,"max_hp_loss":0,"event_name":"Purifier","floor":19,"gold_loss":0}],"is_beta":true,"boss_relics":[{"not_picked":["Runic Dome","Philosopher\u0027s Stone"],"picked":"Astrolabe"}],"items_purged_floors":[],"is_endless":false,"potions_floor_spawned":[3,5,12,14,16],"killed_by":"Centurion and Healer","ascension_level":18}}