{"host":"q89ui3xtee35wkxq","time":1608459789,"event":{"mods":["Act Like it!","BaseMod","BetterRewards","Colored Map","Colored Powertips","Custom Start","Minty Spire (QoL Compilation)","Rare Cards Sparkle","Shop Mod","Swap Starting Deck Mod"],"gold_per_floor":[117,133,98,117,187,187,200,24,24,47,77,89,116,157,169,278,290,302,302],"floor_reached":18,"playtime":1012,"items_purged":[],"score":213,"play_id":"7bb58291-2d58-4f19-b9c7-e10479b2eae0","local_time":"20201220132309","is_ascension_mode":true,"campfire_choices":[{"data":"Leg Sweep","floor":6,"key":"SMITH"},{"data":"Secret Weapon","floor":12,"key":"SMITH"},{"data":"Riddle With Holes","floor":15,"key":"SMITH"}],"circlet_count":0,"master_deck":["Strike_G","Strike_G","Strike_G","Strike_G","Strike_G","Defend_G","Defend_G","Defend_G","Defend_G","Defend_G","Survivor","Neutralize","Blade Dance","Underhanded Strike","Leg Sweep+1","Riddle With Holes+1","Secret Weapon+1","Heel Hook","Eviscerate","Die Die Die","Adrenaline"],"relics":["Ring of the Snake","NeowsBlessing","HornCleat","MawBank","Odd Mushroom","Black Star"],"acts_visited":["Exordium","TheCity"],"potions_floor_usage":[14,16,16],"damage_taken":[{"damage":0,"enemies":"2 Louse","floor":1,"turns":1},{"damage":0,"enemies":"Jaw Worm","floor":2,"turns":1},{"damage":0,"enemies":"Cultist","floor":4,"turns":1},{"damage":6,"enemies":"Blue Slaver","floor":7,"turns":5},{"damage":0,"enemies":"Looter","floor":11,"turns":4},{"damage":1,"enemies":"Gremlin Gang","floor":13,"turns":5},{"damage":1,"enemies":"The Mushroom Lair","floor":14,"turns":5},{"damage":14,"enemies":"Slime Boss","floor":16,"turns":9},{"damage":74,"enemies":"Spheric Guardian","floor":18,"turns":7}],"seed_played":"2080435716927661603","potions_obtained":[{"floor":2,"key":"Block Potion"},{"floor":11,"key":"Energy Potion"},{"floor":13,"key":"LiquidBronze"},{"floor":14,"key":"AttackPotion"},{"floor":16,"key":"FearPotion"}],"is_trial":false,"path_per_floor":["M","M","?","M","?","R","M","$","T","T","M","R","M","?","R","B",null,"M"],"character_chosen":"THE_SILENT","items_purchased":["Secret Weapon"],"campfire_rested":0,"item_purchase_floors":[8],"current_hp_per_floor":[63,63,70,70,70,70,64,64,64,64,64,64,63,62,62,48,65,0,0],"gold":302,"neow_bonus":"THREE_ENEMY_KILL","is_daily":false,"chose_seed":false,"campfire_upgraded":3,"win_rate":0.0,"timestamp":1608459789,"path_taken":["M","M","?","M","?","R","M","$","T","?","?","R","M","?","R","BOSS","M"],"items_purchased_type":["Card"],"build_version":"2020-12-13","purchased_purges":0,"victory":false,"max_hp_per_floor":[70,70,70,70,70,70,70,70,70,70,70,70,70,70,70,70,70,70,70],"card_choices":[{"not_picked":["Dagger Throw","Prepared"],"picked":"Blade Dance","floor":1},{"not_picked":["Masterful Stab","Blade Dance"],"picked":"Underhanded Strike","floor":2},{"not_picked":["Outmaneuver","Deadly Poison"],"picked":"Leg Sweep","floor":4},{"not_picked":["Dagger Throw","Flechettes"],"picked":"Riddle With Holes","floor":7},{"not_picked":["Deflect","Dagger Throw"],"picked":"Heel Hook","floor":11},{"not_picked":["Sucker Punch","Bane"],"picked":"Eviscerate","floor":13},{"not_picked":["Outmaneuver","Poisoned Stab"],"picked":"Die Die Die","floor":14},{"not_picked":["Burst","Glass Knife"],"picked":"Adrenaline","floor":16}],"player_experience":490791,"relics_obtained":[{"floor":9,"key":"HornCleat"},{"floor":10,"key":"MawBank"},{"floor":14,"key":"Odd Mushroom"}],"event_choices":[{"damage_healed":17,"gold_gain":0,"player_choice":"Healed","damage_taken":0,"max_hp_gain":0,"max_hp_loss":0,"event_name":"The Cleric","floor":3,"gold_loss":35},{"damage_healed":0,"gold_gain":70,"player_choice":"Gained Gold","damage_taken":0,"max_hp_gain":0,"max_hp_loss":0,"event_name":"Golden Wing","floor":5,"gold_loss":0},{"damage_healed":0,"gold_gain":0,"player_choice":"Fought Mushrooms","damage_taken":0,"max_hp_gain":0,"max_hp_loss":0,"event_name":"Mushrooms","floor":14,"gold_loss":0}],"is_beta":false,"boss_relics":[{"not_picked":["Fusion Hammer","Busted Crown"],"picked":"Black Star"}],"items_purged_floors":[],"is_endless":false,"potions_floor_spawned":[2,11,13,14,16],"killed_by":"Spheric Guardian","ascension_level":8}}