{"host":"cyh4fejqtcjbfr7k","time":1608499732,"event":{"mods":["2.2 Compatiblity","AchievementEnabler","BaseMod","Colored Map","Colored Powertips","DeckTracker","Downfall","Googly Eyes","Hubris","Infinite Spire","Minty Spire (QoL Compilation)","Replay The Spire","Shop Mod","StSLib","SuperFastMode","Unceasing Turn Reminder"],"gold_per_floor":[116,129,129,129,144,144,171,171,171,99,111,122,147,159,159,255,255,268,286,286,286,286,286,286,318,318,318,331,331,342,355,355,476,476,517,561,561,271,308,308,363,363,389,389,389,441,441,138,138,138,138],"floor_reached":50,"playtime":1586,"items_purged":[],"score":839,"play_id":"5e72306f-8f68-422e-a5a3-05ebca37a2c4","local_time":"20201220142852","is_ascension_mode":true,"campfire_choices":[{"data":"Blade Dance","floor":6,"key":"SMITH"},{"floor":8,"key":"REST"},{"floor":15,"key":"REST"},{"floor":23,"key":"REST"},{"data":"Neutralize","floor":27,"key":"SMITH"},{"data":"Deflect","floor":29,"key":"SMITH"},{"floor":32,"key":"REST"},{"floor":40,"key":"REST"},{"floor":42,"key":"REST"},{"floor":49,"key":"REST"}],"circlet_count":0,"master_deck":["Strike_G","Strike_G","Strike_G","Strike_G","Strike_G","Defend_G","Defend_G","Defend_G","Defend_G+1","Defend_G","Survivor","Neutralize+1","Blade Dance+1","Blade Dance+1","Escape Plan","Accuracy+1","Quick Slash","Outmaneuver","Venomology+1","PiercingWail","Unload+1","Poisoned Stab+1","Deflect+1","Hidden Blade+1","Hidden Blade+1","Deflect","Phantasmal Killer+1","Hidden Blade","Die Die Die+1","Cloak And Dagger","Escape Plan+1","Noxious Fumes+1","Caltrops+1","Blade Dance","Distraction+1","Cloak And Dagger+1","Swift Strike","Blur+1","Dagger Spray+1"],"relics":["Ring of the Snake","hubris:ToyBattleship","Nunchaku","Golden Egg","Dream Catcher","SacredBark","The Specimen","infinitespire:EvilPickle","Replay:Baseball","MealTicket","Bag of Marbles","Regal Pillow","TwistedFunnel","Gremlin Food"],"acts_visited":["Exordium","TheCity","TheBeyond"],"potions_floor_usage":[14,16,19,25,30,30,33,33,35,36,41,41,46,46,50],"damage_taken":[{"damage":0,"enemies":"Small Slimes","floor":1,"turns":4},{"damage":0,"enemies":"Jaw Worm","floor":2,"turns":4},{"damage":0,"enemies":"Cultist","floor":5,"turns":2},{"damage":11,"enemies":"Replay:BlueRogue","floor":7,"turns":5},{"damage":0,"enemies":"Exordium Thugs","floor":11,"turns":3},{"damage":14,"enemies":"Large Slime","floor":12,"turns":3},{"damage":10,"enemies":"Lagavulin","floor":13,"turns":3},{"damage":0,"enemies":"Lots of Slimes","floor":14,"turns":3},{"damage":5,"enemies":"Hexaghost","floor":16,"turns":7},{"damage":11,"enemies":"2 Thieves","floor":18,"turns":3},{"damage":19,"enemies":"Spheric Guardian","floor":19,"turns":5},{"damage":3,"enemies":"Replay:Snechameleon","floor":25,"turns":4},{"damage":5,"enemies":"3 Cultists","floor":28,"turns":4},{"damage":10,"enemies":"Centurion and Healer","floor":30,"turns":5},{"damage":8,"enemies":"Chosen and Byrds","floor":31,"turns":5},{"damage":18,"enemies":"Pondfish","floor":33,"turns":8},{"damage":31,"enemies":"3 Shapes","floor":35,"turns":2},{"damage":3,"enemies":"Orb Walker","floor":36,"turns":4},{"damage":42,"enemies":"Sphere and 2 Shapes","floor":39,"turns":5},{"damage":26,"enemies":"Reptomancer","floor":41,"turns":5},{"damage":55,"enemies":"Nemesis","floor":46,"turns":7},{"damage":76,"enemies":"Replay:Hell Engine","floor":50,"turns":5}],"seed_played":"-1635848216264162150","potions_obtained":[{"floor":7,"key":"BlessingOfTheForge"},{"floor":12,"key":"Block Potion"},{"floor":13,"key":"Weak Potion"},{"floor":14,"key":"sneckomod:MuddlingPotion"},{"floor":16,"key":"FearPotion"},{"floor":35,"key":"Ancient Potion"}],"is_trial":false,"path_per_floor":["M","M","?","?","M","R","E","R","T","$","M","M","E","M","R","B",null,"M","M","$","?","?","R","?","E","T","R","M","R","M","M","R","B",null,"M","M","?","$","M","R","E","R","T","?","?","E","?","$","R","B"],"character_chosen":"THE_SILENT","items_purchased":["Accuracy","Noxious Fumes","Replay:Baseball","FairyPotion","TwistedFunnel","Gremlin Food"],"campfire_rested":7,"item_purchase_floors":[10,38,38,38,48,48],"current_hp_per_floor":[70,70,70,70,70,70,59,70,70,70,70,56,46,46,67,62,70,59,40,40,63,50,72,72,69,69,69,64,64,54,46,68,50,75,44,41,41,41,45,67,41,63,63,63,63,8,8,23,60,0,0],"gold":138,"neow_bonus":"RANDOM_COMMON_RELIC","is_daily":false,"chose_seed":false,"campfire_upgraded":3,"win_rate":0.0,"timestamp":1608499732,"path_taken":["M","M","?","?","?","R","E","R","T","?","M","?","E","M","R","BOSS","M","M","$","?","?","R","?","E","T","R","M","R","M","?","R","BOSS","M","M","?","$","M","R","E","R","T","?","?","E","?","?","R","BOSS"],"items_purchased_type":["Card","Card","Relic","Potion","Relic","Relic"],"build_version":"2020-12-13","purchased_purges":0,"victory":false,"max_hp_per_floor":[70,70,70,70,70,70,70,70,70,70,70,70,70,70,70,70,70,70,70,70,70,75,75,75,75,75,75,75,75,75,75,75,75,75,75,75,75,75,75,75,75,75,75,75,75,75,75,75,75,75,75],"card_choices":[{"not_picked":["Outmaneuver","Bane"],"picked":"Blade Dance","floor":1},{"not_picked":["Hidden Blade","Dodge and Roll"],"picked":"Blade Dance","floor":2},{"not_picked":["Underhanded Strike","hubris:TrickCloak","Leg Sweep"],"picked":"SKIP","floor":5},{"not_picked":["Underhanded Strike","Bane"],"picked":"Escape Plan","floor":7},{"not_picked":["Setup","Masterful Stab","Escape Plan"],"picked":"SKIP","floor":11},{"not_picked":["Bouncing Flask","Dagger Spray"],"picked":"Quick Slash","floor":12},{"not_picked":["Dagger Throw","Bane"],"picked":"Outmaneuver","floor":13},{"not_picked":["Bouncing Flask","ReplayTheSpireMod:Exploit Weakness"],"picked":"Venomology","floor":14},{"not_picked":["ReplayTheSpireMod:Scrap Shanks","Dodge and Roll"],"picked":"PiercingWail","floor":15},{"not_picked":["ReplayTheSpireMod:From All Sides","Venomology"],"picked":"Unload","floor":16},{"not_picked":["Deadly Poison","Leg Sweep"],"picked":"Poisoned Stab+1","floor":18},{"not_picked":["Acrobatics+1","Predator+1"],"picked":"Deflect","floor":19},{"not_picked":["Bane","Reflex"],"picked":"Outmaneuver+1","floor":23},{"not_picked":["Flying Knee","Wraith Form v2"],"picked":"Hidden Blade+1","floor":25},{"not_picked":["Prepared","Dodge and Roll"],"picked":"Hidden Blade+1","floor":28},{"not_picked":["Acrobatics","hubris:Counter"],"picked":"Deflect","floor":30},{"not_picked":["Riddle With Holes","Quick Slash+1"],"picked":"Phantasmal Killer","floor":31},{"not_picked":["Dodge and Roll","Outmaneuver"],"picked":"Hidden Blade","floor":32},{"not_picked":["Bullet Time","Phantasmal Killer"],"picked":"Die Die Die","floor":33},{"not_picked":["Outmaneuver","Reflex"],"picked":"Cloak And Dagger","floor":35},{"not_picked":["Deflect+1","Slice+1"],"picked":"Escape Plan+1","floor":36},{"not_picked":["Dagger Throw","Deadly Poison+1"],"picked":"Caltrops+1","floor":39},{"not_picked":["Bane","Draining Mist"],"picked":"Blade Dance","floor":40},{"not_picked":["Bane","Quick Slash+1"],"picked":"Distraction+1","floor":41},{"not_picked":["Acrobatics+1","Expertise+1"],"picked":"Cloak And Dagger+1","floor":42},{"not_picked":["expansioncontent:DecasProtection","Survey Options"],"picked":"Swift Strike","floor":45},{"not_picked":["Atom Bomb","hubris:SlightOfHand"],"picked":"Blur+1","floor":46},{"not_picked":["hubris:Sniper","Slice"],"picked":"Dagger Spray+1","floor":49}],"player_experience":592777,"relics_obtained":[{"floor":7,"key":"Nunchaku"},{"floor":9,"key":"Golden Egg"},{"floor":13,"key":"Dream Catcher"},{"floor":25,"key":"The Specimen"},{"floor":41,"key":"MealTicket"},{"floor":43,"key":"Bag of Marbles"},{"floor":46,"key":"Regal Pillow"}],"event_choices":[{"damage_healed":0,"gold_gain":0,"player_choice":"Leave","damage_taken":0,"max_hp_gain":0,"max_hp_loss":0,"event_name":"The Cleric","floor":4,"gold_loss":0},{"damage_healed":23,"gold_gain":0,"player_choice":"Heal","damage_taken":0,"max_hp_gain":0,"max_hp_loss":0,"event_name":"The Library","floor":21,"gold_loss":0},{"damage_healed":0,"gold_gain":0,"player_choice":"Shed Blood","damage_taken":18,"max_hp_gain":5,"max_hp_loss":0,"event_name":"Forgotten Altar","floor":22,"gold_loss":0},{"damage_healed":0,"gold_gain":0,"player_choice":"Upgraded","damage_taken":0,"max_hp_gain":0,"max_hp_loss":0,"event_name":"Upgrade Shrine","floor":24,"gold_loss":0,"cards_upgraded":["Blade Dance"]},{"cards_removed":["Outmaneuver"],"damage_healed":0,"gold_gain":0,"player_choice":"Removed Skill","damage_taken":0,"max_hp_gain":0,"max_hp_loss":0,"event_name":"Falling","floor":37,"gold_loss":0},{"damage_healed":0,"gold_gain":0,"player_choice":"Memory 1","damage_taken":0,"max_hp_gain":0,"max_hp_loss":0,"event_name":"SensoryStone","floor":45,"gold_loss":0}],"is_beta":false,"boss_relics":[{"not_picked":["Fusion Hammer","Abe\u0027s Treasure"],"picked":"SacredBark"},{"not_picked":["Calling Bell","Replay:Wanted Poster","hubris:TerracottaHorce"]}],"items_purged_floors":[],"is_endless":false,"potions_floor_spawned":[7,12,13,14,16,19,25,35,39],"killed_by":"Replay:Hell Engine","ascension_level":4}}