{"host":"51dweoxrcspgw6ri","time":1608452788,"event":{"mods":["BaseMod","Colored Map","Colored Powertips","Minty Spire (QoL Compilation)","Rare Cards Sparkle","Relic Stats","StSLib","SuperFastMode","The Bug Knight"],"gold_per_floor":[113,113,134,149,71,102,102,102,102],"floor_reached":8,"playtime":388,"items_purged":[],"score":59,"play_id":"b3c92ec2-4434-497d-a14b-0fc3ddd2754c","local_time":"20201220092628","is_ascension_mode":true,"campfire_choices":[{"floor":7,"key":"REST"}],"circlet_count":0,"master_deck":["HollowMod:NailStrikeStart","HollowMod:NailStrikeStart","HollowMod:NailStrikeStart","HollowMod:NailStrikeStart","HollowMod:QuickDashStart","HollowMod:QuickDashStart","HollowMod:QuickDashStart","HollowMod:QuickDashStart","HollowMod:FocusHealStart","HollowMod:PogoStrike","HollowMod:HornetsHelp","HollowMod:SiblingsSouls","HollowMod:CycloneSlash","HollowMod:HerrahsAnger","HollowMod:ElderbugsWisdom"],"relics":["HollowMod:VesselMask","Golden Idol","Potion Belt"],"acts_visited":["Exordium"],"potions_floor_usage":[6],"damage_taken":[{"damage":1.0,"enemies":"Cultist","floor":1.0,"turns":4.0},{"damage":6.0,"enemies":"2 Louse","floor":3.0,"turns":2.0},{"damage":1.0,"enemies":"Jaw Worm","floor":4.0,"turns":4.0},{"damage":34,"enemies":"Lagavulin","floor":6,"turns":7},{"damage":47,"enemies":"Gremlin Nob","floor":8,"turns":4}],"seed_played":"4483110676967570955","potions_obtained":[{"floor":3.0,"key":"SkillPotion"}],"is_trial":false,"path_per_floor":["M","?","M","M","$","E","R","E"],"character_chosen":"THE_BUGKNIGHT","items_purchased":["HollowMod:HerrahsAnger"],"campfire_rested":1,"item_purchase_floors":[5],"current_hp_per_floor":[74,56,50,59,59,25,47,0,0],"gold":102,"neow_bonus":"ONE_RANDOM_RARE_CARD","is_daily":false,"chose_seed":false,"campfire_upgraded":0,"win_rate":0.0,"timestamp":1608452788,"path_taken":["M","?","M","M","$","E","R","E"],"items_purchased_type":["Card"],"build_version":"2020-12-13","purchased_purges":0,"victory":false,"max_hp_per_floor":[75,75,75,75,75,75,75,75,75],"relic_stats":{"counters":[5,21],"Golden Idol":13,"obtain_stats":[{"Potion Belt":6,"Golden Idol":2,"HollowMod:VesselMask":0},{"Potion Belt":4,"Golden Idol":1,"HollowMod:VesselMask":0},{"Potion Belt":17,"Golden Idol":4,"HollowMod:VesselMask":0}]},"card_choices":[{"not_picked":["HollowMod:ChannelNail","HollowMod:HowlingWraiths"],"picked":"HollowMod:SiblingsSouls","floor":1.0},{"not_picked":["HollowMod:TaintedHusks","HollowMod:QuirrelsAssistance","HollowMod:LifebloodCocoon"],"picked":"SKIP","floor":3.0},{"not_picked":["HollowMod:VengefulVoid","HollowMod:SoulEater"],"picked":"HollowMod:CycloneSlash","floor":4.0},{"not_picked":["HollowMod:DesolateDive","HollowMod:MawleksShell"],"picked":"HollowMod:ElderbugsWisdom","floor":6}],"player_experience":529454,"relics_obtained":[{"floor":6,"key":"Potion Belt"}],"event_choices":[{"damage_healed":0.0,"max_hp_gain":0.0,"max_hp_loss":0.0,"gold_gain":0.0,"event_name":"Golden Idol","player_choice":"Take Damage","floor":2.0,"gold_loss":0.0,"damage_taken":18.0,"relics_obtained":["Golden Idol"]}],"is_beta":false,"boss_relics":[],"items_purged_floors":[],"is_endless":false,"potions_floor_spawned":[3],"killed_by":"Gremlin Nob","ascension_level":1}}