{"host":"95i1gxnztdrdyvhi","time":1608492983,"event":{"mods":["AchievementEnabler","Act Like it!","BaseMod","Minty Spire (QoL Compilation)","Quick Restart","StSLib","The Marked"],"gold_per_floor":[118,293,293,24,41,41,70,90,90,123,140,154,34,52,52,148,198,209,227,227,240,240,271,271,285,285,145,145,159,187,200,200,305,305,322,112,131,148,160,194,194,194,194,222,236,268,268,303,303,303,303],"floor_reached":50,"playtime":2280,"items_purged":["Doubt","theMarked:ChannelForce","theMarked:Strike"],"score":714,"play_id":"cba71e5c-1480-4cf2-a788-2001a5a7be94","local_time":"20201220193623","is_ascension_mode":false,"campfire_choices":[{"data":"theMarked:MagicAdept","floor":6.0,"key":"SMITH"},{"floor":15.0,"key":"REST"},{"data":"theMarked:Reabsorb","floor":24.0,"key":"SMITH"},{"data":"theMarked:Reabsorb","floor":28.0,"key":"SMITH"},{"data":"theMarked:Polarize","floor":32.0,"key":"SMITH"},{"floor":42,"key":"RECALL"},{"data":"theMarked:ComboAttacks","floor":47,"key":"SMITH"},{"data":"theMarked:Improvise","floor":49,"key":"SMITH"}],"circlet_count":0,"master_deck":["theMarked:Strike","theMarked:Strike+1","theMarked:Defend","theMarked:Defend","theMarked:Defend","theMarked:SoldierOfQuellstein","theMarked:MagicAdept+1","theMarked:RepellingDischarge","theMarked:Static","theMarked:StartUp","theMarked:Reabsorb+1","theMarked:Electrocute+1","theMarked:Electrocute+1","theMarked:TurnInvisible","theMarked:Indomitable","theMarked:Reabsorb+1","theMarked:Defy+1","theMarked:Aftermath+1","theMarked:Electrify","theMarked:Polarize+1","theMarked:Improvise+1","theMarked:ComboAttacks+1","theMarked:Electrocute+1"],"relics":["theMarked:ArtifactOfAir","theMarked:Gun","HornCleat","Molten Egg 2","Art of War","Tiny House","Potion Belt","Kunai","theMarked:DemonDagger","theMarked:Eyepatch","StoneCalendar","Eternal Feather","Bronze Scales","Bird Faced Urn"],"acts_visited":["Exordium","TheCity","TheBeyond"],"potions_floor_usage":[33,44,46,48,50,50],"damage_taken":[{"damage":0.0,"enemies":"Small Slimes","floor":1.0,"turns":3.0},{"damage":0.0,"enemies":"2 Louse","floor":5.0,"turns":4.0},{"damage":33.0,"enemies":"Gremlin Nob","floor":7.0,"turns":5.0},{"damage":0.0,"enemies":"Jaw Worm","floor":8.0,"turns":3.0},{"damage":18.0,"enemies":"3 Sentries","floor":10.0,"turns":8.0},{"damage":2.0,"enemies":"Gremlin Gang","floor":11.0,"turns":4.0},{"damage":13.0,"enemies":"Red Slaver","floor":12.0,"turns":2.0},{"damage":0.0,"enemies":"Blue Slaver","floor":14.0,"turns":2.0},{"damage":10.0,"enemies":"Hexaghost","floor":16.0,"turns":5.0},{"damage":5.0,"enemies":"Chosen","floor":18.0,"turns":3.0},{"damage":0.0,"enemies":"Spheric Guardian","floor":19.0,"turns":2.0},{"damage":15.0,"enemies":"Centurion and Healer","floor":21.0,"turns":4.0},{"damage":7.0,"enemies":"Slavers","floor":23.0,"turns":2.0},{"damage":4.0,"enemies":"3 Cultists","floor":25.0,"turns":4.0},{"damage":0.0,"enemies":"Shelled Parasite and Fungi","floor":29.0,"turns":3.0},{"damage":0.0,"enemies":"Gremlin Leader","floor":30.0,"turns":3.0},{"damage":0.0,"enemies":"Snake Plant","floor":31.0,"turns":2.0},{"damage":26,"enemies":"Collector","floor":33,"turns":4},{"damage":1,"enemies":"Orb Walker","floor":35,"turns":4},{"damage":17,"enemies":"3 Darklings","floor":37,"turns":5},{"damage":0,"enemies":"Maw","floor":38,"turns":4},{"damage":8,"enemies":"Spire Growth","floor":39,"turns":3},{"damage":13,"enemies":"Giant Head","floor":40,"turns":4},{"damage":0,"enemies":"Reptomancer","floor":44,"turns":3},{"damage":16,"enemies":"Writhing Mass","floor":45,"turns":3},{"damage":1,"enemies":"Giant Head","floor":46,"turns":5},{"damage":42,"enemies":"Reptomancer","floor":48,"turns":5},{"damage":20,"enemies":"Donu and Deca","floor":50,"turns":2}],"seed_played":"1170454698868310344","potions_obtained":[{"floor":1.0,"key":"LiquidMemories"},{"floor":12.0,"key":"Ancient Potion"},{"floor":17.0,"key":"Fruit Juice"},{"floor":18.0,"key":"Fire Potion"},{"floor":23.0,"key":"CultistPotion"},{"floor":30.0,"key":"Swift Potion"},{"floor":35,"key":"theMarked:ChargePotion"},{"floor":38,"key":"SkillPotion"},{"floor":41,"key":"Regen Potion"},{"floor":44,"key":"Strength Potion"},{"floor":46,"key":"DistilledChaos"},{"floor":48,"key":"SmokeBomb"}],"is_trial":false,"path_per_floor":["M","?","?","$","M","R","E","M","T","E","M","M","$","M","R","B",null,"M","M","?","M","?","E","R","M","T","$","R","M","E","M","R","B",null,"M","$","M","M","M","E","?","R","T","E","M","E","R","E","R","B"],"character_chosen":"THE_DEFAULT","items_purchased":["theMarked:Gun","theMarked:RepellingDischarge","theMarked:Electrocute+1","theMarked:Electrify","theMarked:Improvise","theMarked:ComboAttacks"],"campfire_rested":1,"item_purchase_floors":[4,4,13,27,36,36],"current_hp_per_floor":[70,70,75,75,75,75,42,42,42,24,22,9,9,9,31,21,80,80,80,64,49,49,42,42,38,38,38,38,38,38,38,38,12,90,89,89,72,72,64,51,51,51,51,51,35,34,46,4,16,3,3],"gold":303,"neow_bonus":"REMOVE_CARD","is_daily":false,"chose_seed":false,"campfire_upgraded":6,"win_rate":0.0,"timestamp":1608492983,"path_taken":["M","?","?","$","?","R","E","M","T","E","M","?","?","M","R","BOSS","M","M","?","M","?","E","R","M","T","$","R","M","E","M","R","BOSS","M","$","M","M","M","E","?","R","T","E","M","E","R","E","R","BOSS"],"items_purchased_type":["Relic","Card","Card","Card","Card","Card"],"build_version":"2020-12-13","purchased_purges":3,"victory":false,"max_hp_per_floor":[70,70,75,75,75,75,75,75,75,75,75,75,75,75,75,75,80,85,85,90,90,90,90,90,90,90,90,90,90,90,90,90,90,90,90,90,90,90,90,90,90,90,90,90,90,90,90,90,90,90,90],"card_choices":[{"not_picked":["theMarked:ContemptForTheProud","theMarked:WastefulAttack"],"picked":"theMarked:MagicAdept","floor":1.0},{"not_picked":["theMarked:SwordAndMagic","theMarked:BanishingStrike"],"picked":"theMarked:Static","floor":5.0},{"not_picked":["theMarked:TwofoldDefense","theMarked:Aftermath"],"picked":"theMarked:StartUp","floor":7.0},{"not_picked":["theMarked:SwordAndMagic","theMarked:RepellingDischarge"],"picked":"theMarked:Reabsorb","floor":8.0},{"not_picked":["theMarked:RepellingDischarge","theMarked:Seal"],"picked":"theMarked:Electrocute+1","floor":10.0},{"not_picked":["theMarked:Static","theMarked:MysticalArsenal","theMarked:DispelDoubt+1"],"picked":"SKIP","floor":11.0},{"not_picked":["theMarked:TwofoldDefense","theMarked:WastefulDefense","theMarked:EmpowerWeapon"],"picked":"SKIP","floor":12.0},{"not_picked":["theMarked:RogueSparks","theMarked:TwofoldDefense","theMarked:Static"],"picked":"SKIP","floor":14.0},{"not_picked":["theMarked:ThrowWeapon+1","theMarked:Snap+1"],"picked":"theMarked:TurnInvisible","floor":16.0},{"not_picked":["theMarked:Parkour+1","theMarked:BanishingStrike+1"],"picked":"theMarked:Indomitable","floor":17.0},{"not_picked":["theMarked:TwofoldDefense","theMarked:WardOff","theMarked:TunnelVision+1"],"picked":"SKIP","floor":18.0},{"not_picked":["theMarked:WardOff","theMarked:ChainLightning+1"],"picked":"theMarked:Reabsorb","floor":19.0},{"not_picked":["theMarked:Improvise+1","theMarked:HeightenedSenses","theMarked:Overthink"],"picked":"SKIP","floor":21.0},{"not_picked":["theMarked:Improvise+1","theMarked:HeightenedSenses","theMarked:Overthink"],"picked":"SKIP","floor":21.0},{"not_picked":["theMarked:FavorableWinds","theMarked:MuscleMemory+1","theMarked:Reabsorb"],"picked":"SKIP","floor":23.0},{"not_picked":["theMarked:HeightenedSenses","theMarked:PowerFlow"],"picked":"theMarked:Aftermath+1","floor":25.0},{"not_picked":["theMarked:WastefulAttack+1","theMarked:Reabsorb"],"picked":"theMarked:Polarize","floor":29.0},{"not_picked":["theMarked:ContemptForTheProud+1","theMarked:ResourceFulStrike+1","theMarked:ElectricStrings+1"],"picked":"SKIP","floor":30.0},{"not_picked":["theMarked:ChainLightning+1","theMarked:MuscleMemory+1","theMarked:WardOff"],"picked":"SKIP","floor":31.0},{"not_picked":["theMarked:ContemptForTheProud+1","theMarked:Static","theMarked:Electrocute+1"],"picked":"SKIP","floor":35},{"not_picked":["theMarked:BanishingStrike+1","theMarked:MagicAdept+1","theMarked:ResourceFulStrike+1"],"picked":"SKIP","floor":37},{"not_picked":["theMarked:ElectricStrings+1","theMarked:EmpowerWeapon+1","theMarked:WastefulAttack+1"],"picked":"SKIP","floor":38},{"not_picked":["theMarked:ResourceFulStrike+1","theMarked:Convert","theMarked:EmpowerWeapon"],"picked":"SKIP","floor":39},{"not_picked":["theMarked:Parkour+1","theMarked:HeightenedSenses+1","theMarked:Aftermath"],"picked":"SKIP","floor":40},{"not_picked":["theMarked:Challenge","theMarked:Improvise","theMarked:Indomitable+1"],"picked":"SKIP","floor":44},{"not_picked":["theMarked:SwordAndMagic+1","theMarked:Improvise","theMarked:HeightenedSenses+1"],"picked":"SKIP","floor":45},{"not_picked":["theMarked:HeightenedSenses","theMarked:EmpowerWeapon+1","theMarked:KeepCalmAndFightOn+1"],"picked":"SKIP","floor":46},{"not_picked":["theMarked:UnarmedFury+1","theMarked:BanishingStrike+1"],"picked":"theMarked:Electrocute+1","floor":48}],"player_experience":646001,"relics_obtained":[{"floor":7.0,"key":"HornCleat"},{"floor":9.0,"key":"Molten Egg 2"},{"floor":10.0,"key":"Art of War"},{"floor":23.0,"key":"Potion Belt"},{"floor":26.0,"key":"Kunai"},{"floor":30.0,"key":"theMarked:DemonDagger"},{"floor":40,"key":"StoneCalendar"},{"floor":44,"key":"Eternal Feather"},{"floor":46,"key":"Bronze Scales"},{"floor":48,"key":"Bird Faced Urn"}],"event_choices":[{"damage_healed":0.0,"max_hp_gain":0.0,"max_hp_loss":0.0,"gold_gain":175.0,"event_name":"Liars Game","player_choice":"AGREE","floor":2.0,"gold_loss":0.0,"damage_taken":0.0,"cards_obtained":["Doubt"]},{"damage_healed":0.0,"max_hp_gain":5.0,"max_hp_loss":0.0,"gold_gain":0.0,"event_name":"Big Fish","player_choice":"Donut","floor":3.0,"gold_loss":0.0,"damage_taken":0.0},{"damage_healed":0.0,"max_hp_gain":5.0,"max_hp_loss":0.0,"gold_gain":0.0,"event_name":"Forgotten Altar","player_choice":"Shed Blood","floor":20.0,"gold_loss":0.0,"damage_taken":21.0},{"damage_healed":0.0,"max_hp_gain":0.0,"max_hp_loss":0.0,"gold_gain":0.0,"cards_transformed":["theMarked:Strike","theMarked:Strike"],"event_name":"Drug Dealer","player_choice":"Became Test Subject","floor":22.0,"gold_loss":0.0,"damage_taken":0.0,"cards_obtained":["theMarked:ChannelForce","theMarked:Defy"]},{"damage_healed":0,"gold_gain":0,"player_choice":"Got Potions","damage_taken":0,"max_hp_gain":0,"max_hp_loss":0,"event_name":"Lab","floor":41,"gold_loss":0}],"is_beta":false,"boss_relics":[{"not_picked":["Pandora\u0027s Box","theMarked:SpiritSword"],"picked":"Tiny House"},{"not_picked":["Fusion Hammer","SacredBark"],"picked":"theMarked:Eyepatch"}],"items_purged_floors":[13,27,36],"is_endless":false,"potions_floor_spawned":[1,12,18,23,30,35,38,44,46,48],"killed_by":"Donu and Deca","ascension_level":0}}