{"host":"07tcb8n8jdavk3gs","time":1608445056,"event":{"mods":["BaseMod","Colored Map","Hermit","Marisa????????","Minty Spire (QoL Compilation)","StSLib","The Animator","The Cursed","The Servant 0.9.4"],"gold_per_floor":[15,25,39,76,90,125,135,173,227,277,277,277],"floor_reached":11,"playtime":1033,"items_purged":[],"score":193,"play_id":"4ff4d168-d034-4d7c-9677-c0857c55b011","local_time":"20201220001736","is_ascension_mode":true,"campfire_choices":[],"circlet_count":0,"master_deck":["AscendersBane","animator:Strike_AccelWorld","animator:Strike","animator:Strike","animator:Strike","animator:Defend","animator:Defend","animator:Defend","animator:Kuroyukihime","animator:LimeBell","animator:Tyuule","animator:YaoHaDucy+1","animator:Sonic","animator:YunYun+1","animator:MumenRider","animator:Megumin","animator:Nanami"],"relics":["animator:LivingPicture","animator:TheMissingPiece","FossilizedHelix","Whetstone","Orichalcum","Bronze Scales"],"acts_visited":["Exordium"],"potions_floor_usage":[8,8,11],"damage_taken":[{"damage":0,"enemies":"Small Slimes","floor":1,"turns":3},{"damage":3,"enemies":"Cultist","floor":2,"turns":6},{"damage":0,"enemies":"2 Louse","floor":3,"turns":4},{"damage":0,"enemies":"2 Fungi Beasts","floor":5,"turns":4},{"damage":0,"enemies":"Lagavulin","floor":6,"turns":10},{"damage":8,"enemies":"Exordium Wildlife","floor":7,"turns":4},{"damage":12,"enemies":"3 Sentries","floor":8,"turns":7},{"damage":26,"enemies":"Gremlin Nob","floor":11,"turns":4}],"seed_played":"-1028513059501514466","potions_obtained":[{"floor":3,"key":"Dexterity Potion"},{"floor":5,"key":"DistilledChaos"},{"floor":7,"key":"ColorlessPotion"},{"floor":8,"key":"SkillPotion"}],"is_trial":false,"path_per_floor":["M","M","M","?","M","E","M","E","T","?","E"],"character_chosen":"THE_ANIMATOR","items_purchased":[],"campfire_rested":0,"item_purchase_floors":[],"current_hp_per_floor":[54,51,51,51,51,51,43,31,31,25,0,0],"gold":277,"neow_bonus":"ONE_RARE_RELIC","is_daily":false,"chose_seed":false,"campfire_upgraded":0,"win_rate":0.0,"timestamp":1608445056,"path_taken":["M","M","M","?","M","E","M","E","T","?","E"],"items_purchased_type":[],"build_version":"2020-12-13","purchased_purges":0,"victory":false,"max_hp_per_floor":[60,60,60,60,60,60,60,60,60,60,60,60],"card_choices":[{"not_picked":["animator:Demiurge","animator:Guy"],"picked":"animator:Tyuule","floor":1},{"not_picked":["animator:ZankiKiguchi","animator:Genos"],"picked":"animator:YaoHaDucy","floor":2},{"not_picked":["animator:FielNirvalen","animator:DolaStephanie"],"picked":"animator:Sonic","floor":3},{"not_picked":["animator:Kazuma","animator:Verdia"],"picked":"animator:YunYun","floor":5},{"not_picked":["animator:UneriGinkaku","animator:Azekura"],"picked":"animator:MumenRider","floor":6},{"not_picked":["animator:YaoHaDucy","animator:Aqua"],"picked":"animator:Megumin","floor":7},{"not_picked":["animator:HigakiRinne","animator:MetalKnight"],"picked":"animator:Nanami","floor":8}],"player_experience":887826,"relics_obtained":[{"floor":6,"key":"Whetstone"},{"floor":8,"key":"Orichalcum"},{"floor":9,"key":"Bronze Scales"}],"event_choices":[{"damage_healed":0,"gold_gain":50,"player_choice":"Touch","damage_taken":6,"max_hp_gain":0,"max_hp_loss":0,"event_name":"FaceTrader","floor":10,"gold_loss":0}],"is_beta":false,"boss_relics":[],"items_purged_floors":[],"is_endless":false,"potions_floor_spawned":[3,5,6,7,8],"killed_by":"Gremlin Nob","ascension_level":15}}