{"host":"m6aaltr68g9tvoay","time":1608441187,"event":{"mods":["AchievementEnabler","BaseMod","Colored Map","Minty Spire (QoL Compilation)","StSLib"],"gold_per_floor":[118,79,93,93,103,103,119,119,192,203,237,237,248,261,261,332,332,344,344,355,355,373,373,400,400,400,58,76,26,46,71,83,166,178,204,216,216],"floor_reached":36,"playtime":1080,"items_purged":["Writhe","Strike_B"],"score":695,"play_id":"0090cdda-aa49-4467-9124-d6e84f9f3b0d","local_time":"20201219211307","is_ascension_mode":true,"campfire_choices":[{"data":"Melter","floor":6.0,"key":"SMITH"},{"data":"Ball Lightning","floor":8.0,"key":"SMITH"},{"floor":12.0,"key":"REST"},{"floor":15.0,"key":"REST"},{"floor":23.0,"key":"REST"},{"floor":32,"key":"REST"}],"circlet_count":0,"master_deck":["AscendersBane","Strike_B","Strike_B","Strike_B","Defend_B","Defend_B","Defend_B","Defend_B","Zap+1","Dualcast","Leap","Melter+1","BootSequence","Ball Lightning+1","Cold Snap","Leap","Darkness","Defragment","Echo Form","Conserve Battery","Static Discharge","Defragment","Redo","Auto Shields+1","Amplify"],"relics":["FrozenCore","CultistMask","Darkstone Periapt","Happy Flower","TungstenRod","Anchor","Blue Candle","Membership Card","Pantograph","MawBank","SlaversCollar"],"acts_visited":["Exordium","TheCity","TheBeyond"],"potions_floor_usage":[30,30,33],"damage_taken":[{"damage":1.0,"enemies":"Cultist","floor":1.0,"turns":3.0},{"damage":0.0,"enemies":"2 Louse","floor":3.0,"turns":2.0},{"damage":0.0,"enemies":"Small Slimes","floor":5.0,"turns":2.0},{"damage":10.0,"enemies":"2 Fungi Beasts","floor":7.0,"turns":3.0},{"damage":0.0,"enemies":"Blue Slaver","floor":10.0,"turns":2.0},{"damage":23.0,"enemies":"Gremlin Nob","floor":11.0,"turns":4.0},{"damage":9.0,"enemies":"Exordium Wildlife","floor":13.0,"turns":4.0},{"damage":2.0,"enemies":"Exordium Thugs","floor":14.0,"turns":3.0},{"damage":14.0,"enemies":"The Guardian","floor":16.0,"turns":11.0},{"damage":5.0,"enemies":"Shell Parasite","floor":18.0,"turns":5.0},{"damage":0.0,"enemies":"Spheric Guardian","floor":20.0,"turns":1.0},{"damage":11.0,"enemies":"Centurion and Healer","floor":22.0,"turns":5.0},{"damage":52.0,"enemies":"Book of Stabbing","floor":24.0,"turns":5.0},{"damage":0,"enemies":"Sentry and Sphere","floor":28,"turns":5},{"damage":24,"enemies":"3 Cultists","floor":30,"turns":6},{"damage":47,"enemies":"Champ","floor":33,"turns":13},{"damage":42,"enemies":"3 Darklings","floor":35,"turns":6},{"damage":16,"enemies":"Orb Walker","floor":36,"turns":4}],"seed_played":"-3122737019419327837","potions_obtained":[{"floor":1.0,"key":"FearPotion"},{"floor":3.0,"key":"PotionOfCapacity"},{"floor":7.0,"key":"Regen Potion"},{"floor":13.0,"key":"Fire Potion"},{"floor":16.0,"key":"ColorlessPotion"},{"floor":20.0,"key":"SkillPotion"},{"floor":24.0,"key":"Energy Potion"},{"floor":30,"key":"Strength Potion"},{"floor":33,"key":"SteroidPotion"}],"is_trial":false,"path_per_floor":["M","$","M","?","M","R","M","R","T","M","E","R","M","M","R","B",null,"M","?","M","?","M","R","E","?","T","$","M","$","M","T","R","B",null,"M","M"],"character_chosen":"DEFECT","items_purchased":["Melter","Membership Card","Pantograph"],"campfire_rested":4,"item_purchase_floors":[2,27,27],"current_hp_per_floor":[63,63,63,63,63,63,53,53,53,53,42,63,54,52,71,57,68,63,63,63,63,52,71,19,25,25,25,25,25,1,1,24,2,58,16,0,0],"gold":216,"neow_bonus":"UPGRADE_CARD","is_daily":false,"chose_seed":false,"campfire_upgraded":2,"win_rate":0.0,"timestamp":1608441187,"path_taken":["M","$","M","?","M","R","M","R","T","?","E","R","M","M","R","BOSS","M","?","M","?","M","R","E","?","T","$","M","?","?","?","R","BOSS","M","M"],"items_purchased_type":["Card","Relic","Relic"],"build_version":"2020-12-13","purchased_purges":2,"victory":false,"max_hp_per_floor":[71,71,71,71,71,71,71,71,71,71,71,71,71,71,71,71,71,71,71,71,71,71,71,71,77,77,77,77,77,77,77,77,77,77,77,77,77],"card_choices":[{"not_picked":["Blizzard","Hologram"],"picked":"Leap","floor":1.0},{"not_picked":["Ball Lightning","Cold Snap"],"picked":"BootSequence","floor":3.0},{"not_picked":["FTL","Consume"],"picked":"Ball Lightning","floor":5.0},{"not_picked":["Skim","Hologram"],"picked":"Cold Snap","floor":7.0},{"not_picked":["Undo","Ball Lightning"],"picked":"Leap","floor":10.0},{"not_picked":["Compile Driver","Reprogram","Steam"],"picked":"SKIP","floor":11.0},{"not_picked":["Chaos","Hologram"],"picked":"Darkness","floor":13.0},{"not_picked":["Compile Driver","Barrage"],"picked":"Defragment","floor":14.0},{"not_picked":["Buffer","Machine Learning"],"picked":"Echo Form","floor":16.0},{"not_picked":["Sweeping Beam","Ball Lightning"],"picked":"Conserve Battery","floor":18.0},{"not_picked":["Coolheaded","Beam Cell+1"],"picked":"Static Discharge","floor":20.0},{"not_picked":["Go for the Eyes","Recycle","Rip and Tear"],"picked":"SKIP","floor":22.0},{"not_picked":["Go for the Eyes","Machine Learning"],"picked":"Defragment","floor":24.0},{"not_picked":["Streamline","Hologram"],"picked":"Redo","floor":28},{"not_picked":["All For One","Chill"],"picked":"Auto Shields+1","floor":30},{"not_picked":["All For One","Seek"],"picked":"Amplify","floor":33},{"not_picked":["Storm","Rebound","Heatsinks"],"picked":"SKIP","floor":35}],"player_experience":1269451,"relics_obtained":[{"floor":9.0,"key":"Darkstone Periapt"},{"floor":11.0,"key":"Happy Flower"},{"floor":24.0,"key":"TungstenRod"},{"floor":26.0,"key":"Blue Candle"},{"floor":31,"key":"MawBank"}],"event_choices":[{"damage_healed":0.0,"max_hp_gain":0.0,"max_hp_loss":0.0,"gold_gain":0.0,"event_name":"FaceTrader","player_choice":"Trade","floor":4.0,"gold_loss":0.0,"damage_taken":0.0,"relics_obtained":["CultistMask"]},{"damage_healed":0.0,"max_hp_gain":0.0,"max_hp_loss":0.0,"gold_gain":0.0,"event_name":"Vampires","player_choice":"Ignored","floor":19.0,"gold_loss":0.0,"damage_taken":0.0},{"damage_healed":0.0,"max_hp_gain":0.0,"max_hp_loss":0.0,"gold_gain":0.0,"event_name":"Ghosts","player_choice":"Ignored","floor":21.0,"gold_loss":0.0,"damage_taken":0.0},{"damage_healed":0.0,"max_hp_gain":0.0,"max_hp_loss":0.0,"gold_gain":0.0,"event_name":"The Mausoleum","player_choice":"Opened","floor":25.0,"gold_loss":0.0,"damage_taken":0.0,"relics_obtained":["Anchor"],"cards_obtained":["Writhe"]}],"is_beta":false,"boss_relics":[{"not_picked":["Philosopher\u0027s Stone","Fusion Hammer"],"picked":"FrozenCore"},{"not_picked":["SacredBark","Astrolabe"],"picked":"SlaversCollar"}],"items_purged_floors":[27,29],"is_endless":false,"potions_floor_spawned":[1,3,7,10,13,16,20,24,28,30,33],"killed_by":"Orb Walker","ascension_level":16}}