{"host":"y76clbnovzmw9ubx","time":1608504594,"event":{"mods":["AchievementEnabler","BaseMod","Minty Spire (QoL Compilation)","Permanent Neow","Relic Stats"],"gold_per_floor":[130,156,168,194,216,255,277,321,358,370,409,479,503,49,49,147,147,160,185,197,216,231,231,256,275,302,217,247,197,197,197],"floor_reached":30,"playtime":3260,"items_purged":["Strike_P"],"score":460,"play_id":"a7e695c3-640d-438a-89d4-cf9edbe1b7ce","local_time":"20201220174954","is_ascension_mode":true,"campfire_choices":[{"floor":10,"key":"REST"},{"data":"LikeWater","floor":15,"key":"SMITH"},{"floor":23,"key":"REST"}],"circlet_count":0,"master_deck":["Strike_P","Strike_P","Strike_P","Defend_P","Defend_P","Defend_P","Defend_P","Eruption+1","Vigilance","BowlingBash","EmptyMind","FearNoEvil","Wireheading","SandsOfTime","Vault","WheelKick","Protect","Wireheading","LikeWater+1","Worship","ConjureBlade","WaveOfTheHand+1","FlurryOfBlows+1","Halt+1","LikeWater","Protect","Scrawl","MentalFortress","FlurryOfBlows"],"relics":["PureWater","MawBank","Pen Nib","Blue Candle","Vajra","Art of War","HornCleat","Fusion Hammer","Red Mask","Kunai","Orichalcum","Shuriken","TungstenRod"],"acts_visited":["Exordium","TheCity"],"potions_floor_usage":[6,19,19,22,30],"damage_taken":[{"damage":0,"enemies":"2 Louse","floor":1,"turns":2},{"damage":0,"enemies":"Cultist","floor":2,"turns":2},{"damage":0,"enemies":"Jaw Worm","floor":4,"turns":3},{"damage":0,"enemies":"2 Fungi Beasts","floor":5,"turns":2},{"damage":20,"enemies":"Gremlin Nob","floor":6,"turns":4},{"damage":8,"enemies":"3 Louse","floor":7,"turns":2},{"damage":17,"enemies":"3 Sentries","floor":8,"turns":7},{"damage":0,"enemies":"Lagavulin","floor":11,"turns":4},{"damage":0,"enemies":"Gremlin Nob","floor":12,"turns":3},{"damage":0,"enemies":"Gremlin Gang","floor":13,"turns":4},{"damage":14,"enemies":"Slime Boss","floor":16,"turns":8},{"damage":0,"enemies":"Chosen","floor":18,"turns":4},{"damage":38,"enemies":"Masked Bandits","floor":19,"turns":7},{"damage":5,"enemies":"Shell Parasite","floor":20,"turns":6},{"damage":11,"enemies":"Centurion and Healer","floor":21,"turns":5},{"damage":1,"enemies":"Snake Plant","floor":22,"turns":3},{"damage":8,"enemies":"Book of Stabbing","floor":24,"turns":5},{"damage":0,"enemies":"Cultist and Chosen","floor":25,"turns":9},{"damage":7,"enemies":"Slavers","floor":28,"turns":8},{"damage":12,"enemies":"Book of Stabbing","floor":30,"turns":5}],"seed_played":"-3889370952779634370","potions_obtained":[{"floor":5,"key":"BlessingOfTheForge"},{"floor":6,"key":"Dexterity Potion"},{"floor":12,"key":"SteroidPotion"},{"floor":13,"key":"SteroidPotion"},{"floor":19,"key":"Explosive Potion"},{"floor":24,"key":"Energy Potion"}],"is_trial":false,"path_per_floor":["M","M","?","M","M","E","M","E","T","R","E","?","M","$","R","B",null,"M","?","M","M","M","R","E","M","T","?","E","?","E"],"character_chosen":"WATCHER","items_purchased":["LikeWater","HornCleat","Worship"],"campfire_rested":2,"item_purchase_floors":[14,14,14],"current_hp_per_floor":[65,65,65,65,65,45,37,20,20,41,41,41,41,41,41,27,61,61,23,18,7,6,27,19,19,19,19,12,12,0,0],"gold":197,"neow_bonus":"RANDOM_COMMON_RELIC","is_daily":false,"chose_seed":false,"campfire_upgraded":1,"win_rate":0.0,"timestamp":1608504594,"path_taken":["M","M","?","M","M","E","?","E","T","R","E","?","M","$","R","BOSS","M","?","M","M","M","R","E","M","T","?","E","?","E"],"items_purchased_type":["Card","Relic","Card"],"build_version":"2020-12-13","purchased_purges":1,"victory":false,"max_hp_per_floor":[72,72,72,72,72,72,72,72,72,72,72,72,72,72,72,72,72,72,72,72,72,72,72,72,72,72,72,72,72,72,72],"relic_stats":{"counters":[20,93],"Shuriken":[3],"Blue Candle":[0],"Pen Nib":[12],"Art of War":[15],"Kunai":[4],"Orichalcum":[0],"MawBank":168,"obtain_stats":[{"Blue Candle":8,"Vajra":11,"Pen Nib":6,"Orichalcum":26,"MawBank":0,"HornCleat":14,"Shuriken":27,"Fusion Hammer":17,"Art of War":12,"Red Mask":19,"Kunai":24,"PureWater":0,"TungstenRod":28},{"Blue Candle":7,"Vajra":8,"Pen Nib":5,"Orichalcum":18,"MawBank":0,"HornCleat":10,"Shuriken":18,"Fusion Hammer":11,"Art of War":8,"Red Mask":13,"Kunai":17,"PureWater":0,"TungstenRod":19},{"Blue Candle":22,"Vajra":26,"Pen Nib":13,"Orichalcum":80,"MawBank":0,"HornCleat":33,"Shuriken":80,"Fusion Hammer":41,"Art of War":26,"Red Mask":52,"Kunai":71,"PureWater":0,"TungstenRod":88}],"TungstenRod":6},"card_choices":[{"not_picked":["FlyingSleeves","Prostrate"],"picked":"BowlingBash","floor":1},{"not_picked":["Halt","FollowUp"],"picked":"EmptyMind","floor":2},{"not_picked":["WaveOfTheHand","FlyingSleeves"],"picked":"FearNoEvil","floor":4},{"not_picked":["ClearTheMind","ForeignInfluence"],"picked":"Wireheading","floor":5},{"not_picked":["Tantrum","Worship"],"picked":"SandsOfTime","floor":6},{"not_picked":["WreathOfFlame","Protect"],"picked":"Vault","floor":7},{"not_picked":["Prostrate","InnerPeace"],"picked":"WheelKick","floor":8},{"not_picked":["CutThroughFate","EmptyBody","ForeignInfluence"],"picked":"SKIP","floor":11},{"not_picked":["Consecrate","Halt"],"picked":"Protect","floor":12},{"not_picked":["CarveReality","BowlingBash"],"picked":"Wireheading","floor":13},{"not_picked":["Judgement","DeusExMachina"],"picked":"ConjureBlade","floor":16},{"not_picked":["BattleHymn+1","Wireheading+1"],"picked":"WaveOfTheHand+1","floor":18},{"not_picked":["CutThroughFate","FollowUp"],"picked":"FlurryOfBlows+1","floor":19},{"not_picked":["Weave","EmptyBody"],"picked":"Halt+1","floor":20},{"not_picked":["SashWhip+1","FlyingSleeves+1"],"picked":"LikeWater","floor":21},{"not_picked":["Halt","FollowUp"],"picked":"Protect","floor":22},{"not_picked":["SashWhip","ThirdEye+1"],"picked":"Scrawl","floor":24},{"not_picked":["Halt+1","Consecrate"],"picked":"MentalFortress","floor":25},{"not_picked":["ThirdEye","Evaluate"],"picked":"FlurryOfBlows","floor":28}],"player_experience":2926339,"relics_obtained":[{"floor":6,"key":"Pen Nib"},{"floor":8,"key":"Blue Candle"},{"floor":11,"key":"Vajra"},{"floor":19,"key":"Red Mask"},{"floor":24,"key":"Kunai"},{"floor":26,"key":"Orichalcum"},{"floor":28,"key":"TungstenRod"}],"event_choices":[{"damage_healed":0,"gold_gain":0,"player_choice":"Upgraded","damage_taken":0,"max_hp_gain":0,"max_hp_loss":0,"event_name":"Upgrade Shrine","floor":3,"gold_loss":0,"cards_upgraded":["Eruption"]},{"damage_healed":0,"gold_gain":0,"player_choice":"Searched \u00272\u0027 times","damage_taken":0,"relics_obtained":["Art of War"],"max_hp_gain":0,"max_hp_loss":0,"event_name":"Dead Adventurer","floor":12,"gold_loss":0},{"damage_healed":0,"gold_gain":0,"player_choice":"Fought Bandits","damage_taken":0,"max_hp_gain":0,"max_hp_loss":0,"event_name":"Masked Bandits","floor":19,"gold_loss":0},{"damage_healed":0,"gold_gain":0,"player_choice":"Obtained Relic","damage_taken":0,"relics_obtained":["Shuriken"],"max_hp_gain":0,"max_hp_loss":0,"event_name":"Addict","floor":27,"gold_loss":85},{"damage_healed":0,"gold_gain":0,"player_choice":"Bet on Murderer","damage_taken":0,"max_hp_gain":0,"max_hp_loss":0,"event_name":"The Joust","floor":29,"gold_loss":50}],"is_beta":false,"boss_relics":[{"not_picked":["Ectoplasm","HolyWater"],"picked":"Fusion Hammer"}],"items_purged_floors":[14],"is_endless":false,"potions_floor_spawned":[5,6,12,13,18,19,24],"killed_by":"Book of Stabbing","ascension_level":9}}