{"host":"85dtmvttrcbdj5h5","time":1608493852,"event":{"mods":["AchievementEnabler","BaseMod","Bestiary","Colored Powertips","Filter the Spire","Highlight Path","Minty Spire (QoL Compilation)","Potion Indicator Mod","Relic Stats"],"gold_per_floor":[112,131,131,131,131,166,166,198,223,255,67,79,79,95,95,193,193,211,231,23,23,36,36,48,75,101,101,119,130,130,147,147,250,250,268,268,282,301,350,350,380,380,404,438,457,470,486,505,505,505],"floor_reached":51,"playtime":3677,"items_purged":["Strike_R","Strike_R"],"score":787,"play_id":"8139f2ce-8cec-4b8a-9867-b201e7249b28","local_time":"20201220145052","is_ascension_mode":true,"campfire_choices":[{"data":"Iron Wave","floor":7.0,"key":"SMITH"},{"data":"Flame Barrier","floor":13.0,"key":"SMITH"},{"data":"Flame Barrier","floor":15.0,"key":"SMITH"},{"floor":23.0,"key":"DIG"},{"floor":27.0,"key":"DIG"},{"floor":30.0,"key":"DIG"},{"floor":32.0,"key":"DIG"},{"floor":40.0,"key":"DIG"},{"floor":42.0,"key":"DIG"},{"floor":49,"key":"REST"}],"circlet_count":0,"master_deck":["Strike_R","Strike_R","Defend_R","Defend_R+1","Defend_R+1","Defend_R","Bash+1","Dropkick","Anger","Iron Wave+1","Immolate","Corruption","Dark Embrace","Flame Barrier+1","Flame Barrier+1","Ghostly Armor","Barricade","CurseOfTheBell","Disarm","Intimidate+1","Ghostly Armor","Inflame+1","Power Through","Metallicize","Rampage+1","Rage+1","Burning Pact","Juggernaut+1","Fire Breathing+1","Purity","Dark Shackles","Dark Shackles","Wild Strike+1","Havoc+1","Evolve+1","Exhume","Burning Pact+1","Inflame+1"],"relics":["Burning Blood","Lizard Tail","Pen Nib","Lantern","Nunchaku","Self Forming Clay","Calling Bell","Orichalcum","Ornamental Fan","Shovel","Bottled Flame","Mummified Hand","Bronze Scales","Frozen Egg 2","HornCleat","Gambling Chip","Runic Cube","Ginger","Boot","Darkstone Periapt","Bag of Marbles","Blood Vial"],"acts_visited":["Exordium","TheCity","TheBeyond"],"potions_floor_usage":[],"damage_taken":[{"damage":14.0,"enemies":"2 Louse","floor":1.0,"turns":3.0},{"damage":5.0,"enemies":"Small Slimes","floor":2.0,"turns":4.0},{"damage":13.0,"enemies":"3 Sentries","floor":6.0,"turns":9.0},{"damage":15.0,"enemies":"Gremlin Nob","floor":8.0,"turns":4.0},{"damage":11.0,"enemies":"Lagavulin","floor":10.0,"turns":6.0},{"damage":0.0,"enemies":"Cultist","floor":12.0,"turns":3.0},{"damage":12.0,"enemies":"Exordium Thugs","floor":14.0,"turns":4.0},{"damage":22.0,"enemies":"The Guardian","floor":16.0,"turns":9.0},{"damage":4.0,"enemies":"Spheric Guardian","floor":18.0,"turns":7.0},{"damage":0.0,"enemies":"3 Byrds","floor":19.0,"turns":3.0},{"damage":5.0,"enemies":"Shelled Parasite and Fungi","floor":22.0,"turns":8.0},{"damage":0.0,"enemies":"Snake Plant","floor":24.0,"turns":2.0},{"damage":12.0,"enemies":"Book of Stabbing","floor":25.0,"turns":8.0},{"damage":5.0,"enemies":"Snecko","floor":28.0,"turns":5.0},{"damage":8.0,"enemies":"Shelled Parasite and Fungi","floor":29.0,"turns":6.0},{"damage":0.0,"enemies":"Chosen and Byrds","floor":31.0,"turns":4.0},{"damage":8.0,"enemies":"Champ","floor":33.0,"turns":7.0},{"damage":1.0,"enemies":"Orb Walker","floor":35.0,"turns":5.0},{"damage":0.0,"enemies":"3 Darklings","floor":37.0,"turns":2.0},{"damage":13.0,"enemies":"Sphere and 2 Shapes","floor":38.0,"turns":4.0},{"damage":3.0,"enemies":"2 Orb Walkers","floor":39.0,"turns":5.0},{"damage":21.0,"enemies":"Nemesis","floor":41.0,"turns":5.0},{"damage":32.0,"enemies":"Reptomancer","floor":44.0,"turns":7.0},{"damage":22.0,"enemies":"Spire Growth","floor":45.0,"turns":7.0},{"damage":3.0,"enemies":"4 Shapes","floor":46.0,"turns":1.0},{"damage":8.0,"enemies":"Sphere and 2 Shapes","floor":47.0,"turns":4.0},{"damage":12,"enemies":"Jaw Worm Horde","floor":48,"turns":3},{"damage":2,"enemies":"Time Eater","floor":50,"turns":11}],"seed_played":"-1599139915349877860","potions_obtained":[{"floor":1.0,"key":"BlessingOfTheForge"},{"floor":12.0,"key":"Regen Potion"},{"floor":14.0,"key":"Swift Potion"},{"floor":22.0,"key":"FearPotion"},{"floor":29.0,"key":"BlessingOfTheForge"},{"floor":31.0,"key":"PowerPotion"},{"floor":33.0,"key":"DuplicationPotion"},{"floor":35.0,"key":"Energy Potion"},{"floor":37.0,"key":"SteroidPotion"},{"floor":48,"key":"Ancient Potion"}],"is_trial":false,"path_per_floor":["M","M","?","?","?","E","R","E","T","E","$","M","R","M","R","B",null,"M","M","$","?","M","R","M","E","T","R","M","M","R","M","R","B",null,"M","?","M","M","?","R","E","R","T","E","M","M","M","M","R","B",null],"character_chosen":"IRONCLAD","items_purchased":["Dark Embrace","Flame Barrier","Ghostly Armor","EssenceOfSteel"],"campfire_rested":1,"item_purchase_floors":[11,11,20,20],"current_hp_per_floor":[48,49,49,33,33,26,26,17,17,12,12,18,18,24,24,8,80,80,80,80,80,80,80,80,74,74,74,75,73,73,79,79,77,80,80,70,76,69,72,72,57,57,57,31,17,22,22,18,42,48],"gold":505,"neow_bonus":"ONE_RARE_RELIC","is_daily":false,"chose_seed":false,"campfire_upgraded":3,"win_rate":0.0,"timestamp":1608493852,"path_taken":["M","M","?","?","?","E","R","E","T","E","$","M","R","M","R","BOSS","M","M","$","?","?","R","M","E","T","R","M","M","R","M","R","BOSS","M","?","M","M","?","R","E","R","T","E","M","M","?","M","R","BOSS"],"items_purchased_type":["Card","Card","Card","Potion"],"build_version":"2020-12-13","purchased_purges":2,"victory":true,"max_hp_per_floor":[80,80,80,80,80,80,80,80,80,80,80,80,80,80,80,80,80,80,80,80,80,80,80,80,80,80,80,80,80,80,80,80,80,80,80,80,80,80,80,80,80,80,80,80,80,80,80,80,80,80],"relic_stats":{"Darkstone Periapt":0,"counters":[28,146],"Self Forming Clay":[93],"Pen Nib":[22],"Ginger":[5],"Orichalcum":[36],"Boot":[17],"Burning Blood":148,"Blood Vial":10,"Lizard Tail":0,"Nunchaku":[21],"Shovel":6,"Ornamental Fan":[96],"Mummified Hand":[95],"Bronze Scales":[207],"Gambling Chip":[37],"obtain_stats":[{"Darkstone Periapt":41,"Lantern":8,"Self Forming Clay":10,"Pen Nib":6,"Ginger":39,"Orichalcum":17,"Frozen Egg 2":27,"Boot":40,"Burning Blood":0,"Calling Bell":17,"Blood Vial":44,"Lizard Tail":0,"Nunchaku":9,"Bottled Flame":23,"Shovel":17,"HornCleat":30,"Ornamental Fan":17,"Mummified Hand":25,"Bronze Scales":26,"Gambling Chip":32,"Bag of Marbles":42,"Runic Cube":34},{"Darkstone Periapt":22,"Lantern":4,"Self Forming Clay":5,"Pen Nib":3,"Ginger":21,"Orichalcum":8,"Frozen Egg 2":13,"Boot":21,"Burning Blood":0,"Calling Bell":8,"Blood Vial":23,"Lizard Tail":0,"Nunchaku":4,"Bottled Flame":11,"Shovel":8,"HornCleat":15,"Ornamental Fan":8,"Mummified Hand":13,"Bronze Scales":13,"Gambling Chip":16,"Bag of Marbles":22,"Runic Cube":17},{"Darkstone Periapt":113,"Lantern":20,"Self Forming Clay":26,"Pen Nib":16,"Ginger":108,"Orichalcum":42,"Frozen Egg 2":70,"Boot":108,"Burning Blood":0,"Calling Bell":42,"Blood Vial":120,"Lizard Tail":0,"Nunchaku":20,"Bottled Flame":60,"Shovel":42,"HornCleat":81,"Ornamental Fan":42,"Mummified Hand":70,"Bronze Scales":70,"Gambling Chip":85,"Bag of Marbles":113,"Runic Cube":92}],"Runic Cube":[15]},"card_choices":[{"not_picked":["Dark Embrace","Shrug It Off"],"picked":"Dropkick","floor":1.0},{"not_picked":["Pommel Strike","Heavy Blade"],"picked":"Anger","floor":2.0},{"not_picked":["Heavy Blade","Flex"],"picked":"Iron Wave","floor":6.0},{"not_picked":["Sword Boomerang","Perfected Strike"],"picked":"Immolate","floor":8.0},{"not_picked":["Infernal Blade","Spot Weakness"],"picked":"Corruption","floor":10.0},{"not_picked":["Armaments","Rupture"],"picked":"Flame Barrier","floor":12.0},{"not_picked":["Armaments","Bloodletting"],"picked":"Ghostly Armor","floor":14.0},{"not_picked":["Demon Form","Immolate"],"picked":"Barricade","floor":16.0},{"not_picked":["Infernal Blade+1","Flame Barrier"],"picked":"Disarm","floor":18.0},{"not_picked":["Sword Boomerang","Dark Embrace"],"picked":"Intimidate+1","floor":19.0},{"not_picked":["Clothesline+1","Thunderclap+1"],"picked":"Inflame+1","floor":22.0},{"not_picked":["Wild Strike","Brutality"],"picked":"Power Through","floor":24.0},{"not_picked":["Rupture","Flex"],"picked":"Metallicize","floor":25.0},{"not_picked":["True Grit","Iron Wave"],"picked":"Rampage+1","floor":28.0},{"not_picked":["Rampage","Sword Boomerang"],"picked":"Rage+1","floor":29.0},{"not_picked":["Clash","Armaments"],"picked":"Burning Pact","floor":31.0},{"not_picked":["Feed","Berserk+1"],"picked":"Juggernaut+1","floor":33.0},{"not_picked":["Cleave","Havoc"],"picked":"Fire Breathing+1","floor":35.0},{"not_picked":["Sadistic Nature+1","Panacea"],"picked":"Purity","floor":36.0},{"not_picked":["Madness","Discovery"],"picked":"Dark Shackles","floor":36.0},{"not_picked":["Purity","Enlightenment"],"picked":"Dark Shackles","floor":36.0},{"not_picked":["Clash+1","Twin Strike"],"picked":"Wild Strike+1","floor":37.0},{"not_picked":["Heavy Blade","Thunderclap"],"picked":"Havoc+1","floor":38.0},{"not_picked":["Wild Strike+1","Anger"],"picked":"Evolve+1","floor":39.0},{"not_picked":["Warcry+1","Flex"],"picked":"Exhume","floor":41.0},{"not_picked":["Double Tap","Body Slam"],"picked":"Burning Pact+1","floor":44.0},{"not_picked":["Thunderclap+1","Sword Boomerang+1"],"picked":"Inflame+1","floor":45.0},{"not_picked":["Flex+1","Dark Embrace+1","Combust+1"],"picked":"SKIP","floor":46.0},{"not_picked":["Heavy Blade","Cleave+1","Rage"],"picked":"SKIP","floor":47.0},{"not_picked":["Flex+1","Reckless Charge","Combust+1"],"picked":"SKIP","floor":48}],"player_experience":136802,"relics_obtained":[{"floor":6.0,"key":"Pen Nib"},{"floor":8.0,"key":"Lantern"},{"floor":9.0,"key":"Nunchaku"},{"floor":10.0,"key":"Self Forming Clay"},{"floor":17.0,"key":"Orichalcum"},{"floor":17.0,"key":"Ornamental Fan"},{"floor":17.0,"key":"Shovel"},{"floor":23.0,"key":"Bottled Flame"},{"floor":25.0,"key":"Mummified Hand"},{"floor":26.0,"key":"Bronze Scales"},{"floor":27.0,"key":"Frozen Egg 2"},{"floor":30.0,"key":"HornCleat"},{"floor":32.0,"key":"Gambling Chip"},{"floor":39.0,"key":"Ginger"},{"floor":40.0,"key":"Boot"},{"floor":41.0,"key":"Darkstone Periapt"},{"floor":42.0,"key":"Bag of Marbles"},{"floor":44.0,"key":"Blood Vial"}],"event_choices":[{"damage_healed":0.0,"max_hp_gain":0.0,"max_hp_loss":0.0,"gold_gain":0.0,"event_name":"Living Wall","player_choice":"Grow","floor":3.0,"gold_loss":0.0,"damage_taken":0.0,"cards_upgraded":["Bash"]},{"damage_healed":0.0,"max_hp_gain":0.0,"max_hp_loss":0.0,"gold_gain":0.0,"event_name":"Shining Light","player_choice":"Entered Light","floor":4.0,"gold_loss":0.0,"damage_taken":16.0,"cards_upgraded":["Defend_R","Defend_R"]},{"damage_healed":0.0,"max_hp_gain":0.0,"max_hp_loss":0.0,"gold_gain":0.0,"event_name":"Liars Game","player_choice":"Ignored","floor":5.0,"gold_loss":0.0,"damage_taken":0.0},{"cards_removed":["Strike_R"],"damage_healed":0.0,"max_hp_gain":0.0,"max_hp_loss":0.0,"gold_gain":0.0,"event_name":"Bonfire Elementals","player_choice":"Offered Basic","floor":21.0,"gold_loss":0.0,"damage_taken":0.0},{"damage_healed":0.0,"max_hp_gain":0.0,"max_hp_loss":0.0,"gold_gain":0.0,"event_name":"SensoryStone","player_choice":"Memory 3","floor":36.0,"gold_loss":0.0,"damage_taken":10.0},{"damage_healed":0.0,"max_hp_gain":0.0,"max_hp_loss":0.0,"gold_gain":0.0,"event_name":"Mysterious Sphere","player_choice":"Fight","floor":39.0,"gold_loss":0.0,"damage_taken":0.0}],"is_beta":false,"boss_relics":[{"not_picked":["Coffee Dripper","SacredBark"],"picked":"Calling Bell"},{"not_picked":["Sozu","Pandora\u0027s Box"],"picked":"Runic Cube"}],"items_purged_floors":[11,20],"is_endless":false,"potions_floor_spawned":[1,12,14,22,29,31,33,35,37,39,48],"ascension_level":1}}