{"host":"y1gy3vaohdji07z5","time":1608463195,"event":{"mods":["BaseMod","Colored Map","Colored Powertips","Hermit","Minty Spire (QoL Compilation)","Random Character Button","Rare Cards Sparkle","StSLib"],"gold_per_floor":[119,129,141,153,169,169,204,204,204,90,101,127,127,138,138,138,138],"floor_reached":16,"playtime":1293,"items_purged":["hermit:Strike_Hermit"],"score":125,"play_id":"d37f9abb-78ed-445c-8b2a-cec18c649bb4","local_time":"20201220121955","is_ascension_mode":true,"campfire_choices":[{"data":"hermit:Midnight","floor":6,"key":"SMITH"},{"data":"hermit:Quickdraw","floor":8,"key":"SMITH"},{"data":"hermit:TakeCover","floor":15,"key":"SMITH"}],"circlet_count":0,"master_deck":["hermit:Strike_Hermit","hermit:Strike_Hermit","hermit:Defend_Hermit","hermit:Defend_Hermit","hermit:Defend_Hermit","hermit:Defend_Hermit","hermit:Snapshot","hermit:Covet","Doubt","hermit:Midnight+1","hermit:Brawl","hermit:Quickdraw+1","hermit:Quickdraw","hermit:TakeCover+1"],"relics":["hermit:Momento","Lizard Tail","Tiny Chest","Eternal Feather","Happy Flower"],"acts_visited":["Exordium"],"potions_floor_usage":[12],"damage_taken":[{"damage":4,"enemies":"Jaw Worm","floor":1,"turns":4},{"damage":8,"enemies":"Cultist","floor":2,"turns":3},{"damage":0,"enemies":"Small Slimes","floor":3,"turns":3},{"damage":8,"enemies":"3 Louse","floor":4,"turns":5},{"damage":0,"enemies":"2 Fungi Beasts","floor":5,"turns":3},{"damage":32,"enemies":"Gremlin Nob","floor":7,"turns":4},{"damage":1,"enemies":"Exordium Thugs","floor":11,"turns":4},{"damage":22,"enemies":"Lagavulin","floor":12,"turns":7},{"damage":0,"enemies":"Looter","floor":14,"turns":5},{"damage":45,"enemies":"Hexaghost","floor":16,"turns":9}],"seed_played":"8163870866517032765","potions_obtained":[{"floor":1,"key":"SteroidPotion"},{"floor":2,"key":"SkillPotion"},{"floor":3,"key":"SmokeBomb"},{"floor":7,"key":"EssenceOfSteel"}],"is_trial":false,"path_per_floor":["M","M","M","M","M","R","E","R","T","$","M","E","?","M","R","B"],"character_chosen":"HERMIT","items_purchased":["hermit:TakeCover"],"campfire_rested":0,"item_purchase_floors":[10],"current_hp_per_floor":[71,63,63,55,55,55,23,23,23,23,22,37,37,37,43,0,0],"gold":138,"neow_bonus":"ONE_RARE_RELIC","is_daily":false,"chose_seed":false,"campfire_upgraded":3,"win_rate":0.0,"timestamp":1608463195,"path_taken":["M","M","M","M","M","R","E","R","T","$","M","E","?","?","R","BOSS"],"items_purchased_type":["Card"],"build_version":"2020-12-13","purchased_purges":1,"victory":false,"max_hp_per_floor":[75,75,75,75,75,75,75,75,75,75,75,75,75,75,75,75,75],"card_choices":[{"not_picked":["hermit:HighCaliber","hermit:FlashPowder"],"picked":"hermit:Midnight","floor":1},{"not_picked":["hermit:Misfire","hermit:Dive"],"picked":"hermit:Brawl","floor":2},{"not_picked":["hermit:Feint","hermit:Vantage","hermit:Coalescence"],"picked":"SKIP","floor":3},{"not_picked":["hermit:Feint","hermit:FlashPowder"],"picked":"hermit:Quickdraw","floor":4},{"not_picked":["hermit:BigShot","hermit:HoleUp","hermit:TakeAim"],"picked":"SKIP","floor":5},{"not_picked":["hermit:SprayPray","hermit:Roulette"],"picked":"hermit:Quickdraw","floor":7},{"not_picked":["hermit:Manifest","hermit:Determination","hermit:NoHoldsBarred"],"picked":"SKIP","floor":11},{"not_picked":["hermit:Determination","hermit:CalledShot","hermit:CursedWeapon"],"picked":"SKIP","floor":12},{"not_picked":["hermit:SprayPray","hermit:TakeAim","hermit:Manifest"],"picked":"SKIP","floor":14}],"player_experience":333923,"relics_obtained":[{"floor":7,"key":"Tiny Chest"},{"floor":9,"key":"Eternal Feather"},{"floor":12,"key":"Happy Flower"}],"event_choices":[{"cards_removed":["hermit:Strike_Hermit"],"damage_healed":0,"gold_gain":0,"player_choice":"Offered Basic","damage_taken":0,"max_hp_gain":0,"max_hp_loss":0,"event_name":"Bonfire Elementals","floor":13,"gold_loss":0}],"is_beta":false,"boss_relics":[],"items_purged_floors":[10],"is_endless":false,"potions_floor_spawned":[1,2,3,7],"killed_by":"Hexaghost","ascension_level":2}}