{"host":"esx1hwjnbftf3eqj","time":1608437478,"event":{"mods":["BaseMod","Colored Map","Minty Spire (QoL Compilation)","StSLib","The Jungle"],"gold_per_floor":[114,41,41,141,151,151,171,197,197,209,209,225,225,252,252,350,350,369,9,9,9,25,25,50,50,75,100,100,131,145,155,155,250,250,263,263,263,13,27,54,54,54,54,54,66,97,97,35,35,35],"floor_reached":51,"playtime":7554,"items_purged":["Strike_G","Defend_G"],"score":1024,"play_id":"0ba38d0e-5727-4079-b975-7e7a9b3dddf4","local_time":"20201219201118","is_ascension_mode":true,"campfire_choices":[{"data":"Neutralize","floor":6,"key":"SMITH"},{"data":"Infinite Blades","floor":11,"key":"SMITH"},{"data":"Backflip","floor":13,"key":"SMITH"},{"data":"Cloak And Dagger","floor":15,"key":"SMITH"},{"data":"Storm of Steel","floor":23,"key":"SMITH"},{"data":"Footwork","floor":25,"key":"SMITH"},{"data":"After Image","floor":32,"key":"SMITH"},{"data":"Footwork","floor":41,"key":"SMITH"},{"data":"Crippling Poison","floor":44,"key":"SMITH"},{"floor":47,"key":"REST"},{"floor":49,"key":"REST"}],"circlet_count":0,"master_deck":["Strike_G","Strike_G","Defend_G","Defend_G","Survivor","Neutralize+1","Infinite Blades","Infinite Blades+1","Escape Plan","Blur","Blade Dance","Backflip+1","Dodge and Roll","Cloak And Dagger+1","Storm of Steel+1","Blade Dance+1","Footwork+1","Deadly Poison+1","PiercingWail+1","After Image+1","Terror+1","Venomology","Crippling Poison+1","Footwork+1","Poisoned Stab","Noxious Fumes"],"relics":["Ring of the Snake","Incense Burner","Ornamental Fan","Vajra","Empty Cage","HornCleat","Nilry\u0027s Codex","Pen Nib","Toy Ornithopter","Ice Cream","Potion Belt","Busted Crown","Bag of Preparation","Matryoshka","Dream Catcher","The Courier","Orichalcum"],"acts_visited":["Exordium","TheCity","TheBeyond"],"potions_floor_usage":[14,14,24,31,31,33,33,50,50,50,50,50],"damage_taken":[{"damage":0,"enemies":"Small Slimes","floor":1,"turns":4},{"damage":1,"enemies":"2 Louse","floor":5,"turns":4},{"damage":0,"enemies":"Cultist","floor":7,"turns":5},{"damage":24,"enemies":"3 Sentries","floor":8,"turns":10},{"damage":19,"enemies":"Lots of Slimes","floor":10,"turns":6},{"damage":4,"enemies":"Exordium Wildlife","floor":12,"turns":6},{"damage":1,"enemies":"Gremlin Nob","floor":14,"turns":3},{"damage":0,"enemies":"Hexaghost","floor":16,"turns":12},{"damage":7,"enemies":"3 Byrds","floor":18,"turns":5},{"damage":0,"enemies":"Shell Parasite","floor":22,"turns":5},{"damage":0,"enemies":"Book of Stabbing","floor":24,"turns":6},{"damage":0,"enemies":"Gremlin Leader","floor":27,"turns":6},{"damage":0,"enemies":"Colosseum Slavers","floor":28,"turns":4},{"damage":1,"enemies":"Slavers","floor":29,"turns":7},{"damage":3,"enemies":"Shelled Parasite and Fungi","floor":30,"turns":5},{"damage":0,"enemies":"Snake Plant","floor":31,"turns":5},{"damage":9,"enemies":"Champ","floor":33,"turns":10},{"damage":5,"enemies":"3 Darklings","floor":35,"turns":6},{"damage":0,"enemies":"3 Shapes","floor":39,"turns":4},{"damage":2,"enemies":"Nemesis","floor":40,"turns":7},{"damage":14,"enemies":"Sphere and 2 Shapes","floor":45,"turns":6},{"damage":2,"enemies":"Giant Head","floor":46,"turns":8},{"damage":20,"enemies":"Awakened One","floor":50,"turns":12}],"seed_played":"-4902161808623934559","potions_obtained":[{"floor":5,"key":"ColorlessPotion"},{"floor":7,"key":"FearPotion"},{"floor":8,"key":"BlessingOfTheForge"},{"floor":22,"key":"Energy Potion"},{"floor":29,"key":"Poison Potion"},{"floor":30,"key":"PowerPotion"},{"floor":31,"key":"CunningPotion"},{"floor":39,"key":"Poison Potion"}],"is_trial":false,"path_per_floor":["M","$","?","?","M","R","M","E","T","M","R","M","R","E","R","B",null,"M","$","?","?","M","R","E","R","T","E","?","E","M","M","R","B",null,"M","?","?","$","M","E","R","?","T","R","M","E","R","$","R","B",null],"character_chosen":"THE_SILENT","items_purchased":["Infinite Blades","HornCleat","Footwork","Bag of Preparation","Noxious Fumes"],"campfire_rested":2,"item_purchase_floors":[2,19,19,38,48],"current_hp_per_floor":[77,77,70,70,69,69,69,45,45,26,26,22,22,21,21,21,63,56,56,40,40,40,40,40,40,40,40,40,39,36,46,46,47,70,65,65,65,65,65,63,63,63,63,63,49,47,68,68,73,58],"gold":35,"neow_bonus":"TEN_PERCENT_HP_BONUS","is_daily":false,"chose_seed":false,"campfire_upgraded":9,"win_rate":0.0,"timestamp":1608437478,"path_taken":["M","$","?","?","M","R","M","E","T","M","R","?","R","E","R","BOSS","M","?","?","?","M","R","E","R","T","E","?","E","M","M","R","BOSS","M","?","?","$","M","E","R","?","T","R","M","E","R","?","R","BOSS"],"items_purchased_type":["Card","Relic","Card","Relic","Card"],"build_version":"2020-12-13","purchased_purges":2,"victory":true,"max_hp_per_floor":[77,77,77,77,77,77,77,77,77,77,77,77,77,77,77,77,77,77,77,77,77,77,77,77,77,77,77,77,77,77,77,77,77,77,77,77,77,77,77,77,77,73,73,73,73,73,73,73,73,73],"card_choices":[{"not_picked":["Dagger Throw","Underhanded Strike"],"picked":"Infinite Blades","floor":1},{"not_picked":["Heel Hook","Prepared"],"picked":"Escape Plan","floor":5},{"not_picked":["Poisoned Stab","Catalyst"],"picked":"Blur","floor":7},{"not_picked":["PiercingWail","Caltrops"],"picked":"Blade Dance","floor":8},{"not_picked":["Expertise","Dagger Spray"],"picked":"Backflip","floor":10},{"not_picked":["Acrobatics","Bane"],"picked":"Dodge and Roll","floor":12},{"not_picked":["Poisoned Stab","Blur"],"picked":"Cloak And Dagger","floor":14},{"not_picked":["Glass Knife","Envenom"],"picked":"Storm of Steel","floor":16},{"not_picked":["Predator","Underhanded Strike+1"],"picked":"Blade Dance+1","floor":18},{"not_picked":["Choke+1","Bouncing Flask+1"],"picked":"Deadly Poison+1","floor":22},{"not_picked":["Setup","Flying Knee","Concentrate+1"],"picked":"SKIP","floor":24},{"not_picked":["Acrobatics","Deflect"],"picked":"PiercingWail+1","floor":27},{"not_picked":["Outmaneuver","Quick Slash","Distraction"],"picked":"SKIP","floor":29},{"not_picked":["Sucker Punch","Underhanded Strike+1"],"picked":"After Image","floor":30},{"not_picked":["Bane","Dagger Throw+1"],"picked":"Terror+1","floor":31},{"not_picked":["Bullet Time","Storm of Steel"],"picked":"Venomology","floor":33},{"not_picked":[],"picked":"Crippling Poison","floor":35},{"not_picked":[],"picked":"Footwork","floor":39},{"not_picked":[],"picked":"Poisoned Stab","floor":40},{"not_picked":["Acrobatics+1"],"picked":"SKIP","floor":45},{"not_picked":["Backflip"],"picked":"SKIP","floor":46}],"player_experience":498146,"relics_obtained":[{"floor":8,"key":"Incense Burner"},{"floor":9,"key":"Ornamental Fan"},{"floor":14,"key":"Vajra"},{"floor":20,"key":"Nilry\u0027s Codex"},{"floor":24,"key":"Pen Nib"},{"floor":26,"key":"Toy Ornithopter"},{"floor":27,"key":"Ice Cream"},{"floor":29,"key":"Potion Belt"},{"floor":40,"key":"Matryoshka"},{"floor":43,"key":"Dream Catcher"},{"floor":43,"key":"The Courier"},{"floor":46,"key":"Orichalcum"}],"event_choices":[{"cards_removed":["Strike_G"],"damage_healed":0,"gold_gain":0,"player_choice":"Card Removal","damage_taken":7,"max_hp_gain":0,"max_hp_loss":0,"event_name":"Golden Wing","floor":3,"gold_loss":0},{"damage_healed":0,"gold_gain":100,"player_choice":"Pray","damage_taken":0,"max_hp_gain":0,"max_hp_loss":0,"event_name":"Golden Shrine","floor":4,"gold_loss":0},{"damage_healed":0,"gold_gain":0,"player_choice":"Obtained Book","damage_taken":16,"max_hp_gain":0,"max_hp_loss":0,"event_name":"Cursed Tome","floor":20,"gold_loss":0},{"damage_healed":0,"gold_gain":0,"player_choice":"Fight","damage_taken":0,"max_hp_gain":0,"max_hp_loss":0,"event_name":"Colosseum","floor":28,"gold_loss":0},{"damage_healed":0,"gold_gain":0,"player_choice":"Fled From Nobs","damage_taken":0,"max_hp_gain":0,"max_hp_loss":0,"event_name":"Colosseum","floor":28,"gold_loss":0},{"cards_removed":["Strike_G"],"damage_healed":0,"gold_gain":0,"player_choice":"Removed Attack","damage_taken":0,"max_hp_gain":0,"max_hp_loss":0,"event_name":"Falling","floor":36,"gold_loss":0},{"damage_healed":0,"gold_gain":0,"player_choice":"Ignored","damage_taken":0,"max_hp_gain":0,"max_hp_loss":0,"event_name":"Mysterious Sphere","floor":37,"gold_loss":0},{"damage_healed":0,"gold_gain":0,"player_choice":"Max HP","damage_taken":0,"max_hp_gain":0,"max_hp_loss":4,"event_name":"Winding Halls","floor":42,"gold_loss":0}],"is_beta":false,"boss_relics":[{"not_picked":["Calling Bell","Runic Dome"],"picked":"Empty Cage"},{"not_picked":["Philosopher\u0027s Stone","Black Star"],"picked":"Busted Crown"}],"items_purged_floors":[19,38],"is_endless":false,"potions_floor_spawned":[5,7,8,10,22,28,29,30,31,39,46],"ascension_level":5}}