{"host":"h5acbxt0wmjo1kpm","time":1608447908,"event":{"mods":["2.2 Compatiblity","Act Like it!","AlwaysNeverKeys","Aspiration","Bartender","BaseMod","Better Third Choice","Colored Map","Downfall","Elementarium","Gensokyo","GifTheSpireLib","Hallownest","Marisa????????","Minty Spire (QoL Compilation)","Permanent Neow","Potionbrewer","Relic Filter","Replay The Spire","Robot Space Explorer","RumiaBox-????????","Shade Mod","Spicy Shops","StSLib","The Blackbeard","The Dragon Tamer","The Forsaken","The Gatherer","The Problem Sleuth","The Servant 0.9.4","Wandering Minibosses","vexMod"],"gold_per_floor":[99,179,231,251,251,85,85,85,85,113,113,125,135,146,157,157,157],"floor_reached":16,"playtime":878,"items_purged":[],"score":169,"play_id":"2bb52370-b7b9-41c3-b674-3f7023ade238","local_time":"20201219230508","is_ascension_mode":true,"campfire_choices":[{"data":"HandOfGreed","floor":1,"key":"SMITH"},{"data":"Slimebound:CorrosiveSpit","floor":5,"key":"SMITH"},{"data":"Slimebound:GrowthPunch","floor":9,"key":"SMITH"}],"circlet_count":0,"master_deck":["AscendersBane","Slimebound:Strike_Slimebound+1","Slimebound:Strike_Slimebound","Slimebound:Strike_Slimebound+1","Slimebound:Tackle","Slimebound:Defend_Slimebound","Slimebound:Defend_Slimebound","Slimebound:Defend_Slimebound","Slimebound:Defend_Slimebound","Slimebound:Split","Slimebound:CorrosiveSpit+1","Somersault","Strike_Bartender","Slimebound:SplitAcid","Slimebound:GrowthPunch+1","Slimebound:SplitAcid","Slimebound:CheckThePlaybook","Slimebound:SplitMire","Slimebound:SpikyOuterGoop","Slimebound:Prepare"],"relics":["Slimebound:AbsorbEndCombat","Centennial Puzzle","PreservedInsect","Whetstone","Gensokyo:YoukaiFlower","Singing Bowl"],"acts_visited":["Gensokyo:Gensokyo"],"potions_floor_usage":[14],"damage_taken":[{"damage":19,"enemies":"Gensokyo:Mamizou","floor":3,"turns":6},{"damage":7,"enemies":"Gensokyo:Gryphon","floor":4,"turns":2},{"damage":8,"enemies":"downfall:FleeingMerchant","floor":6,"turns":4},{"damage":25,"enemies":"Gensokyo:Cirno","floor":10,"turns":5},{"damage":12,"enemies":"Gensokyo:3_Fairies","floor":12,"turns":3},{"damage":11,"enemies":"Gensokyo:Python","floor":13,"turns":2},{"damage":11,"enemies":"Gensokyo:2_Rabbits","floor":14,"turns":3},{"damage":27,"enemies":"Gensokyo:Kitsune","floor":15,"turns":3},{"damage":90,"enemies":"downfall:Defect","floor":16,"turns":7}],"seed_played":"2952466392237840575","potions_obtained":[{"floor":10,"key":"Guardian:BlockOnCardUsePotion"},{"floor":13,"key":"SteroidPotion"}],"is_trial":false,"path_per_floor":["R","?","E","M","R","$","T","?","R","E","?","M","M","M","M","B"],"character_chosen":"SLIMEBOUND","items_purchased":["PreservedInsect"],"campfire_rested":0,"item_purchase_floors":[6],"current_hp_per_floor":[54,54,53,54,54,60,60,60,60,43,49,57,58,59,56,0,0],"gold":157,"neow_bonus":"RANDOM_COLORLESS_2","is_daily":false,"chose_seed":false,"campfire_upgraded":3,"win_rate":0.0,"timestamp":1608447908,"path_taken":["R","?","E","M","R","$","T","?","R","E","?","M","?","M","M","BOSS"],"items_purchased_type":["Relic"],"build_version":"2020-12-13","purchased_purges":0,"victory":false,"max_hp_per_floor":[60,60,60,60,60,60,60,60,60,60,66,66,66,66,66,66,66],"card_choices":[{"not_picked":["vexMod:StairwayStrike","ReplayTheSpireMod:Brewmster"],"picked":"HandOfGreed","floor":0},{"not_picked":["Slimebound:HauntingLick","Slimebound:ForwardTackle","Slimebound:MegaLick"],"picked":"SKIP","floor":3},{"not_picked":["Slimebound:Nibble","Slimebound:ComboTackle"],"picked":"Slimebound:SplitAcid","floor":4},{"not_picked":["Slimebound:Schlurp","Slimebound:Dissolve"],"picked":"Slimebound:GrowthPunch","floor":6},{"not_picked":["Slimebound:SamplingLick","Slimebound:LivingWall"],"picked":"Slimebound:SplitAcid","floor":10},{"not_picked":["Slimebound:RejuvenatingLick","Slimebound:Repurpose"],"picked":"Slimebound:CheckThePlaybook","floor":12},{"not_picked":["Slimebound:HauntingLick","Slimebound:SplitAcid"],"picked":"Slimebound:SplitMire","floor":13},{"not_picked":["Slimebound:FinishingTackle","Slimebound:SplitAcid"],"picked":"Slimebound:SpikyOuterGoop","floor":14},{"not_picked":["Slimebound:DisruptingSlam","Slimebound:Schlurp"],"picked":"Slimebound:Prepare","floor":15}],"player_experience":2282802,"relics_obtained":[{"floor":3,"key":"Centennial Puzzle"},{"floor":7,"key":"Whetstone"},{"floor":10,"key":"Singing Bowl"}],"event_choices":[],"is_beta":false,"boss_relics":[],"items_purged_floors":[],"is_endless":false,"potions_floor_spawned":[10,13],"killed_by":"downfall:Defect","ascension_level":13}}