{"host":"kjmsjq3kpb3v9rdj","time":1608454514,"event":{"mods":["AchievementEnabler","Aspiration","Bard","BaseMod","Beaked The Cultist","Better Altar","Better Match","Better Note","Better Sensory Stone","Better Skull","Better Third Choice","BetterRewards","CCEM","Colored Map","Conspire","Friendly Minions","GifTheSpireLib","Halation","Hermit","Highlight Path","Hubris","Hunter ??","Infinite Spire","Ironclad Rager","Jedi Mod","Jorbs\u0027s Wanderer Trilogy","Mad Scientist","Marisa????????","Mimic Mod","Minty Spire (QoL Compilation)","Permanent Neow","Quick Restart","Replay The Spire","Shade Mod","Shop Mod","Spicy Shops","Spikes Relics","StSLib","Stuff the Spire","Synergy Search","The Administrix","The Alterego","The Blackbeard","The Blue Laboratory","The Bug Knight","The Construct","The Cursed","The Disciple","The Gatherer","The Hierophant","The Jungle","The Mystic","The Necromancer","The Poker Player","The Problem Sleuth","The Runesmith","The Servant 0.9.4","The Showman","The Spell Scribe","The Witch","Trackpad","Unceasing Turn Reminder","vexMod"],"gold_per_floor":[12,22,22,39,97806,97841,97841,97871,97943,97963,97981,97991,98005,98031,98046,98060,98086,98086,98086,98190,98190,98209,98209,96463,96463,96473,96499,94607,94633,94633,94661,94678,94678,94678,94696,94696,94793,94793,94811,94830,94840,94840,94871,94871,94888,94937,94937,94953,94972,94882,94911,94928,95007,95108,95108,95119,95119,95119,95119,93890,93917,93986],"floor_reached":63,"playtime":4708,"items_purged":["SwitchThreat","Pain"],"score":1934,"play_id":"646a2862-a73e-4809-aa94-594dd5de1a05","local_time":"20201220005514","is_ascension_mode":true,"campfire_choices":[{"data":"Double Energy","floor":7,"key":"SMITH"},{"data":"Metamorphosis","floor":19,"key":"SMITH"},{"floor":33,"key":"RECALL"},{"data":"ReplayTheSpireMod:Calculation Training","floor":36,"key":"SMITH"},{"data":"infinitespire:Oblivion","floor":44,"key":"SMITH"},{"data":"hubris:Fate","floor":59,"key":"SMITH"}],"circlet_count":0,"master_deck":["Zap","Dualcast","Ball Lightning+1","Cold Snap+1","Ball Lightning+1","Cold Snap+1","Leap","Leap","Leap","Leap","BasicCrystalCard","StuffTheSpire:LoadUp","Double Energy+1","Metamorphosis+1","Storm","Doom and Gloom+1","Dark Shackles","Reinforced Body","jedi:blockon","StuffTheSpire:Coldhearted","jedi:BurstFrost","conspire:Rain","Electrodynamics","Reboot+1","ReplayTheSpireMod:Calculation Training+1","StuffTheSpire:LoadUp","Buffer","Mirror Shield","Turbo","alterego_mod:Venus+1","Master of Strategy","StuffTheSpire:Plugnplay","Capacitor+1","Conserve Battery","Chaos+1","jedi:reiji+1","Sunder+1","Reforge","ICR:FrostFall+1","Self Repair","Streamline+1","Echo Form","Redo+1","jedi:BurstFrost+1","ICR:ChainLightning","infinitespire:Oblivion+1","BasicCrystalCard+1","BasicCrystalCard+1","StuffTheSpire:LoadUp+1","Melter+1","Defragment+1","Consume+1","hubris:Fate+1","ReplayTheSpireMod:Haul","Creative AI","StuffTheSpire:Vigor","ReplayTheSpireMod:Necrogeddon","StuffTheSpire:Synthwave","Replay:Dark Deal+1","Rainbow"],"relics":["Cracked Core","halation:PurpleSoulGem","SuspiciousGoo","Bag of Preparation","trackpad:VoidSphere","Replay:WaspNest","jedi:kaleidoscope","MerchantsRug","Cables","halation:PromiseList","trackpad:ByrdBGone","StuffTheSpire:Experiment12","aspiration:PoetsPen","Question Card","hubris:HerbalPaste","hubris:MysteriousPyramids","StuffTheSpire:Saxophone","ReplayTheSpireMod:Lightbulb","Bottled Tornado","hubris:TenFootPole","halation:TrafficLight","HollowMod:LifeEnderRelic","Garlic","vexMod:Dragonfruit","aspiration:FetidBarrel","vexMod:Cooldron","jedi:crownofsimplicity","Whetstone","Nunchaku","HornCleat","Whetstone?","Whetstone?","Whetstone","Whetstone","Whetstone","Whetstone","Whetstone","Whetstone","Whetstone","Whetstone","Whetstone","Whetstone","hubris:ScarierMask","Snack Pack","aspiration:MobileForge","halation:SwordOfLegend","hubris:FunFungus","Bronze Scales","AncientExoskeleton","AncientExoskeleton","AncientExoskeleton","AncientExoskeleton","AncientExoskeleton","AncientExoskeleton","AncientExoskeleton","AncientExoskeleton","AncientExoskeleton","AncientExoskeleton","AncientExoskeleton","Frozen Eye","DataDisk","Emotion Chip","conspire:GiftBox","halation:Convergence","CCEMRelics:DerglesHeadphones","infinitespire:CursedDice","Medical Kit","infinitespire:Broken Mirror","CCEMRelics:FestiveHat"],"acts_visited":["Exordium","TheCity","TheBeyond","Exordium","TheEnding"],"potions_floor_usage":[6,6,14,15,17,20,26,27,27,29,31,32,37,37,37,37,41,41,41,41,46,46,49,49,49,51,51,51,54,54,54,59,62,62,62],"damage_taken":[{"damage":0,"enemies":"Jaw Worm","floor":1,"turns":2},{"damage":0,"enemies":"2 Louse","floor":2,"turns":2},{"damage":14,"enemies":"infinitespire:Voidling","floor":4,"turns":3},{"damage":0,"enemies":"Gremlin Nob","floor":6,"turns":3},{"damage":0,"enemies":"HollowMod:MossKnight","floor":8,"turns":2},{"damage":0,"enemies":"infinitespire:Three Voidlings","floor":10,"turns":1},{"damage":0,"enemies":"Nightmare","floor":11,"turns":1},{"damage":0,"enemies":"Book of Stabbing","floor":12,"turns":1},{"damage":0,"enemies":"Transient","floor":13,"turns":1},{"damage":11,"enemies":"Replay:BlueRogue","floor":14,"turns":4},{"damage":1,"enemies":"3 Louse","floor":15,"turns":2},{"damage":7,"enemies":"Blue Slaver","floor":16,"turns":2},{"damage":25,"enemies":"Lagavulin","floor":17,"turns":3},{"damage":0,"enemies":"Slime Boss","floor":20,"turns":3},{"damage":0,"enemies":"Chosen","floor":22,"turns":3},{"damage":6,"enemies":"conspire:FuzzyDice","floor":26,"turns":2},{"damage":19,"enemies":"Replay:Snechameleon","floor":27,"turns":2},{"damage":7,"enemies":"HollowMod:Nosk","floor":29,"turns":2},{"damage":2,"enemies":"Book of Stabbing","floor":31,"turns":2},{"damage":0,"enemies":"Snecko","floor":32,"turns":2},{"damage":0,"enemies":"Cultist and Chosen","floor":35,"turns":2},{"damage":0,"enemies":"Collector","floor":37,"turns":2},{"damage":8,"enemies":"3 Darklings","floor":39,"turns":2},{"damage":0,"enemies":"3 Shapes","floor":40,"turns":1},{"damage":0,"enemies":"Maw","floor":41,"turns":3},{"damage":0,"enemies":"4 Shapes","floor":45,"turns":1},{"damage":0,"enemies":"2 Orb Walkers","floor":46,"turns":1},{"damage":18,"enemies":"Spire Growth","floor":48,"turns":3},{"damage":9,"enemies":"3 Darklings","floor":49,"turns":2},{"damage":18,"enemies":"Nemesis","floor":51,"turns":3},{"damage":0,"enemies":"Jaw Worm Horde","floor":52,"turns":1},{"damage":11,"enemies":"LordOfAnnihilation","floor":54,"turns":4},{"damage":0,"enemies":"Small Slimes","floor":56,"turns":1},{"damage":0,"enemies":"Shield and Spear","floor":61,"turns":2},{"damage":118,"enemies":"The Heart","floor":62,"turns":4}],"seed_played":"6566565778719111007","potions_obtained":[{"floor":4,"key":"blueLaboratory:FruitPunch"},{"floor":6,"key":"PotionOfCapacity"},{"floor":8,"key":"Strength Potion"},{"floor":13,"key":"blueLaboratory:RelayPotion"},{"floor":16,"key":"blueLaboratory:RelayPotion"},{"floor":26,"key":"Milkshake"},{"floor":31,"key":"EntropicBrew"},{"floor":37,"key":"EntropicBrew"},{"floor":41,"key":"EntropicBrew"},{"floor":43,"key":"EntropicBrew"},{"floor":46,"key":"EntropicBrew"},{"floor":48,"key":"EntropicBrew"},{"floor":54,"key":"EntropicBrew"}],"is_trial":false,"path_per_floor":["M","M","?","M","$","E","R","E","T","M","M","M","M","E","M","M","E","?","R","B",null,"M","?","$","?","M","E","$","E","T","E","M","R","?","M","R","B",null,"M","M","M","AVR","?","R","M","?","T","M","M","?","E","M","R_BF","B",null,"M","AVR","?","R","$","E","B",null],"character_chosen":"DEFECT","items_purchased":["SuspiciousGoo","Bag of Preparation","trackpad:VoidSphere","Replay:WaspNest","jedi:kaleidoscope","blueLaboratory:TrueEctoplasm","FocusPotion","Metamorphosis","Storm","Doom and Gloom","MerchantsRug","Dark Shackles","Question Card","hubris:HerbalPaste","hubris:MysteriousPyramids","StuffTheSpire:Saxophone","ReplayTheSpireMod:Lightbulb","Bottled Tornado","blueLaboratory:BiasPotion","FocusPotion","Master of Strategy","StuffTheSpire:Plugnplay","Capacitor+1","Conserve Battery","Swift Potion","halation:TrafficLight","HollowMod:LifeEnderRelic","Garlic","vexMod:Dragonfruit","aspiration:FetidBarrel","vexMod:Cooldron","blueLaboratory:FrostheartPotion","BlessingOfTheForge","Sunder","Reforge","conspire:GiftBox","halation:Convergence","CCEMRelics:DerglesHeadphones","infinitespire:CursedDice","Medical Kit","infinitespire:Broken Mirror","ReplayTheSpireMod:Necrogeddon"],"campfire_rested":0,"item_purchase_floors":[5,5,5,5,5,5,5,5,5,5,5,5,24,24,24,24,24,24,24,24,24,24,24,24,24,28,28,28,28,28,28,28,28,28,28,60,60,60,60,60,60,60],"current_hp_per_floor":[50,50,50,36,36,38,38,38,38,41,44,47,50,39,38,31,6,6,6,82,82,82,82,82,82,76,60,65,61,61,62,65,65,61,71,71,81,86,86,89,90,90,90,90,93,96,96,88,82,82,76,79,91,90,97,100,100,102,102,102,102,36],"gold":93986,"neow_bonus":"DEFECT_STORMLORD","is_daily":false,"chose_seed":false,"campfire_upgraded":5,"win_rate":0.0,"timestamp":1608454514,"path_taken":["M","M","?","M","$","E","R","E","T","E","M","M","E","?","R","BOSS","M","?","$","?","M","E","?","E","T","E","?","R","?","M","R","BOSS","M","M","M","AVR","?","R","M","?","T","M","M","?","E","M","R_BF","BOSS","M","AVR","?","R","$","E","BOSS"],"items_purchased_type":["Relic","Relic","Relic","Relic","Relic","Potion","Potion","Card","Card","Card","Relic","Card","Relic","Relic","Relic","Relic","Relic","Relic","Potion","Potion","Card","Card","Card","Card","Potion","Relic","Relic","Relic","Relic","Relic","Relic","Potion","Potion","Card","Card","Relic","Relic","Relic","Relic","Relic","Relic","Card"],"build_version":"2020-12-13","purchased_purges":2,"victory":true,"max_hp_per_floor":[68,68,68,68,68,70,70,70,70,73,76,79,82,82,82,82,82,82,82,82,82,82,82,82,82,82,82,87,87,87,87,87,87,87,87,87,87,87,87,90,90,90,90,90,93,96,96,96,96,96,96,99,99,99,99,102,102,102,102,102,102,102],"card_choices":[{"not_picked":["Hologram","Capacitor"],"picked":"BasicCrystalCard","floor":1},{"not_picked":["jedi:spotbugs","Cold Snap"],"picked":"StuffTheSpire:LoadUp","floor":2},{"not_picked":["Gash","Rebound"],"picked":"Double Energy","floor":4},{"not_picked":["jedi:BurstLightning","Compile Driver"],"picked":"Reinforced Body","floor":6},{"not_picked":["FTL","Beam Cell"],"picked":"jedi:blockon","floor":8},{"not_picked":["Gash","Streamline"],"picked":"StuffTheSpire:Coldhearted","floor":10},{"not_picked":["Cold Snap","Rebound"],"picked":"jedi:BurstFrost","floor":11},{"not_picked":["Fusion","Compile Driver"],"picked":"conspire:Rain","floor":12},{"not_picked":["Steam","Cold Snap"],"picked":"Electrodynamics","floor":13},{"not_picked":["jedi:hex","Hologram"],"picked":"Reboot","floor":14},{"not_picked":["ReplayTheSpireMod:GoodbyeWorld","Leap"],"picked":"ReplayTheSpireMod:Calculation Training","floor":15},{"not_picked":["Steam","StuffTheSpire:Plugnplay"],"picked":"StuffTheSpire:LoadUp","floor":16},{"not_picked":["Capacitor","Time Bomb"],"picked":"Buffer","floor":17},{"not_picked":["StuffTheSpire:Purify","Meteor Strike"],"picked":"Mirror Shield","floor":20},{"not_picked":["jedi:BurstLightning","Redo"],"picked":"Turbo","floor":22},{"not_picked":["Turbo","Loop","Gash"],"picked":"Chaos+1","floor":26},{"not_picked":["Tempest","Aggregate","ICR:Cyclone"],"picked":"jedi:reiji+1","floor":27},{"not_picked":["jedi:markofdeath","Sweeping Beam","Leap","Beam Cell"],"picked":"SKIP","floor":29},{"not_picked":["Cold Snap+1","Double Energy","Barrage+1"],"picked":"ICR:FrostFall+1","floor":31},{"not_picked":["jedi:BurstFrost","StuffTheSpire:Plugnplay","Beam Cell"],"picked":"Self Repair","floor":32},{"not_picked":["Storm","jedi:BurstLightning","jedi:BurstDark"],"picked":"Streamline+1","floor":35},{"not_picked":["hubris:Prefetch","Core Surge","StuffTheSpire:ForEach"],"picked":"Echo Form","floor":37},{"not_picked":["Go for the Eyes+1","Rebound","Capacitor"],"picked":"Redo+1","floor":39},{"not_picked":["Leap+1","ReplayTheSpireMod:GoodbyeWorld","Chaos+1"],"picked":"jedi:BurstFrost+1","floor":40},{"not_picked":["jedi:BurstLightning+1","Hologram","Barrage+1"],"picked":"ICR:ChainLightning","floor":41},{"not_picked":["jedi:BurstFrost","ReplayTheSpireMod:GoodbyeWorld+1","Gash+1"],"picked":"Coolheaded","floor":43},{"not_picked":["All For One","conspire:Rain","jedi:blockon+1"],"picked":"BasicCrystalCard+1","floor":45},{"not_picked":["Auto Shields","hubris:PowerSurge+1","Cold Snap"],"picked":"BasicCrystalCard+1","floor":46},{"not_picked":["jedi:spotbugs+1","Conserve Battery","StuffTheSpire:Coldhearted"],"picked":"StuffTheSpire:LoadUp+1","floor":48},{"not_picked":["Conserve Battery+1","jedi:BurstFrost","Compile Driver+1"],"picked":"Melter+1","floor":49},{"not_picked":["Compile Driver","Barrage","Lockon+1"],"picked":"Defragment+1","floor":51},{"not_picked":["Hologram","jedi:BurstLightning+1","Rebound"],"picked":"Consume+1","floor":52},{"not_picked":["ReplayTheSpireMod:Chaos Vortex","infinitespire:UltimateForm"],"picked":"hubris:Fate","floor":54},{"not_picked":["infinitespire:FinalStrike","infinitespire:Menacing"],"picked":"ReplayTheSpireMod:Haul","floor":54},{"not_picked":["Lockon","Steam","StuffTheSpire:LoadUp","Stack"],"picked":"SKIP","floor":56},{"not_picked":["Core Surge","StuffTheSpire:Purify","jedi:readyaimfire"],"picked":"Creative AI","floor":60},{"not_picked":["Sweeping Beam","Capacitor+1","DiskWipe"],"picked":"StuffTheSpire:Synthwave","floor":61},{"not_picked":["Panacea+1","Chrysalis+1","Mind Blast+1"],"picked":"Replay:Dark Deal+1","floor":62},{"not_picked":["jedi:bruteforce","jedi:BurstDark","jedi:readyaimfire"],"picked":"Rainbow","floor":62}],"player_experience":490814,"relics_obtained":[{"floor":6,"key":"Cables"},{"floor":8,"key":"halation:PromiseList"},{"floor":14,"key":"trackpad:ByrdBGone"},{"floor":17,"key":"StuffTheSpire:Experiment12"},{"floor":27,"key":"hubris:TenFootPole"},{"floor":29,"key":"jedi:crownofsimplicity"},{"floor":30,"key":"Whetstone"},{"floor":31,"key":"Nunchaku"},{"floor":46,"key":"halation:SwordOfLegend"},{"floor":47,"key":"hubris:FunFungus"},{"floor":51,"key":"Bronze Scales"},{"floor":58,"key":"DataDisk"},{"floor":61,"key":"CCEMRelics:FestiveHat"}],"event_choices":[{"damage_healed":0,"gold_gain":0,"player_choice":"3","damage_taken":0,"max_hp_gain":0,"max_hp_loss":0,"event_name":"betterMatch:BetterMatch","floor":18,"gold_loss":0,"cards_obtained":[]},{"cards_removed":["Dark Shackles"],"damage_healed":0,"gold_gain":0,"player_choice":"Take \u0026 Give","damage_taken":0,"max_hp_gain":0,"max_hp_loss":0,"event_name":"betterNote:BetterNote","floor":23,"gold_loss":0,"cards_obtained":["alterego_mod:Venus"]},{"damage_healed":0,"gold_gain":0,"player_choice":"HornCleat","damage_taken":0,"relics_obtained":["HornCleat"],"max_hp_gain":0,"max_hp_loss":0,"event_name":"blackbeard:ShipwreckEvent","floor":34,"gold_loss":0},{"damage_healed":0,"gold_gain":0,"player_choice":"Fight","damage_taken":0,"max_hp_gain":0,"max_hp_loss":0,"event_name":"Mysterious Sphere","floor":46,"gold_loss":0},{"cards_removed":["Coolheaded"],"damage_healed":0,"gold_gain":0,"player_choice":"Upgrade and Remove","damage_taken":0,"max_hp_gain":0,"max_hp_loss":0,"event_name":"Designer","floor":50,"gold_loss":90,"cards_upgraded":["Reboot"]}],"is_beta":false,"boss_relics":[{"not_picked":["Philosopher\u0027s Stone","Runic Dome"],"picked":"aspiration:PoetsPen"},{"not_picked":["Snecko Eye","StuffTheSpire:RunicConfusion"],"picked":"hubris:ScarierMask"},{"not_picked":["SacredBark","Astrolabe"],"picked":"AncientExoskeleton"}],"items_purged_floors":[5,60],"is_endless":true,"potions_floor_spawned":[4,6,8,10,13,16,26,31,37,41,46,48,54],"ascension_level":5}}