{"host":"qwie84gwfccqh4mc","time":1608474307,"event":{"mods":["Alarm Clock","Aspiration","BaseMod","Challenge The Spire","Colored Map","Colored Powertips","Conspire","DeckTracker","Downfall","Hubris","Marisa£®ÏF”Í°°ƒß¿Ì…≥£©","Minty Spire (QoL Compilation)","Quick Restart","Random Character Button","Relic Sorter","Relic Stats","Replay The Spire","RumiaBox-¬∂√◊Ê´µƒ…Ò√ÿ∫–◊”","StSLib","Synergy Search","UnlockEverythingMod","vexMod","¿œ“¡¿Ú—≈"],"gold_per_floor":[99,99,99,99,125,50,73,105,132,57,76,182,213,213,243,347,347,347,367,412,446,183,183,183,108,185,185,254,310,310,364,426,534,534,534,599,599,659,659,659,684,684,765,765,765,470,492,520,540,540,540,607,308,308,310],"floor_reached":56,"playtime":4559,"items_purged":["Strike_MRS","FinalSpark","Voices"],"score":1738,"play_id":"66325922-48e9-499e-be78-21b2d881bb29","local_time":"20201220222507","is_ascension_mode":true,"campfire_choices":[{"floor":1.0,"key":"RECALL"},{"data":"AsteroidBelt","floor":6.0,"key":"SMITH"},{"data":"OortCloud","floor":10.0,"key":"SMITH"},{"data":"MillisecondPulsars","floor":18.0,"key":"SMITH"},{"data":"OortCloud","floor":25.0,"key":"SMITH"},{"data":"OortCloud","floor":27.0,"key":"SMITH"},{"data":"StarDustReverie","floor":44.0,"key":"SMITH"},{"data":"StarDustReverie","floor":54.0,"key":"SMITH"}],"circlet_count":0,"master_deck":["AsteroidBelt+1","OortCloud+1","WitchLeyline","GalacticHalo","SporeBomb","OortCloud+1","MillisecondPulsars+1","OortCloud+1","Acceleration+1","CasketOfStar","BigCrunch","MaximisePower+1","EnergyRecoil","MilkyWay+1","BinaryStars+1","SatelliteIllusion","StarDustReverie+1","StarDustReverie+1","UltimateShortwave+1","AbsoluteMagnitude+1","StarDustReverie+1","StarDustReverie+1","UltimateShortwave","UltimateShortwave","StarDustReverie","BinaryStars","BinaryStars","BinaryStars","OortCloud+1"],"relics":["MiniHakkero","downfall:KnowingSkull","downfall:HeartsMalice","vexMod:MemoryStick","downfall:HeartBlessingRed","Omamori","Replay:Bandana","downfall:HeartBlessingGreen","White Beast Statue","conspire:SpecialSausage","ReplayTheSpireMod:CursedCoin","SumBook","vexMod:GildedClover","downfall:HeartBlessingBlue","Bottled Tornado","Pet Ghost","aspiration:RitualStick","vexMod:ImprovementManual","vexMod:BarristanHead","Ring of Searing","Ring of Chaos","hubris:TinFlute","vexMod:Spyglass","Happy Flower","aspiration:ChemicalBlood","Centennial Puzzle","DollysMirror"],"acts_visited":[],"potions_floor_usage":[55],"damage_taken":[{"damage":0.0,"enemies":"Small Slimes","floor":4.0,"turns":1.0},{"damage":0.0,"enemies":"Gremlin Nob","floor":5.0,"turns":1.0},{"damage":0.0,"enemies":"Lagavulin","floor":8.0,"turns":1.0},{"damage":2.0,"enemies":"Jaw Worm","floor":9.0,"turns":3.0},{"damage":0.0,"enemies":"2 Louse","floor":11.0,"turns":2.0},{"damage":19.0,"enemies":"downfall:LadyInBlue","floor":12.0,"turns":8.0},{"damage":0.0,"enemies":"Gremlin Gang","floor":13.0,"turns":3.0},{"damage":6.0,"enemies":"3 Louse","floor":15.0,"turns":3.0},{"damage":2.0,"enemies":"downfall:Ironclad","floor":16.0,"turns":8.0},{"damage":8.0,"enemies":"Shell Parasite","floor":19.0,"turns":4.0},{"damage":0.0,"enemies":"downfall:FleeingMerchant","floor":20.0,"turns":4.0},{"damage":39.0,"enemies":"Gremlin Leader","floor":21.0,"turns":6.0},{"damage":0.0,"enemies":"downfall:FleeingMerchant","floor":22.0,"turns":4.0},{"damage":4.0,"enemies":"Book of Stabbing","floor":26.0,"turns":7.0},{"damage":3.0,"enemies":"Snecko","floor":28.0,"turns":4.0},{"damage":3.0,"enemies":"Cultist and Chosen","floor":29.0,"turns":6.0},{"damage":3.0,"enemies":"Snake Plant","floor":31.0,"turns":4.0},{"damage":3.0,"enemies":"Chosen and Byrds","floor":32.0,"turns":7.0},{"damage":1.0,"enemies":"downfall:Silent","floor":33.0,"turns":11.0},{"damage":8.0,"enemies":"3 Darklings","floor":36.0,"turns":4.0},{"damage":11.0,"enemies":"Orb Walker","floor":38.0,"turns":4.0},{"damage":40.0,"enemies":"R_Hoarder","floor":43.0,"turns":6.0},{"damage":3.0,"enemies":"downfall:FleeingMerchant","floor":46.0,"turns":4.0},{"damage":38.0,"enemies":"Sphere and 2 Shapes","floor":47.0,"turns":3.0},{"damage":10.0,"enemies":"3 Darklings","floor":48.0,"turns":3.0},{"damage":42.0,"enemies":"Writhing Mass","floor":49.0,"turns":3.0},{"damage":5.0,"enemies":"downfall:Watcher","floor":50.0,"turns":6.0},{"damage":20.0,"enemies":"downfall:CharBossMerchant","floor":52.0,"turns":4.0},{"damage":41,"enemies":"downfall:NeowBoss","floor":55,"turns":18}],"seed_played":"-3124119822860479966","potions_obtained":[{"floor":5.0,"key":"Fire Potion"},{"floor":11.0,"key":"PowerPotion"},{"floor":12.0,"key":"Fruit Juice"},{"floor":12.0,"key":"ColorlessPotion"},{"floor":12.0,"key":"Death Potion"},{"floor":13.0,"key":"FairyPotion"},{"floor":15.0,"key":"Milkshake"},{"floor":16.0,"key":"Fire Potion"},{"floor":19.0,"key":"champ:CounterPotion"},{"floor":21.0,"key":"FairyPotion"},{"floor":22.0,"key":"SteroidPotion"},{"floor":32.0,"key":"PowerPotion"},{"floor":33.0,"key":"conspire:TimeTravelPotion"},{"floor":38.0,"key":"hexamod:EctoCoolerPotion"},{"floor":46.0,"key":"EssenceOfSteel"},{"floor":47.0,"key":"Energy Potion"},{"floor":48.0,"key":"SteroidPotion"},{"floor":49.0,"key":"Toxic Potion"},{"floor":52.0,"key":"Fire Potion"}],"is_trial":false,"path_per_floor":["R","?","?","M","E","R","T","E","M","R","M","?","M","?","M","B",null,"R","M","$","E","$","?","T","R","E","R","M","M","?","M","M","B",null,"R_BF","M","?","M","?","?","T","?","E","R","?","$","M","M","M","B",null,"E","$","R","B",null],"character_chosen":"MARISA","items_purchased":["ReplayTheSpireMod:CursedCoin","Acceleration","vexMod:GildedClover","vexMod:Spyglass","Happy Flower","UltimateShortwave","StarDustReverie","Centennial Puzzle","DollysMirror"],"campfire_rested":0,"item_purchase_floors":[20,20,22,46,46,46,46,53,53],"current_hp_per_floor":[75,75,75,75,75,75,75,75,73,73,73,59,59,59,53,51,80,80,72,72,33,33,28,28,38,34,34,31,28,10,7,4,3,90,90,82,74,71,80,80,80,80,40,40,40,37,27,17,15,10,90,70,70,70,29],"gold":310,"neow_bonus":"THREE_ENEMY_KILL","is_daily":false,"chose_seed":false,"campfire_upgraded":7,"win_rate":0.0,"timestamp":1608474307,"path_taken":["R","?","?","M","E","R","T","E","M","R","M","?","?","?","M","BOSS","R","M","$","E","?","?","T","R","E","R","M","?","?","M","M","BOSS","R_BF","M","?","?","?","?","T","?","E","R","?","$","M","M","M","BOSS","E","$","R","BOSS"],"items_purchased_type":["Relic","Card","Relic","Relic","Relic","Card","Card","Relic","Relic"],"build_version":"2020-12-13","purchased_purges":3,"victory":true,"max_hp_per_floor":[75,75,75,75,75,75,75,75,75,75,75,80,80,80,80,80,80,80,80,80,80,80,80,80,90,90,90,90,90,90,90,90,90,90,90,90,90,90,90,90,90,90,90,90,90,90,90,90,90,90,90,90,90,90,90],"relic_stats":{"Centennial Puzzle":[3],"Happy Flower":[12],"counters":[29,139],"obtain_stats":[{"AmplifyWand":55,"vexMod:MemoryStick":5,"Gremlin Horn":52,"downfall:HeartBlessingGreen":10,"conspire:SpecialSausage":17,"Bottled Tornado":26,"vexMod:Spyglass":46,"Pet Ghost":26,"aspiration:RitualStick":30,"Ring of Searing":42,"Replay:Bandana":8,"Centennial Puzzle":53,"downfall:HeartBlessingBlue":25,"DollysMirror":53,"downfall:KnowingSkull":23,"hubris:TinFlute":43,"SumBook":21,"aspiration:ChemicalBlood":52,"vexMod:GildedClover":22,"downfall:HeartBlessingRed":6,"Happy Flower":46,"ReplayTheSpireMod:CursedCoin":20,"downfall:HeartsMalice":0,"Ring of Chaos":42,"Omamori":7,"White Beast Statue":12,"vexMod:BarristanHead":41,"Shuriken":49,"MiniHakkero":0,"vexMod:ImprovementManual":34},{"AmplifyWand":29,"vexMod:MemoryStick":2,"Gremlin Horn":28,"downfall:HeartBlessingGreen":4,"conspire:SpecialSausage":9,"Bottled Tornado":14,"vexMod:Spyglass":23,"Pet Ghost":14,"aspiration:RitualStick":16,"Ring of Searing":21,"Replay:Bandana":3,"Centennial Puzzle":28,"downfall:HeartBlessingBlue":13,"DollysMirror":28,"downfall:KnowingSkull":13,"hubris:TinFlute":22,"SumBook":12,"aspiration:ChemicalBlood":28,"vexMod:GildedClover":13,"downfall:HeartBlessingRed":2,"Happy Flower":23,"ReplayTheSpireMod:CursedCoin":11,"downfall:HeartsMalice":0,"Ring of Chaos":21,"Omamori":2,"White Beast Statue":6,"vexMod:BarristanHead":21,"Shuriken":26,"MiniHakkero":0,"vexMod:ImprovementManual":19},{"AmplifyWand":123,"vexMod:MemoryStick":0,"Gremlin Horn":120,"downfall:HeartBlessingGreen":3,"conspire:SpecialSausage":27,"Bottled Tornado":52,"vexMod:Spyglass":102,"Pet Ghost":52,"aspiration:RitualStick":62,"Ring of Searing":92,"Replay:Bandana":0,"Centennial Puzzle":121,"downfall:HeartBlessingBlue":45,"DollysMirror":121,"downfall:KnowingSkull":45,"hubris:TinFlute":98,"SumBook":41,"aspiration:ChemicalBlood":121,"vexMod:GildedClover":45,"downfall:HeartBlessingRed":0,"Happy Flower":102,"ReplayTheSpireMod:CursedCoin":35,"downfall:HeartsMalice":0,"Ring of Chaos":92,"Omamori":0,"White Beast Statue":13,"vexMod:BarristanHead":92,"Shuriken":110,"MiniHakkero":0,"vexMod:ImprovementManual":84}],"aspiration:RitualStick":[13]},"card_choices":[{"not_picked":["GalacticHalo","OneTimeOff"],"picked":"AsteroidBelt","floor":4.0},{"not_picked":["GrandCross","BlazeAway","SuperPerseids"],"picked":"SKIP","floor":5.0},{"not_picked":["DoubleSpark","SporeBomb"],"picked":"OortCloud","floor":8.0},{"not_picked":["6A","DeepEcoloBomb"],"picked":"WitchLeyline","floor":9.0},{"not_picked":["MilkyWay","StarlightTyphoon","OneTimeOff"],"picked":"SKIP","floor":11.0},{"not_picked":["BigCrunch","FairyDestructionRay"],"picked":"GalacticHalo","floor":12.0},{"not_picked":["DoubleSpark","PowerUp"],"picked":"SporeBomb","floor":13.0},{"not_picked":["MysteriousBeam","DC"],"picked":"OortCloud","floor":15.0},{"not_picked":["SuperNova","BigCrunch"],"picked":"MillisecondPulsars","floor":16.0},{"not_picked":["DarkSpark","WitchOfGreed"],"picked":"OortCloud","floor":19.0},{"not_picked":["MilkyWay","GalacticHalo","DeepEcoloBomb"],"picked":"SKIP","floor":20.0},{"not_picked":["CasketOfStar","SporeBomb"],"picked":"EnergyRecoil","floor":21.0},{"not_picked":["GrandCross","ShootingEcho+1"],"picked":"MilkyWay+1","floor":22.0},{"not_picked":["BlazingStar","SuperNova"],"picked":"BinaryStars","floor":26.0},{"not_picked":["ManaRampage","JA"],"picked":"SatelliteIllusion","floor":28.0},{"not_picked":["BigCrunch","BlazingStar"],"picked":"StarDustReverie","floor":29.0},{"not_picked":["AbsoluteMagnitude","MaximisePower"],"picked":"StarDustReverie","floor":31.0},{"not_picked":["BinaryStars","JA"],"picked":"UltimateShortwave","floor":32.0},{"not_picked":["ManaRampage","JA"],"picked":"AbsoluteMagnitude","floor":33.0},{"not_picked":["UltimateShortwave","MillisecondPulsars"],"picked":"StarDustReverie","floor":36.0},{"not_picked":["FinalSpark","SuperNova","MillisecondPulsars"],"picked":"SKIP","floor":38.0},{"not_picked":["FinalSpark","BigCrunch","ManaRampage"],"picked":"SKIP","floor":43.0},{"not_picked":["BlazingStar","EscapeVelocity"],"picked":"UltimateShortwave","floor":46.0},{"not_picked":["CasketOfStar","MaximisePower"],"picked":"BinaryStars","floor":47.0},{"not_picked":["EscapeVelocity","CollectingQuirk"],"picked":"BinaryStars","floor":48.0},{"not_picked":["BigCrunch","BlazingStar","EscapeVelocity"],"picked":"SKIP","floor":49.0},{"not_picked":["ManaRampage","BlazingStar"],"picked":"BinaryStars","floor":52.0}],"player_experience":178889,"relics_obtained":[{"floor":5.0,"key":"vexMod:MemoryStick"},{"floor":7.0,"key":"Omamori"},{"floor":8.0,"key":"Replay:Bandana"},{"floor":12.0,"key":"White Beast Statue"},{"floor":21.0,"key":"SumBook"},{"floor":26.0,"key":"Bottled Tornado"},{"floor":26.0,"key":"Pet Ghost"},{"floor":41.0,"key":"vexMod:BarristanHead"},{"floor":42.0,"key":"Ring of Searing"},{"floor":42.0,"key":"Ring of Chaos"},{"floor":43.0,"key":"hubris:TinFlute"},{"floor":52.0,"key":"aspiration:ChemicalBlood"}],"event_choices":[{"cards_removed":["Strike_MRS"],"damage_healed":0.0,"max_hp_gain":0.0,"max_hp_loss":0.0,"gold_gain":0.0,"event_name":"Purifier","player_choice":"Purged","floor":14.0,"gold_loss":0.0,"damage_taken":0.0},{"damage_healed":0.0,"max_hp_gain":0.0,"max_hp_loss":0.0,"gold_gain":0.0,"event_name":"OrinTheCat","player_choice":"Ignored","floor":40.0,"gold_loss":0.0,"damage_taken":0.0},{"damage_healed":0.0,"max_hp_gain":0.0,"max_hp_loss":0.0,"gold_gain":0.0,"event_name":"Upgrade Shrine","player_choice":"Upgraded","floor":45.0,"gold_loss":0.0,"damage_taken":0.0,"cards_upgraded":["StarDustReverie"]}],"is_beta":false,"boss_relics":[{"not_picked":["ExperimentalFamiliar","SlaversCollar"],"picked":"conspire:SpecialSausage"},{"not_picked":["Empty Cage","Kintsugi"],"picked":"vexMod:ImprovementManual"}],"items_purged_floors":[20,22,46],"is_endless":false,"potions_floor_spawned":[5,11,13,15,16,19,20,21,22,26,28,29,31,32,33,36,38,43,46,47,48,49,52],"ascension_level":4}}