{"host":"9nt1zhl3k8mtcf72","time":1608494028,"event":{"mods":["Aspiration","BaseMod","Conjunction","Conspire","Downfall","Energized Spire","Friendly Minions","GifTheSpireLib","Halation","Hubris","Infinite Spire","Jedi Mod","Mimic Mod","Minty Spire (QoL Compilation)","RatMod","Replay The Spire","Spikes Relics","StSLib","Stuff the Spire","Trackpad","Useless Jewels Mod","Wandering Minibosses","vexMod"],"gold_per_floor":[99,203,203,45,45,45,84,9,149,74,74,12,12,31,47,150,150,75,75,75,86,101,117,141,241,253,361,361,376,394,408,425,425,425],"floor_reached":33,"playtime":1942,"items_purged":[],"score":320,"play_id":"ad0fd745-bc22-425f-bc54-c23d2419f701","local_time":"20201220145348","is_ascension_mode":false,"campfire_choices":[{"floor":1.0,"key":"RECALL"},{"floor":6,"key":"REST"},{"floor":8,"key":"REST"},{"data":"Guardian:TwinSlam","floor":10,"key":"SMITH"},{"data":"Guardian:PrismaticBarrier","floor":18,"key":"SMITH"}],"circlet_count":0,"master_deck":["Guardian:Strike_Guardian","Guardian:Strike_Guardian","Guardian:Strike_Guardian","Guardian:Strike_Guardian","Guardian:Defend_Guardian","Guardian:Defend_Guardian","Guardian:Defend_Guardian","Guardian:Defend_Guardian","Guardian:CurlUp","Guardian:TwinSlam+1","Guardian:SpikerProtocol","Guardian:Reroute","Guardian:PrimingBeam","Guardian:PrimingBeam","Guardian:PrismaticBarrier+1","Guardian:TimeBomb","Guardian:ExploitGems","StuffTheSpire:DeathNote","Guardian:Gem_Green","Guardian:MultiBeam","Guardian:Gem_Red","Guardian:BronzeArmor","Guardian:ChargeCore","Guardian:Recover","Guardian:Gem_White","Guardian:VentSteam","Guardian:RollAttack+1","Guardian:Gem_Lightblue"],"relics":["Guardian:ModeShifter","StuffTheSpire:TintedRock","rat:PhantomDancer","halation:PinkSoulGem","StuffTheSpire:Gunfinga","downfall:HeartBlessingRed","Onion Ring","downfall:HeartBlessingGreen","StuffTheSpire:RedRose","aspiration:BabyByrd","aspiration:PoetsPen_weak","downfall:HeartBlessingBlue","ReplayTheSpireMod:TigerMarble","CrustySpines","Orichalcum","wanderingMiniBosses:Inkheart"],"acts_visited":["Exordium","TheCity"],"potions_floor_usage":[16,30],"damage_taken":[{"damage":36.0,"enemies":"Lagavulin","floor":2.0,"turns":9.0},{"damage":0.0,"enemies":"downfall:FleeingMerchant","floor":4.0,"turns":4.0},{"damage":5,"enemies":"2 Louse","floor":7,"turns":5},{"damage":18,"enemies":"Gremlin Nob","floor":9,"turns":5},{"damage":5,"enemies":"downfall:FleeingMerchant","floor":12,"turns":4},{"damage":0,"enemies":"2 Louse","floor":14,"turns":2},{"damage":0,"enemies":"Small Slimes","floor":15,"turns":2},{"damage":30,"enemies":"downfall:Silent","floor":16,"turns":6},{"damage":4,"enemies":"3 Byrds","floor":21,"turns":6},{"damage":10,"enemies":"Shell Parasite","floor":22,"turns":3},{"damage":9,"enemies":"Snake Plant","floor":23,"turns":3},{"damage":0,"enemies":"Replay:Snechameleon","floor":25,"turns":3},{"damage":10,"enemies":"Shelled Parasite and Fungi","floor":26,"turns":3},{"damage":16,"enemies":"Gremlin Leader","floor":27,"turns":4},{"damage":0,"enemies":"Sentry and Sphere","floor":29,"turns":3},{"damage":15,"enemies":"conspire:HollyBat","floor":30,"turns":6},{"damage":0,"enemies":"Snake Plant","floor":31,"turns":2},{"damage":0,"enemies":"Centurion and Healer","floor":32,"turns":3},{"damage":8,"enemies":"downfall:Ironclad","floor":33,"turns":4}],"seed_played":"5949597227551653822","potions_obtained":[{"floor":9,"key":"Block Potion"},{"floor":14,"key":"PowerPotion"},{"floor":16,"key":"SpeedPotion"},{"floor":23,"key":"Guardian:DefensiveModePotion"},{"floor":30,"key":"Death Potion"}],"is_trial":false,"path_per_floor":["R","E","?","$","?","R","MIM","R","E","R","?","$","?","M","M","B",null,"R","?","?","M","M","M","T","E","M","E","?","M","M","M","M","B"],"character_chosen":"GUARDIAN","items_purchased":["StuffTheSpire:Gunfinga","Guardian:PrimingBeam"],"campfire_rested":2,"item_purchase_floors":[4,12],"current_hp_per_floor":[80,44,44,44,44,68,63,80,62,62,62,57,57,57,57,27,80,90,70,70,66,56,47,47,47,37,21,21,22,7,7,7,0,0],"gold":425,"neow_bonus":"RANDOM_COMMON_RELIC","is_daily":false,"chose_seed":false,"campfire_upgraded":2,"win_rate":0.0,"timestamp":1608494028,"path_taken":["R","E","?","$","?","R","MIM","R","E","R","?","$","?","M","M","BOSS","R","?","?","?","M","M","T","E","M","E","?","?","M","M","M","BOSS"],"items_purchased_type":["Relic","Card"],"build_version":"2020-12-13","purchased_purges":0,"victory":false,"max_hp_per_floor":[80,80,80,80,80,80,80,80,80,80,80,80,80,80,80,80,80,90,90,90,90,90,90,90,90,90,90,90,91,91,91,91,91,91],"card_choices":[{"not_picked":["Guardian:TimeCapacitor","Guardian:StasisField"],"picked":"Guardian:Gem_Lightblue","floor":2.0},{"not_picked":["Guardian:Gem_Cyan","Guardian:SentryBeam"],"picked":"Guardian:SpikerProtocol","floor":4.0},{"not_picked":["Guardian:ShieldSpikes","Guardian:TimeCapacitor"],"picked":"Guardian:Reroute","floor":7},{"not_picked":["Guardian:TemporalShield","Guardian:Recover"],"picked":"Guardian:PrimingBeam","floor":9},{"not_picked":["Guardian:ArmoredProtocol","Guardian:Reroute"],"picked":"Guardian:Gem_Lightblue","floor":12},{"not_picked":["Guardian:Incinerate","Guardian:Reroute"],"picked":"Guardian:PrismaticBarrier","floor":14},{"not_picked":["Guardian:BronzeArmor","Guardian:FloatingOrbs"],"picked":"Guardian:TimeBomb","floor":15},{"not_picked":["Guardian:HyperBeam_Guardian","Guardian:StasisStrike"],"picked":"Guardian:ExploitGems","floor":16},{"not_picked":["Guardian:ShieldCharger","Guardian:ChargeCore+1"],"picked":"Guardian:Gem_Green","floor":21},{"not_picked":["Guardian:Gem_Lightblue","Guardian:Gem_Yellow"],"picked":"Guardian:MultiBeam","floor":22},{"not_picked":["Guardian:TemporalStrike+1","Guardian:PiercingHide"],"picked":"Guardian:Gem_Red","floor":23},{"not_picked":["Guardian:ShieldCharger+1","Guardian:Gem_Blue"],"picked":"Guardian:BronzeArmor","floor":25},{"not_picked":["Guardian:Planning","Guardian:Repulse"],"picked":"Guardian:ChargeCore","floor":26},{"not_picked":["Guardian:DonusPower","Guardian:Planning"],"picked":"Guardian:Recover","floor":27},{"not_picked":["Guardian:CrystalBeam+1","Guardian:SpikerProtocol"],"picked":"Guardian:Gem_White","floor":29},{"not_picked":["Guardian:Recover+1","Guardian:TemporalStrike+1"],"picked":"Guardian:VentSteam","floor":30},{"not_picked":["Guardian:ConstructionForm","Guardian:Gem_Red"],"picked":"Guardian:RollAttack+1","floor":31},{"not_picked":["Guardian:DonusPower","Guardian:Gem_Green"],"picked":"Guardian:Gem_Lightblue","floor":32}],"player_experience":443397,"relics_obtained":[{"floor":2.0,"key":"rat:PhantomDancer"},{"floor":9,"key":"Onion Ring"},{"floor":24,"key":"ReplayTheSpireMod:TigerMarble"},{"floor":25,"key":"CrustySpines"},{"floor":27,"key":"Orichalcum"},{"floor":30,"key":"wanderingMiniBosses:Inkheart"}],"event_choices":[{"damage_healed":0,"gold_gain":0,"player_choice":"Leave","damage_taken":0,"max_hp_gain":0,"max_hp_loss":0,"event_name":"conspire:Investor","floor":28,"gold_loss":0}],"is_beta":false,"boss_relics":[{"not_picked":["vexMod:TanglingVine","vexMod:NewClearReactor"],"picked":"aspiration:PoetsPen_weak"}],"items_purged_floors":[],"is_endless":false,"potions_floor_spawned":[9,14,16,23,26,27,29,30],"killed_by":"downfall:Ironclad","ascension_level":0}}