{"host":"0azimyi6n3ugndj4","time":1608479115,"event":{"mods":["BaseMod","Bestiary","Conspire","Curses Come First","Defuse TimeMaze Blight","Hyrulean Relics","Infinite Spire","Minty Spire (QoL Compilation)","Relic Sorter","Relic Stats","Replay The Spire","StSLib","SuperFastMode","Uncapped","¡¼?Úª?ø«¡½REMEMod"],"gold_per_floor":[135,85,139,139,190,268,268,364,364,364,364],"floor_reached":10,"playtime":126,"items_purged":[],"score":277,"play_id":"339f8f08-9d9e-4122-8948-62230f21ccdc","local_time":"20201221004515","daily_mods":["Insanity","Chimera","Specialized","Vintage","ControlledChaos","Allstar","Diverse","Colorless Cards","Heirloom","Time Dilation","Binary","Elite Swarm","Lethality","Midas","Uncertain Future"],"is_ascension_mode":true,"campfire_choices":[{"floor":7,"key":"REST"}],"circlet_count":0,"master_deck":["Demon Form","Wraith Form v2","Echo Form","DevaForm","AscendersBane","Bash","Survivor","Zap","Eruption","Strike_R","Strike_G","Strike_B","Defend_R","Defend_G","Defend_P","Leap","Flex","Panic Button","Pommel Strike","FollowUp","Headbutt","PathToVictory","Underhanded Strike","Purity","Purity","REME_ShortnessOfBreath","Prostrate","Perfected Strike","Go for the Eyes","conspire:Banana","Twin Strike","Streamline","ReplayTheSpireMod:Tripwire","Quick Slash","EmptyFist","Blade Dance","Life Link","Havoc","Beam Cell","InnerPeace","Deflect","Reinforced Body","Dagger Throw","Deflect","REME_TheoryOfElimination","Slice","Consecrate","JustLucky","Bloodletting","Stack","Cloak And Dagger","Iron Wave","Specialist","Distraction","BowlingBash","Infernal Blade","Replay:AtTheReady","Compile Driver","Deep Breath","Fusion","ReplaySort","Distraction","True Grit","FlurryOfBlows","Steam","ReplayReversal","ReplayReversal","ReplayReversal","ReplayReversal","ReplayReversal","Swift Strike","Mayhem","REME_AllRoundStrike","REME_FirmDetermination","REME_MagicPocketWatch","Multi-Cast","conspire:SpireCoStock","REME_BuildACard","Magnetism"],"relics":["Cracked Core","Frozen Eye","REME_ComplimentaryCards","Counterbalance","REME_LimitBreaker","Mirror","Replay:Rubber Ducky","zeldaRelics:CourageTriforce"],"acts_visited":["Exordium"],"potions_floor_usage":[],"damage_taken":[{"damage":0,"enemies":"2 Louse","floor":1,"turns":1},{"damage":13,"enemies":"Small Slimes","floor":3,"turns":2},{"damage":0,"enemies":"Jaw Worm","floor":5,"turns":1},{"damage":0,"enemies":"Lagavulin","floor":6,"turns":2},{"damage":12,"enemies":"Gremlin Nob","floor":8,"turns":3},{"damage":66,"enemies":"3 Sentries","floor":10,"turns":6}],"seed_played":"-4152310832960825028","potions_obtained":[{"floor":8,"key":"Ancient Potion"}],"is_trial":true,"path_per_floor":["M","?","M","?","M","E","R","E","T","E"],"character_chosen":"DEFECT","items_purchased":[],"campfire_rested":1,"item_purchase_floors":[],"current_hp_per_floor":[64,64,51,56,56,56,76,65,65,0,0],"gold":364,"neow_bonus":"","is_daily":false,"chose_seed":false,"campfire_upgraded":0,"win_rate":0.0,"timestamp":1608479115,"path_taken":["M","?","M","?","M","E","R","E","T","E"],"items_purchased_type":[],"build_version":"2020-12-13","purchased_purges":0,"victory":false,"max_hp_per_floor":[71,71,71,76,76,76,76,77,77,77,77],"relic_stats":{"counters":[6,15],"obtain_stats":[{"Frozen Eye":0,"Counterbalance":0,"zeldaRelics:CouragePiece":6,"REME_LimitBreaker":1,"Cracked Core":0,"Mirror":3,"zeldaRelics:CourageTriforce":9,"REME_ComplimentaryCards":0,"Replay:Rubber Ducky":5},{"Frozen Eye":0,"Counterbalance":0,"zeldaRelics:CouragePiece":4,"REME_LimitBreaker":1,"Cracked Core":0,"Mirror":2,"zeldaRelics:CourageTriforce":5,"REME_ComplimentaryCards":0,"Replay:Rubber Ducky":3},{"Frozen Eye":0,"Counterbalance":0,"zeldaRelics:CouragePiece":6,"REME_LimitBreaker":1,"Cracked Core":0,"Mirror":3,"zeldaRelics:CourageTriforce":9,"REME_ComplimentaryCards":0,"Replay:Rubber Ducky":4}]},"card_choices":[{"not_picked":["Chrysalis"],"picked":"REME_BuildACard","floor":6},{"not_picked":["REME_ForAll"],"picked":"Magnetism","floor":8}],"player_experience":1488320,"relics_obtained":[{"floor":1,"key":"REME_LimitBreaker"},{"floor":3,"key":"Mirror"},{"floor":5,"key":"Replay:Rubber Ducky"},{"floor":6,"key":"zeldaRelics:CouragePiece"},{"floor":8,"key":"zeldaRelics:CouragePiece"},{"floor":9,"key":"zeldaRelics:CouragePiece"}],"event_choices":[{"damage_healed":0,"gold_gain":0,"player_choice":"Invest 1","damage_taken":0,"max_hp_gain":0,"max_hp_loss":0,"event_name":"conspire:Investor","floor":2,"gold_loss":0},{"damage_healed":0,"gold_gain":0,"player_choice":"Donut","damage_taken":0,"max_hp_gain":5,"max_hp_loss":0,"event_name":"Big Fish","floor":4,"gold_loss":0}],"is_beta":false,"boss_relics":[],"items_purged_floors":[],"is_endless":false,"potions_floor_spawned":[8],"killed_by":"3 Sentries","ascension_level":20}}