{"host":"9gczkbtdkbhjojey","time":1608495467,"event":{"mods":["BaseMod","Colored Map","Minty Spire (QoL Compilation)","Quick Restart","StSLib","[功能]功能增强和修复MOD"],"gold_per_floor":[16,116,101,116,111,111,111,111,111,111,111,141,153,163,163,267,267,283,283,283,302,302,302,337,337,337,337,332,345,345,345,345,441,441,457,457,452,463,463,463,463,463,463,463,495,507,514,531,531,531,531,531,531,561,561],"floor_reached":56,"playtime":2440,"items_purged":["Strike_R","Strike_R","Defend_R","Strike_R","Seeing Red+1","Strike_R","Writhe"],"score":1327,"play_id":"defff199-68ee-46e9-a9df-de6ad7e0d24b","local_time":"20201221041747","is_ascension_mode":false,"campfire_choices":[{"floor":6.0,"key":"RECALL"},{"data":"Seeing Red","floor":8.0,"key":"SMITH"},{"data":"Metallicize","floor":10.0,"key":"SMITH"},{"data":"Heavy Blade","floor":15.0,"key":"SMITH"},{"data":"Rupture","floor":23.0,"key":"SMITH"},{"data":"Bloodletting","floor":25.0,"key":"SMITH"},{"data":"Limit Break","floor":27.0,"key":"SMITH"},{"data":"Inflame","floor":32.0,"key":"SMITH"},{"data":"Heavy Blade","floor":40.0,"key":"SMITH"},{"data":"Flex","floor":49.0,"key":"SMITH"},{"data":"Bash","floor":52,"key":"SMITH"}],"circlet_count":0,"master_deck":["Strike_R","Defend_R","Defend_R","Defend_R","Bash+1","Heavy Blade+1","Metallicize+1","Flex+1","Double Tap","Limit Break+1","Bloodletting+1","Rupture+1","Battle Trance+1","Limit Break+1","Inflame+1","Limit Break+1","Heavy Blade+1"],"relics":["Black Blood","Ginger","Champion Belt","Anchor","Frozen Eye","Juzu Bracelet","Strawberry","Chemical X","White Beast Statue","WingedGreaves","Toolbox","MealTicket","Ancient Tea Set","StoneCalendar","OrangePellets","Self Forming Clay","Du-Vu Doll","TheAbacus","Pantograph","Red Skull","Turnip","Toxic Egg 2","DollysMirror","Blue Candle","Centennial Puzzle","MutagenicStrength","Cursed Key","Dream Catcher","Shuriken","HandDrill","Regal Pillow","Blood Vial","Membership Card","Art of War","Incense Burner","Letter Opener","MawBank","Molten Egg 2","Happy Flower","Orrery","Toy Ornithopter","Gambling Chip","Medical Kit","Vajra"],"acts_visited":["Exordium","TheCity","TheBeyond","TheEnding"],"potions_floor_usage":[50,55],"damage_taken":[{"damage":4.0,"enemies":"Small Slimes","floor":1.0,"turns":3.0},{"damage":3.0,"enemies":"Cultist","floor":4.0,"turns":3.0},{"damage":0.0,"enemies":"Jaw Worm","floor":13.0,"turns":3.0},{"damage":1.0,"enemies":"3 Louse","floor":14.0,"turns":4.0},{"damage":31.0,"enemies":"Hexaghost","floor":16.0,"turns":4.0},{"damage":52.0,"enemies":"3 Byrds","floor":18.0,"turns":7.0},{"damage":5.0,"enemies":"Chosen","floor":21.0,"turns":6.0},{"damage":35.0,"enemies":"Gremlin Leader","floor":24.0,"turns":4.0},{"damage":18.0,"enemies":"Sentry and Sphere","floor":29.0,"turns":3.0},{"damage":6.0,"enemies":"Automaton","floor":33.0,"turns":3.0},{"damage":3.0,"enemies":"Orb Walker","floor":35.0,"turns":3.0},{"damage":3.0,"enemies":"3 Darklings","floor":38.0,"turns":2.0},{"damage":3.0,"enemies":"Spire Growth","floor":42.0,"turns":1.0},{"damage":4.0,"enemies":"Reptomancer","floor":45.0,"turns":2.0},{"damage":3.0,"enemies":"Maw","floor":48.0,"turns":2.0},{"damage":31,"enemies":"Time Eater","floor":50,"turns":3},{"damage":3,"enemies":"Shield and Spear","floor":54,"turns":1},{"damage":36,"enemies":"The Heart","floor":55,"turns":4}],"seed_played":"-5623222678083520887","potions_obtained":[{"floor":1.0,"key":"Strength Potion"},{"floor":13.0,"key":"Strength Potion"},{"floor":16.0,"key":"SmokeBomb"},{"floor":16.0,"key":"DuplicationPotion"},{"floor":16.0,"key":"GamblersBrew"},{"floor":18.0,"key":"FearPotion"},{"floor":24.0,"key":"Swift Potion"},{"floor":29.0,"key":"CultistPotion"},{"floor":33.0,"key":"ColorlessPotion"},{"floor":33.0,"key":"Regen Potion"},{"floor":35.0,"key":"Fruit Juice"},{"floor":35.0,"key":"SteroidPotion"},{"floor":48.0,"key":"Energy Potion"},{"floor":54,"key":"Strength Potion"}],"is_trial":false,"path_per_floor":["M","?","$","M","$","R","?","R","T","R","$","?","M","M","R","B",null,"M","?","$","M","$","R","E","R","T","R","$","M","$","?","R","B",null,"M","?","$","M","$","R","$","M","T","?","E","?","$","M","R","B",null,"R","$","E","B",null],"character_chosen":"IRONCLAD","items_purchased":["Champion Belt","Anchor","Frozen Eye","Metallicize","Flex","Weak Potion","FearPotion","Juzu Bracelet","Strawberry","Chemical X","White Beast Statue","WingedGreaves","Toolbox","Double Tap","Ancient Tea Set","StoneCalendar","OrangePellets","Bloodletting","Rupture","Energy Potion","Self Forming Clay","Du-Vu Doll","TheAbacus","Turnip","Toxic Egg 2","DollysMirror","Blue Candle","Centennial Puzzle","Inflame","Dream Catcher","Shuriken","HandDrill","Regal Pillow","Blood Vial","Membership Card","Art of War","Incense Burner","Molten Egg 2","Happy Flower","Orrery","Toy Ornithopter","Gambling Chip","Medical Kit","ColorlessPotion"],"campfire_rested":0,"item_purchase_floors":[3,3,3,3,3,3,3,5,5,5,11,11,11,11,20,20,20,20,20,20,22,22,22,28,28,28,30,30,30,37,37,37,39,39,39,41,41,47,47,47,53,53,53,53],"current_hp_per_floor":[80,80,80,80,87,87,87,87,87,87,87,87,87,87,87,62,87,47,47,62,69,84,84,61,61,61,61,76,70,85,85,85,87,87,92,92,92,92,92,92,92,92,92,92,92,87,87,87,87,68,87,87,87,87,68],"gold":561,"neow_bonus":"ONE_RARE_RELIC","is_daily":false,"chose_seed":false,"campfire_upgraded":10,"win_rate":0.0,"timestamp":1608495467,"path_taken":["M","?","$","M","$","R","?","R","T","R","$","?","M","M","R","BOSS","M","?","$","M","$","R","E","R","T","R","$","M","$","?","R","BOSS","M","?","$","M","$","R","$","M","T","?","E","?","$","M","R","BOSS","R","$","E","BOSS"],"items_purchased_type":["Relic","Relic","Relic","Card","Card","Potion","Potion","Relic","Relic","Relic","Relic","Relic","Relic","Card","Relic","Relic","Relic","Card","Card","Potion","Relic","Relic","Relic","Relic","Relic","Relic","Relic","Relic","Card","Relic","Relic","Relic","Relic","Relic","Relic","Relic","Relic","Relic","Relic","Relic","Relic","Relic","Relic","Potion"],"build_version":"2020-12-13","purchased_purges":7,"victory":true,"max_hp_per_floor":[80,80,80,80,87,87,87,87,87,87,87,87,87,87,87,87,87,87,87,87,87,87,87,87,87,87,87,87,87,87,87,87,87,87,92,92,92,92,92,92,92,92,92,92,92,87,87,87,87,87,87,87,87,87,87],"card_choices":[{"not_picked":["Warcry","Pommel Strike"],"picked":"Heavy Blade","floor":1.0},{"not_picked":["Sword Boomerang","Blood for Blood"],"picked":"Seeing Red","floor":4.0},{"not_picked":["Anger","Power Through","Flex"],"picked":"SKIP","floor":13.0},{"not_picked":["Iron Wave","Armaments","Clothesline"],"picked":"SKIP","floor":14.0},{"not_picked":["Feed","Corruption"],"picked":"Limit Break","floor":16.0},{"not_picked":["Shockwave","Iron Wave+1","Cleave"],"picked":"SKIP","floor":18.0},{"not_picked":["Dark Embrace+1","Sentinel"],"picked":"Battle Trance+1","floor":21.0},{"not_picked":["Clothesline","Iron Wave","Disarm"],"picked":"SKIP","floor":24.0},{"not_picked":["Uppercut","Blood for Blood","Headbutt+1"],"picked":"SKIP","floor":29.0},{"not_picked":["Feed","Reaper"],"picked":"Limit Break+1","floor":33.0},{"not_picked":["True Grit+1","Pummel"],"picked":"Heavy Blade","floor":35.0},{"not_picked":["Perfected Strike","Twin Strike","Infernal Blade+1"],"picked":"SKIP","floor":38.0},{"not_picked":["Flex+1","Iron Wave+1","Pommel Strike+1"],"picked":"SKIP","floor":42.0},{"not_picked":["Exhume+1","Thunderclap+1","Havoc+1"],"picked":"SKIP","floor":45.0},{"not_picked":["Clash+1","Thunderclap+1","Intimidate+1"],"picked":"SKIP","floor":48.0},{"not_picked":["Entrench+1","Body Slam+1","Havoc+1"],"picked":"SKIP","floor":54}],"player_experience":90364,"relics_obtained":[{"floor":24.0,"key":"Pantograph"},{"floor":26.0,"key":"Red Skull"},{"floor":43.0,"key":"Letter Opener"},{"floor":45.0,"key":"MawBank"},{"floor":54,"key":"Vajra"}],"event_choices":[{"damage_healed":0.0,"max_hp_gain":0.0,"max_hp_loss":0.0,"gold_gain":100.0,"event_name":"Golden Shrine","player_choice":"Pray","floor":2.0,"gold_loss":0.0,"damage_taken":0.0},{"damage_healed":0.0,"max_hp_gain":0.0,"max_hp_loss":0.0,"gold_gain":0.0,"event_name":"Purifier","player_choice":"Ignored","floor":7.0,"gold_loss":0.0,"damage_taken":0.0},{"damage_healed":0.0,"max_hp_gain":0.0,"max_hp_loss":0.0,"gold_gain":30.0,"event_name":"Dead Adventurer","player_choice":"Searched \u00271\u0027 times","floor":12.0,"gold_loss":0.0,"damage_taken":0.0},{"damage_healed":0.0,"max_hp_gain":0.0,"max_hp_loss":0.0,"gold_gain":0.0,"event_name":"The Mausoleum","player_choice":"Opened","floor":19.0,"gold_loss":0.0,"damage_taken":0.0,"relics_obtained":["MealTicket"]},{"damage_healed":0.0,"max_hp_gain":0.0,"max_hp_loss":0.0,"gold_gain":0.0,"event_name":"Drug Dealer","player_choice":"Inject Mutagens","floor":31.0,"gold_loss":0.0,"damage_taken":0.0,"relics_obtained":["MutagenicStrength"]},{"damage_healed":0.0,"max_hp_gain":0.0,"max_hp_loss":0.0,"gold_gain":0.0,"event_name":"Mysterious Sphere","player_choice":"Ignored","floor":36.0,"gold_loss":0.0,"damage_taken":0.0},{"damage_healed":0.0,"max_hp_gain":0.0,"max_hp_loss":0.0,"gold_gain":0.0,"event_name":"Tomb of Lord Red Mask","player_choice":"Ignored","floor":44.0,"gold_loss":0.0,"damage_taken":0.0},{"damage_healed":0.0,"max_hp_gain":0.0,"max_hp_loss":5.0,"gold_gain":0.0,"event_name":"Winding Halls","player_choice":"Max HP","floor":46.0,"gold_loss":0.0,"damage_taken":0.0}],"is_beta":false,"boss_relics":[{"not_picked":["Astrolabe","Sozu"],"picked":"Black Blood"},{"not_picked":["Philosopher\u0027s Stone","Runic Pyramid"],"picked":"Cursed Key"}],"items_purged_floors":[3,3,3,5,28,37,47],"is_endless":false,"potions_floor_spawned":[1,13,13,13,14,14,14,16,16,16,18,18,18,21,21,24,24,24,29,29,29,33,33,33,35,35,35,38,38,38,42,42,42,45,45,48,48,48,54,54],"ascension_level":0}}