{"host":"3rixevx6n8b56xaj","time":1608477293,"event":{"mods":["2.2 Compatiblity","AchievementEnabler","BaseMod","Better Third Choice","Colored Map","DeckTracker","Friendly Minions","Minty Spire (QoL Compilation)","StSLib","SuperFastMode"],"gold_per_floor":[114,114,128,92,267,294,294,62,138,170,45,64,40,66,66,167,167,177,197,197,207,82,117,117,117,117],"floor_reached":25,"playtime":626,"items_purged":["Doubt","Defend_P","Strike_P"],"score":262,"play_id":"94ff5678-45f6-4814-923e-b4acd6cab533","local_time":"20201221001453","is_ascension_mode":false,"campfire_choices":[{"data":"Eruption","floor":7,"key":"SMITH"},{"data":"CrushJoints","floor":15,"key":"SMITH"},{"data":"Vigilance","floor":24,"key":"SMITH"}],"circlet_count":0,"master_deck":["Strike_P+1","Strike_P+1","Defend_P","Defend_P","Defend_P","Eruption+1","Vigilance+1","Perseverance+1","FearNoEvil","EmptyFist","Consecrate","CrushJoints+1","LessonLearned","FlurryOfBlows+1"],"relics":["PureWater","NeowsBlessing","betterThird:SlimedRelic","Tiny Chest","Lee\u0027s Waffle","PreservedInsect","Mummified Hand","Coffee Dripper","Nilry\u0027s Codex","TeardropLocket"],"acts_visited":["Exordium","TheCity"],"potions_floor_usage":[10,16,23],"damage_taken":[{"damage":0,"enemies":"2 Louse","floor":1,"turns":1},{"damage":0,"enemies":"Jaw Worm","floor":3,"turns":1},{"damage":0,"enemies":"Lagavulin","floor":6,"turns":1},{"damage":37,"enemies":"3 Sentries","floor":10,"turns":12},{"damage":0,"enemies":"Cultist","floor":12,"turns":3},{"damage":21,"enemies":"Lagavulin","floor":14,"turns":6},{"damage":1,"enemies":"Slime Boss","floor":16,"turns":7},{"damage":4,"enemies":"Shell Parasite","floor":18,"turns":4},{"damage":2,"enemies":"2 Thieves","floor":19,"turns":4},{"damage":30,"enemies":"Snake Plant","floor":21,"turns":4},{"damage":23,"enemies":"Slavers","floor":23,"turns":5},{"damage":7,"enemies":"Centurion and Healer","floor":25,"turns":1}],"seed_played":"8050172119133994206","potions_obtained":[{"floor":1,"key":"DuplicationPotion"},{"floor":6,"key":"Fire Potion"},{"floor":10,"key":"EssenceOfSteel"},{"floor":12,"key":"Dexterity Potion"},{"floor":18,"key":"SkillPotion"}],"is_trial":false,"path_per_floor":["M","?","M","?","?","E","R","$","T","E","$","M","$","E","R","B",null,"M","M","?","M","$","E","R","M"],"character_chosen":"WATCHER","items_purchased":["Lee\u0027s Waffle","EmptyFist","CrushJoints"],"campfire_rested":0,"item_purchase_floors":[8,11,13],"current_hp_per_floor":[72,65,65,54,54,54,54,79,79,42,42,42,42,21,21,20,79,75,73,57,27,27,4,4,0,0],"gold":117,"neow_bonus":"THREE_ENEMY_KILL","is_daily":false,"chose_seed":false,"campfire_upgraded":3,"win_rate":0.0,"timestamp":1608477293,"path_taken":["M","?","M","?","?","E","R","$","T","E","$","?","?","E","R","BOSS","M","M","?","M","$","E","R","M"],"items_purchased_type":["Relic","Card","Card"],"build_version":"2020-12-13","purchased_purges":3,"victory":false,"max_hp_per_floor":[72,72,72,72,72,72,72,79,79,79,79,79,79,79,79,79,79,79,79,79,79,79,79,79,79,79],"card_choices":[{"not_picked":["ForeignInfluence","ClearTheMind","Sanctity"],"picked":"SKIP","floor":1},{"not_picked":["ThirdEye","FlyingSleeves","EmptyMind"],"picked":"SKIP","floor":3},{"not_picked":["Omniscience","FlyingSleeves"],"picked":"Perseverance","floor":6},{"not_picked":["Tantrum","Sanctity"],"picked":"FearNoEvil","floor":10},{"not_picked":["Protect","FollowUp"],"picked":"Consecrate","floor":12},{"not_picked":["LikeWater","ConjureBlade","ClearTheMind"],"picked":"SKIP","floor":14},{"not_picked":["Omniscience","Judgement"],"picked":"LessonLearned","floor":16},{"not_picked":["Conclude+1","Perseverance"],"picked":"FlurryOfBlows+1","floor":18},{"not_picked":["SandsOfTime","Weave","ThirdEye"],"picked":"SKIP","floor":19},{"not_picked":["Swivel","CarveReality","BowlingBash"],"picked":"SKIP","floor":21},{"not_picked":["ThirdEye","Crescendo","CutThroughFate+1"],"picked":"SKIP","floor":23}],"player_experience":535222,"relics_obtained":[{"floor":6,"key":"Tiny Chest"},{"floor":10,"key":"PreservedInsect"},{"floor":14,"key":"Mummified Hand"},{"floor":20,"key":"Nilry\u0027s Codex"},{"floor":23,"key":"TeardropLocket"}],"event_choices":[{"cards_removed":["Strike_P"],"damage_healed":0,"gold_gain":0,"player_choice":"Card Removal","damage_taken":7,"max_hp_gain":0,"max_hp_loss":0,"event_name":"Golden Wing","floor":2,"gold_loss":0},{"damage_healed":0,"gold_gain":0,"player_choice":"Slimed","damage_taken":11,"max_hp_gain":0,"max_hp_loss":0,"event_name":"betterThird:BetterGoop","floor":4,"gold_loss":36},{"damage_healed":0,"gold_gain":175,"player_choice":"AGREE","damage_taken":92,"max_hp_gain":0,"max_hp_loss":0,"event_name":"betterThird:BetterSerpent","floor":5,"gold_loss":0},{"damage_healed":0,"gold_gain":0,"player_choice":"Obtained Book","damage_taken":16,"max_hp_gain":0,"max_hp_loss":0,"event_name":"Cursed Tome","floor":20,"gold_loss":0}],"is_beta":false,"boss_relics":[{"not_picked":["SlaversCollar","Ectoplasm"],"picked":"Coffee Dripper"}],"items_purged_floors":[8,11,22],"is_endless":false,"potions_floor_spawned":[1,6,10,12,18,19],"killed_by":"Centurion and Healer","ascension_level":0}}