{"host":"njruw0b0uprlitpx","time":1608441444,"event":{"mods":["2.2 Compatiblity","Astrologer","BaseMod","Better Altar","Better Note","Better Sensory Stone","Better Skull","Better Third Choice","BetterRewards","Block Reminder","Colored Map","Colored Powertips","Hermit","Jedi Mod","Keyboard Shortcuts","Minty Spire (QoL Compilation)","Quick Restart","Relic Stats","Replay The Spire","SacredBarkPlus","Spicy Shops","StSLib","SuperFastMode","The Blackbeard","The Bug Knight","The Construct","The Evolution","The Forsaken","The Mystic","The Problem Sleuth","The Runesmith","The Spell Scribe","Wandering Minibosses"],"gold_per_floor":[116,38,38,38,38,38,38,38,38,38,12,12,12,12,12,12,12,12,12,12,12,46,46,104,216,216,216,275,550,37,75,75,203,203,215,29,29,29,105,141,141,198,198,235,235,287,311,353,353,378],"floor_reached":51,"playtime":2390,"items_purged":["Writhe","Regret"],"score":1486,"play_id":"8225ce77-52e6-42d4-baac-34ca89178884","local_time":"20201219231724","is_ascension_mode":true,"campfire_choices":[{"floor":6,"key":"REST"},{"floor":15,"key":"REST"},{"floor":23,"key":"REST"},{"floor":27,"key":"REST"},{"data":"blackbeard:PirateStrength","floor":32,"key":"SMITH"},{"data":"blackbeard:MegaUpgrade","floor":41,"key":"SMITH"},{"data":"Replay:Sssssssssshield","floor":45,"key":"SMITH"},{"floor":49,"key":"REST"}],"circlet_count":0,"master_deck":["AscendersBane","blackbeard:BlackbeardStrike","blackbeard:BlackbeardStrike","blackbeard:BlackbeardStrike","blackbeard:IntimidatingStrike","blackbeard:BlackbeardDefend","blackbeard:BlackbeardDefend","blackbeard:BlackbeardDefend","blackbeard:BlackbeardDefend","blackbeard:Cutlass","blackbeard:Bandana","blackbeard:BeatUp","blackbeard:FishingNets","blackbeard:Boarding","blackbeard:AgileStrike","Replay:Sssssssssshield+1","blackbeard:FieryDefense","blackbeard:PirateStrength+1","blackbeard:WiseDefense","blackbeard:Shrapnel","blackbeard:TerrorOfTheSeas","blackbeard:GoldenStrike","blackbeard:PowerHungry","blackbeard:BlindAttacks","blackbeard:PowderKeg","blackbeard:PirateHook","blackbeard:GoldenStrike","blackbeard:GoldenCannonball","blackbeard:BoostMorale","blackbeard:CaptainsCabin","blackbeard:GoldenDefense+1","blackbeard:MegaUpgrade+1","blackbeard:DangerousBlow+1","blackbeard:PiratesWill+1","blackbeard:BeatUp+1","blackbeard:AgileStrike+1","blackbeard:BlindAttacks","Shame","blackbeard:Anchor+1","blackbeard:GoldenCannonball","Parasite","blackbeard:Lifeboat"],"relics":["blackbeard:LoadTheCannons","jedi:firstaidkit","blackbeard:GoldenRing","Iron Hammer","jedi:ominousloannote","Juzu Bracelet","Bag of Marbles","Question Card","Akabeko","blackbeard:Karategi","Shovel","Runesmith:UraniumAnvil","Toy Ornithopter","Regal Pillow","blackbeard:WhitePearl","jedi:archwizardhat","Cursed Key","blackbeard:CrossedSwords","Replay:Towering Pillar of Hats","blackbeard:HipFlask","Replay:Bottled Flurry","HollowMod:StagPassRelic","HollowMod:PaleOreRelic"],"acts_visited":["Exordium","TheCity","TheBeyond"],"potions_floor_usage":[10,16,24,24,28,39,50,50],"damage_taken":[{"damage":0,"enemies":"2 Louse","floor":1,"turns":1},{"damage":1,"enemies":"Jaw Worm","floor":7,"turns":2},{"damage":12,"enemies":"3 Sentries","floor":10,"turns":4},{"damage":1,"enemies":"Small Slimes","floor":12,"turns":2},{"damage":20,"enemies":"Lagavulin","floor":13,"turns":5},{"damage":0,"enemies":"3 Louse","floor":14,"turns":3},{"damage":10,"enemies":"The Guardian","floor":16,"turns":8},{"damage":6,"enemies":"Spheric Guardian","floor":18,"turns":3},{"damage":12,"enemies":"Shell Parasite","floor":20,"turns":2},{"damage":20,"enemies":"Shelled Parasite and Fungi","floor":22,"turns":3},{"damage":11,"enemies":"Book of Stabbing","floor":24,"turns":3},{"damage":16,"enemies":"Slavers","floor":28,"turns":3},{"damage":0,"enemies":"3 Cultists","floor":31,"turns":2},{"damage":23,"enemies":"Automaton","floor":33,"turns":6},{"damage":0,"enemies":"Orb Walker","floor":35,"turns":2},{"damage":16,"enemies":"2 Orb Walkers","floor":39,"turns":3},{"damage":0,"enemies":"3 Darklings","floor":40,"turns":2},{"damage":0,"enemies":"Giant Head","floor":42,"turns":4},{"damage":0,"enemies":"Spire Growth","floor":44,"turns":2},{"damage":19,"enemies":"Reptomancer","floor":46,"turns":4},{"damage":6,"enemies":"4 Shapes","floor":48,"turns":2},{"damage":42,"enemies":"Time Eater","floor":50,"turns":7}],"seed_played":"-5755355225050239143","potions_obtained":[{"floor":7,"key":"Adrenaline Potion"},{"floor":12,"key":"FearPotion"},{"floor":13,"key":"Toxic Potion"},{"floor":16,"key":"SpeedPotion"},{"floor":22,"key":"Reflective Coating"},{"floor":24,"key":"PowerPotion"},{"floor":28,"key":"blackbeard:OrangeJuicePotion"},{"floor":35,"key":"AttackPotion"},{"floor":42,"key":"blackbeard:OrangeJuicePotion"},{"floor":44,"key":"Dexterity Potion"}],"is_trial":false,"path_per_floor":["M","$","?","?","?","R","M","?","T","E","$","M","E","M","R","B",null,"M","?","M","?","M","R","E","?","T","R","E","?","$","M","R","B",null,"M","$","?","$","?","M","R","E","T","M","R","E","T","M","R","B",null],"character_chosen":"BLACKBEARD_CLASS","items_purchased":["blackbeard:RearmingStrike","blackbeard:GoldenRing","Iron Hammer","blackbeard:Bandana","jedi:ominousloannote","blackbeard:FishingNets","blackbeard:Boarding","blackbeard:AgileStrike","Juzu Bracelet","Block Potion","blackbeard:WiseDefense","blackbeard:BoostMorale","jedi:archwizardhat","blackbeard:CaptainsCabin","blackbeard:CrossedSwords","blackbeard:PiratesWill+1"],"campfire_rested":5,"item_purchase_floors":[0,0,0,0,2,2,2,2,2,2,11,30,30,30,36,36],"current_hp_per_floor":[68,68,61,50,50,72,71,71,71,61,61,60,40,40,62,60,71,65,65,53,53,37,54,43,35,35,57,45,45,45,45,45,33,51,51,51,51,51,42,42,42,42,42,42,42,23,23,17,49,23],"gold":378,"neow_bonus":"","is_daily":false,"chose_seed":false,"campfire_upgraded":3,"win_rate":0.0,"timestamp":1608441444,"path_taken":["M","$","?","?","?","R","M","?","T","E","?","M","E","M","R","BOSS","M","?","M","?","M","R","E","?","T","R","E","?","$","M","R","BOSS","M","$","?","$","?","M","R","E","T","M","R","E","?","M","R","BOSS"],"items_purchased_type":["Card","Relic","Relic","Card","Relic","Card","Card","Card","Relic","Potion","Card","Card","Relic","Card","Relic","Card"],"build_version":"2020-12-13","purchased_purges":2,"victory":true,"max_hp_per_floor":[75,75,75,75,75,75,75,75,75,75,75,75,75,75,75,75,75,75,75,75,57,57,57,57,57,57,57,57,57,57,57,57,57,57,57,57,57,57,57,57,57,57,57,57,57,57,57,57,57,57],"relic_stats":{"Regal Pillow":20,"Shovel":0,"counters":[44,158],"Juzu Bracelet":2,"Question Card":19,"Cursed Key":3,"obtain_stats":[{"Divine Protection":20,"Golden Egg":37,"Mark of the Bloom":48,"Tiny House":0,"blackbeard:CrossedSwords":36,"HollowMod:StagPassRelic":46,"Lizard Tail":47,"jedi:firstaidkit":0,"Iron Hammer":0,"Replay:Bottled Flurry":43,"HollowMod:PaleOreRelic":47,"Happy Flower":47,"Velvet Choker":0,"Oddly Smooth Stone":24,"Replay:Ancient Bell":17,"War Paint":43,"Question Card":9,"blackbeard:HipFlask":42,"Akabeko":13,"Replay:Baseball":20,"Mirror":47,"Meat on the Bone":20,"Regal Pillow":47,"Replay:PocketPolymizer":17,"astrologer:Telescope":17,"Bag of Preparation":45,"Juzu Bracelet":2,"jedi:command_boss":21,"jedi:archwizardhat":30,"Empty Cage":34,"Cursed Key":34,"Pet Ghost":26,"ClockworkSouvenir":2,"blackbeard:GoldenRing":0,"Replay:Bandana":17,"Shovel":19,"astrologer:SkyMirror":0,"Gremlin Food":21,"BargainBundle":20,"Replay:Towering Pillar of Hats":39,"Golden Idol":3,"blackbeard:LoadTheCannons":21,"jedi:gremlinknob":6,"blackbeard:WhitePearl":28,"Peace Pipe":9,"Cauldron":47,"jedi:ominousloannote":47,"Runesmith:UraniumAnvil":21,"Bag of Marbles":8,"blackbeard:Karategi":17,"Membership Card":20,"Toy Ornithopter":24},{"Divine Protection":8,"Golden Egg":16,"Mark of the Bloom":21,"Tiny House":0,"blackbeard:CrossedSwords":37,"HollowMod:StagPassRelic":42,"Lizard Tail":21,"jedi:firstaidkit":22,"Iron Hammer":22,"Replay:Bottled Flurry":40,"HollowMod:PaleOreRelic":42,"Happy Flower":21,"Velvet Choker":0,"Oddly Smooth Stone":9,"Replay:Ancient Bell":7,"War Paint":19,"Question Card":24,"blackbeard:HipFlask":40,"Akabeko":27,"Replay:Baseball":8,"Mirror":21,"Meat on the Bone":8,"Regal Pillow":21,"Replay:PocketPolymizer":7,"astrologer:Telescope":7,"Bag of Preparation":21,"Juzu Bracelet":23,"jedi:command_boss":31,"jedi:archwizardhat":34,"Empty Cage":15,"Cursed Key":15,"Pet Ghost":9,"ClockworkSouvenir":1,"blackbeard:GoldenRing":22,"Replay:Bandana":7,"Shovel":30,"astrologer:SkyMirror":0,"Gremlin Food":8,"BargainBundle":8,"Replay:Towering Pillar of Hats":38,"Golden Idol":1,"blackbeard:LoadTheCannons":31,"jedi:gremlinknob":3,"blackbeard:WhitePearl":34,"Peace Pipe":4,"Cauldron":21,"jedi:ominousloannote":21,"Runesmith:UraniumAnvil":31,"Bag of Marbles":24,"blackbeard:Karategi":29,"Membership Card":8,"Toy Ornithopter":33},{"Divine Protection":33,"Golden Egg":64,"Mark of the Bloom":79,"Tiny House":0,"blackbeard:CrossedSwords":134,"HollowMod:StagPassRelic":149,"Lizard Tail":79,"jedi:firstaidkit":85,"Iron Hammer":85,"Replay:Bottled Flurry":143,"HollowMod:PaleOreRelic":149,"Happy Flower":79,"Velvet Choker":0,"Oddly Smooth Stone":35,"Replay:Ancient Bell":30,"War Paint":71,"Question Card":88,"blackbeard:HipFlask":143,"Akabeko":99,"Replay:Baseball":33,"Mirror":79,"Meat on the Bone":33,"Regal Pillow":79,"Replay:PocketPolymizer":30,"astrologer:Telescope":30,"Bag of Preparation":79,"Juzu Bracelet":86,"jedi:command_boss":115,"jedi:archwizardhat":124,"Empty Cage":60,"Cursed Key":60,"Pet Ghost":35,"ClockworkSouvenir":2,"blackbeard:GoldenRing":85,"Replay:Bandana":30,"Shovel":113,"astrologer:SkyMirror":0,"Gremlin Food":33,"BargainBundle":33,"Replay:Towering Pillar of Hats":137,"Golden Idol":2,"blackbeard:LoadTheCannons":115,"jedi:gremlinknob":12,"blackbeard:WhitePearl":124,"Peace Pipe":15,"Cauldron":79,"jedi:ominousloannote":79,"Runesmith:UraniumAnvil":115,"Bag of Marbles":88,"blackbeard:Karategi":110,"Membership Card":33,"Toy Ornithopter":121}],"Toy Ornithopter":13},"card_choices":[{"not_picked":["blackbeard:TacticalRetreat","blackbeard:CloakAndCannonball"],"picked":"blackbeard:BeatUp","floor":1},{"not_picked":["Survey Options","Finesse"],"picked":"Replay:Sssssssssshield","floor":5},{"not_picked":["blackbeard:TacticalRetreat","blackbeard:Spear"],"picked":"blackbeard:FieryDefense","floor":7},{"not_picked":["blackbeard:FieryDefense","blackbeard:InfiniteBarrage","blackbeard:Sword"],"picked":"blackbeard:PirateStrength","floor":10},{"not_picked":["blackbeard:FieryDefense","blackbeard:GoldenDefense","blackbeard:ArmorUp"],"picked":"blackbeard:Shrapnel","floor":12},{"not_picked":["blackbeard:Eyepatch","blackbeard:Toast","blackbeard:RearmingStrike"],"picked":"blackbeard:TerrorOfTheSeas","floor":13},{"not_picked":["blackbeard:WiseDefense","blackbeard:TacticalRetreat","blackbeard:GoldenDefense"],"picked":"blackbeard:GoldenStrike","floor":14},{"not_picked":["blackbeard:GoldenGuillotine","blackbeard:Intoxication","blackbeard:TheDrunkenSailor"],"picked":"blackbeard:PowerHungry","floor":16},{"not_picked":["blackbeard:RearmingStrike","blackbeard:Fencing","blackbeard:Shrapnel"],"picked":"blackbeard:BlindAttacks","floor":18},{"not_picked":["blackbeard:GoldenStrike","blackbeard:Sharpening+1","blackbeard:Boarding"],"picked":"blackbeard:PowderKeg","floor":20},{"not_picked":["blackbeard:VengefulSpirit+1","blackbeard:Toast+1","blackbeard:BlindAttacks"],"picked":"blackbeard:PirateHook","floor":22},{"not_picked":["blackbeard:PirateStrength","blackbeard:DoubleCannonball","blackbeard:DeadlyArsenal+1"],"picked":"blackbeard:GoldenStrike","floor":24},{"not_picked":["blackbeard:BlindAttacks+1","blackbeard:Sword+1","blackbeard:VengefulSpirit+1"],"picked":"blackbeard:GoldenCannonball","floor":28},{"not_picked":["blackbeard:DelayedPain","blackbeard:Toast","blackbeard:RearmingStrike"],"picked":"blackbeard:GoldenDefense+1","floor":31},{"not_picked":["blackbeard:Intoxication","blackbeard:TheDrunkenSailor","blackbeard:Lifeboat"],"picked":"blackbeard:MegaUpgrade","floor":33},{"not_picked":["blackbeard:CloakAndCannonball","blackbeard:FieryDefense+1","blackbeard:TacticalRetreat+1"],"picked":"blackbeard:DangerousBlow+1","floor":35},{"not_picked":["blackbeard:Sharpening+1","blackbeard:SwordDance+1","blackbeard:CloakAndCannonball"],"picked":"blackbeard:BeatUp+1","floor":39},{"not_picked":["blackbeard:ArmorUp","blackbeard:Scrap+1","blackbeard:GhostInTheRum"],"picked":"blackbeard:AgileStrike+1","floor":40},{"not_picked":["blackbeard:Shrapnel","blackbeard:PiratesWill","blackbeard:GoldenStrike"],"picked":"blackbeard:BlindAttacks","floor":42},{"not_picked":["blackbeard:PiratesWill","blackbeard:CannonballSupply+1","blackbeard:GhostInTheRum+1"],"picked":"blackbeard:Anchor+1","floor":44},{"not_picked":["blackbeard:FieryDefense+1","blackbeard:Scrap+1","blackbeard:DelayedPain+1"],"picked":"blackbeard:GoldenCannonball","floor":46},{"not_picked":["blackbeard:GoldenStrike+1","blackbeard:Toast","blackbeard:RearmingStrike"],"picked":"blackbeard:Lifeboat","floor":48}],"player_experience":1813989,"relics_obtained":[{"floor":9,"key":"Question Card"},{"floor":13,"key":"Akabeko"},{"floor":24,"key":"Toy Ornithopter"},{"floor":26,"key":"Regal Pillow"},{"floor":28,"key":"blackbeard:WhitePearl"},{"floor":39,"key":"Replay:Towering Pillar of Hats"},{"floor":42,"key":"blackbeard:HipFlask"},{"floor":43,"key":"Replay:Bottled Flurry"},{"floor":46,"key":"HollowMod:StagPassRelic"},{"floor":47,"key":"HollowMod:PaleOreRelic"}],"event_choices":[{"cards_removed":["blackbeard:BlackbeardStrike"],"damage_healed":0,"gold_gain":0,"player_choice":"Card Removal","damage_taken":7,"max_hp_gain":0,"max_hp_loss":0,"event_name":"Golden Wing","floor":3,"gold_loss":0},{"damage_healed":0,"gold_gain":75,"player_choice":"Gold","damage_taken":11,"max_hp_gain":0,"max_hp_loss":0,"event_name":"betterThird:BetterGoop","floor":4,"gold_loss":0},{"damage_healed":0,"gold_gain":1,"player_choice":"1","damage_taken":0,"max_hp_gain":0,"max_hp_loss":0,"event_name":"betterStone:BetterStone","floor":5,"gold_loss":0},{"damage_healed":0,"gold_gain":0,"player_choice":"Searched \u00272\u0027 times","damage_taken":0,"relics_obtained":["Bag of Marbles"],"max_hp_gain":0,"max_hp_loss":0,"event_name":"Dead Adventurer","floor":8,"gold_loss":0},{"damage_healed":0,"gold_gain":0,"player_choice":"Gave Potion","damage_taken":0,"relics_obtained":["Shovel"],"max_hp_gain":0,"max_hp_loss":0,"event_name":"WeMeetAgain","floor":19,"gold_loss":0},{"damage_healed":0,"gold_gain":112,"player_choice":"GO ","damage_taken":9,"relics_obtained":[],"max_hp_gain":0,"max_hp_loss":0,"event_name":"betterSkull:BetterSkull","floor":25,"gold_loss":0,"cards_upgraded":[]},{"damage_healed":0,"gold_gain":275,"player_choice":"Desecrate","damage_taken":0,"max_hp_gain":0,"max_hp_loss":0,"event_name":"Golden Shrine","floor":29,"gold_loss":0,"cards_obtained":["Regret"]},{"cards_removed":["blackbeard:RearmingStrike"],"damage_healed":0,"gold_gain":0,"player_choice":"Removed Attack","damage_taken":0,"max_hp_gain":0,"max_hp_loss":0,"event_name":"Falling","floor":37,"gold_loss":0},{"damage_healed":0,"gold_gain":0,"player_choice":"Fight","damage_taken":0,"max_hp_gain":0,"max_hp_loss":0,"event_name":"Mysterious Sphere","floor":39,"gold_loss":0}],"is_beta":false,"boss_relics":[{"not_picked":["jedi:battlestandard","theForsaken:PaleLantern"],"picked":"blackbeard:Karategi"},{"not_picked":["Ring of Chaos","jedi:hotpepper"],"picked":"Cursed Key"}],"items_purged_floors":[0,30],"is_endless":false,"potions_floor_spawned":[7,12,13,16,22,24,28,35,42,44,46],"ascension_level":10}}