{"host":"aas8f8jvicx6tcxp","time":1608472164,"event":{"mods":["BaseMod","Better Third Choice","BetterRewards","Hermit","Jorbs\u0027s Wanderer Trilogy","Minty Spire (QoL Compilation)","Robot Space Explorer","StSLib","The Cursed"],"gold_per_floor":[113,113,126,136,147,147,147],"floor_reached":6,"playtime":570,"items_purged":[],"score":38,"play_id":"75b8bf10-f30c-4c4a-84dd-0cb4b3ebca37","local_time":"20201220074924","is_ascension_mode":false,"campfire_choices":[],"circlet_count":0,"master_deck":["hermit:Strike_Hermit","hermit:Strike_Hermit","hermit:Strike_Hermit","hermit:Strike_Hermit","hermit:Defend_Hermit","hermit:Defend_Hermit","hermit:Defend_Hermit","hermit:Defend_Hermit","hermit:Snapshot","hermit:Covet","hermit:Roughhouse","hermit:Coalescence","hermit:Deadeye","hermit:TakeCover","hermit:Feint"],"relics":["hermit:Momento","Blue Candle"],"acts_visited":["Exordium"],"potions_floor_usage":[],"damage_taken":[{"damage":7,"enemies":"Small Slimes","floor":1,"turns":3},{"damage":0,"enemies":"Cultist","floor":3,"turns":3},{"damage":6,"enemies":"Jaw Worm","floor":4,"turns":3},{"damage":3,"enemies":"Large Slime","floor":5,"turns":10},{"damage":49,"enemies":"Gremlin Nob","floor":6,"turns":5}],"seed_played":"-3023614590403071311","potions_obtained":[{"floor":1,"key":"Block Potion"}],"is_trial":false,"path_per_floor":["M","?","M","M","M","E"],"character_chosen":"HERMIT","items_purchased":[],"campfire_rested":0,"item_purchase_floors":[],"current_hp_per_floor":[47,47,47,41,38,0,0],"gold":147,"neow_bonus":"THREE_RARE_CARDS","is_daily":false,"chose_seed":false,"campfire_upgraded":0,"win_rate":0.0,"timestamp":1608472164,"path_taken":["M","?","M","M","?","E"],"items_purchased_type":[],"build_version":"2020-12-13","purchased_purges":0,"victory":false,"max_hp_per_floor":[75,75,75,75,75,75,75],"card_choices":[{"not_picked":["hermit:Dissolve","hermit:FromBeyond"],"picked":"hermit:Roughhouse","floor":0},{"not_picked":["hermit:LowProfile","hermit:Snipe"],"picked":"hermit:Coalescence","floor":1},{"not_picked":["hermit:Snipe","hermit:Desperado"],"picked":"hermit:Deadeye","floor":3},{"not_picked":["hermit:Misfire","hermit:WideOpen"],"picked":"hermit:TakeCover","floor":4},{"not_picked":["hermit:Headshot","hermit:TrackingShot"],"picked":"hermit:Feint","floor":5}],"player_experience":211349,"relics_obtained":[],"event_choices":[{"damage_healed":0,"gold_gain":0,"player_choice":"Gave Potion","damage_taken":0,"relics_obtained":["Blue Candle"],"max_hp_gain":0,"max_hp_loss":0,"event_name":"WeMeetAgain","floor":2,"gold_loss":0}],"is_beta":false,"boss_relics":[],"items_purged_floors":[],"is_endless":false,"potions_floor_spawned":[1],"killed_by":"Gremlin Nob","ascension_level":0}}