{"host":"m6scwsps09xedts2","time":1608496798,"event":{"mods":["Act Like it!","BaseMod","Better Vampires","ChefMod","Colored Map","Colored Powertips","Curses Come First","Custom Start","Friendly Minions","Hallownest","Minty Spire (QoL Compilation)","Quick Restart","Relic Stats","StSLib"],"gold_per_floor":[115,127,127,127,141,141,175,175,175,230,242,268,281,311,311,407,407,424,424,436,351,5,5,5,5,5,23,23,73,102,117,117,214,214,234,284,284,298,346,372,372,127,127,139,139,171,171,200,200,200],"floor_reached":51,"playtime":4299,"items_purged":["chefmod:Strike"],"score":969,"play_id":"4297b32e-f8d7-4775-9944-4dfdf2205c63","local_time":"20201220213958","is_ascension_mode":false,"campfire_choices":[{"data":"chefmod:Fillet","floor":6.0,"key":"SMITH"},{"data":"chefmod:QuickThaw","floor":8.0,"key":"SMITH"},{"data":"chefmod:TodaysSpecial","floor":15.0,"key":"SMITH"},{"data":"chefmod:FarmersMarket","floor":23.0,"key":"SMITH"},{"data":"chefmod:TastyDistraction","floor":25.0,"key":"SMITH"},{"data":"chefmod:TonkotsuRamen","floor":32.0,"key":"SMITH"},{"data":"chefmod:RaidPantry","floor":45.0,"key":"SMITH"},{"data":"chefmod:FreezeSolid","floor":49.0,"key":"SMITH"}],"circlet_count":0,"master_deck":["chefmod:Strike+1","chefmod:Strike+1","chefmod:Defend","chefmod:Defend","chefmod:Defend","chefmod:QuickThaw+1","chefmod:TodaysSpecial+1","chefmod:IcePick","chefmod:Fillet+1","chefmod:FreezeSolid+1","chefmod:FireUp","chefmod:HotSoup","chefmod:Granita","chefmod:TastyDistraction+1","chefmod:FarmersMarket+1","chefmod:NoSoupForYou+1","chefmod:RaidPantry+1","chefmod:SaveForLater+1","chefmod:Puree+1","chefmod:SushiPlatter+1","chefmod:LocoMoco+1","chefmod:FullCourseMeal+1"],"relics":["chefmod:TrustyPot","TungstenRod","Shuriken","Juzu Bracelet","Pear","Smiling Mask","Runic Dome","Bronze Scales","Strange Spoon","Strawberry","Frozen Egg 2","Nunchaku","HornCleat","Coffee Dripper","Torii","Ancient Tea Set","Bird Faced Urn","Gambling Chip","Letter Opener","Turnip","Art of War","Lantern"],"acts_visited":["Exordium","TheCity","TheBeyond"],"potions_floor_usage":[],"damage_taken":[{"damage":4.0,"enemies":"2 Louse","floor":1.0,"turns":3.0},{"damage":1.0,"enemies":"Cultist","floor":2.0,"turns":4.0},{"damage":1.0,"enemies":"Jaw Worm","floor":5.0,"turns":3.0},{"damage":31.0,"enemies":"Lagavulin","floor":7.0,"turns":6.0},{"damage":0.0,"enemies":"Blue Slaver","floor":11.0,"turns":3.0},{"damage":2.0,"enemies":"Gremlin Nob","floor":12.0,"turns":4.0},{"damage":6.0,"enemies":"Exordium Wildlife","floor":13.0,"turns":3.0},{"damage":6.0,"enemies":"3 Sentries","floor":14.0,"turns":5.0},{"damage":0.0,"enemies":"Slime Boss","floor":16.0,"turns":6.0},{"damage":14.0,"enemies":"Shell Parasite","floor":18.0,"turns":4.0},{"damage":0.0,"enemies":"Chosen","floor":20.0,"turns":7.0},{"damage":0.0,"enemies":"Centurion and Healer","floor":27.0,"turns":6.0},{"damage":0.0,"enemies":"Book of Stabbing","floor":30.0,"turns":5.0},{"damage":0.0,"enemies":"Chosen and Byrds","floor":31.0,"turns":5.0},{"damage":20.0,"enemies":"Collector","floor":33.0,"turns":11.0},{"damage":11.0,"enemies":"3 Shapes","floor":35.0,"turns":4.0},{"damage":8.0,"enemies":"Mind Bloom Boss Battle","floor":36.0,"turns":8.0},{"damage":14.0,"enemies":"3 Darklings","floor":38.0,"turns":5.0},{"damage":0.0,"enemies":"2 Orb Walkers","floor":39.0,"turns":5.0},{"damage":11.0,"enemies":"Reptomancer","floor":40.0,"turns":7.0},{"damage":0.0,"enemies":"Jaw Worm Horde","floor":44.0,"turns":5.0},{"damage":0.0,"enemies":"Giant Head","floor":46.0,"turns":4.0},{"damage":13.0,"enemies":"Reptomancer","floor":48.0,"turns":7.0},{"damage":28,"enemies":"Time Eater","floor":50,"turns":10}],"seed_played":"-3177660076890647099","potions_obtained":[{"floor":5.0,"key":"SkillPotion"},{"floor":11.0,"key":"AttackPotion"},{"floor":13.0,"key":"BlessingOfTheForge"},{"floor":14.0,"key":"Block Potion"},{"floor":16.0,"key":"Energy Potion"},{"floor":20.0,"key":"SneckoOil"},{"floor":27.0,"key":"Energy Potion"},{"floor":36.0,"key":"ColorlessPotion"},{"floor":44.0,"key":"FairyPotion"},{"floor":46.0,"key":"Fire Potion"},{"floor":48.0,"key":"SpeedPotion"}],"is_trial":false,"path_per_floor":["M","M","?","?","M","R","E","R","T","T","M","E","M","E","R","B",null,"M","?","M","?","$","R","?","R","T","M","?","T","E","M","R","B",null,"M","?","?","M","?","E","?","$","T","M","R","E","?","E","R","B",null],"character_chosen":"THE_CHEF","items_purchased":["Strange Spoon","Strawberry","Letter Opener"],"campfire_rested":0,"item_purchase_floors":[22,22,42],"current_hp_per_floor":[79,78,61,61,60,60,29,29,29,29,29,37,31,25,25,25,93,79,79,79,79,86,86,86,86,86,86,67,67,67,67,67,47,105,94,86,86,72,72,65,65,65,65,71,71,77,77,72,72,54],"gold":200,"neow_bonus":"TEN_PERCENT_HP_BONUS","is_daily":false,"chose_seed":false,"campfire_upgraded":8,"win_rate":0.0,"timestamp":1608496798,"path_taken":["M","M","?","?","?","R","E","R","T","?","M","E","M","E","R","BOSS","M","?","M","?","?","R","?","R","T","M","?","?","E","M","R","BOSS","M","?","?","M","?","E","?","$","T","M","R","E","?","E","R","BOSS"],"items_purchased_type":["Relic","Relic","Relic"],"build_version":"2020-12-13","purchased_purges":1,"victory":true,"max_hp_per_floor":[83,83,83,83,83,83,83,83,83,83,83,93,93,93,93,93,93,93,93,93,93,100,100,100,100,100,100,105,105,105,105,105,105,105,105,105,105,105,105,105,105,105,105,105,105,105,105,105,105,105],"relic_stats":{"Torii":10,"counters":[24,130],"Juzu Bracelet":1,"Letter Opener":[90],"Smiling Mask":25,"Strange Spoon":[19],"Nunchaku":[22],"Shuriken":[65],"Bronze Scales":[325],"Bird Faced Urn":[34],"Gambling Chip":[4],"Turnip":[0],"Art of War":[1],"obtain_stats":[{"chefmod:TrustyPot":0,"Lantern":48,"Pear":12,"Torii":36,"Juzu Bracelet":10,"Letter Opener":42,"Frozen Egg 2":26,"Smiling Mask":14,"Ancient Tea Set":37,"Runic Dome":17,"Strange Spoon":22,"Nunchaku":29,"HornCleat":30,"Shuriken":9,"Bronze Scales":21,"Strawberry":22,"Bird Faced Urn":39,"Gambling Chip":40,"Turnip":43,"Coffee Dripper":34,"Art of War":46,"TungstenRod":7},{"chefmod:TrustyPot":0,"Lantern":23,"Pear":6,"Torii":17,"Juzu Bracelet":4,"Letter Opener":20,"Frozen Egg 2":11,"Smiling Mask":8,"Ancient Tea Set":17,"Runic Dome":9,"Strange Spoon":11,"Nunchaku":12,"HornCleat":13,"Shuriken":4,"Bronze Scales":11,"Strawberry":11,"Bird Faced Urn":19,"Gambling Chip":20,"Turnip":20,"Coffee Dripper":15,"Art of War":22,"TungstenRod":4},{"chefmod:TrustyPot":0,"Lantern":120,"Pear":23,"Torii":87,"Juzu Bracelet":16,"Letter Opener":104,"Frozen Egg 2":48,"Smiling Mask":31,"Ancient Tea Set":87,"Runic Dome":37,"Strange Spoon":48,"Nunchaku":54,"HornCleat":59,"Shuriken":16,"Bronze Scales":48,"Strawberry":48,"Bird Faced Urn":97,"Gambling Chip":104,"Turnip":104,"Coffee Dripper":75,"Art of War":113,"TungstenRod":16}],"TungstenRod":26},"card_choices":[{"not_picked":["chefmod:SliceAndDice","chefmod:FireUp"],"picked":"chefmod:IcePick","floor":1.0},{"not_picked":["chefmod:GroceryDelivery","chefmod:MonsterBait","chefmod:DimSum"],"picked":"SKIP","floor":2.0},{"not_picked":["chefmod:BleedOut","chefmod:Defrost"],"picked":"chefmod:Fillet","floor":5.0},{"not_picked":["chefmod:SliceAndDice","chefmod:LiquidNitrogen"],"picked":"chefmod:FreezeSolid","floor":7.0},{"not_picked":["chefmod:Gelato","chefmod:Sorbet"],"picked":"chefmod:TonkotsuRamen","floor":11.0},{"not_picked":["chefmod:Bruschetta","chefmod:SliceAndDice"],"picked":"chefmod:FireUp","floor":12.0},{"not_picked":["chefmod:PotatoGratin","chefmod:BaoBuns"],"picked":"chefmod:HotSoup","floor":13.0},{"not_picked":["chefmod:TwoForOne","chefmod:Chop"],"picked":"chefmod:Granita","floor":14.0},{"not_picked":["chefmod:BananaSplit","chefmod:Mince"],"picked":"chefmod:TastyDistraction","floor":16.0},{"not_picked":["chefmod:QuickChop","chefmod:Bruschetta+1"],"picked":"chefmod:FarmersMarket","floor":18.0},{"not_picked":["chefmod:Sorbet","chefmod:FullBurn"],"picked":"chefmod:NoSoupForYou+1","floor":20.0},{"not_picked":["chefmod:IcePick","chefmod:FireUp","chefmod:CuttingBoard+1"],"picked":"SKIP","floor":27.0},{"not_picked":["chefmod:IcePick+1","chefmod:FireUp","chefmod:Gelato"],"picked":"SKIP","floor":30.0},{"not_picked":["chefmod:Defrost+1","chefmod:CuttingBoard+1","chefmod:ColdSteel"],"picked":"SKIP","floor":31.0},{"not_picked":["chefmod:Tenderizer","chefmod:RisingDough"],"picked":"chefmod:RaidPantry","floor":33.0},{"not_picked":["chefmod:LocoMoco+1","chefmod:Sorbet+1"],"picked":"chefmod:SaveForLater+1","floor":35.0},{"not_picked":["chefmod:NoSoupForYou","chefmod:DinoKale"],"picked":"chefmod:Puree+1","floor":36.0},{"not_picked":["chefmod:DinoKale+1","chefmod:FryPan+1","chefmod:SaveForLater"],"picked":"SKIP","floor":38.0},{"not_picked":["chefmod:Sorbet","chefmod:Fillet+1"],"picked":"chefmod:SushiPlatter+1","floor":40.0},{"not_picked":["chefmod:FreshProduce+1","chefmod:HotSoup+1"],"picked":"chefmod:LocoMoco+1","floor":44.0},{"not_picked":["chefmod:Chop","chefmod:FarmersMarket+1","chefmod:Flambe+1"],"picked":"SKIP","floor":46.0},{"not_picked":["chefmod:Fillet+1","chefmod:Ratatouille+1"],"picked":"chefmod:FullCourseMeal+1","floor":48.0}],"player_experience":301779,"relics_obtained":[{"floor":7.0,"key":"TungstenRod"},{"floor":9.0,"key":"Shuriken"},{"floor":10.0,"key":"Juzu Bracelet"},{"floor":12.0,"key":"Pear"},{"floor":14.0,"key":"Smiling Mask"},{"floor":26.0,"key":"Frozen Egg 2"},{"floor":29.0,"key":"Nunchaku"},{"floor":30.0,"key":"HornCleat"},{"floor":36.0,"key":"Torii"},{"floor":37.0,"key":"Ancient Tea Set"},{"floor":39.0,"key":"Bird Faced Urn"},{"floor":40.0,"key":"Gambling Chip"},{"floor":43.0,"key":"Turnip"},{"floor":46.0,"key":"Art of War"},{"floor":48.0,"key":"Lantern"}],"event_choices":[{"damage_healed":0.0,"max_hp_gain":0.0,"max_hp_loss":0.0,"gold_gain":0.0,"event_name":"Shining Light","player_choice":"Entered Light","floor":3.0,"gold_loss":0.0,"damage_taken":17.0,"cards_upgraded":["chefmod:Strike","chefmod:Strike"]},{"cards_removed":["chefmod:Strike"],"damage_healed":0.0,"max_hp_gain":0.0,"max_hp_loss":0.0,"gold_gain":0.0,"event_name":"Bonfire Elementals","player_choice":"Offered Basic","floor":4.0,"gold_loss":0.0,"damage_taken":0.0},{"damage_healed":0.0,"max_hp_gain":0.0,"max_hp_loss":0.0,"gold_gain":0.0,"event_name":"Vampires","player_choice":"Ignored","floor":19.0,"gold_loss":0.0,"damage_taken":0.0},{"damage_healed":0.0,"max_hp_gain":0.0,"max_hp_loss":0.0,"gold_gain":0.0,"event_name":"Addict","player_choice":"Obtained Relic","floor":21.0,"gold_loss":85.0,"damage_taken":0.0,"relics_obtained":["Bronze Scales"]},{"cards_removed":["chefmod:Strike"],"damage_healed":0.0,"max_hp_gain":0.0,"max_hp_loss":0.0,"gold_gain":0.0,"event_name":"Back to Basics","player_choice":"Elegance","floor":24.0,"gold_loss":0.0,"damage_taken":0.0},{"damage_healed":0.0,"max_hp_gain":5.0,"max_hp_loss":0.0,"gold_gain":0.0,"event_name":"Forgotten Altar","player_choice":"Shed Blood","floor":28.0,"gold_loss":0.0,"damage_taken":25.0},{"damage_healed":0.0,"max_hp_gain":0.0,"max_hp_loss":0.0,"gold_gain":0.0,"event_name":"MindBloom","player_choice":"Fight","floor":36.0,"gold_loss":0.0,"damage_taken":0.0},{"damage_healed":0.0,"max_hp_gain":0.0,"max_hp_loss":0.0,"gold_gain":0.0,"event_name":"Wheel of Change","player_choice":"Relic","floor":37.0,"gold_loss":0.0,"damage_taken":0.0},{"damage_healed":0.0,"max_hp_gain":0.0,"max_hp_loss":0.0,"gold_gain":0.0,"event_name":"Mysterious Sphere","player_choice":"Fight","floor":39.0,"gold_loss":0.0,"damage_taken":0.0},{"damage_healed":0.0,"max_hp_gain":0.0,"max_hp_loss":0.0,"gold_gain":0.0,"event_name":"Tomb of Lord Red Mask","player_choice":"Ignored","floor":41.0,"gold_loss":0.0,"damage_taken":0.0},{"cards_removed":["chefmod:TonkotsuRamen"],"damage_healed":0.0,"max_hp_gain":0.0,"max_hp_loss":0.0,"gold_gain":0.0,"event_name":"Falling","player_choice":"Removed Skill","floor":47.0,"gold_loss":0.0,"damage_taken":0.0}],"is_beta":false,"boss_relics":[{"not_picked":["Fusion Hammer","Velvet Choker"],"picked":"Runic Dome"},{"not_picked":["SacredBark","Philosopher\u0027s Stone"],"picked":"Coffee Dripper"}],"items_purged_floors":[22],"is_endless":false,"potions_floor_spawned":[5,11,13,14,16,20,27,36,44,46,48],"ascension_level":0}}