{"host":"utqe55yv0jihe4d6","time":1608439121,"event":{"mods":["2.2 Compatiblity","AchievementEnabler","BaseMod","Block Reminder","Colored Map","Colored Powertips","Minty Spire (QoL Compilation)","Quick Restart","Rare Cards Sparkle","Relic Stats","SuperFastMode"],"gold_per_floor":[365,384,534,41,76,76,151,198,198,270,270,113,113,144,144,239,239,271,105,145,145,145],"floor_reached":21,"playtime":638,"items_purged":["Doubt","Strike_R"],"score":358,"play_id":"f4de8064-e1ea-423f-9999-69f2690a2a42","local_time":"20201219233841","is_ascension_mode":true,"campfire_choices":[{"data":"Uppercut","floor":6.0,"key":"SMITH"},{"floor":13.0,"key":"REST"},{"data":"Bash","floor":15.0,"key":"SMITH"}],"circlet_count":0,"master_deck":["AscendersBane","Strike_R","Strike_R","Strike_R","Strike_R","Defend_R","Defend_R","Defend_R","Defend_R","Bash+1","Uppercut+1","Headbutt","HandOfGreed","Shrug It Off","Feel No Pain","Flame Barrier","Immolate","Dark Embrace","Battle Trance","Whirlwind","Dual Wield","Feel No Pain","Sentinel+1","Warcry+1"],"relics":["Burning Blood","Medical Kit","Bottled Flame","Ancient Tea Set","Question Card","Philosopher\u0027s Stone","Orrery"],"acts_visited":["Exordium","TheCity"],"potions_floor_usage":[21,21],"damage_taken":[{"damage":19.0,"enemies":"Jaw Worm","floor":1.0,"turns":4.0},{"damage":4.0,"enemies":"Small Slimes","floor":2.0,"turns":3.0},{"damage":0.0,"enemies":"Cultist","floor":5.0,"turns":2.0},{"damage":31.0,"enemies":"Lagavulin Event","floor":7.0,"turns":6.0},{"damage":23.0,"enemies":"Gremlin Nob","floor":8.0,"turns":4.0},{"damage":18.0,"enemies":"Lots of Slimes","floor":10.0,"turns":8.0},{"damage":1.0,"enemies":"Looter","floor":14.0,"turns":3.0},{"damage":39.0,"enemies":"Hexaghost","floor":16.0,"turns":12.0},{"damage":22.0,"enemies":"Shell Parasite","floor":18.0,"turns":7.0},{"damage":7,"enemies":"Chosen","floor":20,"turns":6},{"damage":43,"enemies":"Snake Plant","floor":21,"turns":4}],"seed_played":"-1005753921716356247","potions_obtained":[{"floor":2.0,"key":"SkillPotion"},{"floor":10.0,"key":"Ancient Potion"},{"floor":11.0,"key":"BlessingOfTheForge"},{"floor":11.0,"key":"BloodPotion"},{"floor":16.0,"key":"SteroidPotion"}],"is_trial":false,"path_per_floor":["M","M","?","$","M","R","?","E","T","M","?","$","R","M","R","B",null,"M","$","M","M"],"character_chosen":"IRONCLAD","items_purchased":["Medical Kit","HandOfGreed","Shrug It Off","FearPotion","Orrery"],"campfire_rested":1,"item_purchase_floors":[4,4,4,12,19],"current_hp_per_floor":[55,57,57,57,63,63,38,21,21,9,22,22,42,47,47,14,55,39,39,38,0,0],"gold":145,"neow_bonus":"TWO_FIFTY_GOLD","is_daily":false,"chose_seed":false,"campfire_upgraded":2,"win_rate":0.0,"timestamp":1608439121,"path_taken":["M","M","?","$","M","R","?","E","T","M","?","$","R","M","R","BOSS","M","$","?","?"],"items_purchased_type":["Relic","Card","Card","Potion","Relic"],"build_version":"2020-12-13","purchased_purges":2,"victory":false,"max_hp_per_floor":[68,68,68,68,68,68,68,68,68,68,68,68,68,68,68,68,68,68,68,68,68,68],"relic_stats":{"counters":[11,59],"Medical Kit":[16],"Question Card":10,"obtain_stats":[{"Bottled Flame":7,"Orrery":19,"Philosopher\u0027s Stone":17,"Medical Kit":4,"Ancient Tea Set":8,"Question Card":9,"Burning Blood":0},{"Bottled Flame":4,"Orrery":9,"Philosopher\u0027s Stone":8,"Medical Kit":2,"Ancient Tea Set":5,"Question Card":5,"Burning Blood":0},{"Bottled Flame":15,"Orrery":49,"Philosopher\u0027s Stone":42,"Medical Kit":7,"Ancient Tea Set":19,"Question Card":19,"Burning Blood":0}],"Burning Blood":60},"card_choices":[{"not_picked":["Heavy Blade","Twin Strike"],"picked":"Uppercut","floor":1.0},{"not_picked":["Shrug It Off","Wild Strike"],"picked":"Headbutt","floor":2.0},{"not_picked":["Headbutt","Clash"],"picked":"Feel No Pain","floor":5.0},{"not_picked":["Entrench","Clash","Berserk"],"picked":"SKIP","floor":8.0},{"not_picked":["Rupture","Havoc","Sword Boomerang"],"picked":"Flame Barrier","floor":10.0},{"not_picked":["Body Slam","Iron Wave","Searing Blow","Cleave"],"picked":"SKIP","floor":14.0},{"not_picked":["Reaper","Barricade","Feed"],"picked":"Immolate","floor":16.0},{"not_picked":["Metallicize","Sever Soul","Heavy Blade"],"picked":"Dark Embrace","floor":18.0},{"not_picked":["Dark Embrace","Bloodletting","Searing Blow"],"picked":"Battle Trance","floor":19.0},{"not_picked":["Cleave","Heavy Blade","Warcry"],"picked":"Whirlwind","floor":19.0},{"not_picked":["Berserk","Perfected Strike","Battle Trance"],"picked":"Dual Wield","floor":19.0},{"not_picked":["Double Tap","Armaments","Second Wind"],"picked":"Feel No Pain","floor":19.0},{"not_picked":["Twin Strike","Cleave","Wild Strike"],"picked":"Sentinel+1","floor":19.0},{"not_picked":["Perfected Strike","Uppercut","Iron Wave"],"picked":"Warcry+1","floor":20}],"player_experience":2812300,"relics_obtained":[{"floor":7.0,"key":"Bottled Flame"},{"floor":8.0,"key":"Ancient Tea Set"},{"floor":9.0,"key":"Question Card"}],"event_choices":[{"damage_healed":0.0,"max_hp_gain":0.0,"max_hp_loss":0.0,"gold_gain":150.0,"event_name":"Liars Game","player_choice":"AGREE","floor":3.0,"gold_loss":0.0,"damage_taken":0.0,"cards_obtained":["Doubt"]},{"damage_healed":0.0,"max_hp_gain":0.0,"max_hp_loss":0.0,"gold_gain":0.0,"event_name":"Dead Adventurer","player_choice":"Searched \u00271\u0027 times","floor":7.0,"gold_loss":0.0,"damage_taken":0.0},{"damage_healed":0.0,"max_hp_gain":0.0,"max_hp_loss":0.0,"gold_gain":0.0,"event_name":"Lab","player_choice":"Got Potions","floor":11.0,"gold_loss":0.0,"damage_taken":0.0}],"is_beta":false,"boss_relics":[{"not_picked":["Runic Cube","SlaversCollar"],"picked":"Philosopher\u0027s Stone"}],"items_purged_floors":[4,12],"is_endless":false,"potions_floor_spawned":[2,10,16],"killed_by":"Snake Plant","ascension_level":20}}