{"host":"ix2a18c4ohfsrslv","time":1608507878,"event":{"mods":["BaseMod","Better Third Choice","Downfall","Halation","Marisa????????","Minty Spire (QoL Compilation)","Replay The Spire","StSLib","The Bladedancer","The Blue Laboratory"],"gold_per_floor":[210,210,221,34,209,209,209,244,244,244,254,127,155,170,170,275,275,200,219,219,219],"floor_reached":20,"playtime":1132,"items_purged":["Doubt"],"score":189,"play_id":"293fa1da-c7dd-45b3-bd41-7ae14b1ff106","local_time":"20201220154438","is_ascension_mode":true,"campfire_choices":[{"floor":6.0,"key":"RECALL"},{"data":"Whirlwind","floor":10.0,"key":"SMITH"},{"floor":15.0,"key":"REST"}],"circlet_count":0,"master_deck":["Strike_R","Strike_R+1","Strike_R","Strike_R","Strike_R","Defend_R","Defend_R","Defend_R","Defend_R","Shrug It Off","Whirlwind+1","Burning Pact","Survivor","Neutralize","Armaments","ReplayTheSpireMod:Muscle Training"],"relics":["Burning Blood","Vajra","halation:VictoryRuler","Gremlin Food","Replay:Grab Bag","Philosopher\u0027s Stone","Mark of Pain","Ring of Chaos","halation:Risk"],"acts_visited":["Exordium","TheCity"],"potions_floor_usage":[],"damage_taken":[{"damage":0.0,"enemies":"Small Slimes","floor":1.0,"turns":3.0},{"damage":6.0,"enemies":"Cultist","floor":3.0,"turns":3.0},{"damage":32.0,"enemies":"3 Sentries","floor":8.0,"turns":10.0},{"damage":3.0,"enemies":"Jaw Worm","floor":11.0,"turns":2.0},{"damage":30.0,"enemies":"Lagavulin","floor":13.0,"turns":7.0},{"damage":4.0,"enemies":"Red Slaver","floor":14.0,"turns":3.0},{"damage":51.0,"enemies":"The Guardian","floor":16.0,"turns":12.0},{"damage":35,"enemies":"2 Thieves","floor":18,"turns":5},{"damage":29,"enemies":"Shell Parasite","floor":19,"turns":6},{"damage":23,"enemies":"Cultist and Chosen","floor":20,"turns":4}],"seed_played":"2625210416189635063","potions_obtained":[{"floor":2.0,"key":"GamblersBrew"},{"floor":2.0,"key":"Toxic Potion"},{"floor":2.0,"key":"champ:CounterPotion"}],"is_trial":false,"path_per_floor":["M","?","M","$","?","R","?","E","T","R","M","$","E","M","R","B",null,"M","M","M"],"character_chosen":"IRONCLAD","items_purchased":["Vajra","Burning Pact","Armaments"],"campfire_rested":1,"item_purchase_floors":[4,4,12],"current_hp_per_floor":[80,80,80,80,80,80,80,54,54,54,57,57,33,35,59,14,80,51,28,5,5],"gold":219,"neow_bonus":"HUNDRED_GOLD","is_daily":false,"chose_seed":false,"campfire_upgraded":1,"win_rate":0.0,"timestamp":1608507878,"path_taken":["M","?","?","$","?","R","?","E","T","R","?","?","E","M","R","BOSS","M","M","?"],"items_purchased_type":["Relic","Card","Card"],"build_version":"2020-12-13","purchased_purges":1,"victory":false,"max_hp_per_floor":[80,80,80,80,80,80,80,80,80,80,80,80,80,80,80,80,80,80,80,80,80],"card_choices":[{"not_picked":["Warcry","Sword Boomerang"],"picked":"Shrug It Off","floor":1.0},{"not_picked":["Metallicize","Body Slam"],"picked":"Whirlwind","floor":3.0},{"not_picked":["Perfected Strike","Reckless Charge","Anger"],"picked":"SKIP","floor":8.0},{"not_picked":["Warcry","Demonic Infusion","Perfected Strike"],"picked":"SKIP","floor":11.0},{"not_picked":["Twin Strike","Clothesline"],"picked":"ReplayTheSpireMod:Muscle Training","floor":13.0},{"not_picked":["ReplayTheSpireMod:Strike From Hell","Clash","Thunderclap"],"picked":"SKIP","floor":14.0},{"not_picked":["Whirlwind","ReplayReversal","Warcry"],"picked":"SKIP","floor":18},{"not_picked":["Sword Boomerang","Run Through","Juggernaut"],"picked":"SKIP","floor":19}],"player_experience":94188,"relics_obtained":[{"floor":8.0,"key":"halation:VictoryRuler"},{"floor":13.0,"key":"Gremlin Food"}],"event_choices":[{"damage_healed":0.0,"max_hp_gain":0.0,"max_hp_loss":0.0,"gold_gain":0.0,"event_name":"Lab","player_choice":"Got Potions","floor":2.0,"gold_loss":0.0,"damage_taken":0.0},{"damage_healed":0.0,"max_hp_gain":0.0,"max_hp_loss":0.0,"gold_gain":175.0,"event_name":"betterThird:BetterSerpent","player_choice":"AGREE","floor":5.0,"gold_loss":0.0,"damage_taken":34.0}],"is_beta":false,"boss_relics":[{"not_picked":["Coffee Dripper","Abe\u0027s Treasure"],"picked":"Replay:Grab Bag"},{"not_picked":["halation:SmartPhone","Replay:Wanted Poster"],"picked":"Philosopher\u0027s Stone"},{"not_picked":["Fusion Hammer","ChewingGum"],"picked":"Mark of Pain"},{"not_picked":["Runic Pyramid","halation:LoveArrow"],"picked":"Ring of Chaos"},{"not_picked":["SacredBark","Runic Cube"],"picked":"halation:Risk"}],"items_purged_floors":[12],"is_endless":false,"potions_floor_spawned":[3],"killed_by":"Cultist and Chosen","ascension_level":1}}