{"host":"swphzoo6hmc78epl","time":1608441009,"event":{"mods":["BaseMod","Highlight Path","Minty Spire (QoL Compilation)","Quick Restart"],"gold_per_floor":[111,111,111,36,56,82,97,108,108,125,144,156,156,166,166,261,261,272,285,285,285,304,337,337,337,360,114,149,149,149,149],"floor_reached":30,"playtime":1204,"items_purged":["Strike_G","Strike_G"],"score":342,"play_id":"f5611a43-c240-4640-8486-fefd2b2f76c5","local_time":"20201220001009","is_ascension_mode":true,"campfire_choices":[{"data":"Dash","floor":13,"key":"SMITH"},{"data":"Dash","floor":15,"key":"SMITH"}],"circlet_count":0,"master_deck":["Strike_G","Strike_G","Strike_G","Defend_G","Defend_G","Defend_G","Defend_G","Defend_G","Survivor","Neutralize","Masterful Stab+1","Dagger Spray","Blur","Dash+1","Backstab","Backstab","Dodge and Roll","Cloak And Dagger","Dash+1","Corpse Explosion","Dodge and Roll+1","Noxious Fumes","Noxious Fumes","Bane","Cloak And Dagger+1"],"relics":["Ring of the Snake","NeowsBlessing","Sundial","Omamori","Pocketwatch","Black Star","Juzu Bracelet","Unceasing Top","FaceOfCleric","Ancient Tea Set","TungstenRod","Happy Flower","Pen Nib"],"acts_visited":["Exordium","TheCity"],"potions_floor_usage":[16,23,30],"damage_taken":[{"damage":0,"enemies":"Cultist","floor":1,"turns":1},{"damage":0,"enemies":"Small Slimes","floor":5,"turns":1},{"damage":0,"enemies":"Gremlin Nob","floor":6,"turns":1},{"damage":0,"enemies":"2 Louse","floor":7,"turns":3},{"damage":0,"enemies":"Looter","floor":8,"turns":3},{"damage":0,"enemies":"Exordium Thugs","floor":10,"turns":3},{"damage":0,"enemies":"Gremlin Gang","floor":11,"turns":3},{"damage":0,"enemies":"Exordium Wildlife","floor":12,"turns":2},{"damage":0,"enemies":"Lots of Slimes","floor":14,"turns":3},{"damage":16,"enemies":"Slime Boss","floor":16,"turns":12},{"damage":5,"enemies":"Shell Parasite","floor":18,"turns":4},{"damage":0,"enemies":"3 Byrds","floor":19,"turns":2},{"damage":0,"enemies":"3 Cultists","floor":22,"turns":3},{"damage":34,"enemies":"Slavers","floor":23,"turns":4},{"damage":43,"enemies":"Book of Stabbing","floor":28,"turns":9},{"damage":11,"enemies":"Snake Plant","floor":30,"turns":2}],"seed_played":"2224574491890413236","potions_obtained":[{"floor":1,"key":"Energy Potion"},{"floor":7,"key":"Strength Potion"},{"floor":10,"key":"SteroidPotion"},{"floor":14,"key":"FairyPotion"},{"floor":22,"key":"Block Potion"},{"floor":28,"key":"SmokeBomb"}],"is_trial":false,"path_per_floor":["M","T","?","$","M","E","M","M","T","M","M","M","R","M","R","B",null,"M","M","?","?","M","E","?","?","T","$","E","?","M"],"character_chosen":"THE_SILENT","items_purchased":["Ancient Tea Set"],"campfire_rested":0,"item_purchase_floors":[27],"current_hp_per_floor":[70,70,70,70,70,70,70,70,70,70,70,70,70,70,70,54,70,65,65,65,65,65,31,31,31,31,31,11,11,0,0],"gold":149,"neow_bonus":"THREE_ENEMY_KILL","is_daily":false,"chose_seed":false,"campfire_upgraded":2,"win_rate":0.0,"timestamp":1608441009,"path_taken":["M","?","?","$","?","E","M","M","T","M","M","M","R","M","R","BOSS","M","M","?","?","?","E","?","?","T","$","E","?","M"],"items_purchased_type":["Relic"],"build_version":"2020-12-13","purchased_purges":2,"victory":false,"max_hp_per_floor":[70,70,70,70,70,70,70,70,70,70,70,70,70,70,70,70,70,70,70,70,70,70,70,70,70,70,70,71,71,71,71],"card_choices":[{"not_picked":["Escape Plan","Blade Dance"],"picked":"Masterful Stab","floor":1},{"not_picked":["Slice","Bane"],"picked":"Dagger Spray","floor":5},{"not_picked":["Terror","Underhanded Strike"],"picked":"Blur","floor":6},{"not_picked":["Slice","Prepared"],"picked":"Dash","floor":7},{"not_picked":["Catalyst","PiercingWail"],"picked":"Backstab","floor":8},{"not_picked":["Blade Dance","Flechettes"],"picked":"Backstab","floor":10},{"not_picked":["Outmaneuver","Sucker Punch"],"picked":"Dodge and Roll","floor":11},{"not_picked":["Backflip","Eviscerate"],"picked":"Cloak And Dagger","floor":12},{"not_picked":["Backstab","Sucker Punch"],"picked":"Dash","floor":14},{"not_picked":["Malaise","Burst"],"picked":"Corpse Explosion","floor":16},{"not_picked":["Dodge and Roll","Eviscerate","Quick Slash"],"picked":"SKIP","floor":18},{"not_picked":["Quick Slash","Deflect+1"],"picked":"Dodge and Roll+1","floor":19},{"not_picked":["Dodge and Roll","Infinite Blades+1"],"picked":"Bane","floor":22},{"not_picked":["Storm of Steel","Expertise","PiercingWail"],"picked":"SKIP","floor":23},{"not_picked":["Outmaneuver","Flechettes"],"picked":"Cloak And Dagger+1","floor":28}],"player_experience":753401,"relics_obtained":[{"floor":2,"key":"Sundial"},{"floor":6,"key":"Omamori"},{"floor":9,"key":"Pocketwatch"},{"floor":23,"key":"Juzu Bracelet"},{"floor":23,"key":"Unceasing Top"},{"floor":28,"key":"TungstenRod"},{"floor":28,"key":"Happy Flower"}],"event_choices":[{"damage_healed":0,"gold_gain":0,"player_choice":"Upgraded","damage_taken":0,"max_hp_gain":0,"max_hp_loss":0,"event_name":"Upgrade Shrine","floor":3,"gold_loss":0,"cards_upgraded":["Masterful Stab"]},{"damage_healed":0,"gold_gain":0,"player_choice":"Read","damage_taken":0,"max_hp_gain":0,"max_hp_loss":0,"event_name":"The Library","floor":20,"gold_loss":0,"cards_obtained":["Noxious Fumes"]},{"damage_healed":0,"gold_gain":0,"player_choice":"Copied","damage_taken":0,"max_hp_gain":0,"max_hp_loss":0,"event_name":"Duplicator","floor":21,"gold_loss":0,"cards_obtained":["Noxious Fumes"]},{"damage_healed":0,"gold_gain":0,"player_choice":"Ignored","damage_taken":0,"max_hp_gain":0,"max_hp_loss":0,"event_name":"Ghosts","floor":24,"gold_loss":0},{"damage_healed":0,"gold_gain":0,"player_choice":"Trade","damage_taken":0,"relics_obtained":["FaceOfCleric"],"max_hp_gain":0,"max_hp_loss":0,"event_name":"FaceTrader","floor":25,"gold_loss":0},{"damage_healed":0,"gold_gain":0,"player_choice":"Opened","damage_taken":0,"relics_obtained":["Pen Nib"],"max_hp_gain":0,"max_hp_loss":0,"event_name":"The Mausoleum","floor":29,"gold_loss":0}],"is_beta":false,"boss_relics":[{"not_picked":["Ectoplasm","Tiny House"],"picked":"Black Star"}],"items_purged_floors":[4,27],"is_endless":false,"potions_floor_spawned":[1,7,10,12,14,22,28],"killed_by":"Snake Plant","ascension_level":3}}