{"host":"4qt77pm52ljaz00q","time":1608474992,"event":{"mods":["2.2 Compatiblity","Aspiration","Bard","BaseMod","Beaked The Cultist","Challenge The Spire","Colored Map","Conspire","Friendly Minions","Glutton Mod","Halation","Hermit","Hubris","Infinite Spire","Jedi Mod","Marisa????????","Minty Spire (QoL Compilation)","Permanent Neow","Relic Sorter","Replay The Spire","Shade Mod","Shop Mod","StSLib","The Bug Knight","The Construct","The Cursed","The Disciple","The Jungle","The Marked","The Mystic","The Necromancer","The Poker Player","The Runesmith","The Servant 0.9.4","Unknown Chances","Wandering Minibosses","vexMod"],"gold_per_floor":[117,130,130,143,218,254,254,273,325,325,325,325,350,365,365,495,495,520,520,539,539,475,475,496,496,496,496,521,521,443,443,443,567,1233,1233,1233],"floor_reached":35,"playtime":1039,"items_purged":[],"score":480,"play_id":"d553a964-7ef4-4006-b05e-75ad306ffcb1","local_time":"20201220093632","is_ascension_mode":false,"campfire_choices":[{"data":"theMarked:EmpowerWeapon","floor":7,"key":"SMITH"},{"data":"theMarked:SoldierOfQuellstein","floor":12,"key":"SMITH"},{"data":"theMarked:EternalStudent","floor":15,"key":"SMITH"},{"data":"theMarked:MysticalArsenal","floor":23,"key":"SMITH"},{"floor":25,"key":"REST"},{"data":"theMarked:ParalyzingBlade","floor":29,"key":"SMITH"},{"data":"theMarked:HeritageOfTheMarked","floor":32,"key":"SMITH"}],"circlet_count":0,"master_deck":["theMarked:Strike+1","theMarked:Strike+1","theMarked:Strike+1","theMarked:Strike+1","theMarked:Strike+1","theMarked:Defend+1","theMarked:Defend+1","theMarked:Defend+1","theMarked:Defend+1","theMarked:SoldierOfQuellstein+1","theMarked:BanishingStrike","theMarked:SwordAndMagic","theMarked:MysticalArsenal+1","theMarked:EmpowerWeapon+1","theMarked:StartUp","theMarked:EmpowerWeapon","theMarked:EternalStudent+1","theMarked:MuscleMemory","Replay:Sluggish","vexMod:UltimateCard","Injury","theMarked:BanishingStrike","theMarked:MysticalArsenal+1","theMarked:SwordAndMagic","theMarked:ParalyzingBlade+1","theMarked:BanishingStrike","theMarked:BanishingStrike","theMarked:HeritageOfTheMarked+1","theMarked:ThrowWeapon"],"relics":["theMarked:ArtifactOfAir","Golden Idol","hubris:Potato","hubris:OldNail","hubris:Towel","Replay:Ancient Bell","jedi:shrinkray","Onion Ring","Prayer Wheel","aspiration:RitualStick","Pet Ghost","hubris:BottledHeart","MutagenicStrength","vexMod:RockOfEvil"],"acts_visited":["Exordium","TheCity","TheBeyond"],"potions_floor_usage":[16,16,16,33,33,33],"damage_taken":[{"damage":1,"enemies":"Cultist","floor":1,"turns":3},{"damage":0,"enemies":"Small Slimes","floor":2,"turns":3},{"damage":11,"enemies":"2 Louse","floor":4,"turns":3},{"damage":0,"enemies":"HollowMod:MossKnight","floor":6,"turns":4},{"damage":15,"enemies":"Looter","floor":8,"turns":3},{"damage":4,"enemies":"2 Fungi Beasts","floor":13,"turns":2},{"damage":4,"enemies":"Blue Slaver","floor":14,"turns":3},{"damage":21,"enemies":"The Guardian","floor":16,"turns":8},{"damage":20,"enemies":"Shell Parasite","floor":18,"turns":3},{"damage":18,"enemies":"Snake Plant","floor":20,"turns":4},{"damage":21,"enemies":"Centurion and Healer","floor":24,"turns":4},{"damage":0,"enemies":"Shelled Parasite and Fungi","floor":28,"turns":3},{"damage":0,"enemies":"Champ","floor":33,"turns":9},{"damage":1,"enemies":"3 Darklings","floor":35,"turns":2}],"seed_played":"-4070020996818251834","potions_obtained":[{"floor":1,"key":"FearPotion"},{"floor":8,"key":"LiquidBronze"},{"floor":13,"key":"GamblersBrew"},{"floor":18,"key":"Swift Potion"},{"floor":24,"key":"Block Potion"},{"floor":28,"key":"Fire Potion"},{"floor":33,"key":"Reflective Coating"}],"is_trial":false,"path_per_floor":["M","M","?","M","?","E","R","M","T","?","?","R","M","M","R","B",null,"M","?","M","?","?","R","M","R","T","?","M","R","$","?","R","B",null,"M"],"character_chosen":"THE_DEFAULT","items_purchased":["theMarked:HeritageOfTheMarked"],"campfire_rested":1,"item_purchase_floors":[30],"current_hp_per_floor":[69,69,65,54,43,43,43,28,28,28,34,34,30,26,26,5,65,45,45,27,14,34,34,13,32,32,1,1,1,1,1,1,1,1,0,0],"gold":1233,"neow_bonus":"THREE_CARDS","is_daily":false,"chose_seed":false,"campfire_upgraded":6,"win_rate":0.0,"timestamp":1608474992,"path_taken":["M","?","?","M","?","E","R","M","T","?","?","R","?","M","R","BOSS","M","?","M","?","?","R","M","R","T","?","?","R","?","?","R","BOSS","M"],"items_purchased_type":["Card"],"build_version":"2020-12-13","purchased_purges":0,"victory":false,"max_hp_per_floor":[70,70,65,65,65,65,65,65,65,65,65,65,65,65,65,65,65,65,65,65,65,65,65,65,65,65,1,1,1,1,1,1,1,1,1,1],"card_choices":[{"not_picked":["theMarked:ElectricStrings","theMarked:ChainLightning"],"picked":"theMarked:BanishingStrike","floor":0},{"not_picked":["theMarked:WastefulDefense","theMarked:RepellingDischarge"],"picked":"theMarked:SwordAndMagic","floor":1},{"not_picked":["theMarked:WastefulAttack","theMarked:KeepCalmAndFightOn"],"picked":"theMarked:MysticalArsenal","floor":2},{"not_picked":["theMarked:HeightenedSenses","theMarked:Overcharge"],"picked":"theMarked:EmpowerWeapon","floor":4},{"not_picked":["theMarked:FavorableWinds","theMarked:Overthink"],"picked":"theMarked:StartUp","floor":6},{"not_picked":["theMarked:Aftermath","theMarked:BanishingWave"],"picked":"theMarked:EmpowerWeapon","floor":8},{"not_picked":["theMarked:ComboAttacks","theMarked:ShockingTouch"],"picked":"theMarked:EternalStudent","floor":13},{"not_picked":["theMarked:Static","theMarked:Polarize","theMarked:WastefulDefense"],"picked":"SKIP","floor":14},{"not_picked":["theMarked:SuspiciousRaven","theMarked:Snap"],"picked":"theMarked:MuscleMemory","floor":16},{"not_picked":["Decay","hubris:Disease"],"picked":"Replay:Sluggish","floor":17},{"not_picked":["Hallucinations","Voices"],"picked":"vexMod:UltimateCard","floor":17},{"not_picked":["Shame","Normality"],"picked":"Injury","floor":17},{"not_picked":["theMarked:Parkour","theMarked:BanishingWave"],"picked":"theMarked:BanishingStrike","floor":18},{"not_picked":["theMarked:Panic","theMarked:Electrocute+1"],"picked":"theMarked:MysticalArsenal+1","floor":18},{"not_picked":["theMarked:WardOff","theMarked:TwofoldDefense"],"picked":"theMarked:SwordAndMagic","floor":20},{"not_picked":["theMarked:Parkour","theMarked:Electrocute+1","theMarked:RogueSparks"],"picked":"SKIP","floor":20},{"not_picked":["theMarked:WardOff","theMarked:BanishingWave"],"picked":"theMarked:ParalyzingBlade","floor":24},{"not_picked":["theMarked:Opportunist","theMarked:KeepCalmAndFightOn"],"picked":"theMarked:BanishingStrike","floor":24},{"not_picked":["theMarked:ElectricStrings","theMarked:Improvise"],"picked":"theMarked:BanishingStrike","floor":28},{"not_picked":["theMarked:EnhanceMovement","theMarked:Aftermath","theMarked:Parkour"],"picked":"SKIP","floor":28},{"not_picked":["theMarked:Snap","theMarked:ChannelForce"],"picked":"theMarked:ThrowWeapon","floor":33}],"player_experience":202403,"relics_obtained":[{"floor":6,"key":"hubris:Potato"},{"floor":9,"key":"hubris:OldNail"},{"floor":26,"key":"Pet Ghost"}],"event_choices":[{"damage_healed":0,"gold_gain":0,"player_choice":"Lose Max HP","damage_taken":0,"relics_obtained":["Golden Idol"],"max_hp_gain":0,"max_hp_loss":5,"event_name":"Golden Idol","floor":3,"gold_loss":0},{"damage_healed":0,"gold_gain":75,"player_choice":"Gather Gold","damage_taken":11,"max_hp_gain":0,"max_hp_loss":0,"event_name":"World of Goop","floor":5,"gold_loss":0},{"damage_healed":0,"gold_gain":0,"player_choice":"Simplicity","damage_taken":0,"max_hp_gain":0,"max_hp_loss":0,"event_name":"Back to Basics","floor":19,"gold_loss":0,"cards_upgraded":["theMarked:Strike","theMarked:Strike","theMarked:Strike","theMarked:Strike","theMarked:Strike","theMarked:Defend","theMarked:Defend","theMarked:Defend","theMarked:Defend"]},{"damage_healed":0,"gold_gain":0,"player_choice":"Inject Mutagens","damage_taken":0,"relics_obtained":["MutagenicStrength"],"max_hp_gain":0,"max_hp_loss":0,"event_name":"Drug Dealer","floor":31,"gold_loss":0}],"is_beta":false,"boss_relics":[{"not_picked":["aspiration:SecretTechniqueScroll","hubris:HollowSoul"],"picked":"Replay:Ancient Bell"},{"not_picked":["Blue Doll","CeramicFish"],"picked":"jedi:shrinkray"},{"not_picked":["ReplayTheSpireMod:Ninjato","HollowMod:StagPassRelic"],"picked":"Onion Ring"},{"not_picked":["Peace Pipe","Turnip"],"picked":"Prayer Wheel"},{"not_picked":["Snecko Eye","construct:ClawGrip"],"picked":"vexMod:RockOfEvil"}],"items_purged_floors":[],"is_endless":false,"potions_floor_spawned":[1,8,13,18,24,28,33],"killed_by":"3 Darklings","ascension_level":0}}