{"host":"zyn2zcp8fez1ptuq","time":1608491580,"event":{"mods":["BaseMod","BetterRewards","Downfall","Hermit","Hubris","Infinite Spire","Minty Spire (QoL Compilation)","Replay The Spire","Robot Space Explorer","Shade Mod","Shop Mod","StSLib","The Animator","The Cursed","The Jungle","The Necromancer"],"gold_per_floor":[119,119,130,130,14,45,60,73,100,100,29,29,10,10,10,108,108,119,132,143,161,173,173,188,188,188,188,204,144,157,157,157,254,254,271,286,286,81,81,81,95,95,122,122,135,147,147,164,164,164],"floor_reached":51,"playtime":5145,"items_purged":["animator:Curse_Greed"],"score":528,"play_id":"3efcc8d8-2ee2-446d-8c43-d476c3c9461d","local_time":"20201220141300","is_ascension_mode":false,"campfire_choices":[{"floor":10,"key":"REST"},{"floor":12,"key":"REST"},{"data":"RobotSpaceExplorer:PowerCollector","floor":15,"key":"SMITH"},{"floor":23,"key":"REST"},{"data":"RobotSpaceExplorer:PowerGlove","floor":25,"key":"SMITH"},{"data":"RobotSpaceExplorer:StarDust","floor":27,"key":"SMITH"},{"floor":32,"key":"REST"},{"data":"Replay:SS_fish_2","floor":40,"key":"SMITH"},{"floor":44,"key":"REST"},{"data":"RobotSpaceExplorer:StarLightning","floor":47,"key":"SMITH"},{"data":"infinitespire:Collect","floor":49,"key":"SMITH"}],"circlet_count":0,"master_deck":["RobotSpaceExplorer:Strike","RobotSpaceExplorer:Strike","RobotSpaceExplorer:Strike","RobotSpaceExplorer:Strike","RobotSpaceExplorer:Defend","RobotSpaceExplorer:Defend","RobotSpaceExplorer:Defend+1","RobotSpaceExplorer:Defend+1","RobotSpaceExplorer:Scan","RobotSpaceExplorer:MiniLasers","RobotSpaceExplorer:PowerCollector+1","RobotSpaceExplorer:FrostMissile","RobotSpaceExplorer:PowerGlove+1","RobotSpaceExplorer:ShockKick","RobotSpaceExplorer:Discharger","RobotSpaceExplorer:MiniDrones","RobotSpaceExplorer:ScrapMissile","RobotSpaceExplorer:PowerCollector","RobotSpaceExplorer:MiniBoosters","RobotSpaceExplorer:Blaster","RobotSpaceExplorer:Pulsar+1","RobotSpaceExplorer:PowerCollector+1","RobotSpaceExplorer:StarLightning+1","RobotSpaceExplorer:StarDust+1","RobotSpaceExplorer:BigMissile","RobotSpaceExplorer:GearShield+1","RobotSpaceExplorer:Scanner","RobotSpaceExplorer:Fix+1","infinitespire:Collect+1","ReplayTheSpireMod:Black Plague+1","RobotSpaceExplorer:Asteroid","Pot Of Greed","Pot Of Greed","Pot Of Greed","TheCursedMod:Dregs","hubris:Wrath","RobotSpaceExplorer:SlimeMissile","RobotSpaceExplorer:SurgingShield+1","Pot Of Greed","RobotSpaceExplorer:ExhaustFan","RobotSpaceExplorer:Smokescreen","RobotSpaceExplorer:SurgingShield","RobotSpaceExplorer:SurgingShield","RobotSpaceExplorer:MetalStrike","RobotSpaceExplorer:BigMissile","Replay:SS_fish_2+1","RobotSpaceExplorer:ScrapMissile+1","RobotSpaceExplorer:DualCore","RobotSpaceExplorer:MakeshiftVolley+1","RobotSpaceExplorer:Reload+1"],"relics":["m_BurningSludge","Bag of Preparation","War Paint","infinitespire:Cubic Diamond","hubris:ScarierMask","Mercury Hourglass","Toolbox","Replay:Ancient Bell","Grinning Jar","hubris:PeanutButter","Lizard Tail","hubris:Icosahedron","BargainBundle","Bottled Lightning","ReplayTheSpireMod:Lightbulb"],"acts_visited":["Exordium","TheCity","TheBeyond"],"potions_floor_usage":[6,7,16,16,33,36,41,50,50,50],"damage_taken":[{"damage":0,"enemies":"Jaw Worm","floor":1,"turns":5},{"damage":0,"enemies":"Small Slimes","floor":3,"turns":5},{"damage":74,"enemies":"3 Sentries","floor":6,"turns":12},{"damage":3,"enemies":"2 Louse","floor":7,"turns":4},{"damage":4,"enemies":"2 Fungi Beasts","floor":8,"turns":4},{"damage":13,"enemies":"Exordium Thugs","floor":13,"turns":4},{"damage":16,"enemies":"Fading Forest","floor":16,"turns":11},{"damage":10,"enemies":"2 Thieves","floor":18,"turns":3},{"damage":2,"enemies":"3 Byrds","floor":19,"turns":4},{"damage":11,"enemies":"3 Cultists","floor":20,"turns":4},{"damage":10,"enemies":"Centurion and Healer","floor":21,"turns":3},{"damage":17,"enemies":"Shelled Parasite and Fungi","floor":22,"turns":5},{"damage":0,"enemies":"Sentry and Sphere","floor":24,"turns":2},{"damage":2,"enemies":"Chosen and Byrds","floor":28,"turns":4},{"damage":24,"enemies":"3 Cultists","floor":30,"turns":5},{"damage":20,"enemies":"Collector","floor":33,"turns":7},{"damage":27,"enemies":"Orb Walker","floor":35,"turns":5},{"damage":0,"enemies":"3 Shapes","floor":36,"turns":2},{"damage":33,"enemies":"Maw","floor":41,"turns":7},{"damage":8,"enemies":"4 Shapes","floor":45,"turns":5},{"damage":3,"enemies":"Jaw Worm Horde","floor":46,"turns":4},{"damage":0,"enemies":"3 Darklings","floor":48,"turns":4},{"damage":83,"enemies":"Replay:Hell Engine","floor":50,"turns":10}],"seed_played":"-1190143045066097140","potions_obtained":[{"floor":1,"key":"ColorlessPotion"},{"floor":6,"key":"RobotSpaceExplorer:RecyclePotion"},{"floor":7,"key":"Strength Potion"},{"floor":13,"key":"champ:CounterPotion"},{"floor":21,"key":"Elixir"},{"floor":24,"key":"Reflective Coating"},{"floor":30,"key":"sneckomod:MuddlingPotion"},{"floor":33,"key":"Venom Potion"},{"floor":36,"key":"RobotSpaceExplorer:RecyclePotion"},{"floor":45,"key":"LiquidMemories"}],"is_trial":false,"path_per_floor":["M","?","M","T","$","E","M","M","T","R","$","R","M","?","R","B",null,"M","M","M","M","M","R","M","R","T","R","M","?","M","AVR","R","B",null,"M","M","?","$","?","R","M","T","T","R","M","M","R","M","R","B",null],"character_chosen":"RobotSpaceExplorer","items_purchased":["RobotSpaceExplorer:PowerGlove","RobotSpaceExplorer:ShockKick","RobotSpaceExplorer:PowerCollector","BargainBundle","RobotSpaceExplorer:ExhaustFan","RobotSpaceExplorer:Smokescreen","RobotSpaceExplorer:SurgingShield","RobotSpaceExplorer:MetalStrike","RobotSpaceExplorer:BigMissile","Replay:SS_fish_2"],"campfire_rested":5,"item_purchase_floors":[5,5,11,38,38,38,38,38,38,38],"current_hp_per_floor":[82,87,87,87,87,21,18,14,14,40,40,66,53,53,53,63,87,77,75,64,54,37,63,63,63,63,63,61,61,37,37,63,49,87,60,60,60,60,60,60,47,47,47,73,65,68,68,68,68,43],"gold":164,"neow_bonus":"TEN_PERCENT_HP_BONUS","is_daily":false,"chose_seed":false,"campfire_upgraded":6,"win_rate":0.0,"timestamp":1608491580,"path_taken":["M","?","M","?","$","E","M","M","T","R","$","R","M","?","R","BOSS","M","M","M","M","M","R","M","R","T","R","M","?","M","AVR","R","BOSS","M","M","?","$","?","R","M","?","T","R","M","?","R","M","R","BOSS"],"items_purchased_type":["Card","Card","Card","Relic","Card","Card","Card","Card","Card","Card"],"build_version":"2020-12-13","purchased_purges":1,"victory":true,"max_hp_per_floor":[82,87,87,87,87,87,87,87,87,87,87,87,87,87,87,87,87,87,87,87,87,87,87,87,87,87,87,87,87,87,87,87,87,87,87,87,87,87,87,87,87,87,87,87,87,87,87,87,87,87],"card_choices":[{"not_picked":["RobotSpaceExplorer:FranticSearch","RobotSpaceExplorer:SurgingShield"],"picked":"RobotSpaceExplorer:PowerCollector","floor":1},{"not_picked":["RobotSpaceExplorer:ShovelStrike","RobotSpaceExplorer:BigMissile"],"picked":"RobotSpaceExplorer:FrostMissile","floor":3},{"not_picked":["RobotSpaceExplorer:StarLightning","RobotSpaceExplorer:Blitz"],"picked":"RobotSpaceExplorer:Discharger","floor":6},{"not_picked":["RobotSpaceExplorer:SelfCleaning","RobotSpaceExplorer:PlasmaMissile"],"picked":"RobotSpaceExplorer:MiniDrones","floor":7},{"not_picked":["RobotSpaceExplorer:MetalStrike","RobotSpaceExplorer:GlueShot"],"picked":"RobotSpaceExplorer:ScrapMissile","floor":8},{"not_picked":["RobotSpaceExplorer:MiniDrones","RobotSpaceExplorer:HighVoltage"],"picked":"RobotSpaceExplorer:MiniBoosters","floor":13},{"not_picked":["RobotSpaceExplorer:Exploration","RobotSpaceExplorer:Wormhole"],"picked":"RobotSpaceExplorer:Blaster","floor":16},{"not_picked":["RobotSpaceExplorer:Counterblock+1","RobotSpaceExplorer:Reload"],"picked":"RobotSpaceExplorer:Pulsar+1","floor":18},{"not_picked":["RobotSpaceExplorer:FranticSearch+1","RobotSpaceExplorer:Reload+1"],"picked":"RobotSpaceExplorer:PowerCollector+1","floor":19},{"not_picked":["RobotSpaceExplorer:MetalStrike","RobotSpaceExplorer:Pulsar+1"],"picked":"RobotSpaceExplorer:StarLightning","floor":20},{"not_picked":["RobotSpaceExplorer:SurgingStrike","RobotSpaceExplorer:Reload+1"],"picked":"RobotSpaceExplorer:StarDust","floor":21},{"not_picked":["RobotSpaceExplorer:ShockKick","RobotSpaceExplorer:Pulsar"],"picked":"RobotSpaceExplorer:BigMissile","floor":22},{"not_picked":["RobotSpaceExplorer:IronShell","RobotSpaceExplorer:Discharger"],"picked":"RobotSpaceExplorer:GearShield+1","floor":24},{"not_picked":["RobotSpaceExplorer:LaserBurst","RobotSpaceExplorer:ShovelStrike"],"picked":"RobotSpaceExplorer:Scanner","floor":28},{"not_picked":["RobotSpaceExplorer:ShovelStrike","RobotSpaceExplorer:FranticSearch+1"],"picked":"RobotSpaceExplorer:Fix+1","floor":30},{"not_picked":["RobotSpaceExplorer:BlastShield","RobotSpaceExplorer:Arsenal"],"picked":"RobotSpaceExplorer:Asteroid","floor":33},{"not_picked":["hubris:Despair","Decay"],"picked":"TheCursedMod:Dregs","floor":34},{"not_picked":["infinitespire:Pacifist","Clumsy"],"picked":"hubris:Wrath","floor":34},{"not_picked":["sneckomod:Bewildered","Regret"],"picked":"animator:Curse_Greed","floor":34},{"not_picked":["RobotSpaceExplorer:FreezingShield+1","RobotSpaceExplorer:Reload+1"],"picked":"RobotSpaceExplorer:SlimeMissile","floor":35},{"not_picked":["RobotSpaceExplorer:FranticSearch+1","RobotSpaceExplorer:PowerGlove"],"picked":"RobotSpaceExplorer:SurgingShield+1","floor":36},{"not_picked":["RobotSpaceExplorer:Counterblock","RobotSpaceExplorer:Calculate+1"],"picked":"RobotSpaceExplorer:ScrapMissile+1","floor":41},{"not_picked":["RobotSpaceExplorer:Exploration","RobotSpaceExplorer:ImprovisedAttack+1"],"picked":"RobotSpaceExplorer:DualCore","floor":45},{"not_picked":["RobotSpaceExplorer:SurgingShield","RobotSpaceExplorer:SlimeMissile"],"picked":"RobotSpaceExplorer:MakeshiftVolley+1","floor":46},{"not_picked":["RobotSpaceExplorer:ShovelStrike","RobotSpaceExplorer:Probe"],"picked":"RobotSpaceExplorer:Reload+1","floor":48}],"player_experience":478952,"relics_obtained":[{"floor":6,"key":"Bag of Preparation"},{"floor":9,"key":"War Paint"},{"floor":26,"key":"Mercury Hourglass"},{"floor":42,"key":"Bottled Lightning"},{"floor":43,"key":"ReplayTheSpireMod:Lightbulb"}],"event_choices":[{"damage_healed":0,"gold_gain":0,"player_choice":"Donut","damage_taken":0,"max_hp_gain":5,"max_hp_loss":0,"event_name":"Big Fish","floor":2,"gold_loss":0}],"is_beta":false,"boss_relics":[{"not_picked":["Coffee Dripper","ReplayTheSpireMod:DimensionalGlitch"],"picked":"hubris:ScarierMask"},{"not_picked":["hubris:CrackedHourglass","hubris:BlackHole"],"picked":"Replay:Ancient Bell"},{"not_picked":["Smiling Mask","hubris:SlimyHat"],"picked":"Grinning Jar"},{"not_picked":["Replay:Ringing Soul","hubris:DisguiseKit"],"picked":"hubris:PeanutButter"},{"not_picked":["WingedGreaves","hubris:BundleOfHerbs"],"picked":"Lizard Tail"}],"items_purged_floors":[38],"is_endless":false,"potions_floor_spawned":[1,6,7,13,21,24,30,33,36,45,46],"ascension_level":0}}