{"host":"fdzt26oh6i4vaxrk","time":1608485961,"event":{"mods":["BaseMod","Colored Map","Minty Spire (QoL Compilation)"],"gold_per_floor":[119,119,133,147,147,147,175,189,215,215,227,256,272,286,286,358,358,376,291,10,10,25,37,37,70,97,97,97],"floor_reached":27,"playtime":1816,"items_purged":[],"score":466,"play_id":"6cd523a0-580c-4a34-bb75-9e705ae4ca0a","local_time":"20201220183921","is_ascension_mode":true,"campfire_choices":[{"data":"Static Discharge","floor":6.0,"key":"SMITH"},{"data":"Fission","floor":10.0,"key":"SMITH"},{"data":"Streamline","floor":15.0,"key":"SMITH"}],"circlet_count":0,"master_deck":["AscendersBane","Strike_B","Strike_B","Strike_B+1","Strike_B","Defend_B","Defend_B","Defend_B+1","Defend_B","Zap","Dualcast","Leap","Self Repair","Static Discharge+1","Compile Driver","Fission+1","Go for the Eyes","Ball Lightning","Streamline+1","Sweeping Beam","Electrodynamics","Machine Learning","Static Discharge"],"relics":["Cracked Core","Meat on the Bone","Boot","Centennial Puzzle","Potion Belt","Busted Crown","Strawberry","Eternal Feather","Tiny Chest","Oddly Smooth Stone"],"acts_visited":["Exordium","TheCity"],"potions_floor_usage":[23,25],"damage_taken":[{"damage":0.0,"enemies":"Cultist","floor":1.0,"turns":3.0},{"damage":4.0,"enemies":"Jaw Worm","floor":3.0,"turns":4.0},{"damage":3.0,"enemies":"2 Louse","floor":4.0,"turns":2.0},{"damage":27.0,"enemies":"Lagavulin","floor":7.0,"turns":7.0},{"damage":3.0,"enemies":"Looter","floor":8.0,"turns":3.0},{"damage":0.0,"enemies":"3 Louse","floor":11.0,"turns":4.0},{"damage":6.0,"enemies":"Gremlin Nob","floor":12.0,"turns":3.0},{"damage":16.0,"enemies":"Large Slime","floor":13.0,"turns":4.0},{"damage":4.0,"enemies":"Red Slaver","floor":14.0,"turns":2.0},{"damage":24.0,"enemies":"The Guardian","floor":16.0,"turns":9.0},{"damage":6.0,"enemies":"Spheric Guardian","floor":18.0,"turns":3.0},{"damage":0.0,"enemies":"Chosen","floor":22.0,"turns":3.0},{"damage":43,"enemies":"Shelled Parasite and Fungi","floor":23,"turns":4},{"damage":25,"enemies":"Gremlin Leader","floor":25,"turns":6},{"damage":27,"enemies":"Snecko","floor":27,"turns":4}],"seed_played":"2572484479603993973","potions_obtained":[{"floor":1.0,"key":"LiquidMemories"},{"floor":3.0,"key":"LiquidMemories"},{"floor":11.0,"key":"BlessingOfTheForge"},{"floor":12.0,"key":"Weak Potion"},{"floor":18.0,"key":"SpeedPotion"},{"floor":23,"key":"Ancient Potion"}],"is_trial":false,"path_per_floor":["M","?","M","M","T","R","E","M","T","R","M","E","M","M","R","B",null,"M","?","$","?","M","M","?","E","T","M"],"character_chosen":"DEFECT","items_purchased":["Eternal Feather"],"campfire_rested":0,"item_purchase_floors":[20],"current_hp_per_floor":[64,43,46,50,50,50,42,46,46,46,53,47,50,53,53,48,65,59,66,66,66,73,49,27,21,21,0,0],"gold":97,"neow_bonus":"THREE_CARDS","is_daily":false,"chose_seed":false,"campfire_upgraded":3,"win_rate":0.0,"timestamp":1608485961,"path_taken":["M","?","M","M","?","R","E","M","T","R","?","E","M","M","R","BOSS","M","?","$","?","M","M","?","E","T","M"],"items_purchased_type":["Relic"],"build_version":"2020-12-13","purchased_purges":0,"victory":false,"max_hp_per_floor":[71,71,71,71,71,71,71,71,71,71,71,71,71,71,71,71,71,71,78,78,78,78,78,83,83,83,83,83],"card_choices":[{"not_picked":["Beam Cell","Streamline"],"picked":"Leap","floor":0.0},{"not_picked":["Rip and Tear","Stack"],"picked":"Self Repair","floor":1.0},{"not_picked":["Force Field","Sweeping Beam"],"picked":"Static Discharge","floor":3.0},{"not_picked":["Lockon","Capacitor"],"picked":"Compile Driver","floor":4.0},{"not_picked":["Steam","Aggregate"],"picked":"Fission","floor":7.0},{"not_picked":["Gash","Streamline"],"picked":"Go for the Eyes","floor":8.0},{"not_picked":["Redo","Barrage"],"picked":"Ball Lightning","floor":11.0},{"not_picked":["Tempest","Ball Lightning"],"picked":"Streamline","floor":12.0},{"not_picked":["Coolheaded","Steam"],"picked":"Sweeping Beam","floor":13.0},{"not_picked":["Coolheaded","Hologram"],"picked":"Electrodynamics","floor":14.0},{"not_picked":["Amplify","Electrodynamics"],"picked":"Machine Learning","floor":16.0},{"not_picked":["Gash"],"picked":"SKIP","floor":18.0},{"not_picked":["Gash"],"picked":"SKIP","floor":22.0},{"not_picked":["Blizzard"],"picked":"SKIP","floor":23},{"not_picked":[],"picked":"Static Discharge","floor":25}],"player_experience":543078,"relics_obtained":[{"floor":5.0,"key":"Meat on the Bone"},{"floor":7.0,"key":"Boot"},{"floor":9.0,"key":"Centennial Puzzle"},{"floor":12.0,"key":"Potion Belt"},{"floor":25,"key":"Tiny Chest"},{"floor":26,"key":"Oddly Smooth Stone"}],"event_choices":[{"damage_healed":0.0,"max_hp_gain":0.0,"max_hp_loss":0.0,"gold_gain":0.0,"event_name":"Shining Light","player_choice":"Entered Light","floor":2.0,"gold_loss":0.0,"damage_taken":21.0,"cards_upgraded":["Strike_B","Defend_B"]},{"damage_healed":0.0,"max_hp_gain":0.0,"max_hp_loss":0.0,"gold_gain":0.0,"event_name":"Addict","player_choice":"Obtained Relic","floor":19.0,"gold_loss":85.0,"damage_taken":0.0,"relics_obtained":["Strawberry"]},{"damage_healed":0.0,"max_hp_gain":0.0,"max_hp_loss":0.0,"gold_gain":0.0,"event_name":"Ghosts","player_choice":"Ignored","floor":21.0,"gold_loss":0.0,"damage_taken":0.0},{"damage_healed":0,"gold_gain":0,"player_choice":"Shed Blood","damage_taken":27,"max_hp_gain":5,"max_hp_loss":0,"event_name":"Forgotten Altar","floor":24,"gold_loss":0}],"is_beta":false,"boss_relics":[{"not_picked":["Sozu","Velvet Choker"],"picked":"Busted Crown"}],"items_purged_floors":[],"is_endless":false,"potions_floor_spawned":[1,3,7,11,12,18,23],"killed_by":"Snecko","ascension_level":18}}