{"host":"0lnx88jdgcrh6gmr","time":1608430398,"event":{"mods":["2.2 Compatiblity","AchievementEnabler","BaseMod","Beaked The Cultist","Better Note","Better Skull","Better Third Choice","Block Reminder","Colored Map","Displayed Cursed Tome","Glutton Mod","Googly Eyes","Hermit","Highlight Path","Minty Spire (QoL Compilation)","Rare Cards Sparkle","Relic Stats","Shade Mod","Spicy Shops","StSLib","The Construct","The Cursed","The Disciple","The Mystic","The Servant 0.9.4","Unceasing Turn Reminder","everything is the same but u backflip on backflip","slay the spire mod where everything is the same but ironclad has a cowboy hat"],"gold_per_floor":[111,31,0,0,10,45,10,24,50,69,69,69,101,118,118,118,118],"floor_reached":16,"playtime":565,"items_purged":[],"score":135,"play_id":"5fac8f3c-391b-4673-9690-163ac5c6f454","local_time":"20201219191318","is_ascension_mode":false,"campfire_choices":[{"floor":11,"key":"REST"},{"floor":15,"key":"REST"}],"circlet_count":0,"master_deck":["Strike_B","Strike_B","Strike_B","Strike_B","Defend_B","Defend_B","Defend_B","Defend_B","Zap+1","Dualcast+1","Blizzard","Auto Shields","Enlightenment","Cold Snap","Double Energy","Coolheaded","Barrage","Coolheaded","Barrage"],"relics":["Cracked Core","NeowsBlessing","Bag of Preparation","Nunchaku","Omamori","Gremlin Horn","Art of War"],"acts_visited":["Exordium"],"potions_floor_usage":[16],"damage_taken":[{"damage":0,"enemies":"Cultist","floor":1,"turns":1},{"damage":0,"enemies":"2 Louse","floor":5,"turns":1},{"damage":0,"enemies":"Lagavulin","floor":6,"turns":2},{"damage":0,"enemies":"Small Slimes","floor":8,"turns":3},{"damage":15,"enemies":"3 Louse","floor":10,"turns":3},{"damage":36,"enemies":"3 Sentries","floor":13,"turns":10},{"damage":0,"enemies":"Looter","floor":14,"turns":3},{"damage":52,"enemies":"Hexaghost","floor":16,"turns":12}],"seed_played":"6368028960132893420","potions_obtained":[{"floor":1,"key":"Regen Potion"},{"floor":8,"key":"LiquidMemories"},{"floor":14,"key":"Dexterity Potion"}],"is_trial":false,"path_per_floor":["M","$","?","?","M","E","?","M","T","M","R","?","E","M","R","B"],"character_chosen":"DEFECT","items_purchased":["Auto Shields"],"campfire_rested":2,"item_purchase_floors":[2],"current_hp_per_floor":[75,75,81,65,65,65,81,81,81,66,81,49,13,13,37,0,0],"gold":118,"neow_bonus":"THREE_ENEMY_KILL","is_daily":false,"chose_seed":false,"campfire_upgraded":0,"win_rate":0.0,"timestamp":1608430398,"path_taken":["M","$","?","?","M","E","?","M","T","M","R","?","E","M","R","BOSS"],"items_purchased_type":["Card"],"build_version":"2020-12-13","purchased_purges":0,"victory":false,"max_hp_per_floor":[75,75,81,81,81,81,81,81,81,81,81,81,81,81,81,81,81],"relic_stats":{"Nunchaku":[4],"Gremlin Horn":[2,2],"counters":[8,35],"Bag of Preparation":[10],"Art of War":[0],"obtain_stats":[{"Nunchaku":9,"NeowsBlessing":0,"Gremlin Horn":12,"Bag of Preparation":6,"Omamori":12,"Art of War":13,"Cracked Core":0},{"Nunchaku":4,"NeowsBlessing":0,"Gremlin Horn":5,"Bag of Preparation":3,"Omamori":5,"Art of War":6,"Cracked Core":0},{"Nunchaku":7,"NeowsBlessing":0,"Gremlin Horn":10,"Bag of Preparation":4,"Omamori":10,"Art of War":20,"Cracked Core":0}]},"card_choices":[{"not_picked":["Static Discharge","Rip and Tear"],"picked":"Blizzard","floor":1},{"not_picked":["Capacitor","Lockon"],"picked":"Cold Snap","floor":5},{"not_picked":["Tempest","Sunder"],"picked":"Double Energy","floor":6},{"not_picked":["Consume","Barrage"],"picked":"Coolheaded","floor":8},{"not_picked":["FTL","Conserve Battery"],"picked":"Barrage","floor":10},{"not_picked":["Creative AI","Rebound"],"picked":"Coolheaded","floor":13},{"not_picked":["Storm","Chaos"],"picked":"Barrage","floor":14}],"player_experience":195998,"relics_obtained":[{"floor":6,"key":"Bag of Preparation"},{"floor":9,"key":"Nunchaku"},{"floor":13,"key":"Art of War"}],"event_choices":[{"damage_healed":0,"gold_gain":0,"player_choice":"RENOUNCE","damage_taken":31,"max_hp_gain":0,"max_hp_loss":0,"event_name":"betterThird:BetterSerpent","floor":3,"gold_loss":31,"cards_obtained":["Enlightenment"]},{"damage_healed":81,"gold_gain":0,"player_choice":"Upgrade","damage_taken":16,"max_hp_gain":0,"max_hp_loss":81,"event_name":"betterThird:BetterShining","floor":4,"gold_loss":0,"cards_upgraded":["Zap","Dualcast"]},{"damage_healed":20,"gold_gain":0,"player_choice":"Healed","damage_taken":0,"max_hp_gain":0,"max_hp_loss":0,"event_name":"The Cleric","floor":7,"gold_loss":35},{"damage_healed":0,"gold_gain":1,"player_choice":"Relic Relic ","damage_taken":32,"max_hp_gain":0,"max_hp_loss":0,"event_name":"betterThird:BetterScrap","floor":12,"gold_loss":0,"cards_obtained":["TalkToTheHand"]}],"is_beta":false,"boss_relics":[],"items_purged_floors":[],"is_endless":false,"potions_floor_spawned":[1,8,14],"killed_by":"Hexaghost","ascension_level":0}}