{"host":"6azrrw3tf7wb0f4b","time":1608451146,"event":{"mods":["BaseMod","DeckTracker","Minty Spire (QoL Compilation)","SuperFastMode"],"gold_per_floor":[116,126,143,143,161,161,178,178,178,191,204,204,218,236,236,341,341,321,333,333,79,92,92,92,92],"floor_reached":24,"playtime":629,"items_purged":["Strike_G"],"score":301,"play_id":"350fd33c-6561-4e7a-ba21-9e0e01450b0e","local_time":"20201220165906","is_ascension_mode":true,"campfire_choices":[{"data":"Cloak And Dagger","floor":6,"key":"SMITH"},{"data":"Neutralize","floor":8,"key":"SMITH"},{"data":"Phantasmal Killer","floor":12,"key":"SMITH"},{"data":"Masterful Stab","floor":15,"key":"SMITH"},{"floor":23,"key":"REST"}],"circlet_count":0,"master_deck":["AscendersBane","Strike_G","Strike_G","Strike_G","Strike_G","Defend_G","Defend_G","Defend_G","Defend_G","Defend_G","Survivor","Neutralize+1","Flying Knee","Backflip","Masterful Stab+1","Cloak And Dagger+1","Phantasmal Killer+1","Prepared","Venomology","CurseOfTheBell","PiercingWail+1","Eviscerate+1","Apotheosis"],"relics":["Ring of the Snake","NeowsBlessing","CultistMask","Incense Burner","Calling Bell","Regal Pillow","Molten Egg 2","Girya"],"acts_visited":["Exordium","TheCity"],"potions_floor_usage":[11,19,22,22,22],"damage_taken":[{"damage":0,"enemies":"Cultist","floor":1,"turns":1},{"damage":0,"enemies":"Jaw Worm","floor":2,"turns":1},{"damage":0,"enemies":"Small Slimes","floor":3,"turns":1},{"damage":0,"enemies":"Exordium Wildlife","floor":5,"turns":3},{"damage":2,"enemies":"Large Slime","floor":7,"turns":7},{"damage":3,"enemies":"Blue Slaver","floor":10,"turns":4},{"damage":3,"enemies":"Gremlin Gang","floor":11,"turns":5},{"damage":3,"enemies":"Lots of Slimes","floor":13,"turns":3},{"damage":0,"enemies":"Looter","floor":14,"turns":3},{"damage":24,"enemies":"Slime Boss","floor":16,"turns":13},{"damage":6,"enemies":"2 Thieves","floor":18,"turns":4},{"damage":10,"enemies":"Shell Parasite","floor":19,"turns":7},{"damage":38,"enemies":"Cultist and Chosen","floor":22,"turns":11},{"damage":60,"enemies":"Slavers","floor":24,"turns":3}],"seed_played":"-8063521290538378109","potions_obtained":[{"floor":1,"key":"Fire Potion"},{"floor":5,"key":"Dexterity Potion"},{"floor":16,"key":"Regen Potion"}],"is_trial":false,"path_per_floor":["M","M","M","?","M","R","M","R","T","M","M","R","M","M","R","B",null,"M","M","?","$","M","R","E"],"character_chosen":"THE_SILENT","items_purchased":["Apotheosis"],"campfire_rested":1,"item_purchase_floors":[21],"current_hp_per_floor":[63,63,63,63,63,63,61,61,61,58,55,55,52,52,52,28,60,54,59,59,59,21,57,0,0],"gold":92,"neow_bonus":"THREE_ENEMY_KILL","is_daily":false,"chose_seed":false,"campfire_upgraded":4,"win_rate":0.0,"timestamp":1608451146,"path_taken":["M","M","M","?","M","R","M","R","T","?","M","R","M","?","R","BOSS","M","?","?","$","M","R","E"],"items_purchased_type":["Card"],"build_version":"2020-12-13","purchased_purges":1,"victory":false,"max_hp_per_floor":[70,70,70,70,70,70,70,70,70,70,70,70,70,70,70,70,70,70,70,70,70,70,70,70,70],"card_choices":[{"not_picked":["Quick Slash","Deflect"],"picked":"Flying Knee","floor":1},{"not_picked":["Quick Slash","Dodge and Roll"],"picked":"Backflip","floor":2},{"not_picked":["Slice","Dagger Throw"],"picked":"Masterful Stab","floor":3},{"not_picked":["Concentrate","Bane"],"picked":"Cloak And Dagger","floor":5},{"not_picked":["Dagger Throw","Dagger Spray","Concentrate"],"picked":"SKIP","floor":7},{"not_picked":["Finisher","Distraction"],"picked":"Phantasmal Killer","floor":10},{"not_picked":["Endless Agony","Bane","Caltrops"],"picked":"SKIP","floor":11},{"not_picked":["Bane","Outmaneuver"],"picked":"Prepared","floor":13},{"not_picked":["Flying Knee","PiercingWail","Poisoned Stab"],"picked":"SKIP","floor":14},{"not_picked":["Doppelganger","Unload"],"picked":"Venomology","floor":16},{"not_picked":["Expertise","Bane+1"],"picked":"PiercingWail+1","floor":18},{"not_picked":["Underhanded Strike+1","Finisher+1"],"picked":"Eviscerate+1","floor":19},{"not_picked":["Noxious Fumes","Expertise","Backflip"],"picked":"SKIP","floor":22}],"player_experience":634195,"relics_obtained":[{"floor":9,"key":"Incense Burner"},{"floor":17,"key":"Regal Pillow"},{"floor":17,"key":"Molten Egg 2"},{"floor":17,"key":"Girya"}],"event_choices":[{"damage_healed":0,"gold_gain":0,"player_choice":"Trade","damage_taken":0,"relics_obtained":["CultistMask"],"max_hp_gain":0,"max_hp_loss":0,"event_name":"FaceTrader","floor":4,"gold_loss":0},{"damage_healed":0,"gold_gain":0,"player_choice":"Ignored","damage_taken":0,"max_hp_gain":0,"max_hp_loss":0,"event_name":"Ghosts","floor":20,"gold_loss":0}],"is_beta":false,"boss_relics":[{"not_picked":["Busted Crown","Runic Dome"],"picked":"Calling Bell"}],"items_purged_floors":[21],"is_endless":false,"potions_floor_spawned":[1,5,16,19],"killed_by":"Slavers","ascension_level":11}}