{"host":"o7j6aatxjwpw1421","time":1608442279,"event":{"mods":["2.2 Compatiblity","BaseMod","Colored Map","DeckTracker","Highlight Path","Keyboard Shortcuts","Minty Spire (QoL Compilation)","Permanent Neow","Quick Restart","StSLib","SuperFastMode","everything is the same but u backflip on backflip"],"gold_per_floor":[209,66,78,78,89,89,118,137,163,183,183,258,292,303,303,405,405,418,418,418,429,354,354,354,354],"floor_reached":24,"playtime":638,"items_purged":[],"score":337,"play_id":"89bc391d-ed1f-4646-8a89-bc80d1e555b4","local_time":"20201220143119","is_ascension_mode":true,"campfire_choices":[{"data":"Whirlwind","floor":6.0,"key":"SMITH"},{"data":"Bloodletting","floor":11.0,"key":"SMITH"},{"data":"Demon Form","floor":15.0,"key":"SMITH"},{"data":"Fiend Fire","floor":23.0,"key":"SMITH"}],"circlet_count":0,"master_deck":["Strike_R+1","Strike_R+1","Strike_R+1","Strike_R+1","Defend_R+1","Defend_R+1","Defend_R+1","Defend_R+1","Bash","Pommel Strike","Whirlwind+1","Demon Form+1","Thunderclap","Bloodletting+1","Flame Barrier","Fiend Fire+1","Shrug It Off"],"relics":["Burning Blood","Chemical X","Omamori","Pen Nib","MealTicket","SacredBark","Enchiridion"],"acts_visited":["Exordium","TheCity"],"potions_floor_usage":[],"damage_taken":[{"damage":1.0,"enemies":"Cultist","floor":1.0,"turns":3.0},{"damage":5.0,"enemies":"Small Slimes","floor":3.0,"turns":4.0},{"damage":4.0,"enemies":"Jaw Worm","floor":5.0,"turns":4.0},{"damage":20.0,"enemies":"3 Sentries","floor":7.0,"turns":5.0},{"damage":8.0,"enemies":"Exordium Wildlife","floor":8.0,"turns":3.0},{"damage":1.0,"enemies":"Looter","floor":10.0,"turns":2.0},{"damage":3.0,"enemies":"Lagavulin","floor":13.0,"turns":4.0},{"damage":11.0,"enemies":"2 Fungi Beasts","floor":14.0,"turns":3.0},{"damage":0.0,"enemies":"Slime Boss","floor":16.0,"turns":3.0},{"damage":21.0,"enemies":"Spheric Guardian","floor":18.0,"turns":4.0},{"damage":22.0,"enemies":"2 Thieves","floor":21.0,"turns":2.0},{"damage":35,"enemies":"Gremlin Leader","floor":24,"turns":5}],"seed_played":"1530532575134726003","potions_obtained":[{"floor":7.0,"key":"Swift Potion"},{"floor":14.0,"key":"AttackPotion"},{"floor":16.0,"key":"Strength Potion"},{"floor":18.0,"key":"Strength Potion"}],"is_trial":false,"path_per_floor":["M","$","M","?","M","R","E","M","T","M","R","?","E","M","R","B",null,"M","?","?","M","?","R","E"],"character_chosen":"IRONCLAD","items_purchased":["Chemical X"],"campfire_rested":0,"item_purchase_floors":[2],"current_hp_per_floor":[80,80,80,80,80,80,66,64,64,69,69,58,61,56,56,62,80,65,65,49,33,33,33,0,0],"gold":354,"neow_bonus":"HUNDRED_GOLD","is_daily":false,"chose_seed":false,"campfire_upgraded":4,"win_rate":0.0,"timestamp":1608442279,"path_taken":["M","$","?","?","M","R","E","M","T","?","R","?","E","M","R","BOSS","M","?","?","M","?","R","E"],"items_purchased_type":["Relic"],"build_version":"2020-12-13","purchased_purges":0,"victory":false,"max_hp_per_floor":[80,80,80,80,80,80,80,80,80,80,80,80,80,80,80,80,80,80,80,80,80,80,80,80,80],"card_choices":[{"not_picked":["Iron Wave","Wild Strike"],"picked":"Pommel Strike","floor":1.0},{"not_picked":["Warcry","Second Wind"],"picked":"Whirlwind","floor":3.0},{"not_picked":["Headbutt","Twin Strike"],"picked":"Thunderclap","floor":5.0},{"not_picked":["Thunderclap","Exhume","Fire Breathing"],"picked":"SKIP","floor":7.0},{"not_picked":["Body Slam","Wild Strike","Spot Weakness"],"picked":"SKIP","floor":8.0},{"not_picked":["Infernal Blade","Cleave"],"picked":"Bloodletting","floor":10.0},{"not_picked":["Reckless Charge","Infernal Blade"],"picked":"Flame Barrier","floor":13.0},{"not_picked":["Thunderclap","True Grit","Dropkick"],"picked":"SKIP","floor":14.0},{"not_picked":["Juggernaut","Demon Form"],"picked":"Fiend Fire","floor":16.0},{"not_picked":["Perfected Strike","Iron Wave","Warcry"],"picked":"SKIP","floor":18.0},{"not_picked":["Pommel Strike","Cleave"],"picked":"Shrug It Off","floor":21.0}],"player_experience":270357,"relics_obtained":[{"floor":7.0,"key":"Omamori"},{"floor":9.0,"key":"Pen Nib"},{"floor":13.0,"key":"MealTicket"},{"floor":20.0,"key":"Enchiridion"}],"event_choices":[{"damage_healed":0.0,"max_hp_gain":0.0,"max_hp_loss":0.0,"gold_gain":0.0,"event_name":"Match and Keep!","player_choice":"1 cards matched","floor":4.0,"gold_loss":0.0,"damage_taken":0.0,"cards_obtained":["Demon Form"]},{"damage_healed":0.0,"max_hp_gain":0.0,"max_hp_loss":0.0,"gold_gain":75.0,"event_name":"World of Goop","player_choice":"Gather Gold","floor":12.0,"gold_loss":0.0,"damage_taken":11.0},{"damage_healed":0.0,"max_hp_gain":0.0,"max_hp_loss":0.0,"gold_gain":0.0,"event_name":"Back to Basics","player_choice":"Simplicity","floor":19.0,"gold_loss":0.0,"damage_taken":0.0,"cards_upgraded":["Strike_R","Strike_R","Strike_R","Strike_R","Strike_R","Defend_R","Defend_R","Defend_R","Defend_R"]},{"damage_healed":0.0,"max_hp_gain":0.0,"max_hp_loss":0.0,"gold_gain":0.0,"event_name":"Cursed Tome","player_choice":"Obtained Book","floor":20.0,"gold_loss":0.0,"damage_taken":16.0},{"cards_removed":["Strike_R"],"damage_healed":0.0,"max_hp_gain":0.0,"max_hp_loss":0.0,"gold_gain":0.0,"event_name":"Beggar","player_choice":"Gave Gold","floor":22.0,"gold_loss":75.0,"damage_taken":0.0}],"is_beta":false,"boss_relics":[{"not_picked":["Runic Dome","Tiny House"],"picked":"SacredBark"}],"items_purged_floors":[],"is_endless":false,"potions_floor_spawned":[7,14,16,18],"killed_by":"Gremlin Leader","ascension_level":4}}