{"host":"wg33yb1rgt3nbe17","time":1608440577,"event":{"mods":["AchievementEnabler","BaseMod","Colored Map","Minty Spire (QoL Compilation)","Permanent Neow","Relic Stats","StSLib"],"gold_per_floor":[116,41,58,72,139,139,165,165,214,214,56,72,45,63,63,156,156,170,185,23,122,147,147,72,72,72,72,81,126,126,141,141,248,248,261,261,17,49,22,31,31,31],"floor_reached":41,"playtime":1346,"items_purged":["Demon Form"],"score":757,"play_id":"ce90f1d7-c5eb-413a-ac35-8241e7aead48","local_time":"20201220000257","is_ascension_mode":true,"campfire_choices":[{"data":"Apotheosis","floor":6.0,"key":"SMITH"},{"floor":10.0,"key":"REST"},{"floor":15.0,"key":"REST"},{"floor":23,"key":"REST"},{"floor":25,"key":"REST"},{"floor":27,"key":"REST"},{"floor":30,"key":"REST"},{"floor":32,"key":"REST"},{"floor":40,"key":"REST"}],"circlet_count":0,"master_deck":["AscendersBane","Bash","Apotheosis+1","Searing Blow","Armaments","True Grit","Pommel Strike","Flex","Spot Weakness","Offering","Flex","Twin Strike","Inflame","Second Wind","Clash","Feel No Pain","Demon Form","Metallicize","Whirlwind","Sword Boomerang+1","Pommel Strike","Dramatic Entrance","Flex","Shame","Burning Pact+1","Corruption","Flame Barrier","Intimidate+1"],"relics":["Burning Blood","Orichalcum","Golden Idol","Oddly Smooth Stone","ClockworkSouvenir","Pandora\u0027s Box","CeramicFish","Bottled Tornado","Dream Catcher","Blue Candle","Snecko Eye","Membership Card","PreservedInsect"],"acts_visited":["Exordium","TheCity","TheBeyond"],"potions_floor_usage":[29,33,33,35],"damage_taken":[{"damage":17.0,"enemies":"2 Louse","floor":1.0,"turns":4.0},{"damage":18.0,"enemies":"Small Slimes","floor":3.0,"turns":4.0},{"damage":13.0,"enemies":"Jaw Worm","floor":4.0,"turns":6.0},{"damage":16.0,"enemies":"Gremlin Nob","floor":7.0,"turns":4.0},{"damage":19.0,"enemies":"Exordium Wildlife","floor":12.0,"turns":5.0},{"damage":19.0,"enemies":"Exordium Thugs","floor":13.0,"turns":4.0},{"damage":0.0,"enemies":"Blue Slaver","floor":14.0,"turns":6.0},{"damage":9.0,"enemies":"Hexaghost","floor":16.0,"turns":8.0},{"damage":6.0,"enemies":"Chosen","floor":18.0,"turns":2.0},{"damage":23.0,"enemies":"Spheric Guardian","floor":19.0,"turns":4.0},{"damage":18,"enemies":"Cultist and Chosen","floor":22,"turns":5},{"damage":28,"enemies":"Gremlin Leader","floor":29,"turns":5},{"damage":54,"enemies":"Shelled Parasite and Fungi","floor":31,"turns":4},{"damage":11,"enemies":"Collector","floor":33,"turns":6},{"damage":49,"enemies":"3 Shapes","floor":35,"turns":3},{"damage":14,"enemies":"3 Darklings","floor":38,"turns":4},{"damage":29,"enemies":"Writhing Mass","floor":41,"turns":2}],"seed_played":"6027663034966086631","potions_obtained":[{"floor":4.0,"key":"PowerPotion"},{"floor":7.0,"key":"PowerPotion"},{"floor":12.0,"key":"Ancient Potion"},{"floor":18.0,"key":"PowerPotion"},{"floor":19.0,"key":"CultistPotion"},{"floor":31,"key":"FearPotion"},{"floor":33,"key":"DistilledChaos"}],"is_trial":false,"path_per_floor":["M","?","M","M","?","R","E","?","T","R","$","M","M","M","R","B",null,"M","M","$","?","M","R","$","R","T","R","?","E","R","M","R","B",null,"M","?","$","M","$","R","M"],"character_chosen":"IRONCLAD","items_purchased":["ClockworkSouvenir","CeramicFish","Membership Card","PreservedInsect","Dexterity Potion"],"campfire_rested":8,"item_purchase_floors":[11,20,37,37,39],"current_hp_per_floor":[57,57,45,38,38,38,28,28,28,48,48,35,22,28,48,45,62,62,45,45,27,15,35,35,55,55,68,68,46,66,18,38,33,59,16,16,16,8,8,28,0,0],"gold":31,"neow_bonus":"RANDOM_COLORLESS_2","is_daily":false,"chose_seed":false,"campfire_upgraded":1,"win_rate":0.0,"timestamp":1608440577,"path_taken":["M","?","M","M","?","R","E","?","T","R","$","M","?","M","R","BOSS","M","M","$","?","M","R","?","R","T","R","?","E","R","M","R","BOSS","M","?","$","M","$","R","M"],"items_purchased_type":["Relic","Relic","Relic","Relic","Potion"],"build_version":"2020-12-13","purchased_purges":1,"victory":false,"max_hp_per_floor":[75,75,75,75,75,75,75,68,68,68,68,68,68,68,68,68,68,68,68,68,68,68,68,68,68,68,68,68,68,68,68,68,68,68,68,68,68,68,68,68,68,68],"relic_stats":{"Dream Catcher":3,"counters":[17,76],"Golden Idol":76,"CeramicFish":63,"Blue Candle":[2],"Snecko Eye":[13,14,21,22],"Pandora\u0027s Box":["Flex","Twin Strike","Inflame","Second Wind","Clash","Feel No Pain","Demon Form","Metallicize","Whirlwind"],"PreservedInsect":0,"Orichalcum":[126],"obtain_stats":[{"Golden Idol":8,"CeramicFish":20,"Blue Candle":29,"Oddly Smooth Stone":9,"PreservedInsect":37,"Orichalcum":7,"Bottled Tornado":26,"Burning Blood":0,"ClockworkSouvenir":11,"Dream Catcher":28,"Snecko Eye":34,"Pandora\u0027s Box":17,"Membership Card":37},{"Golden Idol":4,"CeramicFish":10,"Blue Candle":12,"Oddly Smooth Stone":4,"PreservedInsect":15,"Orichalcum":4,"Bottled Tornado":11,"Burning Blood":0,"ClockworkSouvenir":4,"Dream Catcher":11,"Snecko Eye":14,"Pandora\u0027s Box":8,"Membership Card":15},{"Golden Idol":18,"CeramicFish":47,"Blue Candle":57,"Oddly Smooth Stone":18,"PreservedInsect":70,"Orichalcum":18,"Bottled Tornado":52,"Burning Blood":0,"ClockworkSouvenir":18,"Dream Catcher":52,"Snecko Eye":67,"Pandora\u0027s Box":41,"Membership Card":70}],"Burning Blood":96},"card_choices":[{"not_picked":["Master of Strategy","Panache"],"picked":"Apotheosis","floor":0.0},{"not_picked":["Metallicize","Iron Wave"],"picked":"Searing Blow","floor":1.0},{"not_picked":["Inflame","Dropkick"],"picked":"Armaments","floor":3.0},{"not_picked":["Reckless Charge","Wild Strike"],"picked":"True Grit","floor":4.0},{"not_picked":["Thunderclap","Flex"],"picked":"Demon Form","floor":7.0},{"not_picked":["Anger","Bloodletting"],"picked":"Pommel Strike","floor":12.0},{"not_picked":["Rampage","Twin Strike"],"picked":"Flex","floor":13.0},{"not_picked":["Fire Breathing","Dropkick"],"picked":"Spot Weakness","floor":14.0},{"not_picked":["Demon Form","Fiend Fire"],"picked":"Offering","floor":16.0},{"not_picked":["Rage","Cleave"],"picked":"Sword Boomerang+1","floor":18.0},{"not_picked":["Reckless Charge","Perfected Strike"],"picked":"Pommel Strike","floor":19.0},{"not_picked":["Cleave","Body Slam"],"picked":"Flex","floor":22},{"not_picked":["Headbutt","Rage+1"],"picked":"Burning Pact+1","floor":29},{"not_picked":["Metallicize","Dark Embrace","Reckless Charge"],"picked":"SKIP","floor":31},{"not_picked":["Bludgeon","Reaper"],"picked":"Corruption","floor":33},{"not_picked":["Infernal Blade","Cleave","Wild Strike+1"],"picked":"SKIP","floor":35},{"not_picked":["Perfected Strike","Fire Breathing"],"picked":"Flame Barrier","floor":38},{"not_picked":["Uppercut+1","Rampage+1"],"picked":"Intimidate+1","floor":40}],"player_experience":520763,"relics_obtained":[{"floor":7.0,"key":"Orichalcum"},{"floor":9.0,"key":"Oddly Smooth Stone"},{"floor":26,"key":"Bottled Tornado"},{"floor":29,"key":"Blue Candle"}],"event_choices":[{"cards_removed":["Clumsy"],"damage_healed":0.0,"max_hp_gain":0.0,"max_hp_loss":0.0,"gold_gain":0.0,"event_name":"The Cleric","player_choice":"Card Removal","floor":2.0,"gold_loss":75.0,"damage_taken":0.0},{"damage_healed":0.0,"max_hp_gain":0.0,"max_hp_loss":0.0,"gold_gain":67.0,"event_name":"Golden Wing","player_choice":"Gained Gold","floor":5.0,"gold_loss":0.0,"damage_taken":0.0},{"damage_healed":0.0,"max_hp_gain":0.0,"max_hp_loss":7.0,"gold_gain":0.0,"event_name":"Golden Idol","player_choice":"Lose Max HP","floor":8.0,"gold_loss":0.0,"damage_taken":0.0,"relics_obtained":["Golden Idol"]},{"damage_healed":0.0,"max_hp_gain":0.0,"max_hp_loss":0.0,"gold_gain":90.0,"event_name":"Knowing Skull","player_choice":"CARD GOLD ","floor":21.0,"potions_obtained":[],"gold_loss":0.0,"damage_taken":18.0,"cards_obtained":["Dramatic Entrance"]},{"damage_healed":0,"gold_gain":0,"player_choice":"Stole Relic","damage_taken":0,"relics_obtained":["Dream Catcher"],"max_hp_gain":0,"max_hp_loss":0,"event_name":"Addict","floor":28,"gold_loss":0,"cards_obtained":["Shame"]},{"damage_healed":0,"gold_gain":0,"player_choice":"Ignored","damage_taken":0,"max_hp_gain":0,"max_hp_loss":0,"event_name":"Tomb of Lord Red Mask","floor":36,"gold_loss":0}],"is_beta":false,"boss_relics":[{"not_picked":["SlaversCollar","SacredBark"],"picked":"Pandora\u0027s Box"},{"not_picked":["Astrolabe","Busted Crown"],"picked":"Snecko Eye"}],"items_purged_floors":[24],"is_endless":false,"potions_floor_spawned":[4,7,12,18,19,31,33],"killed_by":"Writhing Mass","ascension_level":17}}