{"host":"q9718omregw4er46","time":1608458431,"event":{"mods":["BaseMod","Bestiary","Colored Powertips","Minty Spire (QoL Compilation)","Quick Restart","Relic Stats"],"gold_per_floor":[114,114,39,39,58,58,17,52,52,93,18,52,77,115,115,214,214,233,233,254,179,179,218,218,249,319,360,630,545,545,564,564,657,657,676,209,542,561,613,648,648,683,683,711,24,49,79,94,94,94,94,94,94,4,39,39],"floor_reached":57,"playtime":2702,"items_purged":["Strike_P","Defend_P"],"score":3471,"play_id":"7f3fc242-2695-4f4a-a6ff-ac7dadb5fd45","local_time":"20201220150030","is_ascension_mode":true,"campfire_choices":[{"data":"CutThroughFate","floor":6.0,"key":"SMITH"},{"data":"DeusExMachina","floor":15.0,"key":"SMITH"},{"floor":24,"key":"RECALL"},{"floor":30,"key":"REST"},{"floor":32,"key":"REST"},{"floor":41,"key":"REST"},{"floor":49,"key":"REST"},{"floor":53,"key":"REST"}],"circlet_count":0,"master_deck":["AscendersBane","Strike_P+1","Eruption","Vigilance+1","Consecrate+1","CutThroughFate+1","Tantrum+1","DeusExMachina+1","Vault+1","DeceiveReality+1","Wireheading","Scrawl+1","ClearTheMind+1","SpiritShield+1","RitualDagger","Halt+1","MentalFortress+1","Sanctity+1","Vault+1","DeceiveReality+1","Wallop","Wireheading","Metamorphosis+1","SpiritShield+1","CutThroughFate+1","TalkToTheHand","Adaptation"],"relics":["PureWater","NeowsBlessing","Whetstone","Toxic Egg 2","Happy Flower","Strawberry","Du-Vu Doll","Fusion Hammer","Potion Belt","Juzu Bracelet","HornCleat","Letter Opener","Pocketwatch","Empty Cage","PreservedInsect","Art of War","Ice Cream","Thread and Needle","Bronze Scales","Bottled Lightning","Dream Catcher","Bag of Preparation","Mango","Omamori","War Paint"],"acts_visited":["Exordium","TheCity","TheBeyond","TheEnding"],"potions_floor_usage":[27,51,51,55,56],"damage_taken":[{"damage":0.0,"enemies":"2 Louse","floor":1.0,"turns":2.0},{"damage":0.0,"enemies":"Jaw Worm","floor":5.0,"turns":1.0},{"damage":0.0,"enemies":"Gremlin Nob","floor":8.0,"turns":1.0},{"damage":2.0,"enemies":"3 Sentries","floor":10.0,"turns":3.0},{"damage":0.0,"enemies":"Gremlin Nob","floor":12.0,"turns":2.0},{"damage":0.0,"enemies":"Small Slimes","floor":13.0,"turns":3.0},{"damage":0.0,"enemies":"Lagavulin","floor":14.0,"turns":4.0},{"damage":6,"enemies":"Hexaghost","floor":16,"turns":9},{"damage":0,"enemies":"Spheric Guardian","floor":18,"turns":2},{"damage":2,"enemies":"Shell Parasite","floor":20,"turns":4},{"damage":0,"enemies":"Gremlin Leader","floor":23,"turns":4},{"damage":14,"enemies":"Book of Stabbing","floor":25,"turns":4},{"damage":0,"enemies":"Gremlin Leader","floor":27,"turns":3},{"damage":2,"enemies":"Centurion and Healer","floor":31,"turns":4},{"damage":10,"enemies":"Collector","floor":33,"turns":8},{"damage":0,"enemies":"3 Shapes","floor":35,"turns":3},{"damage":0,"enemies":"Orb Walker","floor":38,"turns":2},{"damage":0,"enemies":"2 Orb Walkers","floor":39,"turns":5},{"damage":0,"enemies":"Reptomancer","floor":40,"turns":5},{"damage":0,"enemies":"Nemesis","floor":42,"turns":2},{"damage":0,"enemies":"Giant Head","floor":44,"turns":5},{"damage":0,"enemies":"Nemesis","floor":47,"turns":5},{"damage":0,"enemies":"4 Shapes","floor":48,"turns":4},{"damage":40,"enemies":"Donu and Deca","floor":50,"turns":9},{"damage":8,"enemies":"Time Eater","floor":51,"turns":9},{"damage":0,"enemies":"Shield and Spear","floor":55,"turns":5},{"damage":47,"enemies":"The Heart","floor":56,"turns":10}],"seed_played":"801119531846893169","potions_obtained":[{"floor":5.0,"key":"ColorlessPotion"},{"floor":8.0,"key":"SteroidPotion"},{"floor":10.0,"key":"Weak Potion"},{"floor":14.0,"key":"EntropicBrew"},{"floor":23,"key":"Dexterity Potion"},{"floor":25,"key":"Dexterity Potion"},{"floor":33,"key":"FairyPotion"}],"is_trial":false,"path_per_floor":["M","?","?","?","M","R","$","E","T","E","$","E","M","E","R","B",null,"M","?","M","?","?","E","R","E","T","E","?","?","R","M","R","B",null,"M","$","?","M","?","E","R","E","T","E","$","T","E","M","R","B","B",null,"R","$","E","B",null],"character_chosen":"WATCHER","items_purchased":["Tantrum","PreservedInsect","Art of War","DeceiveReality+1","Bag of Preparation","Metamorphosis+1","Mango","TalkToTheHand"],"campfire_rested":5,"item_purchase_floors":[7,36,36,36,45,45,45,54],"current_hp_per_floor":[61,61,61,38,38,38,38,38,38,36,36,43,43,43,43,37,66,66,66,64,64,58,58,58,44,44,44,17,17,39,37,59,49,69,69,69,69,69,69,69,75,75,75,75,89,89,89,89,89,49,41,77,89,89,89,42],"gold":39,"neow_bonus":"THREE_ENEMY_KILL","is_daily":false,"chose_seed":false,"campfire_upgraded":2,"win_rate":0.0,"timestamp":1608458430,"path_taken":["M","?","?","?","?","R","$","E","T","E","?","E","M","E","R","BOSS","M","?","?","?","?","E","R","E","T","E","?","?","R","M","R","BOSS","M","$","?","M","?","E","R","E","T","E","$","?","E","M","R","BOSS","BOSS","R","$","E","BOSS"],"items_purchased_type":["Card","Relic","Relic","Card","Relic","Card","Relic","Card"],"build_version":"2020-12-13","purchased_purges":2,"victory":true,"max_hp_per_floor":[68,68,68,68,68,68,68,68,68,68,68,75,75,75,75,75,75,75,75,75,75,75,75,75,75,75,75,75,75,75,75,75,75,75,75,75,75,75,75,75,75,75,75,75,89,89,89,89,89,89,89,89,89,89,89,89],"relic_stats":{"Happy Flower":[37],"counters":[27,118],"PreservedInsect":368,"Juzu Bracelet":1,"Bag of Preparation":[12],"Whetstone":["Tantrum","Strike_P"],"Letter Opener":[238],"War Paint":["Vigilance"],"Dream Catcher":2,"Bronze Scales":[165],"Art of War":[9],"obtain_stats":[{"Ice Cream":39,"Mango":45,"Juzu Bracelet":25,"Bag of Preparation":45,"Whetstone":8,"Empty Cage":34,"Dream Catcher":44,"HornCleat":26,"Strawberry":12,"Fusion Hammer":17,"Toxic Egg 2":9,"Potion Belt":23,"NeowsBlessing":0,"Happy Flower":10,"Golden Idol":4,"Thread and Needle":40,"PreservedInsect":36,"Omamori":47,"Letter Opener":27,"War Paint":55,"Du-Vu Doll":14,"Bronze Scales":42,"Art of War":36,"Bottled Lightning":43,"PureWater":0,"Pocketwatch":29},{"Ice Cream":18,"Mango":21,"Juzu Bracelet":12,"Bag of Preparation":21,"Whetstone":3,"Empty Cage":15,"Dream Catcher":21,"HornCleat":12,"Strawberry":5,"Fusion Hammer":8,"Toxic Egg 2":3,"Potion Belt":11,"NeowsBlessing":0,"Happy Flower":4,"Golden Idol":1,"Thread and Needle":19,"PreservedInsect":16,"Omamori":22,"Letter Opener":13,"War Paint":26,"Du-Vu Doll":7,"Bronze Scales":20,"Art of War":16,"Bottled Lightning":20,"PureWater":0,"Pocketwatch":13},{"Ice Cream":64,"Mango":76,"Juzu Bracelet":39,"Bag of Preparation":76,"Whetstone":4,"Empty Cage":54,"Dream Catcher":76,"HornCleat":39,"Strawberry":9,"Fusion Hammer":25,"Toxic Egg 2":4,"Potion Belt":35,"NeowsBlessing":0,"Happy Flower":7,"Golden Idol":2,"Thread and Needle":69,"PreservedInsect":57,"Omamori":81,"Letter Opener":42,"War Paint":108,"Du-Vu Doll":16,"Bronze Scales":71,"Art of War":57,"Bottled Lightning":71,"PureWater":0,"Pocketwatch":42}],"Pocketwatch":[18]},"card_choices":[{"not_picked":["Crescendo","Evaluate"],"picked":"Consecrate","floor":1.0},{"not_picked":["Indignation","Halt"],"picked":"CutThroughFate","floor":5.0},{"not_picked":["Weave","BowlingBash"],"picked":"DeusExMachina","floor":8.0},{"not_picked":["FlyingSleeves","Nirvana"],"picked":"Vault+1","floor":10.0},{"not_picked":["EmptyFist","BattleHymn"],"picked":"DeceiveReality+1","floor":12.0},{"not_picked":["FollowUp","Crescendo+1"],"picked":"Wireheading","floor":13.0},{"not_picked":["Evaluate+1","ThirdEye+1","Weave"],"picked":"SKIP","floor":14.0},{"not_picked":["ConjureBlade+1","Alpha+1"],"picked":"Scrawl+1","floor":16},{"not_picked":["Indignation+1","FlyingSleeves"],"picked":"ClearTheMind+1","floor":18},{"not_picked":["Vengeance+1","WreathOfFlame+1","Consecrate"],"picked":"SKIP","floor":20},{"not_picked":["EmptyFist","SignatureMove+1"],"picked":"Halt+1","floor":23},{"not_picked":["Consecrate","Prostrate+1","Evaluate+1"],"picked":"SKIP","floor":25},{"not_picked":["Sanctity+1","MasterReality"],"picked":"MentalFortress+1","floor":27},{"not_picked":["Prostrate+1","Halt+1"],"picked":"Sanctity+1","floor":31},{"not_picked":["Devotion","Ragnarok"],"picked":"Vault+1","floor":33},{"not_picked":["SashWhip","ReachHeaven","Prostrate+1"],"picked":"SKIP","floor":35},{"not_picked":["CrushJoints","Crescendo+1","Nirvana"],"picked":"SKIP","floor":38},{"not_picked":["LessonLearned","JustLucky+1","Perseverance+1"],"picked":"SKIP","floor":40},{"not_picked":["SandsOfTime","JustLucky+1"],"picked":"Wallop","floor":42},{"not_picked":["ClearTheMind+1","BowlingBash+1"],"picked":"Wireheading","floor":44},{"not_picked":["PathToVictory+1","EmptyFist","Halt+1"],"picked":"SKIP","floor":47},{"not_picked":["PathToVictory+1","Prostrate+1"],"picked":"SpiritShield+1","floor":48},{"not_picked":["Study+1","Halt+1"],"picked":"CutThroughFate+1","floor":49},{"not_picked":["Halt+1","JustLucky"],"picked":"Adaptation","floor":55}],"player_experience":1071997,"relics_obtained":[{"floor":8.0,"key":"Whetstone"},{"floor":9.0,"key":"Toxic Egg 2"},{"floor":10.0,"key":"Happy Flower"},{"floor":12.0,"key":"Strawberry"},{"floor":14.0,"key":"Du-Vu Doll"},{"floor":23,"key":"Potion Belt"},{"floor":25,"key":"Juzu Bracelet"},{"floor":26,"key":"HornCleat"},{"floor":27,"key":"Letter Opener"},{"floor":39,"key":"Ice Cream"},{"floor":40,"key":"Thread and Needle"},{"floor":42,"key":"Bronze Scales"},{"floor":43,"key":"Bottled Lightning"},{"floor":44,"key":"Dream Catcher"},{"floor":47,"key":"Omamori"},{"floor":55,"key":"War Paint"}],"event_choices":[{"damage_healed":0.0,"max_hp_gain":0.0,"max_hp_loss":0.0,"gold_gain":0.0,"event_name":"Living Wall","player_choice":"Grow","floor":2.0,"gold_loss":0.0,"damage_taken":0.0,"cards_upgraded":["Consecrate"]},{"cards_removed":["Strike_P"],"damage_healed":0.0,"max_hp_gain":0.0,"max_hp_loss":0.0,"gold_gain":0.0,"event_name":"The Cleric","player_choice":"Card Removal","floor":3.0,"gold_loss":75.0,"damage_taken":0.0},{"damage_healed":0.0,"max_hp_gain":0.0,"max_hp_loss":0.0,"gold_gain":0.0,"event_name":"Golden Idol","player_choice":"Take Damage","floor":4.0,"gold_loss":0.0,"damage_taken":23.0,"relics_obtained":["Golden Idol"]},{"damage_healed":0,"gold_gain":0,"cards_transformed":["Defend_P"],"player_choice":"Transformed","damage_taken":0,"max_hp_gain":0,"max_hp_loss":0,"event_name":"Transmorgrifier","floor":19,"gold_loss":0,"cards_obtained":["SpiritShield"]},{"cards_removed":["Defend_P"],"damage_healed":0,"gold_gain":0,"player_choice":"Gave Gold","damage_taken":0,"max_hp_gain":0,"max_hp_loss":0,"event_name":"Beggar","floor":21,"gold_loss":75},{"damage_healed":0,"gold_gain":0,"player_choice":"Joined the Cult","damage_taken":6,"max_hp_gain":0,"max_hp_loss":0,"event_name":"Nest","floor":22,"gold_loss":0,"cards_obtained":["RitualDagger"]},{"damage_healed":0,"gold_gain":270,"player_choice":"GOLD GOLD GOLD ","damage_taken":27,"max_hp_gain":0,"max_hp_loss":0,"event_name":"Knowing Skull","floor":28,"potions_obtained":[],"gold_loss":0,"cards_obtained":[]},{"damage_healed":0,"gold_gain":0,"player_choice":"Obtained Relic","damage_taken":0,"relics_obtained":["Pocketwatch"],"max_hp_gain":0,"max_hp_loss":0,"event_name":"Addict","floor":29,"gold_loss":85},{"damage_healed":0,"gold_gain":333,"player_choice":"Gave Idol","damage_taken":0,"max_hp_gain":0,"max_hp_loss":0,"event_name":"The Moai Head","floor":37,"relics_lost":["Golden Idol"],"gold_loss":0},{"damage_healed":0,"gold_gain":0,"player_choice":"Fight","damage_taken":0,"max_hp_gain":0,"max_hp_loss":0,"event_name":"Mysterious Sphere","floor":39,"gold_loss":0}],"is_beta":false,"boss_relics":[{"not_picked":["Runic Dome","Coffee Dripper"],"picked":"Fusion Hammer"},{"not_picked":["Busted Crown","Sozu"],"picked":"Empty Cage"}],"items_purged_floors":[11,36],"is_endless":false,"potions_floor_spawned":[5,8,10,14,16,18,23,25,33,39,40,42,44,55],"ascension_level":20}}