{"host":"3jhxjeq8h3mqaq9s","time":1608504618,"event":{"mods":["BaseMod","Bestiary","Colored Map","Highlight Path","Minty Spire (QoL Compilation)","Rare Cards Sparkle","Relic Stats","StSLib","everything is the same but u backflip on backflip","slay the spire mod where everything is the same but ironclad has a cowboy hat"],"gold_per_floor":[117,133,66,66,76,104,124,124,124,124,124,124,154,165,165,263,263,280,63,63,81,81,81,108,108,181,206,206,237,237,237,237,334,334,345,358,113,128,128,128],"floor_reached":39,"playtime":1517,"items_purged":["Zap","Strike_B+1"],"score":556,"play_id":"d589a294-a8c1-4187-9f31-90e942c6f706","local_time":"20201220175018","is_ascension_mode":true,"campfire_choices":[{"floor":8.0,"key":"REST"},{"data":"Reprogram","floor":10.0,"key":"SMITH"},{"floor":12.0,"key":"REST"},{"data":"Beam Cell","floor":15.0,"key":"SMITH"},{"data":"Beam Cell","floor":23.0,"key":"SMITH"},{"floor":25.0,"key":"REST"},{"data":"Echo Form","floor":28.0,"key":"SMITH"},{"data":"FTL","floor":32.0,"key":"SMITH"}],"circlet_count":0,"master_deck":["Strike_B+1","Defend_B","Defend_B","Defend_B","Defend_B","Dualcast","All For One","Reprogram+1","Leap","FTL","Beam Cell+1","Gash","Steam+1","Steam+1","Echo Form+1","Reprogram+1","All For One","Reprogram+1","Beam Cell+1","FTL+1","Hologram+1"],"relics":["Cracked Core","Blood Vial","Regal Pillow","Toxic Egg 2","SacredBark","Ancient Tea Set","Ornamental Fan","Frozen Egg 2","StrikeDummy","Empty Cage","Bag of Preparation"],"acts_visited":["Exordium","TheCity","TheBeyond"],"potions_floor_usage":[],"damage_taken":[{"damage":4.0,"enemies":"Small Slimes","floor":1.0,"turns":3.0},{"damage":0.0,"enemies":"Cultist","floor":2.0,"turns":4.0},{"damage":8.0,"enemies":"2 Louse","floor":5.0,"turns":3.0},{"damage":24.0,"enemies":"3 Sentries","floor":6.0,"turns":9.0},{"damage":19.0,"enemies":"Gremlin Gang","floor":7.0,"turns":5.0},{"damage":18.0,"enemies":"Gremlin Nob","floor":13.0,"turns":3.0},{"damage":12.0,"enemies":"Exordium Wildlife","floor":14.0,"turns":2.0},{"damage":6.0,"enemies":"The Guardian","floor":16.0,"turns":8.0},{"damage":10.0,"enemies":"3 Byrds","floor":18.0,"turns":6.0},{"damage":0.0,"enemies":"Chosen","floor":21.0,"turns":4.0},{"damage":38.0,"enemies":"Book of Stabbing","floor":24.0,"turns":6.0},{"damage":4.0,"enemies":"Slavers","floor":27.0,"turns":4.0},{"damage":19.0,"enemies":"Book of Stabbing","floor":29.0,"turns":5.0},{"damage":17.0,"enemies":"Collector","floor":33.0,"turns":5.0},{"damage":11.0,"enemies":"Orb Walker","floor":35.0,"turns":4.0},{"damage":33.0,"enemies":"3 Darklings","floor":36.0,"turns":5.0},{"damage":14,"enemies":"Writhing Mass","floor":38,"turns":6},{"damage":16,"enemies":"Sphere and 2 Shapes","floor":39,"turns":3}],"seed_played":"-1258084458760998420","potions_obtained":[{"floor":2.0,"key":"Block Potion"},{"floor":4.0,"key":"AttackPotion"},{"floor":4.0,"key":"DistilledChaos"},{"floor":6.0,"key":"Swift Potion"},{"floor":14.0,"key":"Strength Potion"},{"floor":29.0,"key":"SteroidPotion"},{"floor":33.0,"key":"CultistPotion"}],"is_trial":false,"path_per_floor":["M","M","$","?","M","E","M","R","T","R","?","R","E","M","R","B",null,"M","$","?","M","$","R","E","R","T","E","R","E","?","?","R","B",null,"M","M","$","M","M"],"character_chosen":"DEFECT","items_purchased":["FTL","All For One","Bag of Preparation"],"campfire_rested":3,"item_purchase_floors":[3,19,37],"current_hp_per_floor":[64,64,64,64,56,32,15,35,35,35,21,56,40,30,30,26,58,50,50,50,52,52,52,16,51,51,49,49,32,54,54,54,39,61,52,21,21,9,0,0],"gold":128,"neow_bonus":"THREE_RARE_CARDS","is_daily":false,"chose_seed":false,"campfire_upgraded":5,"win_rate":0.0,"timestamp":1608504618,"path_taken":["M","M","$","?","M","E","?","R","T","R","?","R","E","M","R","BOSS","M","$","?","?","$","R","E","R","T","E","R","E","?","?","R","BOSS","M","M","$","M","M"],"items_purchased_type":["Card","Card","Relic"],"build_version":"2020-12-13","purchased_purges":2,"victory":false,"max_hp_per_floor":[68,68,68,68,68,68,68,68,68,68,68,68,68,68,68,68,68,68,68,68,68,68,68,68,68,68,68,68,68,68,68,68,68,68,68,68,68,68,68,68],"relic_stats":{"Blood Vial":28,"Regal Pillow":30,"counters":[18,85],"Ornamental Fan":[92],"Bag of Preparation":[4],"obtain_stats":[{"Blood Vial":6,"Regal Pillow":9,"Ornamental Fan":26,"SacredBark":17,"Bag of Preparation":37,"Toxic Egg 2":13,"Frozen Egg 2":27,"Cracked Core":0,"Ancient Tea Set":24,"StrikeDummy":29,"Empty Cage":34},{"Blood Vial":4,"Regal Pillow":5,"Ornamental Fan":11,"SacredBark":8,"Bag of Preparation":16,"Toxic Egg 2":6,"Frozen Egg 2":12,"Cracked Core":0,"Ancient Tea Set":11,"StrikeDummy":13,"Empty Cage":14},{"Blood Vial":19,"Regal Pillow":24,"Ornamental Fan":53,"SacredBark":37,"Bag of Preparation":76,"Toxic Egg 2":27,"Frozen Egg 2":57,"Cracked Core":0,"Ancient Tea Set":53,"StrikeDummy":62,"Empty Cage":67}]},"card_choices":[{"not_picked":["Creative AI","Reboot"],"picked":"All For One","floor":0.0},{"not_picked":["Ball Lightning","Double Energy"],"picked":"Reprogram","floor":1.0},{"not_picked":["Go for the Eyes","Ball Lightning"],"picked":"Leap","floor":2.0},{"not_picked":["Coolheaded","Conserve Battery"],"picked":"Beam Cell","floor":5.0},{"not_picked":["Stack","Melter"],"picked":"Gash","floor":6.0},{"not_picked":["Storm","Force Field","Stack"],"picked":"SKIP","floor":7.0},{"not_picked":["Turbo+1","Coolheaded+1"],"picked":"Steam+1","floor":13.0},{"not_picked":["Skim+1","Capacitor"],"picked":"Steam+1","floor":14.0},{"not_picked":["Buffer","Creative AI"],"picked":"Echo Form","floor":16.0},{"not_picked":["Beam Cell","Steam+1"],"picked":"Reprogram+1","floor":18.0},{"not_picked":["Auto Shields+1","Glacier+1"],"picked":"Beam Cell","floor":21.0},{"not_picked":["Sweeping Beam+1","Leap+1"],"picked":"FTL","floor":24.0},{"not_picked":["Streamline","Double Energy+1"],"picked":"Hologram+1","floor":27.0},{"not_picked":["Hyperbeam","Barrage","Hologram+1"],"picked":"SKIP","floor":29.0},{"not_picked":["Leap+1","Stack+1","Streamline"],"picked":"SKIP","floor":35.0},{"not_picked":["Blizzard","Barrage","Chaos+1"],"picked":"SKIP","floor":36.0},{"not_picked":["Hello World+1","Stack+1","FTL"],"picked":"SKIP","floor":38}],"player_experience":2440154,"relics_obtained":[{"floor":6.0,"key":"Blood Vial"},{"floor":9.0,"key":"Regal Pillow"},{"floor":13.0,"key":"Toxic Egg 2"},{"floor":24.0,"key":"Ancient Tea Set"},{"floor":26.0,"key":"Ornamental Fan"},{"floor":27.0,"key":"Frozen Egg 2"},{"floor":29.0,"key":"StrikeDummy"}],"event_choices":[{"damage_healed":0.0,"max_hp_gain":0.0,"max_hp_loss":0.0,"gold_gain":0.0,"event_name":"Lab","player_choice":"Got Potions","floor":4.0,"gold_loss":0.0,"damage_taken":0.0},{"damage_healed":0.0,"max_hp_gain":0.0,"max_hp_loss":0.0,"gold_gain":0.0,"event_name":"Shining Light","player_choice":"Entered Light","floor":11.0,"gold_loss":0.0,"damage_taken":14.0,"cards_upgraded":["Strike_B","Strike_B"]},{"damage_healed":0.0,"max_hp_gain":0.0,"max_hp_loss":0.0,"gold_gain":0.0,"event_name":"Duplicator","player_choice":"Copied","floor":20.0,"gold_loss":0.0,"damage_taken":0.0,"cards_obtained":["Reprogram"]},{"damage_healed":22.0,"max_hp_gain":0.0,"max_hp_loss":0.0,"gold_gain":0.0,"event_name":"The Library","player_choice":"Heal","floor":30.0,"gold_loss":0.0,"damage_taken":0.0},{"damage_healed":0.0,"max_hp_gain":0.0,"max_hp_loss":0.0,"gold_gain":0.0,"event_name":"Ghosts","player_choice":"Ignored","floor":31.0,"gold_loss":0.0,"damage_taken":0.0}],"is_beta":false,"boss_relics":[{"not_picked":["FrozenCore","Inserter"],"picked":"SacredBark"},{"not_picked":["Tiny House","Calling Bell"],"picked":"Empty Cage"}],"items_purged_floors":[19,37],"is_endless":false,"potions_floor_spawned":[2,6,14,16,21,24,29,33,38],"killed_by":"Sphere and 2 Shapes","ascension_level":5}}