{"host":"gk9qdtkqd8dwfeg2","time":1608462768,"event":{"mods":["Aspiration","BaseMod","Marisa£®ÏF”Í°°ƒß¿Ì…≥£©","Minty Spire (QoL Compilation)","Quick Restart","Replay The Spire","Shop Mod","StSLib","TestMod","Waifu the Spire","Yuyuko"],"gold_per_floor":[110,124,124,68,81,115,115,131,131,147,147,72,82,109,109,188,188,203,203,203,219,250,283,283,311,323,335,364,411,107,118,118,191,191,203,221,221,443,461,486,486,513,513,532,566,609,609,690,690,712,740,740,740,29,77,99],"floor_reached":57,"playtime":2803,"items_purged":["Flex"],"score":3520,"play_id":"6d182048-f6af-4ca3-a962-bb2fe5d34d41","local_time":"20201220191248","is_ascension_mode":true,"campfire_choices":[{"data":"Armaments","floor":7.0,"key":"SMITH"},{"data":"Body Slam","floor":11.0,"key":"SMITH"},{"data":"Feed","floor":15.0,"key":"SMITH"},{"floor":24.0,"key":"REST"},{"data":"Die Die Die","floor":27.0,"key":"SMITH"},{"data":"Shockwave","floor":32.0,"key":"SMITH"},{"floor":47.0,"key":"RECALL"},{"data":"Impervious","floor":49.0,"key":"SMITH"},{"data":"testmod-BackupPower","floor":53,"key":"SMITH"}],"circlet_count":0,"master_deck":["AscendersBane","Strike_R","Defend_R","Defend_R","Defend_R","Bash","Armaments+1","Power Through","Body Slam+1","Evolve","Feed+1","Shrug It Off","Barricade","ReplayTheSpireMod:From All Sides","Storm of Steel","Die Die Die+1","Shockwave+1","ReplayTheSpireMod:Limb From Limb+1","Hemogenesis","ShootingEcho","6A","testmod-AutoReboundSystem","testmod-BackupPower+1","MagicAbsorber","BlazeAway+1","Impervious+1","EscapeVelocity","testmod-Reflect"],"relics":["Burning Blood","testmod-TestBox","testmod-IncinerationGenerator","aspiration:Nostalgia","PureWater","FaceOfCleric","testmod-Antiphasic","Replay:Rubber Ducky","testmod-BlackFramedGlasses","Snecko Heart","aspiration:Stabinomicon","Red Mask","aspiration:HummingbirdHeart","MawBank","Eternal Feather","Centennial Puzzle","MerchantsRug","aspiration:MarisaSkillbook","Boot","Counterbalance","Replay:Bandana","testmod-Muramasa","testmod-LifeArmor","Akabeko","testmod-MagicalMallet","Strawberry"],"acts_visited":["Exordium","TheCity","TheBeyond","TheEnding"],"potions_floor_usage":[56,56],"damage_taken":[{"damage":7.0,"enemies":"Small Slimes","floor":1.0,"turns":3.0},{"damage":0.0,"enemies":"Cultist","floor":2.0,"turns":3.0},{"damage":0.0,"enemies":"2 Louse","floor":5.0,"turns":2.0},{"damage":16.0,"enemies":"Gremlin Nob","floor":6.0,"turns":4.0},{"damage":1.0,"enemies":"2 Fungi Beasts","floor":8.0,"turns":4.0},{"damage":9.0,"enemies":"Exordium Wildlife","floor":10.0,"turns":4.0},{"damage":3.0,"enemies":"Looter","floor":13.0,"turns":3.0},{"damage":27.0,"enemies":"Lagavulin","floor":14.0,"turns":5.0},{"damage":0.0,"enemies":"Fading Forest","floor":16.0,"turns":13.0},{"damage":2.0,"enemies":"Spheric Guardian","floor":18.0,"turns":7.0},{"damage":16.0,"enemies":"Shell Parasite","floor":21.0,"turns":4.0},{"damage":0.0,"enemies":"Masked Bandits","floor":22.0,"turns":2.0},{"damage":37.0,"enemies":"Book of Stabbing","floor":23.0,"turns":5.0},{"damage":43.0,"enemies":"Gremlin Leader","floor":25.0,"turns":9.0},{"damage":7.0,"enemies":"Chosen and Byrds","floor":28.0,"turns":4.0},{"damage":0.0,"enemies":"Book of Stabbing","floor":29.0,"turns":5.0},{"damage":6.0,"enemies":"Cultist and Chosen","floor":31.0,"turns":4.0},{"damage":2.0,"enemies":"Pondfish","floor":33.0,"turns":8.0},{"damage":0.0,"enemies":"3 Shapes","floor":35.0,"turns":2.0},{"damage":4.0,"enemies":"3 Darklings","floor":36.0,"turns":4.0},{"damage":0.0,"enemies":"Transient","floor":39.0,"turns":6.0},{"damage":24.0,"enemies":"Reptomancer","floor":40.0,"turns":5.0},{"damage":4.0,"enemies":"Giant Head","floor":42.0,"turns":4.0},{"damage":0.0,"enemies":"Maw","floor":44.0,"turns":4.0},{"damage":11.0,"enemies":"R_Hoarder","floor":45.0,"turns":8.0},{"damage":3.0,"enemies":"Jaw Worm Horde","floor":46.0,"turns":3.0},{"damage":2.0,"enemies":"2 Orb Walkers","floor":48.0,"turns":3.0},{"damage":2,"enemies":"Awakened One","floor":50,"turns":6},{"damage":1,"enemies":"Replay:Hell Engine","floor":51,"turns":4},{"damage":0,"enemies":"Shield and Spear","floor":55,"turns":7},{"damage":2,"enemies":"The Heart","floor":56,"turns":7}],"seed_played":"-6156655736974172736","potions_obtained":[{"floor":1.0,"key":"PowerPotion"},{"floor":5.0,"key":"Fire Potion"},{"floor":14.0,"key":"Dexterity Potion"},{"floor":16.0,"key":"Ancient Potion"},{"floor":33.0,"key":"Languid Potion"},{"floor":48.0,"key":"SpeedPotion"}],"is_trial":false,"path_per_floor":["M","M","?","$","M","E","R","M","T","M","R","?","M","E","R","B",null,"M","?","?","M","?","E","R","E","T","R","M","E","$","M","R","B",null,"M","M","?","?","M","E","?","E","T","M","E","M","R","?","R","B","B",null,"R","$","E","B",null],"character_chosen":"IRONCLAD","items_purchased":["Armaments","MerchantsRug","Shockwave","testmod-LifeArmor","Akabeko","testmod-MagicalMallet","testmod-Reflect"],"campfire_rested":1,"item_purchase_floors":[4,30,30,54,54,54,54],"current_hp_per_floor":[67,73,73,73,76,67,67,73,73,71,71,71,75,59,59,79,84,87,66,66,61,70,45,72,45,45,54,58,74,74,83,92,103,103,104,105,105,105,106,100,90,97,97,109,114,115,115,120,120,121,122,122,122,122,134,135],"gold":99,"neow_bonus":"NOSTALGIA","is_daily":false,"chose_seed":false,"campfire_upgraded":7,"win_rate":0.0,"timestamp":1608462768,"path_taken":["M","M","?","?","M","E","R","M","T","M","R","?","M","E","R","BOSS","M","?","?","M","?","E","R","E","T","R","M","E","$","M","R","BOSS","M","M","?","?","?","E","?","E","T","M","E","M","R","?","R","BOSS","BOSS","R","$","E","BOSS"],"items_purchased_type":["Card","Relic","Card","Relic","Relic","Relic","Card"],"build_version":"2020-12-13","purchased_purges":1,"victory":true,"max_hp_per_floor":[75,75,75,75,76,77,77,78,78,79,79,79,80,85,85,86,86,87,87,87,88,89,90,90,91,91,91,92,97,97,102,102,103,103,104,105,105,105,106,107,107,108,108,109,114,115,115,120,120,121,122,122,122,122,134,135],"card_choices":[{"not_picked":["Headbutt","Thunderclap","Reckless Charge"],"picked":"SKIP","floor":1.0},{"not_picked":["Inflame","Wild Strike"],"picked":"Flex","floor":2.0},{"not_picked":["Searing Blow","Bloodletting"],"picked":"Power Through","floor":5.0},{"not_picked":["Shrug It Off","Cleave"],"picked":"Body Slam","floor":6.0},{"not_picked":["ReplayTheSpireMod:Strike From Hell","Sword Boomerang"],"picked":"Evolve","floor":8.0},{"not_picked":["Anger","Carnage","Flame Barrier"],"picked":"SKIP","floor":10.0},{"not_picked":["Evolve","Pommel Strike"],"picked":"Feed","floor":13.0},{"not_picked":["Body Slam","True Grit"],"picked":"Shrug It Off","floor":14.0},{"not_picked":["Double Tap","Feed"],"picked":"Barricade","floor":16.0},{"not_picked":["Anger","Cleave","ReplayTheSpireMod:Corrosion Curse"],"picked":"SKIP","floor":18.0},{"not_picked":["Inflame","Iron Wave","ReplayTheSpireMod:Strike From Hell"],"picked":"SKIP","floor":21.0},{"not_picked":["Heavy Blade","Clash","Flex+1"],"picked":"SKIP","floor":23.0},{"not_picked":["Wild Strike","Dropkick","Rage"],"picked":"SKIP","floor":25.0},{"not_picked":["Double Tap","Inflame","Heavy Blade"],"picked":"SKIP","floor":28.0},{"not_picked":["Dual Wield+1","Iron Wave+1","ReplayReversal"],"picked":"SKIP","floor":29.0},{"not_picked":["Havoc+1","Sword Boomerang"],"picked":"ReplayTheSpireMod:Limb From Limb+1","floor":31.0},{"not_picked":["Exhume","Barricade"],"picked":"Hemogenesis","floor":33.0},{"not_picked":["GalacticHalo","MagicAbsorber","WitchLeyline"],"picked":"ShootingEcho","floor":35.0},{"not_picked":["ShootTheMoon","Flex","DeepEcoloBomb","Iron Wave"],"picked":"SKIP","floor":36.0},{"not_picked":["UnstableBomb","Shrug It Off","Replay:Undeath\u0027s Touch"],"picked":"6A","floor":39.0},{"not_picked":["Abandon","Iron Wave","Dual Wield+1","Flex"],"picked":"SKIP","floor":40.0},{"not_picked":["Replay:Sssssssssstrike","testmod-TaurusBlackCat","Secret Technique"],"picked":"testmod-AutoReboundSystem","floor":41.0},{"not_picked":["Forethought","Finesse","Deep Breath"],"picked":"testmod-BackupPower","floor":41.0},{"not_picked":["BinaryStars","EarthLightRay","WitchLeyline"],"picked":"MagicAbsorber","floor":42.0},{"not_picked":["True Grit+1","IllusionStar+1","Disarm"],"picked":"BlazeAway+1","floor":44.0},{"not_picked":["Seeing Red","AsteroidBelt+1","Body Slam"],"picked":"Impervious","floor":45.0},{"not_picked":["Thunderclap","DC","EnergyRecoil","Uppercut"],"picked":"SKIP","floor":46.0},{"not_picked":["SporeBomb","Body Slam","Sword Boomerang"],"picked":"EscapeVelocity","floor":48.0},{"not_picked":["EarthLightRay","Body Slam+1","StarBarrage","Uppercut"],"picked":"SKIP","floor":55}],"player_experience":1059276,"relics_obtained":[{"floor":6.0,"key":"testmod-Antiphasic"},{"floor":9.0,"key":"Replay:Rubber Ducky"},{"floor":14.0,"key":"testmod-BlackFramedGlasses"},{"floor":19.0,"key":"aspiration:Stabinomicon"},{"floor":22.0,"key":"Red Mask"},{"floor":23.0,"key":"aspiration:HummingbirdHeart"},{"floor":25.0,"key":"MawBank"},{"floor":26.0,"key":"Eternal Feather"},{"floor":29.0,"key":"Centennial Puzzle"},{"floor":40.0,"key":"Boot"},{"floor":42.0,"key":"Counterbalance"},{"floor":45.0,"key":"Replay:Bandana"},{"floor":48.0,"key":"testmod-Muramasa"},{"floor":55,"key":"Strawberry"}],"event_choices":[{"damage_healed":0.0,"max_hp_gain":0.0,"max_hp_loss":0.0,"gold_gain":0.0,"event_name":"FaceTrader","player_choice":"Trade","floor":3.0,"gold_loss":0.0,"damage_taken":0.0,"relics_obtained":["FaceOfCleric"]},{"cards_removed":["Strike_R"],"damage_healed":0.0,"max_hp_gain":0.0,"max_hp_loss":0.0,"gold_gain":0.0,"event_name":"The Cleric","player_choice":"Card Removal","floor":12.0,"gold_loss":75.0,"damage_taken":0.0},{"damage_healed":0.0,"max_hp_gain":0.0,"max_hp_loss":0.0,"gold_gain":0.0,"event_name":"Cursed Tome","player_choice":"Obtained Book","floor":19.0,"gold_loss":0.0,"damage_taken":21.0},{"damage_healed":0.0,"max_hp_gain":0.0,"max_hp_loss":0.0,"gold_gain":0.0,"event_name":"Masked Bandits","player_choice":"Fought Bandits","floor":22.0,"gold_loss":0.0,"damage_taken":0.0},{"cards_removed":["Strike_R"],"damage_healed":0.0,"max_hp_gain":0.0,"max_hp_loss":0.0,"gold_gain":0.0,"event_name":"Falling","player_choice":"Removed Attack","floor":37.0,"gold_loss":0.0,"damage_taken":0.0},{"damage_healed":0.0,"max_hp_gain":0.0,"max_hp_loss":0.0,"gold_gain":222.0,"event_name":"Tomb of Lord Red Mask","player_choice":"Wore Mask","floor":38.0,"gold_loss":0.0,"damage_taken":0.0},{"damage_healed":0.0,"max_hp_gain":0.0,"max_hp_loss":0.0,"gold_gain":0.0,"event_name":"SensoryStone","player_choice":"Memory 3","floor":41.0,"gold_loss":0.0,"damage_taken":10.0},{"damage_healed":0.0,"max_hp_gain":0.0,"max_hp_loss":0.0,"gold_gain":0.0,"event_name":"Mysterious Sphere","player_choice":"Fight","floor":48.0,"gold_loss":0.0,"damage_taken":0.0}],"is_beta":false,"boss_relics":[{"not_picked":["testmod-Recursion","aspiration:RunicSpoon"],"picked":"Snecko Heart"},{"not_picked":["Runic Pyramid","SacredBark"],"picked":"aspiration:MarisaSkillbook"}],"items_purged_floors":[30],"is_endless":false,"potions_floor_spawned":[1,5,6,14,16,21,25,28,33,35,36,48],"ascension_level":20}}