{"host":"newqdrzxfhh2im9e","time":1608452955,"event":{"mods":["AchievementEnabler","BaseMod","BetterRewards","Block Reminder","Colored Map","Jorbs\u0027s Wanderer Trilogy","Minty Spire (QoL Compilation)","Rare Cards Sparkle","Shop Mod","StSLib"],"gold_per_floor":[117,134,153,170,170,170,181,31,31,31,56,74,109,74,74,175,175,192,192,18,18,35,35,35],"floor_reached":23,"playtime":671,"items_purged":[],"score":211,"play_id":"fa330f22-f42c-4d82-a64b-7e74847a185f","local_time":"20201220002915","is_ascension_mode":true,"campfire_choices":[{"data":"Storm","floor":6,"key":"SMITH"},{"floor":15,"key":"REST"}],"circlet_count":0,"master_deck":["Strike_B+1","Strike_B+1","Strike_B+1","Strike_B+1","Defend_B+1","Defend_B+1","Defend_B+1","Defend_B+1","Zap","Dualcast+1","Conserve Battery","Storm+1","Core Surge","Tempest","Auto Shields","Machine Learning","Buffer","Rip and Tear+1","Master of Strategy","RitualDagger","BootSequence+1"],"relics":["Cracked Core","MealTicket","Girya","Sundial","Pocketwatch","Black Star"],"acts_visited":["Exordium","TheCity"],"potions_floor_usage":[4,7,11,13,18,23],"damage_taken":[{"damage":8,"enemies":"Small Slimes","floor":1,"turns":3},{"damage":1,"enemies":"Cultist","floor":2,"turns":3},{"damage":6,"enemies":"Jaw Worm","floor":3,"turns":3},{"damage":2,"enemies":"2 Fungi Beasts","floor":4,"turns":3},{"damage":3,"enemies":"3 Louse","floor":7,"turns":3},{"damage":20,"enemies":"Gremlin Nob","floor":11,"turns":4},{"damage":7,"enemies":"Blue Slaver","floor":12,"turns":3},{"damage":31,"enemies":"Lagavulin","floor":13,"turns":5},{"damage":32,"enemies":"Slime Boss","floor":16,"turns":11},{"damage":10,"enemies":"Shell Parasite","floor":18,"turns":6},{"damage":10,"enemies":"Chosen","floor":22,"turns":4},{"damage":68,"enemies":"Slavers","floor":23,"turns":4}],"seed_played":"5903593862174389945","potions_obtained":[{"floor":2,"key":"Fire Potion"},{"floor":3,"key":"DistilledChaos"},{"floor":7,"key":"EssenceOfDarkness"},{"floor":11,"key":"SteroidPotion"},{"floor":16,"key":"SkillPotion"},{"floor":22,"key":"DuplicationPotion"}],"is_trial":false,"path_per_floor":["M","M","M","M","?","R","M","$","T","$","E","M","E","?","R","B",null,"M","?","$","?","M","E"],"character_chosen":"DEFECT","items_purchased":["MealTicket","Master of Strategy"],"campfire_rested":1,"item_purchase_floors":[8,20],"current_hp_per_floor":[67,66,60,58,75,75,72,72,72,75,55,48,17,35,57,25,75,65,65,75,69,59,0,0],"gold":35,"neow_bonus":"UPGRADE_CARD","is_daily":false,"chose_seed":false,"campfire_upgraded":1,"win_rate":0.0,"timestamp":1608452955,"path_taken":["M","M","M","M","?","R","M","?","T","$","E","M","E","?","R","BOSS","M","?","$","?","M","E"],"items_purchased_type":["Relic","Card"],"build_version":"2020-12-13","purchased_purges":0,"victory":false,"max_hp_per_floor":[75,75,75,75,75,75,75,75,75,75,75,75,75,75,75,75,75,75,75,75,75,75,75,75],"card_choices":[{"not_picked":["Turbo","Rebound"],"picked":"Static Discharge","floor":1},{"not_picked":["Beam Cell","Go for the Eyes"],"picked":"Conserve Battery","floor":2},{"not_picked":["Rebound","Steam"],"picked":"Storm","floor":3},{"not_picked":["Ball Lightning","Cold Snap","Rebound"],"picked":"SKIP","floor":4},{"not_picked":["Compile Driver","Glacier"],"picked":"Core Surge","floor":7},{"not_picked":["Streamline","Compile Driver"],"picked":"Tempest","floor":11},{"not_picked":["Rebound","Redo"],"picked":"Auto Shields","floor":12},{"not_picked":["Auto Shields","Turbo"],"picked":"Machine Learning","floor":13},{"not_picked":["Machine Learning","Amplify"],"picked":"Buffer","floor":16},{"not_picked":["Aggregate","Redo"],"picked":"Rip and Tear+1","floor":18},{"not_picked":["Cold Snap","Barrage"],"picked":"BootSequence+1","floor":22}],"player_experience":618489,"relics_obtained":[{"floor":9,"key":"Girya"},{"floor":11,"key":"Sundial"},{"floor":13,"key":"Pocketwatch"}],"event_choices":[{"cards_removed":["Static Discharge"],"damage_healed":17,"gold_gain":0,"player_choice":"Offered Uncommon","damage_taken":0,"max_hp_gain":0,"max_hp_loss":0,"event_name":"Bonfire Elementals","floor":5,"gold_loss":0},{"damage_healed":18,"gold_gain":0,"player_choice":"Healed","damage_taken":0,"max_hp_gain":0,"max_hp_loss":0,"event_name":"The Cleric","floor":14,"gold_loss":35},{"damage_healed":0,"gold_gain":0,"player_choice":"Simplicity","damage_taken":0,"max_hp_gain":0,"max_hp_loss":0,"event_name":"Back to Basics","floor":19,"gold_loss":0,"cards_upgraded":["Strike_B","Strike_B","Strike_B","Strike_B","Defend_B","Defend_B","Defend_B","Defend_B"]},{"damage_healed":0,"gold_gain":0,"player_choice":"Joined the Cult","damage_taken":6,"max_hp_gain":0,"max_hp_loss":0,"event_name":"Nest","floor":21,"gold_loss":0,"cards_obtained":["RitualDagger"]}],"is_beta":false,"boss_relics":[{"not_picked":["Fusion Hammer","Snecko Eye"],"picked":"Black Star"}],"items_purged_floors":[],"is_endless":false,"potions_floor_spawned":[2,3,7,11,16,22],"killed_by":"Slavers","ascension_level":1}}