{"host":"gk5m6v7zec9neb0j","time":1608478221,"event":{"mods":["AchievementEnabler","AlwaysNeverKeys","BaseMod","BetterRewards","Block Reminder","Minty Spire (QoL Compilation)","Rare Cards Sparkle","Relic Stats","StSLib"],"gold_per_floor":[116,191,205,220,170,170,203,203,203,203,56,56,111,25,25,126,126,138,138,38,55,55,55,55,81,130,165,183,201,201,220,220,318,318,332,332,61,80,93,93,93,93,93,105,124,144,159,176,176,176,176,176,26,26,26],"floor_reached":54,"playtime":1960,"items_purged":["Strike_G","Strike_G","Strike_G","Strike_G"],"score":1041,"play_id":"28b95536-1992-4e50-84ad-d8974ef86c14","local_time":"20201220103021","is_ascension_mode":true,"campfire_choices":[{"data":"Neutralize","floor":6.0,"key":"SMITH"},{"data":"Accuracy","floor":8.0,"key":"SMITH"},{"floor":10.0,"key":"REST"},{"floor":15.0,"key":"REST"},{"data":"Cloak And Dagger","floor":23.0,"key":"SMITH"},{"floor":30.0,"key":"REST"},{"data":"Footwork","floor":32.0,"key":"SMITH"},{"floor":40.0,"key":"REST"},{"data":"Footwork","floor":42.0,"key":"SMITH"},{"floor":49.0,"key":"REST"},{"data":"Accuracy","floor":52.0,"key":"SMITH"}],"circlet_count":0,"master_deck":["AscendersBane","Defend_G","Defend_G","Defend_G","Defend_G","Defend_G","Survivor","Neutralize+1","Footwork+1","Blade Dance","Deflect","Accuracy+1","Quick Slash","Backstab","Dagger Spray","Footwork+1","Blade Dance","Doppelganger","Cloak And Dagger+1","Prepared+1","Accuracy+1","Blade Dance+1","Deflect+1","Cloak And Dagger","Accuracy","Doppelganger","Cloak And Dagger+1","Cloak And Dagger+1"],"relics":["Ring of the Snake","Ice Cream","White Beast Statue","Pantograph","Happy Flower","Black Star","Tough Bandages","Bottled Flame","Tiny Chest","Toy Ornithopter","StrikeDummy","HoveringKite","Chemical X","Bottled Lightning"],"acts_visited":["Exordium","TheCity","TheBeyond","TheEnding"],"potions_floor_usage":[],"damage_taken":[{"damage":0.0,"enemies":"Small Slimes","floor":1.0,"turns":4.0},{"damage":0.0,"enemies":"Cultist","floor":3.0,"turns":4.0},{"damage":9.0,"enemies":"Jaw Worm","floor":4.0,"turns":5.0},{"damage":13.0,"enemies":"3 Sentries","floor":7.0,"turns":12.0},{"damage":23.0,"enemies":"3 Sentries","floor":13.0,"turns":11.0},{"damage":28.0,"enemies":"Hexaghost","floor":16.0,"turns":11.0},{"damage":0.0,"enemies":"3 Byrds","floor":18.0,"turns":5.0},{"damage":0.0,"enemies":"Chosen","floor":21.0,"turns":6.0},{"damage":0.0,"enemies":"Slavers","floor":25.0,"turns":4.0},{"damage":10.0,"enemies":"Book of Stabbing","floor":27.0,"turns":6.0},{"damage":11.0,"enemies":"Sentry and Sphere","floor":28.0,"turns":5.0},{"damage":10.0,"enemies":"3 Cultists","floor":29.0,"turns":5.0},{"damage":19.0,"enemies":"Snake Plant","floor":31.0,"turns":5.0},{"damage":23.0,"enemies":"Automaton","floor":33.0,"turns":9.0},{"damage":5.0,"enemies":"3 Shapes","floor":35.0,"turns":5.0},{"damage":46.0,"enemies":"3 Darklings","floor":38.0,"turns":6.0},{"damage":18.0,"enemies":"Spire Growth","floor":39.0,"turns":4.0},{"damage":2.0,"enemies":"4 Shapes","floor":44.0,"turns":8.0},{"damage":6.0,"enemies":"Jaw Worm Horde","floor":45.0,"turns":4.0},{"damage":4.0,"enemies":"Writhing Mass","floor":46.0,"turns":6.0},{"damage":20.0,"enemies":"4 Shapes","floor":47.0,"turns":5.0},{"damage":0.0,"enemies":"3 Darklings","floor":48.0,"turns":3.0},{"damage":41.0,"enemies":"Awakened One","floor":50.0,"turns":12.0},{"damage":97,"enemies":"Shield and Spear","floor":54,"turns":6}],"seed_played":"9026765495129944681","potions_obtained":[{"floor":3.0,"key":"Ancient Potion"},{"floor":7.0,"key":"Fire Potion"},{"floor":13.0,"key":"EntropicBrew"},{"floor":19.0,"key":"Explosive Potion"},{"floor":21.0,"key":"Explosive Potion"},{"floor":25.0,"key":"Energy Potion"},{"floor":27.0,"key":"Explosive Potion"},{"floor":29.0,"key":"Regen Potion"},{"floor":31.0,"key":"DuplicationPotion"},{"floor":35.0,"key":"EntropicBrew"},{"floor":38.0,"key":"FairyPotion"},{"floor":44.0,"key":"Block Potion"},{"floor":45.0,"key":"DistilledChaos"}],"is_trial":false,"path_per_floor":["M","?","M","M","?","R","E","R","T","R","$","?","?","$","R","B",null,"M","?","$","M","?","R","$","E","T","E","M","M","R","M","R","B",null,"M","?","$","M","M","R","?","R","T","M","M","M","M","M","R","B",null,"R","$","E"],"character_chosen":"THE_SILENT","items_purchased":["Footwork","Backstab","Footwork","Blade Dance","Chemical X"],"campfire_rested":5,"item_purchase_floors":[0,11,14,14,37],"current_hp_per_floor":[63,56,56,47,47,47,34,34,34,55,55,52,29,29,50,42,63,63,63,63,63,63,63,63,63,63,53,42,37,58,39,39,46,64,59,59,59,47,29,50,45,45,45,43,37,33,13,13,34,33,61,61,61,0,0],"gold":26,"neow_bonus":"","is_daily":false,"chose_seed":false,"campfire_upgraded":6,"win_rate":0.0,"timestamp":1608478221,"path_taken":["M","?","?","M","?","R","E","R","T","R","$","?","?","$","R","BOSS","M","?","?","M","?","R","$","E","T","E","M","M","R","M","R","BOSS","M","?","$","M","M","R","?","R","T","M","M","M","M","M","R","BOSS","R","$","E"],"items_purchased_type":["Card","Card","Card","Card","Relic"],"build_version":"2020-12-13","purchased_purges":4,"victory":false,"max_hp_per_floor":[70,70,70,70,70,70,70,70,70,70,70,70,70,70,70,70,70,70,70,70,70,70,70,70,70,70,70,70,70,70,70,70,70,70,70,70,70,70,70,70,70,70,70,70,70,70,70,70,70,70,70,70,70,70,70],"relic_stats":{"Tough Bandages":[156],"Happy Flower":[38],"counters":[31,183],"Pantograph":70,"HoveringKite":[22],"Tiny Chest":0,"Black Star":2,"Chemical X":[12],"obtain_stats":[{"Potion Belt":9,"Ice Cream":7,"Happy Flower":13,"Golden Idol":3,"HoveringKite":34,"Ancient Tea Set":4,"White Beast Statue":9,"Tough Bandages":25,"Bottled Flame":25,"Pantograph":12,"Tiny Chest":26,"Black Star":17,"Chemical X":37,"Bottled Lightning":43,"StrikeDummy":27,"Toy Ornithopter":27,"Ring of the Snake":0},{"Potion Belt":3,"Ice Cream":11,"Happy Flower":12,"Golden Idol":2,"HoveringKite":21,"Ancient Tea Set":2,"White Beast Statue":11,"Tough Bandages":16,"Bottled Flame":16,"Pantograph":11,"Tiny Chest":16,"Black Star":13,"Chemical X":22,"Bottled Lightning":24,"StrikeDummy":17,"Toy Ornithopter":17,"Ring of the Snake":0},{"Potion Belt":9,"Ice Cream":57,"Happy Flower":68,"Golden Idol":5,"HoveringKite":124,"Ancient Tea Set":5,"White Beast Statue":57,"Tough Bandages":94,"Bottled Flame":94,"Pantograph":57,"Tiny Chest":94,"Black Star":79,"Chemical X":129,"Bottled Lightning":139,"StrikeDummy":100,"Toy Ornithopter":100,"Ring of the Snake":0}],"Toy Ornithopter":35,"Ring of the Snake":[62]},"card_choices":[{"not_picked":["Sucker Punch","All Out Attack"],"picked":"Blade Dance","floor":1.0},{"not_picked":["All Out Attack","Dagger Throw"],"picked":"Deflect","floor":3.0},{"not_picked":["Backflip","Quick Slash"],"picked":"Accuracy","floor":4.0},{"not_picked":["Glass Knife","Masterful Stab"],"picked":"Quick Slash","floor":7.0},{"not_picked":["Sucker Punch","Deadly Poison"],"picked":"Dagger Spray","floor":13.0},{"not_picked":["Tools of the Trade","Wraith Form v2"],"picked":"Doppelganger","floor":16.0},{"not_picked":["All Out Attack","Deflect"],"picked":"Cloak And Dagger","floor":18.0},{"not_picked":["Outmaneuver","Quick Slash","Poisoned Stab"],"picked":"SKIP","floor":21.0},{"not_picked":["Doppelganger","Eviscerate"],"picked":"Prepared+1","floor":25.0},{"not_picked":["Backflip","Blur"],"picked":"Accuracy","floor":27.0},{"not_picked":["Poisoned Stab","Slice"],"picked":"Blade Dance+1","floor":28.0},{"not_picked":["Dagger Spray","Deadly Poison"],"picked":"Deflect+1","floor":29.0},{"not_picked":["Blade Dance+1","Bane"],"picked":"Cloak And Dagger","floor":31.0},{"not_picked":["Leg Sweep+1","Slice+1"],"picked":"Accuracy","floor":35.0},{"not_picked":["Deadly Poison+1","Poisoned Stab","Quick Slash+1"],"picked":"SKIP","floor":38.0},{"not_picked":["Caltrops+1","Bane+1"],"picked":"Doppelganger","floor":39.0},{"not_picked":["Backflip+1","Escape Plan"],"picked":"Cloak And Dagger+1","floor":44.0},{"not_picked":["Dodge and Roll+1","PiercingWail+1","Backstab"],"picked":"SKIP","floor":45.0},{"not_picked":["Poisoned Stab+1","Infinite Blades","Quick Slash"],"picked":"SKIP","floor":46.0},{"not_picked":["Deadly Poison+1","Acrobatics"],"picked":"Cloak And Dagger+1","floor":47.0},{"not_picked":["Bane+1","Quick Slash+1","Blade Dance"],"picked":"SKIP","floor":48.0}],"player_experience":704753,"relics_obtained":[{"floor":7.0,"key":"Ice Cream"},{"floor":9.0,"key":"White Beast Statue"},{"floor":13.0,"key":"Happy Flower"},{"floor":25.0,"key":"Tough Bandages"},{"floor":25.0,"key":"Bottled Flame"},{"floor":26.0,"key":"Tiny Chest"},{"floor":27.0,"key":"Toy Ornithopter"},{"floor":27.0,"key":"StrikeDummy"},{"floor":43.0,"key":"Bottled Lightning"}],"event_choices":[{"damage_healed":0.0,"max_hp_gain":0.0,"max_hp_loss":0.0,"gold_gain":75.0,"event_name":"FaceTrader","player_choice":"Touch","floor":2.0,"gold_loss":0.0,"damage_taken":7.0},{"cards_removed":["Strike_G"],"damage_healed":0.0,"max_hp_gain":0.0,"max_hp_loss":0.0,"gold_gain":0.0,"event_name":"The Cleric","player_choice":"Card Removal","floor":5.0,"gold_loss":50.0,"damage_taken":0.0},{"damage_healed":0.0,"max_hp_gain":0.0,"max_hp_loss":0.0,"gold_gain":0.0,"event_name":"Scrap Ooze","player_choice":"Success","floor":12.0,"gold_loss":0.0,"damage_taken":3.0,"relics_obtained":["Pantograph"]},{"damage_healed":0.0,"max_hp_gain":0.0,"max_hp_loss":0.0,"gold_gain":0.0,"event_name":"Dead Adventurer","player_choice":"Searched \u00271\u0027 times","floor":13.0,"gold_loss":0.0,"damage_taken":0.0},{"damage_healed":0.0,"max_hp_gain":0.0,"max_hp_loss":0.0,"gold_gain":0.0,"event_name":"Lab","player_choice":"Got Potions","floor":19.0,"gold_loss":0.0,"damage_taken":0.0},{"damage_healed":0.0,"max_hp_gain":0.0,"max_hp_loss":0.0,"gold_gain":0.0,"event_name":"Mysterious Sphere","player_choice":"Ignored","floor":36.0,"gold_loss":0.0,"damage_taken":0.0},{"damage_healed":0.0,"max_hp_gain":0.0,"max_hp_loss":0.0,"gold_gain":0.0,"event_name":"SensoryStone","player_choice":"Memory 2","floor":41.0,"gold_loss":0.0,"damage_taken":5.0}],"is_beta":false,"boss_relics":[{"not_picked":["Busted Crown","Fusion Hammer"],"picked":"Black Star"},{"not_picked":["Philosopher\u0027s Stone","Snecko Eye"],"picked":"HoveringKite"}],"items_purged_floors":[11,20,37,53],"is_endless":false,"potions_floor_spawned":[3,4,7,13,16,18,21,25,27,28,29,31,33,35,38,39,44,45,46,47,48],"killed_by":"Shield and Spear","ascension_level":10}}