{"host":"qwttrqaysb380yri","time":1608484213,"event":{"mods":["BaseMod","Custom Start","Minty Spire (QoL Compilation)","Permanent Neow","Puzzle Mod","Relic Stats","StSLib","The Cursed","The Hierophant"],"gold_per_floor":[116,291,310,320,395,395,424,437,437,465,476,476,426,437,437,516,516,536,210,210,220,234,264,264,296,320,320,340,340,353,370,370,443,443,458,264,264,284,284,327,354,388,388,403,417,433,447,481,481,481],"floor_reached":51,"playtime":2796,"items_purged":["Strike_G","Strike_G+1"],"score":1400,"play_id":"167ce887-2ff6-49e1-9cc9-3afb315b49e9","local_time":"20201220181013","is_ascension_mode":true,"campfire_choices":[{"data":"Blade Dance","floor":6,"key":"SMITH"},{"data":"Neutralize","floor":12,"key":"SMITH"},{"floor":15,"key":"REST"},{"data":"Apotheosis","floor":24,"key":"SMITH"},{"floor":27,"key":"REST"},{"floor":32,"key":"REST"},{"data":"Dodge and Roll","floor":49,"key":"SMITH"}],"circlet_count":0,"master_deck":["AscendersBane","Strike_G+1","Strike_G+1","Defend_G+1","Defend_G+1","Defend_G+1","Defend_G+1","Neutralize+1","Tools of the Trade","Slice","Prepared+1","Blade Dance+1","Venomology","Predator+1","Slice+1","Blade Dance","Phantasmal Killer+1","Dodge and Roll+1","Apotheosis+1","Finisher+1","Terror","Backflip","Backflip+1","Predator+1","Glass Knife+1","Blur+1","Acrobatics+1","Wraith Form v2+1","Well Laid Plans+1","Footwork+1","Backflip","Footwork+1","Reflex","Footwork+1"],"relics":["Ring of the Snake","Toy Ornithopter","Smiling Mask","Molten Egg 2","Philosopher\u0027s Stone","Tiny Chest","Frozen Egg 2","Bronze Scales","Astrolabe","Orrery","Singing Bowl","CeramicFish","Centennial Puzzle","War Paint","Strawberry"],"acts_visited":["Exordium","TheCity","TheBeyond"],"potions_floor_usage":[7,7,10,10,14,16,16,16,21,22,23,23,25,25,28,31,33,33,38,38,40,40,41,41,42,42,42,44,45,46,47,48,48,48,48,48,48,50,50],"damage_taken":[{"damage":8,"enemies":"Cultist","floor":1,"turns":4},{"damage":5,"enemies":"Jaw Worm","floor":3,"turns":5},{"damage":0,"enemies":"Small Slimes","floor":4,"turns":6},{"damage":14,"enemies":"3 Sentries","floor":7,"turns":8},{"damage":0,"enemies":"Blue Slaver","floor":8,"turns":4},{"damage":11,"enemies":"Lagavulin","floor":10,"turns":6},{"damage":0,"enemies":"Large Slime","floor":11,"turns":5},{"damage":32,"enemies":"Exordium Thugs","floor":14,"turns":5},{"damage":18,"enemies":"Slime Boss","floor":16,"turns":6},{"damage":6,"enemies":"3 Byrds","floor":18,"turns":6},{"damage":8,"enemies":"Shell Parasite","floor":21,"turns":3},{"damage":28,"enemies":"Snake Plant","floor":22,"turns":3},{"damage":0,"enemies":"Book of Stabbing","floor":23,"turns":2},{"damage":27,"enemies":"Slavers","floor":25,"turns":4},{"damage":6,"enemies":"3 Cultists","floor":28,"turns":4},{"damage":1,"enemies":"Chosen and Byrds","floor":30,"turns":3},{"damage":13,"enemies":"Snecko","floor":31,"turns":4},{"damage":28,"enemies":"Champ","floor":33,"turns":9},{"damage":0,"enemies":"3 Shapes","floor":35,"turns":3},{"damage":20,"enemies":"3 Darklings","floor":38,"turns":4},{"damage":30,"enemies":"Nemesis","floor":40,"turns":5},{"damage":14,"enemies":"4 Shapes","floor":41,"turns":6},{"damage":0,"enemies":"Giant Head","floor":42,"turns":6},{"damage":3,"enemies":"Spire Growth","floor":44,"turns":4},{"damage":2,"enemies":"Writhing Mass","floor":45,"turns":7},{"damage":18,"enemies":"Sphere and 2 Shapes","floor":46,"turns":3},{"damage":0,"enemies":"Maw","floor":47,"turns":4},{"damage":0,"enemies":"Nemesis","floor":48,"turns":5},{"damage":73,"enemies":"Donu and Deca","floor":50,"turns":10}],"seed_played":"-8713003117310579531","potions_obtained":[{"floor":3,"key":"DistilledChaos"},{"floor":4,"key":"EssenceOfSteel"},{"floor":8,"key":"ColorlessPotion"},{"floor":11,"key":"Regen Potion"},{"floor":21,"key":"SpeedPotion"},{"floor":23,"key":"BlessingOfTheForge"},{"floor":25,"key":"Dexterity Potion"},{"floor":33,"key":"PowerPotion"},{"floor":41,"key":"DuplicationPotion"},{"floor":42,"key":"Fire Potion"},{"floor":47,"key":"EntropicBrew"},{"floor":48,"key":"Fruit Juice"}],"is_trial":false,"path_per_floor":["M","?","M","M","?","R","E","M","T","E","M","R","?","M","R","B",null,"M","$","?","M","M","E","R","E","T","R","M","?","M","M","R","B",null,"M","$","?","M","T","E","M","E","T","M","M","M","M","E","R","B",null],"character_chosen":"THE_SILENT","items_purchased":["Apotheosis","Finisher+1","Terror","Orrery"],"campfire_rested":3,"item_purchase_floors":[19,19,19,36],"current_hp_per_floor":[55,55,50,50,39,39,25,25,25,24,24,24,24,9,30,27,59,53,53,53,50,27,37,37,20,20,41,40,40,39,31,52,34,61,61,61,61,51,51,31,27,44,44,48,53,42,49,91,91,24],"gold":481,"neow_bonus":"ONE_RANDOM_RARE_CARD","is_daily":false,"chose_seed":false,"campfire_upgraded":4,"win_rate":0.0,"timestamp":1608484213,"path_taken":["M","?","M","M","?","R","E","M","T","E","M","R","?","M","R","BOSS","M","$","?","M","M","E","R","E","T","R","M","?","M","M","R","BOSS","M","$","?","?","?","E","?","E","T","M","?","M","M","E","R","BOSS"],"items_purchased_type":["Card","Card","Card","Relic"],"build_version":"2020-12-13","purchased_purges":2,"victory":true,"max_hp_per_floor":[70,70,70,70,70,70,70,70,70,70,70,70,70,70,70,70,70,70,70,70,70,70,70,70,70,70,70,70,70,70,70,70,70,70,70,70,70,70,70,70,70,72,72,74,76,78,80,92,92,92],"relic_stats":{"Centennial Puzzle":[12],"Singing Bowl":10,"counters":[29,144],"Bronze Scales":[162],"Astrolabe":["Blur","Acrobatics","Wraith Form v2"],"CeramicFish":27,"Tiny Chest":1,"War Paint":["Phantasmal Killer","Prepared"],"Smiling Mask":75,"obtain_stats":[{"Singing Bowl":39,"Astrolabe":34,"CeramicFish":40,"Frozen Egg 2":25,"War Paint":43,"Smiling Mask":9,"Centennial Puzzle":42,"Bronze Scales":26,"Strawberry":48,"Orrery":36,"Molten Egg 2":10,"Philosopher\u0027s Stone":17,"Tiny Chest":23,"Toy Ornithopter":7,"Ring of the Snake":0},{"Singing Bowl":20,"Astrolabe":18,"CeramicFish":21,"Frozen Egg 2":14,"War Paint":23,"Smiling Mask":5,"Centennial Puzzle":23,"Bronze Scales":14,"Strawberry":28,"Orrery":19,"Molten Egg 2":6,"Philosopher\u0027s Stone":9,"Tiny Chest":13,"Toy Ornithopter":4,"Ring of the Snake":0},{"Singing Bowl":94,"Astrolabe":87,"CeramicFish":99,"Frozen Egg 2":67,"War Paint":111,"Smiling Mask":27,"Centennial Puzzle":111,"Bronze Scales":67,"Strawberry":134,"Orrery":90,"Molten Egg 2":33,"Philosopher\u0027s Stone":49,"Tiny Chest":63,"Toy Ornithopter":23,"Ring of the Snake":0}],"Toy Ornithopter":181,"Ring of the Snake":[58]},"card_choices":[{"not_picked":["Quick Slash","Bane"],"picked":"Slice","floor":1},{"not_picked":["Poisoned Stab","PiercingWail"],"picked":"Prepared","floor":3},{"not_picked":["Predator","Crippling Poison"],"picked":"Blade Dance","floor":4},{"not_picked":["Catalyst","Acrobatics"],"picked":"Sucker Punch","floor":7},{"not_picked":["Setup","Dagger Throw"],"picked":"Venomology","floor":8},{"not_picked":["Crippling Poison","Caltrops"],"picked":"Predator+1","floor":10},{"not_picked":["Infinite Blades","Dash+1"],"picked":"Slice+1","floor":11},{"not_picked":["Dodge and Roll","All Out Attack+1"],"picked":"Blade Dance","floor":14},{"not_picked":["Unload+1","Envenom"],"picked":"Phantasmal Killer","floor":16},{"not_picked":["Deflect","Dagger Throw+1"],"picked":"Dodge and Roll","floor":18},{"not_picked":["Flechettes+1","Poisoned Stab+1","Flying Knee+1"],"picked":"SKIP","floor":21},{"not_picked":["Catalyst","Riddle With Holes+1","Bane+1"],"picked":"SKIP","floor":22},{"not_picked":["Flying Knee+1","Wraith Form v2","Bullet Time"],"picked":"SKIP","floor":23},{"not_picked":["Underhanded Strike+1","Unload+1"],"picked":"Backflip","floor":25},{"not_picked":["Outmaneuver","Endless Agony+1","Poisoned Stab+1"],"picked":"SKIP","floor":28},{"not_picked":["Outmaneuver","Endless Agony+1","Poisoned Stab+1"],"picked":"SKIP","floor":28},{"not_picked":["Bane+1","Leg Sweep"],"picked":"Backflip+1","floor":30},{"not_picked":["Noxious Fumes+1","Bane+1"],"picked":"Predator+1","floor":31},{"not_picked":["Grand Finale+1","Bullet Time"],"picked":"Glass Knife+1","floor":33},{"not_picked":["Outmaneuver","Distraction","Escape Plan"],"picked":"SKIP","floor":35},{"not_picked":["Slice+1","Deflect"],"picked":"Well Laid Plans+1","floor":36},{"not_picked":["Infinite Blades+1","Quick Slash+1"],"picked":"Footwork+1","floor":36},{"not_picked":["Dodge and Roll+1","Flying Knee+1"],"picked":"Backflip","floor":36},{"not_picked":["Outmaneuver+1","Eviscerate+1","Prepared"],"picked":"SKIP","floor":38},{"not_picked":["Masterful Stab+1","Caltrops+1"],"picked":"Footwork+1","floor":40},{"not_picked":["Flying Knee+1","Blade Dance"],"picked":"Reflex","floor":41},{"not_picked":["Acrobatics+1","Corpse Explosion","Concentrate+1"],"picked":"Singing Bowl","floor":42},{"not_picked":["Outmaneuver","Noxious Fumes+1","Backflip"],"picked":"Singing Bowl","floor":44},{"not_picked":["Calculated Gamble","Cloak And Dagger+1","Poisoned Stab+1"],"picked":"Singing Bowl","floor":45},{"not_picked":["Deflect","Backflip","Dagger Spray+1"],"picked":"Singing Bowl","floor":46},{"not_picked":["Deadly Poison","Prepared+1","Sucker Punch+1"],"picked":"Singing Bowl","floor":47},{"not_picked":["Heel Hook+1","Prepared"],"picked":"Footwork+1","floor":48}],"player_experience":1906863,"relics_obtained":[{"floor":7,"key":"Toy Ornithopter"},{"floor":9,"key":"Smiling Mask"},{"floor":10,"key":"Molten Egg 2"},{"floor":23,"key":"Tiny Chest"},{"floor":25,"key":"Frozen Egg 2"},{"floor":26,"key":"Bronze Scales"},{"floor":39,"key":"Singing Bowl"},{"floor":40,"key":"CeramicFish"},{"floor":42,"key":"Centennial Puzzle"},{"floor":43,"key":"War Paint"},{"floor":48,"key":"Strawberry"}],"event_choices":[{"damage_healed":0,"gold_gain":175,"player_choice":"AGREE","damage_taken":0,"max_hp_gain":0,"max_hp_loss":0,"event_name":"Liars Game","floor":2,"gold_loss":0,"cards_obtained":["Doubt"]},{"damage_healed":0,"gold_gain":75,"player_choice":"Gather Gold","damage_taken":11,"max_hp_gain":0,"max_hp_loss":0,"event_name":"World of Goop","floor":5,"gold_loss":0},{"cards_removed":["Doubt"],"damage_healed":0,"gold_gain":0,"player_choice":"Card Removal","damage_taken":0,"max_hp_gain":0,"max_hp_loss":0,"event_name":"The Cleric","floor":13,"gold_loss":50},{"damage_healed":0,"gold_gain":0,"player_choice":"Ignored","damage_taken":0,"max_hp_gain":0,"max_hp_loss":0,"event_name":"The Mausoleum","floor":20,"gold_loss":0},{"damage_healed":0,"gold_gain":0,"player_choice":"Simplicity","damage_taken":0,"max_hp_gain":0,"max_hp_loss":0,"event_name":"Back to Basics","floor":29,"gold_loss":0,"cards_upgraded":["Strike_G","Strike_G","Strike_G","Strike_G","Defend_G","Defend_G","Defend_G","Defend_G","Defend_G"]},{"cards_removed":["Defend_G"],"damage_healed":0,"gold_gain":0,"player_choice":"Purged","damage_taken":0,"max_hp_gain":0,"max_hp_loss":0,"event_name":"Purifier","floor":37,"gold_loss":0}],"is_beta":false,"boss_relics":[{"not_picked":["Ectoplasm","Velvet Choker"],"picked":"Philosopher\u0027s Stone"},{"not_picked":["SlaversCollar","WristBlade"],"picked":"Astrolabe"}],"items_purged_floors":[19,36],"is_endless":false,"potions_floor_spawned":[3,4,8,11,14,21,23,25,30,33,41,42,47,48],"ascension_level":13}}