{"host":"4axoa1rfjgnprp9l","time":1608439575,"event":{"mods":["2.2 Compatiblity","AchievementEnabler","BaseMod","Colored Map","DeckTracker","Highlight Path","Minty Spire (QoL Compilation)","Permanent Neow","StSLib","SuperFastMode"],"gold_per_floor":[111,186,199,211,224,224,66,82,82,82,117,129,129,140,140,216,216,226,126,126,142,160,160,160],"floor_reached":23,"playtime":775,"items_purged":["Strike_B","Strike_B"],"score":390,"play_id":"9b5df6f6-4397-4ebc-a3a6-ebabcf93d780","local_time":"20201220134615","is_ascension_mode":true,"campfire_choices":[{"data":"Dualcast","floor":6.0,"key":"SMITH"},{"data":"Zap","floor":10.0,"key":"SMITH"},{"data":"Reprogram","floor":13.0,"key":"SMITH"},{"data":"Beam Cell","floor":15.0,"key":"SMITH"}],"circlet_count":0,"master_deck":["AscendersBane","Strike_B","Strike_B","Defend_B","Defend_B","Defend_B","Defend_B","Zap+1","Dualcast+1","Sweeping Beam","Scrape","Steam","FTL","Reprogram+1","Beam Cell+1","Gash","Buffer","Go for the Eyes"],"relics":["Cracked Core","Mercury Hourglass","Letter Opener","Nuclear Battery"],"acts_visited":["Exordium","TheCity"],"potions_floor_usage":[],"damage_taken":[{"damage":7.0,"enemies":"Jaw Worm","floor":1.0,"turns":3.0},{"damage":1.0,"enemies":"2 Louse","floor":3.0,"turns":3.0},{"damage":0.0,"enemies":"Small Slimes","floor":4.0,"turns":2.0},{"damage":6.0,"enemies":"2 Fungi Beasts","floor":5.0,"turns":2.0},{"damage":6.0,"enemies":"Lots of Slimes","floor":8.0,"turns":3.0},{"damage":8.0,"enemies":"Gremlin Nob","floor":11.0,"turns":3.0},{"damage":8.0,"enemies":"Exordium Wildlife","floor":12.0,"turns":2.0},{"damage":0.0,"enemies":"Exordium Thugs","floor":14.0,"turns":3.0},{"damage":8.0,"enemies":"The Guardian","floor":16.0,"turns":9.0},{"damage":18.0,"enemies":"Shell Parasite","floor":18.0,"turns":4.0},{"damage":5.0,"enemies":"3 Byrds","floor":21.0,"turns":3.0},{"damage":10.0,"enemies":"Sentry and Sphere","floor":22.0,"turns":5.0},{"damage":10,"enemies":"Gremlin Leader","floor":23,"turns":1}],"seed_played":"7367150076720247206","potions_obtained":[{"floor":1.0,"key":"Regen Potion"},{"floor":5.0,"key":"FocusPotion"},{"floor":11.0,"key":"LiquidMemories"},{"floor":16.0,"key":"Block Potion"},{"floor":21.0,"key":"EntropicBrew"},{"floor":22.0,"key":"Fire Potion"}],"is_trial":false,"path_per_floor":["M","?","M","M","M","R","$","M","T","R","E","M","R","M","R","B",null,"M","$","?","M","M","E"],"character_chosen":"DEFECT","items_purchased":["FTL"],"campfire_rested":0,"item_purchase_floors":[7],"current_hp_per_floor":[57,46,45,45,39,39,39,33,33,33,34,26,26,26,26,18,58,40,40,20,15,5,0,0],"gold":160,"neow_bonus":"THREE_CARDS","is_daily":false,"chose_seed":false,"campfire_upgraded":4,"win_rate":0.0,"timestamp":1608439575,"path_taken":["M","?","M","M","M","R","$","M","T","R","E","M","R","M","R","BOSS","M","$","?","M","M","E"],"items_purchased_type":["Card"],"build_version":"2020-12-13","purchased_purges":2,"victory":false,"max_hp_per_floor":[71,71,71,71,71,71,71,71,71,71,71,71,71,71,71,71,71,71,71,76,76,76,76,76],"card_choices":[{"not_picked":["Go for the Eyes","Capacitor"],"picked":"Sweeping Beam","floor":0.0},{"not_picked":["Steam Power","Cold Snap"],"picked":"Scrape","floor":1.0},{"not_picked":["Leap","Sweeping Beam","White Noise"],"picked":"SKIP","floor":3.0},{"not_picked":["Scrape","Redo","Undo"],"picked":"SKIP","floor":4.0},{"not_picked":["Coolheaded","Force Field"],"picked":"Steam","floor":5.0},{"not_picked":["Static Discharge","Hologram","Cold Snap"],"picked":"SKIP","floor":8.0},{"not_picked":["Multi-Cast","Redo"],"picked":"Reprogram","floor":11.0},{"not_picked":["Loop","Melter"],"picked":"Beam Cell","floor":12.0},{"not_picked":["Beam Cell","Ball Lightning"],"picked":"Gash","floor":14.0},{"not_picked":["Amplify","Rainbow"],"picked":"Buffer","floor":16.0},{"not_picked":["Steam","Compile Driver","FTL"],"picked":"SKIP","floor":18.0},{"not_picked":["White Noise","Rebound","Beam Cell"],"picked":"SKIP","floor":21.0},{"not_picked":["Gash","Steam"],"picked":"Go for the Eyes","floor":22.0}],"player_experience":761828,"relics_obtained":[{"floor":9.0,"key":"Mercury Hourglass"},{"floor":11.0,"key":"Letter Opener"}],"event_choices":[{"damage_healed":0.0,"max_hp_gain":0.0,"max_hp_loss":0.0,"gold_gain":75.0,"event_name":"World of Goop","player_choice":"Gather Gold","floor":2.0,"gold_loss":0.0,"damage_taken":11.0},{"damage_healed":0.0,"max_hp_gain":5.0,"max_hp_loss":0.0,"gold_gain":0.0,"event_name":"Forgotten Altar","player_choice":"Shed Blood","floor":20.0,"gold_loss":0.0,"damage_taken":25.0}],"is_beta":false,"boss_relics":[{"not_picked":["Inserter","Black Star"],"picked":"Nuclear Battery"}],"items_purged_floors":[7,19],"is_endless":false,"potions_floor_spawned":[1,5,11,16,21,22],"killed_by":"Gremlin Leader","ascension_level":20}}