{"host":"cz3p2o9n3b1gdmkz","time":1608442653,"event":{"mods":["AchievementEnabler","BaseMod","CapriCore","GungeonMod","Hermit","Lobotomy","Minty Spire (QoL Compilation)","Replay The Spire","Shop Mod","StSLib","SuperFastMode","The Cursed","The Dragon Tamer","The Gatherer","The Jungle","The Poker Player","The Runesmith"],"gold_per_floor":[11,29,59,59,79,79,109,123,148,158,158,190,201,201,201,273,273,292,142,142,160,160,190,190,218,244,244,244],"floor_reached":27,"playtime":1052,"items_purged":[],"score":444,"play_id":"1b9cb228-fbc0-4cb8-9a5a-7ecffdb697a8","local_time":"20201220143733","is_ascension_mode":true,"campfire_choices":[{"data":"hermit:GoldenBullet","floor":6,"key":"SMITH"},{"data":"hermit:Strike_Hermit","floor":6,"key":"SMITH"},{"floor":11,"key":"REST"},{"floor":15,"key":"REST"},{"floor":24,"key":"REST"}],"circlet_count":0,"master_deck":["AscendersBane","hermit:Strike_Hermit","hermit:Strike_Hermit","hermit:Strike_Hermit","hermit:Strike_Hermit+1","hermit:Defend_Hermit","hermit:Defend_Hermit","hermit:Snapshot","hermit:Covet","hermit:GoldenBullet+1","hermit:Ricochet","hermit:FlashPowder","hermit:Coalescence","hermit:GhostlyPresence"],"relics":["hermit:Momento","Replay:Arrowhead","Lizard Tail","Unceasing Top","Centennial Puzzle","Akabeko","Runic Pyramid","Anchor","CeramicFish","Replay:Baseball","DemoMod:MonsterBlood"],"acts_visited":["Exordium","TheCity"],"potions_floor_usage":[16,16,23,25],"damage_taken":[{"damage":9,"enemies":"Jaw Worm","floor":1,"turns":5},{"damage":4,"enemies":"Cultist","floor":2,"turns":5},{"damage":0,"enemies":"Small Slimes","floor":5,"turns":3},{"damage":30,"enemies":"Gremlin Nob","floor":7,"turns":4},{"damage":0,"enemies":"2 Fungi Beasts","floor":8,"turns":2},{"damage":1,"enemies":"Blue Slaver","floor":10,"turns":3},{"damage":35,"enemies":"3 Sentries","floor":12,"turns":6},{"damage":2,"enemies":"Exordium Thugs","floor":13,"turns":2},{"damage":36,"enemies":"Fading Forest","floor":16,"turns":11},{"damage":8,"enemies":"3 Byrds","floor":18,"turns":5},{"damage":0,"enemies":"Chosen","floor":21,"turns":4},{"damage":24,"enemies":"Slavers","floor":23,"turns":8},{"damage":17,"enemies":"Book of Stabbing","floor":25,"turns":6},{"damage":116,"enemies":"Gremlin Leader","floor":27,"turns":6}],"seed_played":"-466934534266526761","potions_obtained":[{"floor":1,"key":"Ancient Potion"},{"floor":2,"key":"SmokeBomb"},{"floor":7,"key":"PowerPotion"},{"floor":12,"key":"DemoMod:LeadSkinPotion"},{"floor":16,"key":"DemoMod:LeadSkinPotion"},{"floor":23,"key":"LifebloodPotion"},{"floor":25,"key":"SpeedPotion"}],"is_trial":false,"path_per_floor":["M","M","?","?","M","R","E","M","T","M","R","E","M","?","R","B",null,"M","$","?","M","?","E","R","E","T","E"],"character_chosen":"HERMIT","items_purchased":["Anchor"],"campfire_rested":3,"item_purchase_floors":[19],"current_hp_per_floor":[55,51,51,51,51,51,21,21,21,20,41,6,4,9,31,15,61,53,53,53,53,53,29,51,34,41,0,0],"gold":244,"neow_bonus":"ONE_RARE_RELIC","is_daily":false,"chose_seed":false,"campfire_upgraded":2,"win_rate":0.0,"timestamp":1608442653,"path_taken":["M","M","?","?","?","R","E","M","T","M","R","E","M","?","R","BOSS","M","$","?","M","?","E","R","E","T","E"],"items_purchased_type":["Relic"],"build_version":"2020-12-13","purchased_purges":0,"victory":false,"max_hp_per_floor":[71,71,71,71,71,71,71,71,71,71,71,71,71,76,76,76,76,76,76,76,76,76,76,76,76,83,83,83],"card_choices":[{"not_picked":["hermit:Determination","hermit:CalledShot"],"picked":"hermit:GoldenBullet","floor":1},{"not_picked":["hermit:Brawl","hermit:Determination","hermit:HighCaliber"],"picked":"SKIP","floor":2},{"not_picked":["hermit:Brawl","hermit:Determination","hermit:HighCaliber"],"picked":"SKIP","floor":2},{"not_picked":["hermit:Glare","hermit:Feint"],"picked":"hermit:Ricochet","floor":3},{"not_picked":["hermit:ItchyTrigger","hermit:Feint","hermit:Headshot"],"picked":"SKIP","floor":5},{"not_picked":["hermit:Midnight","hermit:CursedWeapon","hermit:Snipe"],"picked":"SKIP","floor":7},{"not_picked":["hermit:HoleUp","hermit:Reprieve"],"picked":"hermit:FlashPowder","floor":8},{"not_picked":["hermit:Coalescence","hermit:CursedWeapon","hermit:DeadMansHand"],"picked":"SKIP","floor":10},{"not_picked":["hermit:Misfire","hermit:Vantage","hermit:Manifest"],"picked":"SKIP","floor":12},{"not_picked":["hermit:LowProfile","hermit:ShadowCloak","hermit:DeadMansHand"],"picked":"SKIP","floor":13},{"not_picked":["hermit:Roulette","hermit:HighCaliber+1"],"picked":"hermit:Coalescence","floor":18},{"not_picked":["hermit:Midnight","hermit:Feint"],"picked":"hermit:GhostlyPresence","floor":21},{"not_picked":["hermit:ItchyTrigger","hermit:WideOpen","hermit:Determination"],"picked":"SKIP","floor":23},{"not_picked":["hermit:HighCaliber+1","hermit:Horror","hermit:Showdown"],"picked":"SKIP","floor":25}],"player_experience":985304,"relics_obtained":[{"floor":3,"key":"Lizard Tail"},{"floor":7,"key":"Unceasing Top"},{"floor":9,"key":"Centennial Puzzle"},{"floor":12,"key":"Akabeko"},{"floor":23,"key":"CeramicFish"},{"floor":25,"key":"Replay:Baseball"},{"floor":26,"key":"DemoMod:MonsterBlood"}],"event_choices":[{"cards_removed":["hermit:Defend_Hermit"],"damage_healed":0,"gold_gain":0,"player_choice":"Card Removal","damage_taken":0,"max_hp_gain":0,"max_hp_loss":0,"event_name":"Wheel of Change","floor":4,"gold_loss":0},{"damage_healed":0,"gold_gain":0,"player_choice":"Donut","damage_taken":0,"max_hp_gain":5,"max_hp_loss":0,"event_name":"Big Fish","floor":14,"gold_loss":0},{"damage_healed":0,"gold_gain":0,"player_choice":"Ignored","damage_taken":0,"max_hp_gain":0,"max_hp_loss":0,"event_name":"Beggar","floor":20,"gold_loss":0},{"cards_removed":["hermit:Defend_Hermit"],"damage_healed":0,"gold_gain":0,"player_choice":"Purged","damage_taken":0,"max_hp_gain":0,"max_hp_loss":0,"event_name":"Purifier","floor":22,"gold_loss":0}],"is_beta":false,"boss_relics":[{"not_picked":["Runic Dome","Snecko Eye"],"picked":"Runic Pyramid"}],"items_purged_floors":[],"is_endless":false,"potions_floor_spawned":[1,2,7,12,16,23,25],"killed_by":"Gremlin Leader","ascension_level":14}}