{"host":"gn96mxb33x5p409u","time":1608485980,"event":{"mods":["2.2 Compatiblity","AchievementEnabler","Act Like it!","BaseMod","Colored Powertips","Downfall","Hubris","Infinite Spire","Jorbs\u0027s Wanderer Trilogy","Minty Spire (QoL Compilation)","Replay The Spire","StSLib","The Animator","The Jungle"],"gold_per_floor":[99,99,99,99,99,24,24,24,51,51,64,164,164,176,196,196,196],"floor_reached":16,"playtime":655,"items_purged":[],"score":96,"play_id":"ad07f42d-c513-4080-a337-df39f7969b5a","local_time":"20201220193940","is_ascension_mode":false,"campfire_choices":[{"floor":1,"key":"RECALL"},{"floor":6,"key":"REST"},{"floor":10,"key":"REST"}],"circlet_count":0,"master_deck":["champ:Strike","champ:Strike","champ:Strike","champ:Strike","champ:Defend","champ:Defend+1","champ:Defend","champ:Defend","champ:Execute","champ:Taunt","champ:FaceSlap","champ:GladiatorsShout","Pain","champ:CalledShot","champ:Circumvent+1","champ:CrookedStrike","champ:AdrenalArmor","champ:FanOfKnives"],"relics":["champ:ChampionCrown","downfall:HeartsMalice","WarpedTongs","infinitespire:Lucky Rock","Vajra","Gremlin Food","hubris:FruitBowl","hubris:EvacipatedBox","downfall:HeartBlessingRed","Ancient Tea Set"],"acts_visited":["Exordium"],"potions_floor_usage":[16,16,16],"damage_taken":[{"damage":0,"enemies":"downfall:FleeingMerchant","floor":2,"turns":1},{"damage":0,"enemies":"Cultist","floor":3,"turns":1},{"damage":0,"enemies":"infinitespire:Voidling","floor":8,"turns":1},{"damage":38,"enemies":"3 Sentries","floor":9,"turns":8},{"damage":1,"enemies":"Small Slimes","floor":11,"turns":2},{"damage":17,"enemies":"3 Louse","floor":14,"turns":2},{"damage":17,"enemies":"2 Fungi Beasts","floor":15,"turns":3},{"damage":36,"enemies":"downfall:Watcher","floor":16,"turns":5}],"seed_played":"3566407484846731320","potions_obtained":[{"floor":9,"key":"BlessingOfTheForge"},{"floor":14,"key":"SneckoOil"},{"floor":15,"key":"DuplicationPotion"}],"is_trial":false,"path_per_floor":["R","$","M","?","$","R","T","M","E","R","M","?","?","M","M","B"],"character_chosen":"THE_CHAMP","items_purchased":["infinitespire:Lucky Rock","Vajra","Gremlin Food","hubris:FruitBowl","hubris:EvacipatedBox"],"campfire_rested":2,"item_purchase_floors":[5,5,5,5,5],"current_hp_per_floor":[90,90,90,90,22,49,49,49,26,53,52,52,56,44,34,0,0],"gold":196,"neow_bonus":"THREE_ENEMY_KILL","is_daily":false,"chose_seed":false,"campfire_upgraded":0,"win_rate":0.0,"timestamp":1608485980,"path_taken":["R","$","M","?","?","R","T","M","E","R","M","?","?","M","M","BOSS"],"items_purchased_type":["Relic","Relic","Relic","Relic","Relic"],"build_version":"2020-12-13","purchased_purges":0,"victory":false,"max_hp_per_floor":[90,90,90,90,90,90,90,90,90,90,90,90,94,94,94,94,94],"card_choices":[{"not_picked":["champ:Encircle","champ:Backstep"],"picked":"champ:FaceSlap","floor":2},{"not_picked":["champ:Circumvent","champ:AdrenalArmor"],"picked":"champ:GladiatorsShout","floor":3},{"not_picked":["champ:FocusedBerserking","champ:BerserkersShout"],"picked":"champ:CalledShot","floor":8},{"not_picked":["champ:DefensiveShout","champ:DeathBlow"],"picked":"champ:Circumvent","floor":9},{"not_picked":["champ:TornadoPunch","champ:Haymaker"],"picked":"champ:CrookedStrike","floor":11},{"not_picked":["champ:Circumvent","champ:BladeFlurry"],"picked":"champ:AdrenalArmor","floor":14},{"not_picked":["champ:FlashCut","champ:CrookedStrike"],"picked":"champ:FanOfKnives","floor":15}],"player_experience":513890,"relics_obtained":[{"floor":9,"key":"Ancient Tea Set"}],"event_choices":[{"damage_healed":0,"gold_gain":0,"player_choice":"Rummage","damage_taken":0,"relics_obtained":["WarpedTongs"],"max_hp_gain":0,"max_hp_loss":0,"event_name":"Accursed Blacksmith","floor":4,"gold_loss":0,"cards_obtained":["Pain"]}],"is_beta":false,"boss_relics":[],"items_purged_floors":[],"is_endless":false,"potions_floor_spawned":[9,14,15],"killed_by":"downfall:Watcher","ascension_level":0}}