{"host":"hqvh779b89tfrjxy","time":1608503347,"event":{"mods":["Act Like it!","BaseMod","Better Third Choice","Downfall","Elementarium","Filter the Spire","GifTheSpireLib","Minty Spire (QoL Compilation)","Replay The Spire","Spicy Shops","StSLib"],"gold_per_floor":[116,116,136,146,71,71,105,105,105,105,136,154,187,204,204,309,309,321,321,337,350,360,360,393,393,416,443,443,460,473,483,483,483,483],"floor_reached":33,"playtime":1334,"items_purged":["Pain"],"score":539,"play_id":"baba80c5-67b7-4875-8e11-7d8df6b8f830","local_time":"20201220232907","is_ascension_mode":true,"campfire_choices":[{"data":"Eruption","floor":6,"key":"SMITH"},{"data":"Wallop","floor":8,"key":"SMITH"},{"data":"SignatureMove","floor":15,"key":"SMITH"},{"data":"Ragnarok","floor":23,"key":"SMITH"},{"data":"EmptyFist","floor":25,"key":"SMITH"}],"circlet_count":0,"master_deck":["AscendersBane","Strike_P","Strike_P","Strike_P","Strike_P","Defend_P","Defend_P","Defend_P","Defend_P","Eruption+1","Vigilance+1","Wallop+1","EmptyBody","Wallop","Tantrum","Ragnarok+1","SignatureMove+1","FearNoEvil","Consecrate","WheelKick","EmptyFist+1","Blasphemy","Protect","Consecrate"],"relics":["PureWater","WarpedTongs","Pantograph","Happy Flower","ReplayTheSpireMod:Shallot","Snecko Eye","Nloth\u0027s Gift","ReplayTheSpireMod:Lightbulb","MealTicket","Dream Catcher"],"acts_visited":["Exordium","TheCity"],"potions_floor_usage":[7,16,24,27,33],"damage_taken":[{"damage":0,"enemies":"2 Louse","floor":1,"turns":2},{"damage":4,"enemies":"Cultist","floor":3,"turns":3},{"damage":2,"enemies":"Small Slimes","floor":4,"turns":3},{"damage":16,"enemies":"Gremlin Nob","floor":7,"turns":4},{"damage":11,"enemies":"Lagavulin","floor":11,"turns":3},{"damage":0,"enemies":"Red Slaver","floor":12,"turns":2},{"damage":0,"enemies":"Gremlin Nob","floor":13,"turns":2},{"damage":0,"enemies":"2 Fungi Beasts","floor":14,"turns":2},{"damage":63,"enemies":"Fading Forest","floor":16,"turns":11},{"damage":4,"enemies":"3 Byrds","floor":18,"turns":4},{"damage":0,"enemies":"Chosen","floor":20,"turns":3},{"damage":0,"enemies":"Snake Plant","floor":21,"turns":4},{"damage":0,"enemies":"Sentry and Sphere","floor":22,"turns":2},{"damage":7,"enemies":"Slavers","floor":24,"turns":3},{"damage":0,"enemies":"Replay:Snechameleon","floor":27,"turns":3},{"damage":16,"enemies":"Centurion and Healer","floor":29,"turns":4},{"damage":0,"enemies":"3 Cultists","floor":30,"turns":3},{"damage":0,"enemies":"Snake Plant","floor":31,"turns":2},{"damage":100058,"enemies":"Collector","floor":33,"turns":8}],"seed_played":"-9071080045321712543","potions_obtained":[{"floor":1,"key":"Energy Potion"},{"floor":3,"key":"DistilledChaos"},{"floor":4,"key":"PowerPotion"},{"floor":16,"key":"SkillPotion"},{"floor":18,"key":"Elixir"},{"floor":21,"key":"LifebloodPotion"},{"floor":30,"key":"Flashbang"},{"floor":31,"key":"Elixir"}],"is_trial":false,"path_per_floor":["M","?","M","M","$","R","E","R","T","$","E","M","E","M","R","B",null,"M","?","M","M","M","R","E","R","T","E","?","M","M","M","R","B"],"character_chosen":"WATCHER","items_purchased":[],"campfire_rested":0,"item_purchase_floors":[],"current_hp_per_floor":[65,65,61,59,59,59,43,43,50,50,39,39,39,39,39,17,64,60,60,60,60,60,60,53,53,53,53,53,37,37,37,37,0,0],"gold":483,"neow_bonus":"UPGRADE_CARD","is_daily":false,"chose_seed":false,"campfire_upgraded":5,"win_rate":0.0,"timestamp":1608503347,"path_taken":["M","?","?","M","$","R","E","R","T","$","E","M","E","M","R","BOSS","M","?","?","M","M","R","E","R","T","E","?","M","M","M","R","BOSS"],"items_purchased_type":[],"build_version":"2020-12-13","purchased_purges":1,"victory":false,"max_hp_per_floor":[72,72,72,72,72,72,72,72,79,79,79,79,79,79,79,79,79,79,79,79,79,79,79,79,79,79,79,79,79,79,79,79,79,79],"card_choices":[{"not_picked":["EmptyFist","FearNoEvil"],"picked":"Wallop","floor":1},{"not_picked":["Replay:Anticipation","CutThroughFate"],"picked":"EmptyBody","floor":3},{"not_picked":["DeceiveReality","JustLucky"],"picked":"Wallop","floor":4},{"not_picked":["CrushJoints","Replay:ManipulateFuture"],"picked":"Tantrum","floor":7},{"not_picked":["FlurryOfBlows","Replay:AtTheReady"],"picked":"Ragnarok","floor":11},{"not_picked":["Tantrum","SashWhip"],"picked":"SignatureMove","floor":12},{"not_picked":["CrushJoints","DeceiveReality"],"picked":"FearNoEvil","floor":13},{"not_picked":["ThirdEye","Replay:DivineShield"],"picked":"Consecrate","floor":14},{"not_picked":["Replay:Hum","Crescendo+1","Prostrate"],"picked":"SKIP","floor":18},{"not_picked":["SignatureMove","Replay:Cycle"],"picked":"Nirvana","floor":20},{"not_picked":["Sanctity","Consecrate"],"picked":"WheelKick","floor":21},{"not_picked":["Replay:Battleflow","Pray","Sanctity"],"picked":"SKIP","floor":22},{"not_picked":["MasterReality","EmptyBody+1"],"picked":"EmptyFist","floor":24},{"not_picked":["Replay:ManipulateFuture","WaveOfTheHand","Replay:Battleflow+1"],"picked":"SKIP","floor":27},{"not_picked":["Evaluate","Halt","BowlingBash"],"picked":"SKIP","floor":29},{"not_picked":["SashWhip+1","Replay:AtTheReady"],"picked":"Blasphemy","floor":30},{"not_picked":["Study+1","Consecrate"],"picked":"Protect","floor":31}],"player_experience":145886,"relics_obtained":[{"floor":7,"key":"Pantograph"},{"floor":9,"key":"Strawberry"},{"floor":11,"key":"Happy Flower"},{"floor":13,"key":"ReplayTheSpireMod:Shallot"},{"floor":24,"key":"ReplayTheSpireMod:Lightbulb"},{"floor":26,"key":"MealTicket"},{"floor":27,"key":"Dream Catcher"}],"event_choices":[{"damage_healed":0,"gold_gain":0,"player_choice":"Rummage","damage_taken":0,"relics_obtained":["WarpedTongs"],"max_hp_gain":0,"max_hp_loss":0,"event_name":"Accursed Blacksmith","floor":2,"gold_loss":0,"cards_obtained":["Pain"]},{"damage_healed":0,"gold_gain":0,"player_choice":"Traded Relic","damage_taken":0,"relics_obtained":["Nloth\u0027s Gift"],"max_hp_gain":0,"max_hp_loss":0,"event_name":"N\u0027loth","floor":19,"relics_lost":["Strawberry"],"gold_loss":0}],"is_beta":false,"boss_relics":[{"not_picked":["Runic Pyramid","ChewingGum"],"picked":"Snecko Eye"}],"items_purged_floors":[5],"is_endless":false,"potions_floor_spawned":[1,3,4,16,18,21,30,31],"killed_by":"Collector","ascension_level":10}}