{"host":"nvwxkcurnqq848ao","time":1608444606,"event":{"mods":["BaseMod","Block Reminder","Downfall","Infinite Spire","Minty Spire (QoL Compilation)","Relic Sorter","Replay The Spire","StSLib"],"gold_per_floor":[99,53,53,72,104,119,144,244,274,274,291,391,409,475,490,595,595,595,595,606,506,517,417,486,501,527,277,362,381,396,244,258,361,361,261,294,63,82,82,82,82,113,124,24,76,89,104,55,67,67],"floor_reached":51,"playtime":6207,"items_purged":["Slimebound:Icky"],"score":939,"play_id":"d8b949a2-ecdf-4187-b6f9-fa5fb5893255","local_time":"20201220001006","is_ascension_mode":false,"campfire_choices":[{"data":"champ:VampiricStrike","floor":1.0,"key":"SMITH"},{"data":"champ:VampiricStrike","floor":10.0,"key":"SMITH"},{"data":"champ:PerfectForm","floor":18.0,"key":"SMITH"},{"data":"infinitespire:TheBestDefense","floor":21.0,"key":"SMITH"},{"data":"champ:Shatter","floor":23.0,"key":"SMITH"},{"data":"champ:SteelEdge","floor":27.0,"key":"SMITH"},{"floor":35,"key":"RECALL"},{"data":"champ:SteelEdge","floor":44,"key":"SMITH"}],"circlet_count":0,"master_deck":["champ:Strike","champ:Defend","champ:Defend","champ:Defend","champ:Defend","champ:Execute+1","champ:Taunt","champ:VampiricStrike+1","champ:SteelEdge+1","champ:Duel+1","champ:GladiatorStyle","champ:FocusedBerserking","champ:CrookedStrike","champ:IgnorePain","champ:StanceDance","champ:VampiricStrike+1","champ:Lariat","champ:GladiatorStyle","champ:SteelEdge+1","champ:PerfectForm+1","champ:TornadoPunch+1","champ:DancingMaster+1","champ:FaceSlap+1","infinitespire:TheBestDefense+1","champ:IgnorePain","champ:Shatter+1","champ:Circumvent","champ:Taunt","ReplayTheSpireMod:Private Reserves","champ:BringItOn+1","champ:MurderStrike","champ:AdrenalArmor","Escape Plan","champ:ShieldThrow","Chrysalis","champ:DeathBlow+1","champ:Lariat"],"relics":["Guardian:BottledAnomaly","infinitespire:Bottled Soul","Red Skull","Peace Pipe","Gremlin Horn","downfall:GremlinSack","downfall:GremlinWheel","Chemical X","Runic Capacitor","Ring of Shattering","InkBottle","Slimebound:GreedOozeRelic","Membership Card","Replay:M_StaffOfTheSnake","infinitespire:Chaos","Pet Ghost","downfall:HeartBlessingBlue","downfall:HeartBlessingGreen","Strange Spoon","Omamori","Chameleon Ring","Busted Crown","Whetstone","Ice Cream","Juzu Bracelet","Incense Burner","Boot"],"acts_visited":["Exordium","TheCity","TheBeyond"],"potions_floor_usage":[33,33,50],"damage_taken":[{"damage":10.0,"enemies":"downfall:FleeingMerchant","floor":2.0,"turns":4.0},{"damage":0.0,"enemies":"2 Louse","floor":4.0,"turns":3.0},{"damage":33.0,"enemies":"Lagavulin","floor":5.0,"turns":8.0},{"damage":3.0,"enemies":"Cultist","floor":6.0,"turns":3.0},{"damage":36.0,"enemies":"Cultist","floor":8.0,"turns":11.0},{"damage":17.0,"enemies":"Gremlin Nob","floor":9.0,"turns":5.0},{"damage":5.0,"enemies":"Small Slimes","floor":11.0,"turns":3.0},{"damage":12.0,"enemies":"downfall:FaceTrader","floor":12.0,"turns":8.0},{"damage":0.0,"enemies":"Red Slaver","floor":13.0,"turns":3.0},{"damage":3.0,"enemies":"Blue Slaver","floor":14.0,"turns":2.0},{"damage":18.0,"enemies":"Exordium Wildlife","floor":15.0,"turns":4.0},{"damage":36.0,"enemies":"downfall:Silent","floor":16.0,"turns":12.0},{"damage":13.0,"enemies":"Spheric Guardian","floor":20.0,"turns":3.0},{"damage":6.0,"enemies":"Chosen","floor":22.0,"turns":3.0},{"damage":34.0,"enemies":"3 Cultists","floor":25.0,"turns":4.0},{"damage":6.0,"enemies":"Gremlin Leader","floor":26.0,"turns":3.0},{"damage":14.0,"enemies":"Chosen and Byrds","floor":29.0,"turns":4.0},{"damage":7.0,"enemies":"Cultist and Chosen","floor":30.0,"turns":7.0},{"damage":20.0,"enemies":"downfall:FleeingMerchant","floor":31.0,"turns":3.0},{"damage":21,"enemies":"Snake Plant","floor":32,"turns":3},{"damage":4,"enemies":"downfall:Defect","floor":33,"turns":3},{"damage":11,"enemies":"Reptomancer","floor":36,"turns":4},{"damage":28,"enemies":"3 Darklings","floor":38,"turns":3},{"damage":17,"enemies":"Nemesis","floor":42,"turns":4},{"damage":0,"enemies":"Orb Walker","floor":43,"turns":2},{"damage":22,"enemies":"4 Shapes","floor":46,"turns":4},{"damage":3,"enemies":"Sphere and 2 Shapes","floor":47,"turns":3},{"damage":27,"enemies":"Transient","floor":49,"turns":4},{"damage":71,"enemies":"downfall:Ironclad","floor":50,"turns":5}],"seed_played":"4471658025468098041","potions_obtained":[{"floor":5.0,"key":"Swift Potion"},{"floor":8.0,"key":"LiquidMemories"},{"floor":9.0,"key":"Energy Potion"},{"floor":11.0,"key":"Elixir"},{"floor":14.0,"key":"Regen Potion"},{"floor":15.0,"key":"FearPotion"},{"floor":26.0,"key":"BlessingOfTheForge"},{"floor":30.0,"key":"Dexterity Potion"},{"floor":42,"key":"PowerPotion"},{"floor":43,"key":"Milkshake"},{"floor":46,"key":"BlessingOfTheForge"},{"floor":49,"key":"Energy Potion"}],"is_trial":false,"path_per_floor":["R","$","?","M","E","M","T","?","E","R","M","?","M","M","M","B",null,"R","AVR","M","R","M","R","T","M","E","R","?","M","M","$","M","B",null,"R","E","$","M","?","?","T","E","M","R","?","M","M","$","M","B",null],"character_chosen":"THE_CHAMP","items_purchased":["ReplayTheSpireMod:CursedCoin","champ:Duel","champ:GladiatorStyle","champ:FocusedBerserking","Strange Spoon","Omamori","champ:MurderStrike","Poisoned Strike","Chameleon Ring","champ:AdrenalArmor","Ice Cream","Chrysalis","Slimebound:ThreeZeroPotion"],"campfire_rested":0,"item_purchase_floors":[2,2,2,2,31,31,31,31,31,31,37,37,48],"current_hp_per_floor":[81,81,81,81,78,91,91,91,82,82,91,91,92,93,94,95,95,95,95,88,88,95,95,95,95,95,105,87,105,101,95,105,105,105,105,105,105,105,105,105,105,105,105,105,105,105,105,105,105,105],"gold":67,"neow_bonus":"THREE_RARE_CARDS","is_daily":false,"chose_seed":false,"campfire_upgraded":7,"win_rate":0.0,"timestamp":1608444606,"path_taken":["R","$","?","M","E","?","T","?","E","R","M","?","M","?","M","BOSS","R","AVR","M","R","M","R","T","M","E","R","?","M","M","$","M","BOSS","R","E","$","M","?","?","T","E","M","R","?","M","M","?","M","BOSS"],"items_purchased_type":["Relic","Card","Card","Card","Relic","Relic","Card","Card","Relic","Card","Relic","Card","Potion"],"build_version":"2020-12-13","purchased_purges":1,"victory":true,"max_hp_per_floor":[81,81,81,81,91,91,91,91,91,91,91,91,92,93,94,95,95,95,95,95,95,95,95,95,95,95,105,105,105,105,105,105,105,105,105,105,105,105,105,105,105,105,105,105,105,105,105,105,105,105],"card_choices":[{"not_picked":["champ:SteelEdge","champ:LastStand"],"picked":"champ:VampiricStrike","floor":0.0},{"not_picked":["champ:ArenaPreparation","champ:Encircle"],"picked":"champ:SteelEdge","floor":2.0},{"not_picked":["champ:ViciousMockery","champ:BladeFlurry"],"picked":"champ:CrookedStrike","floor":4.0},{"not_picked":["champ:Shatter","champ:BladeFlurry"],"picked":"champ:IgnorePain","floor":5.0},{"not_picked":["champ:GladiatorsShout","champ:BerserkersShout"],"picked":"champ:StanceDance","floor":6.0},{"not_picked":["champ:FocusedBerserking","champ:Backstep"],"picked":"champ:VampiricStrike","floor":9.0},{"not_picked":["champ:TornadoPunch","champ:Haymaker"],"picked":"champ:Lariat","floor":11.0},{"not_picked":["champ:FightOn","champ:Riposte"],"picked":"champ:GladiatorStyle","floor":12.0},{"not_picked":["champ:Haymaker","champ:EnGarde","champ:FightOn"],"picked":"SKIP","floor":13.0},{"not_picked":["champ:Encircle","champ:AdrenalArmor"],"picked":"champ:SteelEdge","floor":14.0},{"not_picked":["champ:Haymaker","champ:StanceDance","champ:TornadoPunch"],"picked":"SKIP","floor":15.0},{"not_picked":["champ:IgnorePain","champ:Devastate"],"picked":"champ:PerfectForm","floor":16.0},{"not_picked":["Vengeance","ClearTheMind","champ:Circumvent+1"],"picked":"SKIP","floor":20.0},{"not_picked":["champ:BerserkerStyle","champ:FightOn"],"picked":"champ:BringItOn+1","floor":22.0},{"not_picked":["Weave","champ:BerserkersShout","champ:FlashCut+1"],"picked":"SKIP","floor":25.0},{"not_picked":["Acrobatics","champ:HeavySlash","champ:SwordThrow"],"picked":"SKIP","floor":26.0},{"not_picked":["champ:Circumvent+1","JustLucky","Flying Knee"],"picked":"SKIP","floor":29.0},{"not_picked":["champ:AdrenalArmor+1","champ:Encircle","champ:GladiatorsShout"],"picked":"SKIP","floor":30.0},{"not_picked":["champ:Encircle","champ:FightOn"],"picked":"Escape Plan","floor":32},{"not_picked":["champ:HoldFirm","Adrenaline"],"picked":"champ:ShieldThrow","floor":33},{"not_picked":["champ:DeathBlow+1"],"picked":"SKIP","floor":36},{"not_picked":["champ:PerfectedStrike"],"picked":"SKIP","floor":38},{"not_picked":["champ:HeartStrike+1"],"picked":"SKIP","floor":42},{"not_picked":["champ:FanOfKnives"],"picked":"SKIP","floor":43},{"not_picked":[],"picked":"champ:DeathBlow+1","floor":46},{"not_picked":["champ:Encircle+1"],"picked":"SKIP","floor":47},{"not_picked":[],"picked":"champ:Lariat","floor":49}],"player_experience":539397,"relics_obtained":[{"floor":5.0,"key":"Pear"},{"floor":7.0,"key":"Potion Belt"},{"floor":8.0,"key":"CloakClasp"},{"floor":9.0,"key":"Bag of Marbles"},{"floor":12.0,"key":"downfall:CloakOfManyFaces"},{"floor":26.0,"key":"Pet Ghost"},{"floor":36,"key":"Whetstone"},{"floor":41,"key":"Juzu Bracelet"},{"floor":42,"key":"Incense Burner"},{"floor":45,"key":"Boot"}],"event_choices":[{"cards_removed":["Slimebound:Icky"],"damage_healed":0.0,"max_hp_gain":0.0,"max_hp_loss":0.0,"gold_gain":0.0,"event_name":"Purifier","player_choice":"Purged","floor":3.0,"gold_loss":0.0,"damage_taken":0.0},{"cards_removed":["Poisoned Strike"],"damage_healed":0,"gold_gain":0,"player_choice":"Removed Attack","damage_taken":0,"max_hp_gain":0,"max_hp_loss":0,"event_name":"Falling","floor":39,"gold_loss":0}],"is_beta":false,"boss_relics":[{"not_picked":["Ring of Chaos","Sozu"],"picked":"SacredBark"},{"not_picked":["Calling Bell","SlaversCollar"],"picked":"Busted Crown"}],"items_purged_floors":[19],"is_endless":false,"potions_floor_spawned":[5,8,9,11,14,15,26,30,42,43,46,49],"ascension_level":0}}