{"host":"kw4o7b3ro2ktmmbe","time":1608430800,"event":{"mods":["BaseMod","Minty Spire (QoL Compilation)","StSLib","The Marked","Treasure Hunter"],"gold_per_floor":[116,136,86,96,96,96,96,96,143,143,143,158,176,196,196,324,324,338,362,287,334,349,349,349],"floor_reached":23,"playtime":2189,"items_purged":[],"score":183,"play_id":"284254d2-263f-4da3-a41e-13157ca31434","local_time":"20201220152000","is_ascension_mode":false,"campfire_choices":[{"data":"theMarked:ComboAttacks","floor":6.0,"key":"SMITH"},{"data":"TH:ElvenBoots","floor":10.0,"key":"SMITH"},{"data":"theMarked:EternalStudent","floor":15.0,"key":"SMITH"}],"circlet_count":0,"master_deck":["theMarked:Strike","theMarked:Strike","theMarked:SoldierOfQuellstein","theMarked:Parkour","theMarked:ComboAttacks+1","TH:BikiniMail","TH:ElvenBoots+1","theMarked:ResourceFulStrike","theMarked:EternalStudent+1","theMarked:RogueSparks","TH:DeckOfManyThings","theMarked:EternalStudent","theMarked:HeritageOfTheMarked+1","theMarked:Seal+1","theMarked:BindingBlade+1","theMarked:Improvise+1","theMarked:MysticalArsenal+1","TH:TreasureMap","theMarked:SelfDefenseTraining"],"relics":["theMarked:ArtifactOfAir","Golden Idol","theMarked:KettuFlask","Blood Vial","Astrolabe","Oddly Smooth Stone"],"acts_visited":["Exordium","TheCity"],"potions_floor_usage":[],"damage_taken":[{"damage":2.0,"enemies":"2 Louse","floor":1.0,"turns":3.0},{"damage":0.0,"enemies":"Small Slimes","floor":2.0,"turns":3.0},{"damage":1.0,"enemies":"Cultist","floor":4.0,"turns":3.0},{"damage":0.0,"enemies":"Lots of Slimes","floor":12.0,"turns":3.0},{"damage":27.0,"enemies":"Exordium Thugs","floor":13.0,"turns":4.0},{"damage":6.0,"enemies":"Exordium Wildlife","floor":14.0,"turns":3.0},{"damage":29.0,"enemies":"Hexaghost","floor":16.0,"turns":9.0},{"damage":25.0,"enemies":"Spheric Guardian","floor":18.0,"turns":4.0},{"damage":10.0,"enemies":"Chosen","floor":19.0,"turns":4.0},{"damage":38,"enemies":"Shelled Parasite and Fungi","floor":22,"turns":4},{"damage":18,"enemies":"Gremlin Leader","floor":23,"turns":2}],"seed_played":"-7580896702946564037","potions_obtained":[{"floor":14.0,"key":"ColorlessPotion"}],"is_trial":false,"path_per_floor":["M","M","?","M","?","R","?","T","T","R","?","M","M","M","R","B",null,"M","M","?","T","M","E"],"character_chosen":"THE_DEFAULT","items_purchased":[],"campfire_rested":0,"item_purchase_floors":[],"current_hp_per_floor":[75,75,75,74,74,74,55,55,55,55,55,57,32,28,28,1,77,52,44,44,44,8,0,0],"gold":349,"neow_bonus":"TEN_PERCENT_HP_BONUS","is_daily":false,"chose_seed":false,"campfire_upgraded":3,"win_rate":0.0,"timestamp":1608430800,"path_taken":["M","M","?","M","?","R","?","?","T","R","?","M","?","M","R","BOSS","M","?","?","?","M","E"],"items_purchased_type":[],"build_version":"2020-12-13","purchased_purges":0,"victory":false,"max_hp_per_floor":[77,77,77,77,77,77,77,77,77,77,77,77,77,77,77,77,77,77,77,77,77,77,77,77],"card_choices":[{"not_picked":["theMarked:EmpowerWeapon","theMarked:Static","theMarked:BanishingStrike"],"picked":"SKIP","floor":1.0},{"not_picked":["theMarked:SwordAndMagic","theMarked:WardOff","theMarked:Electrocute"],"picked":"SKIP","floor":2.0},{"not_picked":["theMarked:BanishingStrike","theMarked:HeightenedSenses"],"picked":"theMarked:Parkour","floor":4.0},{"not_picked":["TH:ArmorSpikes"],"picked":"TH:BikiniMail","floor":8.0},{"not_picked":["TH:CopperCoins"],"picked":"TH:ElvenBoots","floor":9.0},{"not_picked":["theMarked:ChainLightning","theMarked:ReduceFriction","theMarked:CreepingChasm"],"picked":"SKIP","floor":12.0},{"not_picked":["theMarked:SwordAndMagic","theMarked:ParalyzingBlade"],"picked":"theMarked:EternalStudent","floor":13.0},{"not_picked":["theMarked:EmpowerWeapon","theMarked:Static"],"picked":"theMarked:RogueSparks","floor":14.0},{"not_picked":["TH:EnergyPotion"],"picked":"TH:DeckOfManyThings","floor":16.0},{"not_picked":["theMarked:ChannelForce","theMarked:SummonStrength"],"picked":"theMarked:EternalStudent","floor":16.0},{"not_picked":["theMarked:Frustration","theMarked:Parkour+1"],"picked":"theMarked:Improvise+1","floor":18.0},{"not_picked":["theMarked:EmpowerWeapon+1","theMarked:CreepingChasm"],"picked":"theMarked:MysticalArsenal+1","floor":19.0},{"not_picked":["TH:DeckOfManyThings"],"picked":"TH:TreasureMap","floor":21.0},{"not_picked":["theMarked:PowerFlow","theMarked:ReduceFriction"],"picked":"theMarked:SelfDefenseTraining","floor":22}],"player_experience":1747632,"relics_obtained":[{"floor":8.0,"key":"theMarked:KettuFlask"},{"floor":9.0,"key":"Blood Vial"},{"floor":21.0,"key":"Oddly Smooth Stone"}],"event_choices":[{"cards_removed":["theMarked:Defend"],"damage_healed":0.0,"max_hp_gain":0.0,"max_hp_loss":0.0,"gold_gain":0.0,"event_name":"The Cleric","player_choice":"Card Removal","floor":3.0,"gold_loss":50.0,"damage_taken":0.0},{"damage_healed":0.0,"max_hp_gain":0.0,"max_hp_loss":0.0,"gold_gain":0.0,"cards_transformed":["theMarked:Defend"],"event_name":"Living Wall","player_choice":"Change","floor":5.0,"gold_loss":0.0,"damage_taken":0.0,"cards_obtained":["theMarked:ComboAttacks"]},{"damage_healed":0.0,"max_hp_gain":0.0,"max_hp_loss":0.0,"gold_gain":0.0,"event_name":"Golden Idol","player_choice":"Take Damage","floor":7.0,"gold_loss":0.0,"damage_taken":19.0,"relics_obtained":["Golden Idol"]},{"damage_healed":0.0,"max_hp_gain":0.0,"max_hp_loss":0.0,"gold_gain":0.0,"cards_transformed":["theMarked:Defend"],"event_name":"Transmorgrifier","player_choice":"Transformed","floor":11.0,"gold_loss":0.0,"damage_taken":0.0,"cards_obtained":["theMarked:ResourceFulStrike"]},{"cards_removed":["theMarked:Strike"],"damage_healed":0.0,"max_hp_gain":0.0,"max_hp_loss":0.0,"gold_gain":0.0,"event_name":"Beggar","player_choice":"Gave Gold","floor":20.0,"gold_loss":75.0,"damage_taken":0.0}],"is_beta":false,"boss_relics":[{"not_picked":["Empty Cage","Runic Dome"],"picked":"Astrolabe"}],"items_purged_floors":[],"is_endless":false,"potions_floor_spawned":[14],"killed_by":"Gremlin Leader","ascension_level":0}}