{"host":"v0dnu0zs4qo0v13s","time":1608489160,"event":{"mods":["BaseMod","Colored Map","Colored Powertips","Minty Spire (QoL Compilation)","Relic Stats","StSLib","SuperFastMode","everything is the same but u backflip on backflip"],"gold_per_floor":[118,130,55,67,67,67,67,88,88,124,139,139,139,314,314,403,403,427,427,427],"floor_reached":19,"playtime":561,"items_purged":["Defend_R"],"score":523,"play_id":"35a69de9-b4b5-4dc5-acb2-a8af7d2d0b8d","local_time":"20201220133240","is_ascension_mode":true,"campfire_choices":[{"data":"Perfected Strike","floor":6.0,"key":"SMITH"},{"floor":13,"key":"REST"},{"data":"Fiend Fire","floor":15,"key":"SMITH"}],"circlet_count":0,"master_deck":["AscendersBane","Bash","Perfected Strike+1","Pommel Strike","Double Tap","Fiend Fire+1","Burning Pact","Doubt","Bludgeon","Metallicize","Perfected Strike","Combust","Entrench","Infernal Blade","Disarm","Heavy Blade","Whirlwind","Rampage+1"],"relics":["SacredBark","Golden Idol","Matryoshka","Nunchaku","StrikeDummy","Art of War","Pandora\u0027s Box"],"acts_visited":["Exordium","TheCity"],"potions_floor_usage":[19],"damage_taken":[{"damage":9.0,"enemies":"Jaw Worm","floor":1.0,"turns":5.0},{"damage":1.0,"enemies":"Cultist","floor":2.0,"turns":3.0},{"damage":5.0,"enemies":"Small Slimes","floor":4.0,"turns":2.0},{"damage":11.0,"enemies":"Looter","floor":8.0,"turns":2.0},{"damage":16.0,"enemies":"Gremlin Nob","floor":10.0,"turns":3.0},{"damage":3.0,"enemies":"Blue Slaver","floor":11.0,"turns":2.0},{"damage":0,"enemies":"Slime Boss","floor":16,"turns":6},{"damage":66,"enemies":"Spheric Guardian","floor":18,"turns":6},{"damage":0,"enemies":"2 Thieves","floor":19,"turns":1}],"seed_played":"-3606423487618132088","potions_obtained":[{"floor":2.0,"key":"DuplicationPotion"},{"floor":8.0,"key":"FearPotion"},{"floor":10.0,"key":"Weak Potion"},{"floor":16,"key":"Dexterity Potion"},{"floor":18,"key":"PowerPotion"}],"is_trial":false,"path_per_floor":["M","M","$","M","?","R","T","M","T","E","M","?","R","?","R","B",null,"M","M"],"character_chosen":"IRONCLAD","items_purchased":[],"campfire_rested":1,"item_purchase_floors":[],"current_hp_per_floor":[63,62,62,57,57,57,57,46,46,30,27,27,49,49,49,49,68,2,2,2],"gold":427,"neow_bonus":"BOSS_RELIC","is_daily":false,"chose_seed":false,"campfire_upgraded":2,"win_rate":0.0,"timestamp":1608489160,"path_taken":["M","M","$","M","?","R","?","?","T","E","M","?","R","?","R","BOSS","M","M"],"items_purchased_type":[],"build_version":"2020-12-13","purchased_purges":1,"victory":false,"max_hp_per_floor":[80,80,80,80,74,74,74,74,74,74,74,74,74,74,74,74,74,74,74,74],"relic_stats":{"Nunchaku":[3],"counters":[9,30],"Golden Idol":37,"Pandora\u0027s Box":["Metallicize","Perfected Strike","Combust","Entrench","Infernal Blade","Disarm","Heavy Blade","Whirlwind"],"Art of War":[0],"obtain_stats":[{"Nunchaku":9,"Matryoshka":7,"Golden Idol":5,"SacredBark":0,"Pandora\u0027s Box":17,"Art of War":10,"StrikeDummy":9,"Burning Blood":0},{"Nunchaku":4,"Matryoshka":3,"Golden Idol":3,"SacredBark":0,"Pandora\u0027s Box":7,"Art of War":5,"StrikeDummy":4,"Burning Blood":0},{"Nunchaku":12,"Matryoshka":10,"Golden Idol":10,"SacredBark":0,"Pandora\u0027s Box":23,"Art of War":15,"StrikeDummy":12,"Burning Blood":0}]},"card_choices":[{"not_picked":["Twin Strike","Iron Wave"],"picked":"Perfected Strike","floor":1.0},{"not_picked":["Sword Boomerang","Battle Trance"],"picked":"Pommel Strike","floor":2.0},{"not_picked":["Dropkick","Iron Wave"],"picked":"Double Tap","floor":4.0},{"not_picked":["Sword Boomerang","Pommel Strike"],"picked":"Fiend Fire","floor":8.0},{"not_picked":["Cleave","Disarm"],"picked":"Burning Pact","floor":10.0},{"not_picked":["Warcry","Clothesline","Carnage"],"picked":"SKIP","floor":11.0},{"not_picked":["Offering","Immolate"],"picked":"Bludgeon","floor":16},{"not_picked":["Sever Soul","Body Slam"],"picked":"Rampage+1","floor":18}],"player_experience":627676,"relics_obtained":[{"floor":7.0,"key":"Matryoshka"},{"floor":9.0,"key":"Nunchaku"},{"floor":9.0,"key":"StrikeDummy"},{"floor":10.0,"key":"Art of War"}],"event_choices":[{"damage_healed":0.0,"max_hp_gain":0.0,"max_hp_loss":6.0,"gold_gain":0.0,"event_name":"Golden Idol","player_choice":"Lose Max HP","floor":5.0,"gold_loss":0.0,"damage_taken":0.0,"relics_obtained":["Golden Idol"]},{"damage_healed":0,"gold_gain":0,"player_choice":"Fled","damage_taken":0,"max_hp_gain":0,"max_hp_loss":0,"event_name":"Scrap Ooze","floor":12,"gold_loss":0},{"damage_healed":0,"gold_gain":175,"player_choice":"AGREE","damage_taken":0,"max_hp_gain":0,"max_hp_loss":0,"event_name":"Liars Game","floor":14,"gold_loss":0,"cards_obtained":["Doubt"]}],"is_beta":false,"boss_relics":[{"not_picked":["Cursed Key","Tiny House"],"picked":"Pandora\u0027s Box"}],"items_purged_floors":[3],"is_endless":false,"potions_floor_spawned":[2,8,10,16,18],"killed_by":"2 Thieves","ascension_level":13}}