{"host":"9ndbo4kgsfoemf7y","time":1608452282,"event":{"mods":["AchievementEnabler","BaseMod","Colored Map","DeckTracker","Keyboard Shortcuts","Minty Spire (QoL Compilation)","Permanent Neow","Quick Restart","Relic Stats","StSLib","SuperFastMode"],"gold_per_floor":[117,128,128,9,27,27,44,44,70,70,90,118,141,153,153],"floor_reached":14,"playtime":316,"items_purged":["Defend_R"],"score":184,"play_id":"0ef48b3b-fc34-413f-8392-e3fb859e97c9","local_time":"20201220171802","is_ascension_mode":true,"campfire_choices":[{"floor":6.0,"key":"REST"},{"data":"Uppercut","floor":8.0,"key":"SMITH"},{"data":"Searing Blow","floor":10.0,"key":"SMITH"}],"circlet_count":0,"master_deck":["AscendersBane","Strike_R","Strike_R","Strike_R","Defend_R","Defend_R+1","Defend_R","Bash","Searing Blow+1","Shrug It Off+1","Inflame","Twin Strike","Uppercut+1","Flame Barrier"],"relics":["Burning Blood","War Paint","MawBank"],"acts_visited":["Exordium"],"potions_floor_usage":[13],"damage_taken":[{"damage":12.0,"enemies":"Cultist","floor":1.0,"turns":4.0},{"damage":17.0,"enemies":"Small Slimes","floor":2.0,"turns":4.0},{"damage":8.0,"enemies":"Jaw Worm","floor":5.0,"turns":5.0},{"damage":25.0,"enemies":"3 Louse","floor":7.0,"turns":5.0},{"damage":1.0,"enemies":"Large Slime","floor":11.0,"turns":5.0},{"damage":24.0,"enemies":"Lagavulin","floor":12.0,"turns":6.0},{"damage":2,"enemies":"2 Fungi Beasts","floor":13,"turns":3},{"damage":23,"enemies":"3 Sentries","floor":14,"turns":4}],"seed_played":"-2843375920232666711","potions_obtained":[{"floor":1.0,"key":"CultistPotion"},{"floor":2.0,"key":"PowerPotion"},{"floor":12.0,"key":"ElixirPotion"}],"is_trial":false,"path_per_floor":["M","M","?","$","M","R","M","R","T","R","M","E","M","E"],"character_chosen":"IRONCLAD","items_purchased":["Inflame"],"campfire_rested":1,"item_purchase_floors":[4],"current_hp_per_floor":[44,33,29,29,27,49,30,30,30,30,35,17,21,0,0],"gold":153,"neow_bonus":"REMOVE_TWO","is_daily":false,"chose_seed":false,"campfire_upgraded":2,"win_rate":0.0,"timestamp":1608452282,"path_taken":["M","M","?","$","M","R","M","R","T","R","M","E","?","E"],"items_purchased_type":["Card"],"build_version":"2020-12-13","purchased_purges":1,"victory":false,"max_hp_per_floor":[75,75,75,75,75,75,75,75,75,75,75,75,75,75,75],"relic_stats":{"counters":[8,36],"War Paint":["Defend_R","Shrug It Off"],"MawBank":24,"obtain_stats":[{"War Paint":9,"MawBank":12,"Burning Blood":0},{"War Paint":4,"MawBank":6,"Burning Blood":0},{"War Paint":18,"MawBank":29,"Burning Blood":0}],"Burning Blood":42},"card_choices":[{"not_picked":["Shockwave","Dual Wield"],"picked":"Searing Blow","floor":1.0},{"not_picked":["Searing Blow","Rampage"],"picked":"Shrug It Off","floor":2.0},{"not_picked":["Body Slam","Sword Boomerang"],"picked":"Twin Strike","floor":5.0},{"not_picked":["Clothesline","Heavy Blade"],"picked":"Uppercut","floor":7.0},{"not_picked":["Sentinel","Clothesline","Clash"],"picked":"SKIP","floor":11.0},{"not_picked":["Clothesline","Perfected Strike","Cleave"],"picked":"SKIP","floor":12.0},{"not_picked":["Shockwave","Metallicize"],"picked":"Flame Barrier","floor":13}],"player_experience":722432,"relics_obtained":[{"floor":9.0,"key":"War Paint"},{"floor":12.0,"key":"MawBank"}],"event_choices":[{"damage_healed":0.0,"max_hp_gain":0.0,"max_hp_loss":0.0,"gold_gain":0.0,"event_name":"The Woman in Blue","player_choice":"Bought 0 Potions","floor":3.0,"gold_loss":0.0,"damage_taken":0.0}],"is_beta":false,"boss_relics":[],"items_purged_floors":[4],"is_endless":false,"potions_floor_spawned":[1,2,12],"killed_by":"3 Sentries","ascension_level":20}}