{"host":"rolltorest","time":1608444530,"event":{"mods":["BaseMod","Minty Spire (QoL Compilation)","StSLib"],"gold_per_floor":[109,109,127,107,122,162,182,182,182,21,21,44,44,80,80,80,80],"floor_reached":16,"playtime":461,"items_purged":[],"score":220,"play_id":"000c1bda-7857-45f5-947b-0d6da8bb07d3","local_time":"20201219220850","is_ascension_mode":true,"campfire_choices":[{"floor":8,"key":"REST"},{"data":"Strike_R","floor":11,"key":"PURGE"},{"data":"Strike_R","floor":15,"key":"PURGE"}],"circlet_count":0,"master_deck":["AscendersBane","Strike_R","Strike_R","Strike_R","Defend_R","Defend_R","Defend_R","Defend_R","Bash","Battle Trance","Uppercut","Shockwave","Dark Embrace","Second Wind"],"relics":["Fusion Hammer","Golden Idol","Bottled Lightning","Peace Pipe","PrismaticShard","Dead Branch"],"acts_visited":["Exordium"],"potions_floor_usage":[6],"damage_taken":[{"damage":0,"enemies":"2 Louse","floor":1,"turns":3},{"damage":2,"enemies":"Jaw Worm","floor":3,"turns":3},{"damage":4,"enemies":"Cultist","floor":5,"turns":3},{"damage":35,"enemies":"3 Sentries","floor":6,"turns":11},{"damage":3,"enemies":"3 Louse","floor":7,"turns":3},{"damage":13,"enemies":"Blue Slaver","floor":12,"turns":4},{"damage":27,"enemies":"Gremlin Nob","floor":14,"turns":4},{"damage":46,"enemies":"The Guardian","floor":16,"turns":11}],"seed_played":"4983039548077478031","potions_obtained":[{"floor":3,"key":"Regen Potion"},{"floor":4,"key":"Dexterity Potion"},{"floor":6,"key":"SteroidPotion"},{"floor":12,"key":"FairyPotion"}],"is_trial":false,"path_per_floor":["M","?","M","?","M","E","M","R","T","$","R","M","?","E","R","B"],"character_chosen":"IRONCLAD","items_purchased":["PrismaticShard"],"campfire_rested":1,"item_purchase_floors":[10],"current_hp_per_floor":[68,68,66,66,62,42,39,59,59,59,59,46,46,19,19,1,1],"gold":80,"neow_bonus":"BOSS_RELIC","is_daily":false,"chose_seed":false,"campfire_upgraded":0,"win_rate":0.0,"timestamp":1608444530,"path_taken":["M","?","M","?","M","E","?","R","T","$","R","M","?","E","R","BOSS"],"items_purchased_type":["Relic"],"build_version":"2020-12-18","purchased_purges":0,"victory":false,"max_hp_per_floor":[75,68,68,68,68,68,68,68,68,68,68,68,68,68,68,68,68],"card_choices":[{"not_picked":["Pommel Strike","Sword Boomerang"],"picked":"Battle Trance","floor":1},{"not_picked":["Headbutt","Thunderclap"],"picked":"Uppercut","floor":3},{"not_picked":["Dropkick","Blood for Blood"],"picked":"Shockwave","floor":5},{"not_picked":["Pommel Strike","Clothesline"],"picked":"Dark Embrace","floor":6},{"not_picked":["Infernal Blade","True Grit","Seeing Red"],"picked":"SKIP","floor":7},{"not_picked":["ForeignInfluence","Dodge and Roll","InnerPeace"],"picked":"SKIP","floor":12},{"not_picked":["InnerPeace","Rebound"],"picked":"Second Wind","floor":14}],"player_experience":1688741,"relics_obtained":[{"floor":6,"key":"Bottled Lightning"},{"floor":9,"key":"Peace Pipe"},{"floor":14,"key":"Dead Branch"}],"event_choices":[{"damage_healed":0,"gold_gain":0,"player_choice":"Lose Max HP","damage_taken":0,"relics_obtained":["Golden Idol"],"max_hp_gain":0,"max_hp_loss":7,"event_name":"Golden Idol","floor":2,"gold_loss":0},{"damage_healed":0,"gold_gain":0,"player_choice":"Bought 1 Potion","damage_taken":0,"max_hp_gain":0,"max_hp_loss":0,"event_name":"The Woman in Blue","floor":4,"gold_loss":0},{"damage_healed":0,"gold_gain":0,"player_choice":"Ignored","damage_taken":0,"max_hp_gain":0,"max_hp_loss":0,"event_name":"Liars Game","floor":13,"gold_loss":0}],"is_beta":true,"boss_relics":[],"items_purged_floors":[],"is_endless":false,"potions_floor_spawned":[3,6,12],"killed_by":"The Guardian","ascension_level":20}}