{"host":"4ia4wmtvbzfrqeuq","time":1608500802,"event":{"mods":["A Magickal Journey","Aspiration","BaseMod","Beaked The Cultist","Better Skull","Better Third Choice","BetterRewards","Card Forge","Conspire","Dio Mod","Downfall","Duelist Mod","Halation","Hermit","Hubris","Infinite Spire","Jorbs\u0027s Wanderer Trilogy","Lobotomy","LobotomyExtend","Luminous","Mimic Mod","Minty Spire (QoL Compilation)","Prisma Mod","Replay The Spire","Robot Space Explorer","Shop Mod","Spicy Shops","StSLib","The Animator","The Cursed","The Disciple","The Elementalist","The Hierophant","The Necromancer","The Runesmith","The Wild Card","Wandering Minibosses","vexMod"],"gold_per_floor":[117,132,182,147,47,47,47],"floor_reached":6,"playtime":465,"items_purged":["PrismaMod:IllyaCommonAttack","PrismaMod:IllyaCommonAttack"],"score":34,"play_id":"e52ac5d0-0223-492b-9fff-14508fb0c95b","local_time":"20201220134642","is_ascension_mode":false,"campfire_choices":[],"circlet_count":0,"master_deck":["PrismaMod:IllyaCommonDefend","PrismaMod:IllyaCommonAttack","PrismaMod:IllyaCommonDefend","PrismaMod:IllyaCommonAttack","PrismaMod:IllyaCommonDefend","PrismaMod:IllyaCommonAttack","PrismaMod:IllyaCommonDefend","PrismaMod:IllyaCommonDefend","PrismaMod:IllyaUncommonAttack","PrismaMod:IllyaUncommonDefend","PrismaMod:IllyaAssassinRevenge","PrismaMod:IllyaUpgradeOrbs","PrismaMod:IllyaSaphire","PrismaMod:IllyaReinForce"],"relics":["PrismaMod:PrismaRuby","Hammer of Thor","Seething Fire","Anvil of the Gods","Frozen Egg 2","Replay:Ringing Soul","LetterFromLob"],"acts_visited":["Exordium"],"potions_floor_usage":[],"damage_taken":[{"damage":9,"enemies":"Small Slimes","floor":1,"turns":3},{"damage":7,"enemies":"2 Louse","floor":2,"turns":4},{"damage":59,"enemies":"Gremlin Nob","floor":6,"turns":5}],"seed_played":"5758367103985275954","potions_obtained":[{"floor":2,"key":"SpeedPotion"}],"is_trial":false,"path_per_floor":["M","M","?","?","$","E"],"character_chosen":"ILLYA","items_purchased":["Frozen Egg 2","Replay:Ringing Soul","PrismaMod:IllyaAssassinRevenge","PrismaMod:IllyaUpgradeOrbs"],"campfire_rested":0,"item_purchase_floors":[0,0,0,0],"current_hp_per_floor":[37,33,33,54,54,0,0],"gold":47,"neow_bonus":"","is_daily":false,"chose_seed":false,"campfire_upgraded":0,"win_rate":0.0,"timestamp":1608500802,"path_taken":["M","M","?","?","$","E"],"items_purchased_type":["Relic","Relic","Card","Card"],"build_version":"2020-12-13","purchased_purges":2,"victory":false,"max_hp_per_floor":[81,84,84,84,84,84,84],"card_choices":[{"not_picked":["PrismaMod:IllyaCheapChannelAttack","PrismaMod:IllyaMinorZwei"],"picked":"PrismaMod:IllyaSaphire","floor":1},{"not_picked":["PrismaMod:IllyaUncommonAOEAttack","PrismaMod:IllyaAOECommonAttack"],"picked":"PrismaMod:IllyaReinForce","floor":2}],"player_experience":847083,"relics_obtained":[{"floor":1,"key":"LetterFromLob"}],"event_choices":[{"damage_healed":21,"gold_gain":0,"player_choice":"Healed","damage_taken":0,"max_hp_gain":0,"max_hp_loss":0,"event_name":"The Cleric","floor":4,"gold_loss":35}],"is_beta":false,"boss_relics":[],"items_purged_floors":[0,5],"is_endless":false,"potions_floor_spawned":[2],"killed_by":"Gremlin Nob","ascension_level":0}}