{"host":"o7j6aatxjwpw1421","time":1608455510,"event":{"mods":["2.2 Compatiblity","BaseMod","Colored Map","DeckTracker","Highlight Path","Keyboard Shortcuts","Minty Spire (QoL Compilation)","Permanent Neow","Quick Restart","StSLib","SuperFastMode","everything is the same but u backflip on backflip"],"gold_per_floor":[13,24,42,42,55,55,71,86,86,96,96,108,108,125,125,222,222,236,236,114,126,126,126],"floor_reached":22,"playtime":1317,"items_purged":["Perfected Strike"],"score":228,"play_id":"3bd7a8ae-f6f8-4f74-845a-2aa2acfa5b3e","local_time":"20201220181150","is_ascension_mode":true,"campfire_choices":[{"data":"Heavy Blade","floor":6.0,"key":"SMITH"},{"data":"Offering","floor":11.0,"key":"SMITH"},{"data":"Armaments","floor":13.0,"key":"SMITH"},{"data":"Armaments","floor":15.0,"key":"SMITH"}],"circlet_count":0,"master_deck":["Strike_R","Strike_R","Strike_R","Defend_R","Defend_R","Defend_R","Defend_R","Bash","Offering+1","Infernal Blade","Battle Trance","Flex","Heavy Blade+1","Armaments+1","Cleave","Armaments+1","True Grit","Dual Wield","Reaper","Pommel Strike","True Grit"],"relics":["Black Blood","Question Card"],"acts_visited":["Exordium","TheCity"],"potions_floor_usage":[22],"damage_taken":[{"damage":1.0,"enemies":"Cultist","floor":1.0,"turns":3.0},{"damage":6.0,"enemies":"Small Slimes","floor":2.0,"turns":2.0},{"damage":13.0,"enemies":"Jaw Worm","floor":3.0,"turns":3.0},{"damage":6.0,"enemies":"2 Fungi Beasts","floor":5.0,"turns":2.0},{"damage":6.0,"enemies":"Looter","floor":7.0,"turns":1.0},{"damage":10.0,"enemies":"Red Slaver","floor":8.0,"turns":3.0},{"damage":10.0,"enemies":"Exordium Wildlife","floor":10.0,"turns":3.0},{"damage":6.0,"enemies":"Lots of Slimes","floor":12.0,"turns":1.0},{"damage":6.0,"enemies":"Blue Slaver","floor":14.0,"turns":3.0},{"damage":48.0,"enemies":"Slime Boss","floor":16.0,"turns":11.0},{"damage":25.0,"enemies":"Chosen","floor":18.0,"turns":5.0},{"damage":28,"enemies":"Spheric Guardian","floor":21,"turns":4},{"damage":33,"enemies":"Shelled Parasite and Fungi","floor":22,"turns":4}],"seed_played":"-5316384382919907645","potions_obtained":[{"floor":2.0,"key":"Block Potion"},{"floor":3.0,"key":"BloodPotion"},{"floor":7.0,"key":"ElixirPotion"},{"floor":10.0,"key":"Weak Potion"},{"floor":21,"key":"Dexterity Potion"}],"is_trial":false,"path_per_floor":["M","M","M","$","M","R","M","M","T","M","R","M","R","M","R","B",null,"M","?","$","M","M"],"character_chosen":"IRONCLAD","items_purchased":["True Grit"],"campfire_rested":0,"item_purchase_floors":[20],"current_hp_per_floor":[80,80,73,73,73,73,73,69,69,80,80,80,80,80,80,38,70,57,57,57,41,8,8],"gold":126,"neow_bonus":"THREE_RARE_CARDS","is_daily":false,"chose_seed":false,"campfire_upgraded":4,"win_rate":0.0,"timestamp":1608455510,"path_taken":["M","?","M","?","M","R","M","M","T","M","R","?","R","M","R","BOSS","M","?","$","M","M"],"items_purchased_type":["Card"],"build_version":"2020-12-13","purchased_purges":1,"victory":false,"max_hp_per_floor":[80,80,80,80,80,80,80,80,80,80,80,80,80,80,80,80,80,80,80,80,80,80,80],"card_choices":[{"not_picked":["Double Tap","Corruption"],"picked":"Offering","floor":0.0},{"not_picked":["Body Slam","Sever Soul"],"picked":"Infernal Blade","floor":1.0},{"not_picked":["Warcry","Second Wind"],"picked":"Battle Trance","floor":2.0},{"not_picked":["Warcry","Sword Boomerang"],"picked":"Flex","floor":3.0},{"not_picked":["Flex","Bludgeon"],"picked":"Heavy Blade","floor":5.0},{"not_picked":["Clothesline","Intimidate"],"picked":"Armaments","floor":7.0},{"not_picked":["Havoc","Twin Strike"],"picked":"Cleave","floor":8.0},{"not_picked":["Clothesline","Warcry","Wild Strike"],"picked":"Armaments","floor":10.0},{"not_picked":["Headbutt","Reckless Charge","Anger"],"picked":"True Grit","floor":12.0},{"not_picked":["Sword Boomerang","Hemokinesis","Thunderclap"],"picked":"Dual Wield","floor":14.0},{"not_picked":["Feed","Barricade","Impervious"],"picked":"Reaper","floor":16.0},{"not_picked":["Warcry","Uppercut","Sword Boomerang","Flex"],"picked":"SKIP","floor":18.0},{"not_picked":["Havoc","Clash","Headbutt","Thunderclap+1"],"picked":"SKIP","floor":21}],"player_experience":278948,"relics_obtained":[{"floor":9.0,"key":"Question Card"}],"event_choices":[{"damage_healed":0.0,"max_hp_gain":0.0,"max_hp_loss":0.0,"gold_gain":0.0,"cards_transformed":["Strike_R","Strike_R"],"event_name":"Drug Dealer","player_choice":"Became Test Subject","floor":19.0,"gold_loss":0.0,"damage_taken":0.0,"cards_obtained":["Pommel Strike","Perfected Strike"]}],"is_beta":false,"boss_relics":[{"not_picked":["SlaversCollar","Runic Pyramid"],"picked":"Black Blood"}],"items_purged_floors":[20],"is_endless":false,"potions_floor_spawned":[2,3,7,10,21],"killed_by":"Shelled Parasite and Fungi","ascension_level":5}}