{"host":"vh33hu3wddwn6yt6","time":1608423788,"event":{"mods":["AchievementEnabler","Act Like it!","Aspiration","BaseMod","Better Altar","Better Match","Better Note","Better Sensory Stone","Better Skull","Better Third Choice","BetterRewards","Downfall","Hubris","Infinite Spire","Minty Spire (QoL Compilation)","Permanent Neow","Replay The Spire","Shade Mod","Shop Mod","Spicy Shops","StSLib","SuperFastMode","The Blackbeard","The Necromancer","The Poker Player","The Servant 0.9.4","TheBandit","Wandering Minibosses"],"gold_per_floor":[109,109,109,129,54,90,110,147,172,216,216,244,261,281,281,392,392,411,421,421,443,443,443,443],"floor_reached":23,"playtime":530,"items_purged":[],"score":250,"play_id":"7a5524d7-f023-470b-a74c-9ceada436904","local_time":"20201220012308","is_ascension_mode":true,"campfire_choices":[{"floor":11,"key":"REST"},{"floor":15,"key":"REST"}],"circlet_count":0,"master_deck":["Strike_B","Strike_B","Strike_B","Strike_B","Defend_B","Defend_B","Defend_B","Defend_B","Zap+1","Dualcast","Redo","Capacitor","hubris:PowerSurge","Ball Lightning","Barrage","Thunder Strike","Static Discharge","Defragment"],"relics":["Cracked Core","NeowsBlessing","CeramicFish","Bronze Scales","ReplayTheSpireMod:Ninjato","infinitespire:Lucky Rock","hubris:VirtuousBlindfold","aspiration:HiddenCompartment"],"acts_visited":["Exordium","TheCity"],"potions_floor_usage":[7,8,10,12,18,21],"damage_taken":[{"damage":0,"enemies":"Jaw Worm","floor":1,"turns":1},{"damage":0,"enemies":"Small Slimes","floor":4,"turns":1},{"damage":0,"enemies":"Lagavulin","floor":6,"turns":1},{"damage":1,"enemies":"infinitespire:Voidling","floor":7,"turns":2},{"damage":16,"enemies":"Gremlin Nob","floor":8,"turns":3},{"damage":21,"enemies":"Lagavulin","floor":10,"turns":7},{"damage":18,"enemies":"Gremlin Gang","floor":12,"turns":6},{"damage":6,"enemies":"Exordium Thugs","floor":13,"turns":3},{"damage":5,"enemies":"Looter","floor":14,"turns":3},{"damage":25,"enemies":"Slime Boss","floor":16,"turns":7},{"damage":8,"enemies":"Shell Parasite","floor":18,"turns":3},{"damage":30,"enemies":"2 Thieves","floor":19,"turns":3},{"damage":17,"enemies":"Snecko","floor":21,"turns":4},{"damage":26,"enemies":"Nightmare","floor":23,"turns":3}],"seed_played":"7426541216755350268","potions_obtained":[{"floor":4,"key":"champ:CounterPotion"},{"floor":6,"key":"Slimebound:ThreeZeroPotion"},{"floor":7,"key":"Dexterity Potion"},{"floor":10,"key":"Energy Potion"},{"floor":16,"key":"LifebloodPotion"},{"floor":19,"key":"Fire Potion"},{"floor":21,"key":"SpeedPotion"}],"is_trial":false,"path_per_floor":["M","?","?","M","$","E","M","E","T","E","R","M","M","M","R","B",null,"M","M","T","M","?","NM"],"character_chosen":"DEFECT","items_purchased":["CeramicFish"],"campfire_rested":2,"item_purchase_floors":[5],"current_hp_per_floor":[75,75,68,68,68,68,67,51,51,30,52,34,28,23,45,20,75,67,37,37,20,20,0,0],"gold":443,"neow_bonus":"THREE_ENEMY_KILL","is_daily":false,"chose_seed":false,"campfire_upgraded":0,"win_rate":0.0,"timestamp":1608423788,"path_taken":["M","?","?","?","$","E","M","E","T","E","R","M","M","M","R","BOSS","M","?","?","M","?","NM"],"items_purchased_type":["Relic"],"build_version":"2020-12-13","purchased_purges":0,"victory":false,"max_hp_per_floor":[75,75,75,75,75,75,75,75,75,75,75,75,75,75,75,75,75,75,75,75,75,75,75,75],"card_choices":[{"not_picked":["Doom and Gloom","aspiration:Polymerization"],"picked":"Redo","floor":1},{"not_picked":["Lockon","Rebound","Blizzard"],"picked":"SKIP","floor":4},{"not_picked":["Cold Snap","Leap"],"picked":"Capacitor","floor":6},{"not_picked":["ReplayTheSpireMod:Reroute Power","Reprogram","Hello World"],"picked":"SKIP","floor":7},{"not_picked":["Sweeping Beam","ReplayTheSpireMod:Reroute Power"],"picked":"hubris:PowerSurge","floor":8},{"not_picked":["Beam Cell","Reinforced Body"],"picked":"Ball Lightning","floor":10},{"not_picked":["Compile Driver","Skim"],"picked":"Barrage","floor":12},{"not_picked":["Meteor Strike","Sweeping Beam","Coolheaded"],"picked":"SKIP","floor":13},{"not_picked":["Time Bomb","Beam Cell","White Noise"],"picked":"SKIP","floor":14},{"not_picked":["Multi-Cast","Rainbow"],"picked":"Thunder Strike","floor":16},{"not_picked":["BasicCrystalCard","Recycle+1"],"picked":"Static Discharge","floor":18},{"not_picked":["Streamline","Turbo","Stack+1"],"picked":"SKIP","floor":19},{"not_picked":["Leap","Loop+1"],"picked":"Defragment","floor":21}],"player_experience":547903,"relics_obtained":[{"floor":6,"key":"Bronze Scales"},{"floor":8,"key":"ReplayTheSpireMod:Ninjato"},{"floor":10,"key":"infinitespire:Lucky Rock"},{"floor":20,"key":"aspiration:HiddenCompartment"}],"event_choices":[{"damage_healed":0,"gold_gain":0,"player_choice":"Damaged","damage_taken":7,"max_hp_gain":0,"max_hp_loss":0,"event_name":"Wheel of Change","floor":3,"gold_loss":0},{"damage_healed":0,"gold_gain":0,"player_choice":"Upgraded","damage_taken":0,"max_hp_gain":0,"max_hp_loss":0,"event_name":"Upgrade Shrine","floor":22,"gold_loss":0,"cards_upgraded":["Zap"]}],"is_beta":false,"boss_relics":[{"not_picked":["Nuclear Battery","aspiration:PoetsPen_weak"],"picked":"hubris:VirtuousBlindfold"}],"items_purged_floors":[],"is_endless":false,"potions_floor_spawned":[4,6,7,10,16,19,21],"killed_by":"Nightmare","ascension_level":1}}