{"host":"n4oa921u88t6jog9","time":1608433434,"event":{"mods":["AchievementEnabler","BaseMod","DeckTracker","Keyboard Shortcuts","Minty Spire (QoL Compilation)","Quick Restart","StSLib","SuperFastMode"],"gold_per_floor":[113,113,113,127,143,143,17,48,48,63,73,88,88,106,106,106,106],"floor_reached":16,"playtime":535,"items_purged":[],"score":202,"play_id":"3d63f9f5-cf14-45ca-9b2d-36b0370b4cf9","local_time":"20201220120354","is_ascension_mode":true,"campfire_choices":[{"data":"Pommel Strike","floor":6,"key":"SMITH"},{"data":"Limit Break","floor":13,"key":"SMITH"},{"data":"Flex","floor":15,"key":"SMITH"}],"circlet_count":0,"master_deck":["AscendersBane","Strike_R","Strike_R","Defend_R","Defend_R","Defend_R","Defend_R","Bash","Second Wind","Pommel Strike+1","Feed","Wild Strike","Limit Break+1","Flex+1","Shrug It Off"],"relics":["Burning Blood","InkBottle","White Beast Statue"],"acts_visited":["Exordium"],"potions_floor_usage":[8,10,16,16],"damage_taken":[{"damage":11,"enemies":"Jaw Worm","floor":1,"turns":5},{"damage":18,"enemies":"Small Slimes","floor":4,"turns":5},{"damage":3,"enemies":"2 Louse","floor":5,"turns":4},{"damage":23,"enemies":"3 Sentries","floor":8,"turns":11},{"damage":30,"enemies":"Lots of Slimes","floor":10,"turns":6},{"damage":0,"enemies":"3 Louse","floor":11,"turns":3},{"damage":9,"enemies":"2 Fungi Beasts","floor":12,"turns":3},{"damage":4,"enemies":"Looter","floor":14,"turns":4},{"damage":47,"enemies":"The Guardian","floor":16,"turns":9}],"seed_played":"1197769869889343651","potions_obtained":[{"floor":5,"key":"Block Potion"},{"floor":8,"key":"BloodPotion"},{"floor":10,"key":"BlessingOfTheForge"},{"floor":11,"key":"SmokeBomb"},{"floor":12,"key":"Fruit Juice"}],"is_trial":false,"path_per_floor":["M","?","?","M","M","R","$","E","T","M","M","M","R","M","R","B"],"character_chosen":"IRONCLAD","items_purchased":["Feed","Wild Strike"],"campfire_rested":0,"item_purchase_floors":[7,7],"current_hp_per_floor":[63,63,56,44,47,47,47,33,33,27,36,36,36,41,41,0,0],"gold":106,"neow_bonus":"REMOVE_CARD","is_daily":false,"chose_seed":false,"campfire_upgraded":3,"win_rate":0.0,"timestamp":1608433434,"path_taken":["M","?","?","M","M","R","$","E","T","M","M","M","R","M","R","BOSS"],"items_purchased_type":["Card","Card"],"build_version":"2020-12-13","purchased_purges":0,"victory":false,"max_hp_per_floor":[75,75,75,75,75,75,75,78,78,81,84,87,87,90,90,95,95],"card_choices":[{"not_picked":["Flex","Sword Boomerang"],"picked":"Second Wind","floor":1},{"not_picked":["Flame Barrier","Second Wind","Entrench"],"picked":"SKIP","floor":4},{"not_picked":["Anger","Clothesline"],"picked":"Pommel Strike","floor":5},{"not_picked":["Anger","Sword Boomerang"],"picked":"Limit Break","floor":8},{"not_picked":["Dark Embrace","Wild Strike"],"picked":"Flex","floor":10},{"not_picked":["Clothesline","Body Slam"],"picked":"Shrug It Off","floor":11},{"not_picked":["Clash","Metallicize","Wild Strike"],"picked":"SKIP","floor":12},{"not_picked":["Clash","Metallicize","Wild Strike"],"picked":"SKIP","floor":12},{"not_picked":["Cleave","Intimidate","Barricade"],"picked":"SKIP","floor":14}],"player_experience":351820,"relics_obtained":[{"floor":8,"key":"InkBottle"},{"floor":9,"key":"White Beast Statue"}],"event_choices":[{"cards_removed":["Strike_R"],"damage_healed":0,"gold_gain":0,"player_choice":"Forget","damage_taken":0,"max_hp_gain":0,"max_hp_loss":0,"event_name":"Living Wall","floor":2,"gold_loss":0},{"cards_removed":["Strike_R"],"damage_healed":0,"gold_gain":0,"player_choice":"Card Removal","damage_taken":7,"max_hp_gain":0,"max_hp_loss":0,"event_name":"Golden Wing","floor":3,"gold_loss":0}],"is_beta":false,"boss_relics":[],"items_purged_floors":[],"is_endless":false,"potions_floor_spawned":[5,8,10,11,12,14],"killed_by":"The Guardian","ascension_level":14}}