{"host":"htqwg582tjjtn9p7","time":1608476997,"event":{"mods":["2.2 Compatiblity","AchievementEnabler","Act Like it!","Aspiration","BaseMod","Better Third Choice","Colored Map","Conspire","Curses Come First","Displayed Cursed Tome","Energized Spire","Force Act Four","GifTheSpireLib","Hermit","Highlight Path","JesterMod","Mad Scientist","Minty Spire (QoL Compilation)","Pale of the Ancients","Permanent Neow","Random Character Button","Relic Stats","Replay The Spire","Robot Space Explorer","Somnambulant","Spicy Shops","Spikes Relics","StSLib","Stuff the Spire","The Blue Laboratory","The Disciple","The Dragon Tamer","The Forsaken","The Gatherer","The Judge","The Jungle","The Runesmith","The Servant 0.9.4"],"gold_per_floor":[116,0,14,14,208,240,240,253,253,253,285,305,49,73,73,149,149,163,213,213,213,61,61,95,107,134,161,161,173,0,11,11,88,88,98,118,118,118,67,67,99,99,99,130,130,149,13,47,47,47,57,77,77,77,77,97,97,97,97,97],"floor_reached":61,"playtime":2188,"items_purged":["Injury","Pain","Strike_R"],"score":2356,"play_id":"6781a388-d68b-490b-b913-5b824038b5bc","local_time":"20201220160957","is_ascension_mode":true,"campfire_choices":[{"floor":7,"key":"REST"},{"floor":10,"key":"REST"},{"floor":15,"key":"REST"},{"data":"Limit Break","floor":23,"key":"SMITH"},{"floor":28,"key":"REST"},{"floor":32,"key":"REST"},{"floor":40,"key":"REST"},{"floor":42,"key":"REST"},{"floor":45,"key":"REST"},{"data":"Enlightenment","floor":49,"key":"SMITH"},{"data":"True Grit","floor":55,"key":"SMITH"},{"data":"True Grit","floor":57,"key":"SMITH"}],"circlet_count":0,"master_deck":["AscendersBane","Strike_R","Strike_R+1","Strike_R+1","Defend_R","Defend_R","Defend_R","Defend_R","Bash","Limit Break+1","Armaments","Enlightenment+1","Flex","Invigoration","Sword Boomerang+1","Inflame","True Grit+1","Ghostly Armor","Heavy Blade+1","Offering","StuffTheSpire:Ambrosia","ReplayTheSpireMod:Limb From Limb+1","Ghostly Armor","True Grit+1","Shockwave","StuffTheSpire:BrainWave","Pommel Strike+1","Battle Trance+1","Inflame","Invigoration+1","Shrug It Off+1"],"relics":["Burning Blood","Molten Egg 2","StuffTheSpire:Barrel","LugNut","CaptainsWheel","Odd Mushroom","Whetstone","aspiration:MobileForge","StuffTheSpire:GrapeVine","conspire:GlowingRock","aspiration:Lifesprig","HornCleat","Replay:Fungal Core","Pen Nib","StuffTheSpire:Rhapsscallions","Nunchaku","Happy Flower","Gremlin Food","paleoftheancients:Timepiece","paleoftheancients:KeyRelic","Gremlin Horn","CultistMask","paleoftheancients:SoulOfTheWokeBloke","aspiration:HatOfInfinitePower","Unceasing Top","aspiration:StickyExplosives_weak"],"acts_visited":["Exordium","TheCity","TheBeyond","TheBeyond"],"potions_floor_usage":[3,12,12,16,24,31,36,44,50,51],"damage_taken":[{"damage":10,"enemies":"Small Slimes","floor":1,"turns":5},{"damage":7,"enemies":"Jaw Worm","floor":3,"turns":5},{"damage":40,"enemies":"Gremlin Nob","floor":6,"turns":5},{"damage":8,"enemies":"2 Louse","floor":8,"turns":4},{"damage":29,"enemies":"Lagavulin","floor":11,"turns":7},{"damage":12,"enemies":"The Mushroom Lair","floor":12,"turns":3},{"damage":36,"enemies":"Hexaghost","floor":16,"turns":5},{"damage":3,"enemies":"Spheric Guardian","floor":18,"turns":5},{"damage":50,"enemies":"Gremlin Leader","floor":24,"turns":8},{"damage":6,"enemies":"Chosen","floor":25,"turns":6},{"damage":17,"enemies":"Book of Stabbing","floor":27,"turns":4},{"damage":22,"enemies":"Snecko","floor":29,"turns":5},{"damage":0,"enemies":"Centurion and Healer","floor":31,"turns":8},{"damage":28,"enemies":"conspire:MysteriousRune","floor":33,"turns":8},{"damage":12,"enemies":"3 Shapes","floor":35,"turns":14},{"damage":26,"enemies":"3 Darklings","floor":36,"turns":5},{"damage":49,"enemies":"R_Hoarder","floor":41,"turns":9},{"damage":19,"enemies":"Reptomancer","floor":44,"turns":6},{"damage":12,"enemies":"Transient","floor":46,"turns":5},{"damage":0,"enemies":"Giant Head","floor":48,"turns":3},{"damage":28,"enemies":"Donu and Deca","floor":50,"turns":7},{"damage":22,"enemies":"Donu and Deca","floor":51,"turns":6},{"damage":9,"enemies":"Donu and Deca","floor":52,"turns":5},{"damage":6,"enemies":"Donu and Deca","floor":56,"turns":3},{"damage":12,"enemies":"paleoftheancients:N","floor":60,"turns":6}],"seed_played":"7998514497988059687","potions_obtained":[{"floor":1,"key":"Regen Potion"},{"floor":6,"key":"blueLaboratory:NullPotion"},{"floor":8,"key":"Toxic Potion"},{"floor":11,"key":"blueLaboratory:ImpenetrablePotion"},{"floor":27,"key":"blueLaboratory:RememoryPotion"},{"floor":29,"key":"Swift Potion"},{"floor":33,"key":"Strength Potion"},{"floor":46,"key":"blueLaboratory:LimitlessPotion"},{"floor":51,"key":"SteroidPotion"}],"is_trial":false,"path_per_floor":["M","?","M","?","?","E","R","M","T","R","E","?","$","T","R","B",null,"M","T","?","?","$","R","E","M","T","E","R","M","$","M","R","B",null,"M","M","?","?","$","R","E","R","T","E","R","M","?","E","R","B","M","M","T","T","R","M","R","T","?","B",null],"character_chosen":"IRONCLAD","items_purchased":["Ghostly Armor","DuplicationPotion","Heavy Blade+1","Adrenaline Potion","Adrenaline Potion","blueLaboratory:FrostheartPotion"],"campfire_rested":8,"item_purchase_floors":[13,13,13,22,30,39],"current_hp_per_floor":[64,70,81,81,55,21,45,43,43,67,44,38,38,38,62,32,69,72,72,72,72,72,72,29,30,30,20,45,30,30,45,70,57,80,75,56,51,51,51,73,31,54,56,44,68,63,63,78,78,79,78,81,81,81,81,84,84,84,84,83],"gold":97,"neow_bonus":"ONE_RANDOM_RARE_CARD","is_daily":false,"chose_seed":false,"campfire_upgraded":4,"win_rate":0.0,"timestamp":1608476997,"path_taken":["M","?","M","?","?","E","R","M","T","R","E","?","$","?","R","BOSS","M","?","?","?","$","R","E","M","T","E","R","M","$","M","R","BOSS","M","M","?","?","$","R","E","R","T","E","R","M","?","E","R","BOSS","M","M","?","T","R","M","R","T","?","BOSS"],"items_purchased_type":["Card","Potion","Card","Potion","Potion","Potion"],"build_version":"2020-12-13","purchased_purges":3,"victory":true,"max_hp_per_floor":[75,81,81,81,81,81,81,81,81,81,81,81,81,81,81,81,81,81,81,81,81,81,81,82,83,83,84,84,85,85,86,86,87,87,88,89,89,76,76,76,77,77,79,80,80,81,81,82,82,83,84,85,85,85,85,86,86,86,86,87],"relic_stats":{"Nunchaku":[8],"Happy Flower":[10],"Gremlin Horn":[21,24],"counters":[25,145],"Pen Nib":[9],"Whetstone":["Strike_R","Strike_R"],"obtain_stats":[{"StuffTheSpire:Barrel":6,"aspiration:Lifesprig":26,"Gremlin Horn":50,"StuffTheSpire:Rhapsscallions":43,"StuffTheSpire:GrapeVine":19,"Whetstone":14,"Burning Blood":0,"aspiration:StickyExplosives_weak":58,"conspire:GlowingRock":24,"Nunchaku":44,"HornCleat":27,"aspiration:MobileForge":17,"LugNut":9,"Gremlin Food":48,"paleoftheancients:KeyRelic":50,"Replay:Fungal Core":34,"Happy Flower":47,"Pen Nib":41,"Odd Mushroom":12,"paleoftheancients:Timepiece":50,"CaptainsWheel":11,"paleoftheancients:SoulOfTheWokeBloke":51,"Molten Egg 2":4,"CultistMask":50,"aspiration:HatOfInfinitePower":53,"Unceasing Top":54},{"StuffTheSpire:Barrel":3,"aspiration:Lifesprig":10,"Gremlin Horn":21,"StuffTheSpire:Rhapsscallions":17,"StuffTheSpire:GrapeVine":8,"Whetstone":6,"Burning Blood":0,"aspiration:StickyExplosives_weak":24,"conspire:GlowingRock":9,"Nunchaku":18,"HornCleat":11,"aspiration:MobileForge":7,"LugNut":4,"Gremlin Food":20,"paleoftheancients:KeyRelic":21,"Replay:Fungal Core":14,"Happy Flower":19,"Pen Nib":17,"Odd Mushroom":6,"paleoftheancients:Timepiece":21,"CaptainsWheel":5,"paleoftheancients:SoulOfTheWokeBloke":22,"Molten Egg 2":2,"CultistMask":21,"aspiration:HatOfInfinitePower":23,"Unceasing Top":23},{"StuffTheSpire:Barrel":15,"aspiration:Lifesprig":52,"Gremlin Horn":125,"StuffTheSpire:Rhapsscallions":104,"StuffTheSpire:GrapeVine":39,"Whetstone":29,"Burning Blood":0,"aspiration:StickyExplosives_weak":139,"conspire:GlowingRock":47,"Nunchaku":110,"HornCleat":56,"aspiration:MobileForge":34,"LugNut":19,"Gremlin Food":118,"paleoftheancients:KeyRelic":125,"Replay:Fungal Core":76,"Happy Flower":115,"Pen Nib":104,"Odd Mushroom":29,"paleoftheancients:Timepiece":125,"CaptainsWheel":26,"paleoftheancients:SoulOfTheWokeBloke":131,"Molten Egg 2":10,"CultistMask":125,"aspiration:HatOfInfinitePower":136,"Unceasing Top":136}],"Burning Blood":148,"Unceasing Top":[0]},"card_choices":[{"not_picked":["Carnage","Shrug It Off"],"picked":"Armaments","floor":1},{"not_picked":["Havoc","Perfected Strike"],"picked":"Flex","floor":3},{"not_picked":["Havoc","Pommel Strike+1"],"picked":"Invigoration","floor":5},{"not_picked":["ReplayTheSpireMod:Strike From Hell+1","Juggernaut","Run Through+1"],"picked":"SKIP","floor":6},{"not_picked":["Twin Strike+1","Headbutt+1"],"picked":"Sword Boomerang+1","floor":8},{"not_picked":["Flame Barrier","StuffTheSpire:Slingshot+1"],"picked":"Inflame","floor":11},{"not_picked":["Run Through+1","Clothesline+1"],"picked":"True Grit","floor":12},{"not_picked":["Juggernaut","Exhume"],"picked":"Offering","floor":16},{"not_picked":["Rampage+1","StuffTheSpire:RockThrow+1","Clothesline+1"],"picked":"SKIP","floor":18},{"not_picked":["Life Link","Abandon"],"picked":"ReplayTheSpireMod:Limb From Limb+1","floor":24},{"not_picked":["Sword Boomerang+1","Flex"],"picked":"Ghostly Armor","floor":25},{"not_picked":["Thunderclap+1","StuffTheSpire:RockThrow+1"],"picked":"True Grit","floor":27},{"not_picked":["Evolve","Sword Boomerang+1"],"picked":"Shockwave","floor":29},{"not_picked":["Havoc","Body Slam+1","Wild Strike+1"],"picked":"SKIP","floor":31},{"not_picked":["ReplayTheSpireMod:Strike From Hell+1","Power Through","Pommel Strike+1"],"picked":"SKIP","floor":35},{"not_picked":["StuffTheSpire:RockThrow+1","Clash+1","Intimidate"],"picked":"SKIP","floor":36},{"not_picked":["StuffTheSpire:Resist","Flame Barrier"],"picked":"Pommel Strike+1","floor":41},{"not_picked":["BarbarianYell","Run Through+1","ReplayTheSpireMod:LeadingStrike+1"],"picked":"SKIP","floor":44},{"not_picked":["Shrug It Off+1","Disarm"],"picked":"Battle Trance+1","floor":46},{"not_picked":["Life Link","Iron Wave+1"],"picked":"Inflame","floor":48},{"not_picked":["ReplayTheSpireMod:Strike From Hell+1","Wild Strike+1","StuffTheSpire:TitanForm"],"picked":"SKIP","floor":51},{"not_picked":["ReplayTheSpireMod:Strike From Hell+1","Entrench"],"picked":"Invigoration+1","floor":52},{"not_picked":["ReplayTheSpireMod:Strike From Hell+1","Headbutt+1"],"picked":"Shrug It Off+1","floor":56}],"player_experience":1727360,"relics_obtained":[{"floor":6,"key":"StuffTheSpire:Barrel"},{"floor":9,"key":"LugNut"},{"floor":11,"key":"CaptainsWheel"},{"floor":12,"key":"Odd Mushroom"},{"floor":14,"key":"Whetstone"},{"floor":19,"key":"StuffTheSpire:GrapeVine"},{"floor":24,"key":"conspire:GlowingRock"},{"floor":26,"key":"aspiration:Lifesprig"},{"floor":27,"key":"HornCleat"},{"floor":41,"key":"Pen Nib"},{"floor":43,"key":"StuffTheSpire:Rhapsscallions"},{"floor":44,"key":"Nunchaku"},{"floor":48,"key":"Gremlin Food"},{"floor":51,"key":"paleoftheancients:SoulOfTheWokeBloke"},{"floor":53,"key":"aspiration:HatOfInfinitePower"},{"floor":54,"key":"Unceasing Top"},{"floor":58,"key":"aspiration:StickyExplosives_weak"}],"event_choices":[{"damage_healed":0,"gold_gain":0,"player_choice":"RENOUNCE","damage_taken":116,"max_hp_gain":0,"max_hp_loss":0,"event_name":"betterThird:BetterSerpent","floor":2,"gold_loss":116,"cards_obtained":["Enlightenment"]},{"damage_healed":0,"gold_gain":0,"player_choice":"Fought Mushrooms","damage_taken":0,"max_hp_gain":0,"max_hp_loss":0,"event_name":"Mushrooms","floor":12,"gold_loss":0},{"damage_healed":0,"gold_gain":0,"player_choice":"Leave","damage_taken":0,"max_hp_gain":0,"max_hp_loss":0,"event_name":"conspire:Investor","floor":37,"gold_loss":0},{"damage_healed":0,"gold_gain":0,"player_choice":"Paid Gold","damage_taken":0,"relics_obtained":["Happy Flower"],"max_hp_gain":0,"max_hp_loss":0,"event_name":"WeMeetAgain","floor":47,"gold_loss":136}],"is_beta":false,"boss_relics":[{"not_picked":["energizedSpire:OgreHead","Pandora\u0027s Box"],"picked":"aspiration:MobileForge"},{"not_picked":["Ooze Armor","Fusion Hammer"],"picked":"Replay:Fungal Core"}],"items_purged_floors":[13,22,30],"is_endless":false,"potions_floor_spawned":[1,6,8,11,27,29,33,35,46,51],"ascension_level":15}}