{"host":"m1la6e9nlupdt60a","time":1608506113,"event":{"mods":["Act Like it!","Aspiration","BaseMod","Conspire","Downfall","Hallownest","Hermit","Infinite Spire","Minty Spire (QoL Compilation)","Replay The Spire","Shop Mod","StSLib","The Bug Knight","The Cursed","The Jungle"],"gold_per_floor":[115,115,132,147,162,162,187,187,233,233,233,252,182,182,182,281,281,292,69,69,85,85,110,110,121,197,197,253,271,271,271,271,271],"floor_reached":32,"playtime":2219,"items_purged":[],"score":260,"play_id":"d9cbb8be-2ab5-4c88-b40c-350ccbc4a547","local_time":"20201220171513","is_ascension_mode":false,"campfire_choices":[{"data":"HollowMod:NailStrikeStart","floor":6,"key":"SMITH"},{"floor":8,"key":"REST"},{"floor":10,"key":"REST"},{"data":"HollowMod:CoiledNail","floor":15,"key":"SMITH"},{"floor":24,"key":"REST"},{"floor":27,"key":"REST"}],"circlet_count":0,"master_deck":["HollowMod:NailStrikeStart","HollowMod:NailStrikeStart","HollowMod:NailStrikeStart","HollowMod:NailStrikeStart+1","HollowMod:QuickDashStart","HollowMod:QuickDashStart","HollowMod:QuickDashStart","HollowMod:QuickDashStart+1","HollowMod:FocusHealStart","HollowMod:PogoStrike","HollowMod:GrimmsGift","HollowMod:CycloneSlash","HollowMod:CycloneSlash","HollowMod:CloakDash","HollowMod:GreatSlash+1","HollowMod:CoiledNail+1","HollowMod:ZotesMagnificence","HollowMod:PerfectDash","HollowMod:GoodIntentions","HollowMod:HowlingWraiths","HollowMod:HowlingWraiths+1"],"relics":["HollowMod:VesselMask","Hallownest:DreamNailRelic","Iron Hammer","HollowMod:MillibellesNoteRelic","Hallownest:StagBellRelic1","Ring of Chaos","TheAbacus","aspiration:HiddenCompartment","Shovel","Pantograph"],"acts_visited":["Hallownest:Greenpath","Hallownest:CityofTears"],"potions_floor_usage":[5,16,25,25,25],"damage_taken":[{"damage":16,"enemies":"2_ Uuma","floor":1,"turns":5},{"damage":0,"enemies":"Hallownest:monsterHuskWarrior","floor":3,"turns":3},{"damage":12,"enemies":"Hallownest:2_Baldur","floor":4,"turns":2},{"damage":10,"enemies":"Hallownest:2_Tiktiks_1_Baldur_1_Crawlid","floor":5,"turns":2},{"damage":35,"enemies":"Hallownest:eliteCrystalGuardian","floor":7,"turns":6},{"damage":9,"enemies":"Hallownest:Guard_and_Warrior","floor":12,"turns":3},{"damage":21,"enemies":"Hallownest:BossBrokenVessel","floor":16,"turns":5},{"damage":3,"enemies":"Hallownest:Guard_and_Sentry","floor":18,"turns":4},{"damage":10,"enemies":"Hallownest:2_Mistakes","floor":21,"turns":4},{"damage":67,"enemies":"Hallownest:eliteSoulWarrior","floor":23,"turns":10},{"damage":20,"enemies":"Hallownest:2_Husk_Sentries","floor":25,"turns":5},{"damage":31,"enemies":"Hallownest:Glutton_and_Coward","floor":28,"turns":4},{"damage":0,"enemies":"Hallownest:3_Mistakes","floor":29,"turns":3},{"damage":24,"enemies":"Hallownest:2_Husk_Sentries","floor":32,"turns":2}],"seed_played":"1395548597732282043","potions_obtained":[{"floor":3,"key":"sneckomod:MuddlingPotion"},{"floor":4,"key":"DistilledChaos"},{"floor":12,"key":"DistilledChaos"},{"floor":16,"key":"Swift Potion"},{"floor":23,"key":"LifebloodPotion"},{"floor":29,"key":"Guardian:BlockOnCardUsePotion"}],"is_trial":false,"path_per_floor":["M","?","M","M","M","R","E","R","T","R","?","M","?","?","R","B",null,"M","$","?","M","AVR","E","R","M","T","R","M","M","PTL","PTL","M"],"character_chosen":"THE_BUGKNIGHT","items_purchased":["TheAbacus","HollowMod:PerfectDash"],"campfire_rested":4,"item_purchase_floors":[19,19],"current_hp_per_floor":[76,76,82,70,60,60,25,49,49,73,73,70,70,70,70,49,82,82,82,82,72,72,15,39,25,25,49,18,18,18,18,0,0],"gold":271,"neow_bonus":"TEN_PERCENT_HP_BONUS","is_daily":false,"chose_seed":false,"campfire_upgraded":2,"win_rate":0.0,"timestamp":1608506113,"path_taken":["M","?","?","?","M","R","E","R","T","R","?","M","?","?","R","BOSS","M","$","?","M","AVR","E","R","?","T","R","M","M","PTL","PTL","M"],"items_purchased_type":["Relic","Card"],"build_version":"2020-12-13","purchased_purges":0,"victory":false,"max_hp_per_floor":[82,82,82,82,82,82,82,82,82,82,82,82,82,82,82,82,82,82,82,82,82,82,82,82,82,82,82,82,82,82,82,82,82],"card_choices":[{"not_picked":["HollowMod:DreamGate","HollowMod:CloakDash"],"picked":"HollowMod:GrimmsGift","floor":1},{"not_picked":["HollowMod:BaldurShell","HollowMod:InfectedCysts"],"picked":"HollowMod:CycloneSlash","floor":3},{"not_picked":["HollowMod:BlackTendrils","HollowMod:FallenFury"],"picked":"HollowMod:CycloneSlash","floor":4},{"not_picked":["HollowMod:CrystalDash","HollowMod:ShapeofUnn"],"picked":"HollowMod:CloakDash","floor":5},{"not_picked":["HollowMod:CloakDash","HollowMod:FastStrike"],"picked":"HollowMod:GreatSlash","floor":7},{"not_picked":["HollowMod:SiblingsSouls","HollowMod:RecoilStrike"],"picked":"HollowMod:CoiledNail","floor":12},{"not_picked":["HollowMod:Weaversong","HollowMod:SoulMaster"],"picked":"HollowMod:ZotesMagnificence","floor":16},{"not_picked":["HollowMod:VengefulVoid","HollowMod:ChannelNail","HollowMod:NewJinnsSoul"],"picked":"SKIP","floor":18},{"not_picked":["HollowMod:ChannelNail+1","HollowMod:TaintedHusks"],"picked":"HollowMod:GoodIntentions","floor":21},{"not_picked":["HollowMod:RecoilStrike+1","HollowMod:CycloneSlash"],"picked":"HollowMod:HowlingWraiths","floor":23},{"not_picked":["HollowMod:FastStrike","HollowMod:SiblingsSouls","HollowMod:ShadowDash"],"picked":"SKIP","floor":25},{"not_picked":["HollowMod:GoodIntentions","HollowMod:HeavyBlow"],"picked":"HollowMod:HowlingWraiths+1","floor":28},{"not_picked":["HollowMod:SharpenedNail","HollowMod:NewGlowingWomb","HollowMod:CornifersMapStart"],"picked":"SKIP","floor":29}],"player_experience":1200816,"relics_obtained":[{"floor":7,"key":"Iron Hammer"},{"floor":9,"key":"HollowMod:MillibellesNoteRelic"},{"floor":23,"key":"Shovel"},{"floor":26,"key":"Pantograph"}],"event_choices":[],"is_beta":false,"boss_relics":[{"not_picked":["conspire:RunicOctahedron","aspiration:RitualDagger"],"picked":"Ring of Chaos"}],"items_purged_floors":[],"is_endless":false,"potions_floor_spawned":[3,4,12,16,23,29],"killed_by":"Hallownest:2_Husk_Sentries","ascension_level":0}}