{"host":"Terry","time":1608430294,"event":{"mods":["BaseMod","Downfall","Hubris","Minty Spire (QoL Compilation)","Replay The Spire","StSLib"],"gold_per_floor":[99,99,99,125,125,125,125,125,158,158,174,185,14,14,34,134,134,134,154,56,56,76,10,10,10,22,22,22,32,44,54,70,175,175,100,131,131,131,131,146,170,199,199,199,199],"floor_reached":44,"playtime":2973,"items_purged":["Regret"],"score":517,"play_id":"d4199625-632c-4187-a0b4-9867f7fb6a3e","local_time":"20201219211134","is_ascension_mode":false,"campfire_choices":[{"data":"sneckomod:Unknown","floor":1,"key":"SMITH"},{"data":"1","floor":10,"key":"LIFT"},{"data":"2","floor":18,"key":"LIFT"},{"data":"3","floor":25,"key":"LIFT"},{"data":"sneckomod:SoulDraw","floor":27,"key":"SMITH"},{"data":"sneckomod:SoulDraw","floor":35,"key":"SMITH"},{"data":"sneckomod:SoulDraw","floor":38,"key":"SMITH"},{"floor":43,"key":"REST"}],"circlet_count":0,"master_deck":["sneckomod:Strike+1","sneckomod:Strike","sneckomod:Defend+1","sneckomod:Defend","sneckomod:Defend","sneckomod:TailWhip","sneckomod:SnekBite","sneckomod:Unknown+1","sneckomod:Unknown+1","sneckomod:UnknownBlock","sneckomod:UnknownClassTHE_CHAMP_GRAY","sneckomod:UnknownClassPURPLE","sneckomod:ImprovisedGuard","sneckomod:QuickMove","sneckomod:SoulDraw+1","sneckomod:MasterEye+1","sneckomod:SoulDraw+1","sneckomod:Mudshield","sneckomod:UnknownBlock","sneckomod:DiceBlock+1","sneckomod:UnknownUncommonPower","sneckomod:IronFang","Dagger Spray","Panacea","sneckomod:UnknownEthereal","sneckomod:UnknownClassHEXA_GHOST_PURPLE","sneckomod:SoulDraw+1","sneckomod:DiceBlock+1","sneckomod:UnknownBlock+1","sneckomod:WideSting","sneckomod:UnknownUncommonSkill","sneckomod:SerpentMind","sneckomod:UnknownStrike+1","Chrysalis","Violence","expansioncontent:CaCaw","expansioncontent:ChargeUp","sneckomod:RainOfDice+1","sneckomod:UnknownRarePower"],"relics":["sneckomod:SneckoSoul","downfall:HeartsMalice","Replay:Baseball","Replay:Mystery Machine","Girya","SlaversCollar","Pen Nib","expansioncontent:StudyCardRelic","downfall:HeartBlessingGreen","ReplayTheSpireMod:ShopPack","hubris:Icosahedron","Bronze Scales","Replay:Arrowhead"],"acts_visited":["Exordium","TheCity","TheBeyond"],"potions_floor_usage":[16,26,26,30,33],"damage_taken":[{"damage":0,"enemies":"Lagavulin","floor":4,"turns":1},{"damage":0,"enemies":"2 Louse","floor":6,"turns":1},{"damage":0,"enemies":"Small Slimes","floor":8,"turns":1},{"damage":25,"enemies":"3 Sentries","floor":9,"turns":9},{"damage":0,"enemies":"Jaw Worm","floor":11,"turns":3},{"damage":13,"enemies":"Exordium Thugs","floor":12,"turns":4},{"damage":6,"enemies":"downfall:FleeingMerchant","floor":13,"turns":4},{"damage":11,"enemies":"2 Fungi Beasts","floor":15,"turns":3},{"damage":47,"enemies":"downfall:Silent","floor":16,"turns":12},{"damage":6,"enemies":"Shell Parasite","floor":19,"turns":5},{"damage":2,"enemies":"downfall:FleeingMerchant","floor":20,"turns":5},{"damage":16,"enemies":"Spheric Guardian","floor":22,"turns":7},{"damage":2,"enemies":"downfall:FleeingMerchant","floor":23,"turns":4},{"damage":14,"enemies":"3 Cultists","floor":26,"turns":6},{"damage":21,"enemies":"Cultist and Chosen","floor":29,"turns":8},{"damage":39,"enemies":"Snake Plant","floor":30,"turns":5},{"damage":27,"enemies":"3 Cultists","floor":31,"turns":6},{"damage":7,"enemies":"Centurion and Healer","floor":32,"turns":6},{"damage":25,"enemies":"downfall:Ironclad","floor":33,"turns":15},{"damage":10,"enemies":"downfall:FleeingMerchant","floor":36,"turns":3},{"damage":50,"enemies":"3 Darklings","floor":40,"turns":6},{"damage":23,"enemies":"Giant Head","floor":42,"turns":6},{"damage":72,"enemies":"Reptomancer","floor":44,"turns":2}],"seed_played":"4546140923825421678","potions_obtained":[{"floor":9,"key":"PowerPotion"},{"floor":11,"key":"SneckoOil"},{"floor":15,"key":"SmokeBomb"},{"floor":16,"key":"SneckoOil"},{"floor":26,"key":"Regen Potion"},{"floor":30,"key":"LiquidMemories"},{"floor":31,"key":"Milkshake"},{"floor":32,"key":"Regen Potion"},{"floor":33,"key":"sneckomod:CheatPotion"},{"floor":33,"key":"sneckomod:OffclassReductionPotion"},{"floor":42,"key":"ColorlessPotion"}],"is_trial":false,"path_per_floor":["R","?","?","E","?","M","T","M","E","R","M","M","$","?","M","B",null,"R","M","$","?","M","$","T","R","M","R","?","M","M","M","M","B",null,"R","$","?","R","?","M","T","E","R","E"],"character_chosen":"THE_SNECKO","items_purchased":["sneckomod:MasterEye","sneckomod:UnknownUncommonPower","sneckomod:IronFang","sneckomod:SoulDraw","ReplayTheSpireMod:ShopPack","Chrysalis"],"campfire_rested":1,"item_purchase_floors":[13,20,20,23,36,36],"current_hp_per_floor":[90,90,90,91,91,92,92,93,74,74,74,65,59,59,48,1,97,97,92,93,93,78,79,79,79,65,65,111,91,66,44,37,34,113,113,104,104,104,104,58,58,36,70,0,0],"gold":199,"neow_bonus":"THREE_ENEMY_KILL","is_daily":false,"chose_seed":false,"campfire_upgraded":4,"win_rate":0.0,"timestamp":1608430294,"path_taken":["R","?","?","E","?","M","T","?","E","R","M","M","?","?","M","BOSS","R","M","?","?","?","$","T","R","M","R","?","M","M","?","M","BOSS","R","$","?","R","?","?","T","E","R","E"],"items_purchased_type":["Card","Card","Card","Card","Relic","Card"],"build_version":"2020-12-18","purchased_purges":1,"victory":false,"max_hp_per_floor":[90,90,90,91,91,92,92,93,93,93,93,97,97,97,97,97,97,97,98,99,99,100,101,101,101,101,101,111,112,112,113,113,113,113,113,114,114,114,114,114,114,115,115,115,115],"card_choices":[{"not_picked":["sneckomod:Unknown1Cost","sneckomod:SoulDraw"],"picked":"sneckomod:UnknownBlock","floor":4},{"not_picked":["sneckomod:QuickMove","sneckomod:UnknownCommonSkill"],"picked":"sneckomod:UnknownClassTHE_CHAMP_GRAY","floor":6},{"not_picked":["sneckomod:Unknown2Cost","sneckomod:UnknownExhaust"],"picked":"sneckomod:UnknownClassPURPLE","floor":8},{"not_picked":["sneckomod:UnknownUncommonPower","sneckomod:UnknownCommonSkill"],"picked":"sneckomod:SoulExchange","floor":9},{"not_picked":["sneckomod:UnknownWeak","sneckomod:UnknownClassPURPLE"],"picked":"sneckomod:ImprovisedGuard","floor":11},{"not_picked":["sneckomod:SnakeSap","sneckomod:UnknownStrike"],"picked":"sneckomod:QuickMove","floor":12},{"not_picked":["sneckomod:Unknown2Cost","sneckomod:UnknownClassSLIMEBOUND"],"picked":"sneckomod:SoulDraw","floor":13},{"not_picked":["sneckomod:QuickMove","sneckomod:UnknownEthereal"],"picked":"sneckomod:SoulDraw","floor":15},{"not_picked":["sneckomod:SerpentMind","sneckomod:DangerNoodle"],"picked":"sneckomod:Mudshield","floor":16},{"not_picked":["sneckomod:SnekBeam","sneckomod:UnknownVulnerable"],"picked":"sneckomod:UnknownBlock","floor":19},{"not_picked":["sneckomod:RainOfDice","sneckomod:UnknownVulnerable"],"picked":"sneckomod:DiceBlock+1","floor":20},{"not_picked":["sneckomod:IronFang","sneckomod:SoulRoll+1"],"picked":"sneckomod:UnknownEthereal","floor":22},{"not_picked":["sneckomod:UnknownX","sneckomod:UnknownStrike"],"picked":"sneckomod:UnknownClassHEXA_GHOST_PURPLE","floor":23},{"not_picked":["sneckomod:Nope","sneckomod:CheapStock"],"picked":"sneckomod:DiceBlock+1","floor":26},{"not_picked":["sneckomod:Unknown1Cost","sneckomod:DiceCrush+1"],"picked":"sneckomod:UnknownBlock+1","floor":29},{"not_picked":["sneckomod:UnknownStrike","sneckomod:CheapStock"],"picked":"sneckomod:WideSting","floor":30},{"not_picked":["sneckomod:Nope+1","sneckomod:UnknownCommonSkill"],"picked":"sneckomod:UnknownUncommonSkill","floor":31},{"not_picked":["sneckomod:SoulRoll","sneckomod:Nope","sneckomod:DiceBlock"],"picked":"SKIP","floor":32},{"not_picked":["sneckomod:DangerNoodle","sneckomod:Mudshield"],"picked":"sneckomod:SerpentMind","floor":33},{"not_picked":["sneckomod:DiceCrush","sneckomod:IronFang+1"],"picked":"sneckomod:UnknownStrike+1","floor":36},{"not_picked":["Sadistic Nature","Secret Technique"],"picked":"Violence","floor":36},{"not_picked":["expansioncontent:PolyBeam","Dark Shackles"],"picked":"expansioncontent:CaCaw","floor":36},{"not_picked":["expansioncontent:ManipulateTime","expansioncontent:LastStand"],"picked":"expansioncontent:ChargeUp","floor":36},{"not_picked":["sneckomod:UnknownWeak+1","sneckomod:UnknownClassBLUE"],"picked":"sneckomod:RainOfDice+1","floor":40},{"not_picked":["sneckomod:ImprovisedGuard","sneckomod:WideSting"],"picked":"sneckomod:UnknownRarePower","floor":42}],"player_experience":552877,"relics_obtained":[{"floor":4,"key":"Replay:Baseball"},{"floor":7,"key":"Replay:Mystery Machine"},{"floor":9,"key":"Girya"},{"floor":24,"key":"Pen Nib"},{"floor":41,"key":"Bronze Scales"},{"floor":42,"key":"Replay:Arrowhead"}],"event_choices":[{"damage_healed":0,"gold_gain":0,"player_choice":"Forge","damage_taken":0,"max_hp_gain":0,"max_hp_loss":0,"event_name":"Accursed Blacksmith","floor":14,"gold_loss":0,"cards_upgraded":["sneckomod:MasterEye"]},{"cards_removed":["sneckomod:SoulExchange"],"damage_healed":36,"gold_gain":0,"player_choice":"Offered Rare","damage_taken":0,"max_hp_gain":10,"max_hp_loss":0,"event_name":"Bonfire Elementals","floor":28,"gold_loss":0}],"is_beta":true,"boss_relics":[{"not_picked":["hubris:HollowSoul","Replay:Drink Me"],"picked":"SlaversCollar"},{"not_picked":["Runic Dome","Ring of Chaos"],"picked":"expansioncontent:StudyCardRelic"}],"items_purged_floors":[13],"is_endless":false,"potions_floor_spawned":[9,11,15,16,26,30,32,33,42],"killed_by":"Reptomancer","ascension_level":0}}