{"host":"xcuflocadasoaqda","time":1608486350,"event":{"mods":["BaseMod","Bestiary","Filter the Spire","Minty Spire (QoL Compilation)","Relic Stats"],"gold_per_floor":[118,130,205,216,226,226,226,226,252,282,282,296,326,347,347,426,426,441,366,376,376,376,376,386,404,404,432,432,432,465,476,476,555,555,568,568,219,235,248,248,248],"floor_reached":40,"playtime":1598,"items_purged":["Defend_B"],"score":972,"play_id":"0bd007d1-c574-47ba-b822-115515af2601","local_time":"20201220114550","is_ascension_mode":true,"campfire_choices":[{"data":"Sunder","floor":6.0,"key":"SMITH"},{"data":"Beam Cell","floor":8.0,"key":"SMITH"},{"floor":11.0,"key":"REST"},{"data":"Hologram","floor":15.0,"key":"SMITH"},{"floor":23.0,"key":"REST"},{"data":"Reinforced Body","floor":32.0,"key":"SMITH"}],"circlet_count":0,"master_deck":["AscendersBane","Strike_B","Strike_B","Defend_B","Defend_B","Defend_B","Dualcast","Sunder+1","Beam Cell+1","Doom and Gloom+1","Core Surge","Reinforced Body+1","Hologram+1","Self Repair","Dark Shackles","Recycle"],"relics":["Snecko Eye","Tiny Chest","Mummified Hand","Odd Mushroom","Empty Cage","Darkstone Periapt","Meat on the Bone","Blood Vial","Enchiridion","StrikeDummy","Sozu","Question Card","Chemical X"],"acts_visited":["Exordium","TheCity","TheBeyond"],"potions_floor_usage":[33],"damage_taken":[{"damage":12.0,"enemies":"2 Louse","floor":1.0,"turns":3.0},{"damage":2.0,"enemies":"Jaw Worm","floor":2.0,"turns":3.0},{"damage":0.0,"enemies":"Cultist","floor":4.0,"turns":2.0},{"damage":12.0,"enemies":"Large Slime","floor":5.0,"turns":5.0},{"damage":10.0,"enemies":"3 Sentries","floor":10.0,"turns":4.0},{"damage":0.0,"enemies":"Blue Slaver","floor":12.0,"turns":1.0},{"damage":0.0,"enemies":"Gremlin Nob","floor":13.0,"turns":2.0},{"damage":0.0,"enemies":"The Mushroom Lair","floor":14.0,"turns":4.0},{"damage":31.0,"enemies":"Hexaghost","floor":16.0,"turns":7.0},{"damage":9.0,"enemies":"3 Byrds","floor":18.0,"turns":3.0},{"damage":2.0,"enemies":"2 Thieves","floor":20.0,"turns":3.0},{"damage":5.0,"enemies":"Snecko","floor":24.0,"turns":5.0},{"damage":4.0,"enemies":"Snake Plant","floor":25.0,"turns":2.0},{"damage":0.0,"enemies":"Slavers","floor":27.0,"turns":3.0},{"damage":26.0,"enemies":"Book of Stabbing","floor":30.0,"turns":4.0},{"damage":0.0,"enemies":"3 Cultists","floor":31.0,"turns":3.0},{"damage":29,"enemies":"Collector","floor":33,"turns":8},{"damage":17,"enemies":"3 Darklings","floor":35,"turns":4},{"damage":11,"enemies":"Orb Walker","floor":38,"turns":3},{"damage":10,"enemies":"Spire Growth","floor":39,"turns":3},{"damage":101,"enemies":"Giant Head","floor":40,"turns":9}],"seed_played":"-6161814477678620116","potions_obtained":[{"floor":1.0,"key":"SkillPotion"},{"floor":5.0,"key":"SteroidPotion"},{"floor":14.0,"key":"Strength Potion"},{"floor":20.0,"key":"SneckoOil"},{"floor":25.0,"key":"DistilledChaos"},{"floor":27.0,"key":"Block Potion"},{"floor":31.0,"key":"SteroidPotion"}],"is_trial":false,"path_per_floor":["M","M","?","M","M","R","?","R","T","E","R","M","E","?","R","B",null,"M","?","M","T","?","R","M","M","T","E","?","?","E","M","R","B",null,"M","T","$","M","M","E"],"character_chosen":"DEFECT","items_purchased":["Chemical X","Dark Shackles"],"campfire_rested":2,"item_purchase_floors":[37,37],"current_hp_per_floor":[52,50,39,39,27,27,27,27,27,17,38,38,38,38,38,7,55,46,46,44,44,24,46,41,37,37,49,49,28,16,30,30,15,61,46,46,46,56,55,0,0],"gold":248,"neow_bonus":"BOSS_RELIC","is_daily":false,"chose_seed":false,"campfire_upgraded":4,"win_rate":0.0,"timestamp":1608486350,"path_taken":["M","M","?","M","M","R","?","R","T","E","R","?","E","?","R","BOSS","M","?","M","?","?","R","M","M","T","E","?","?","E","M","R","BOSS","M","?","?","?","M","E"],"items_purchased_type":["Relic","Card"],"build_version":"2020-12-13","purchased_purges":1,"victory":false,"max_hp_per_floor":[71,71,71,71,71,71,71,71,71,71,71,71,71,71,71,71,71,71,71,71,71,76,76,76,76,76,76,76,76,76,76,76,76,76,76,76,76,76,76,76,76],"relic_stats":{"Darkstone Periapt":0,"Blood Vial":14,"Sozu":2,"counters":[21,81],"Mummified Hand":[17],"Snecko Eye":[138,117,106,153],"Tiny Chest":2,"Chemical X":[7],"Question Card":2,"obtain_stats":[{"Darkstone Periapt":21,"Enchiridion":29,"Odd Mushroom":14,"Empty Cage":17,"Question Card":36,"Blood Vial":27,"Sozu":34,"Mummified Hand":13,"Snecko Eye":0,"Tiny Chest":10,"Chemical X":37,"Cracked Core":0,"StrikeDummy":30,"Meat on the Bone":26},{"Darkstone Periapt":11,"Enchiridion":14,"Odd Mushroom":8,"Empty Cage":9,"Question Card":18,"Blood Vial":14,"Sozu":17,"Mummified Hand":7,"Snecko Eye":0,"Tiny Chest":5,"Chemical X":18,"Cracked Core":0,"StrikeDummy":15,"Meat on the Bone":13},{"Darkstone Periapt":37,"Enchiridion":47,"Odd Mushroom":24,"Empty Cage":31,"Question Card":66,"Blood Vial":47,"Sozu":62,"Mummified Hand":20,"Snecko Eye":0,"Tiny Chest":17,"Chemical X":66,"Cracked Core":0,"StrikeDummy":51,"Meat on the Bone":44}],"Meat on the Bone":60},"card_choices":[{"not_picked":["Undo","Doom and Gloom"],"picked":"Sunder","floor":1.0},{"not_picked":["Sweeping Beam","Conserve Battery"],"picked":"Beam Cell","floor":2.0},{"not_picked":["Ball Lightning","Sweeping Beam","Go for the Eyes"],"picked":"SKIP","floor":4.0},{"not_picked":["Beam Cell","Turbo"],"picked":"Doom and Gloom","floor":5.0},{"not_picked":["Barrage","Cold Snap","Turbo"],"picked":"SKIP","floor":10.0},{"not_picked":["Rebound","Beam Cell"],"picked":"Core Surge","floor":12.0},{"not_picked":["Steam","Stack"],"picked":"Reinforced Body","floor":13.0},{"not_picked":["Cold Snap","Leap"],"picked":"Hologram","floor":14.0},{"not_picked":["Go for the Eyes","Conserve Battery","Redo"],"picked":"SKIP","floor":18.0},{"not_picked":["Beam Cell","Lockon","Steam"],"picked":"SKIP","floor":20.0},{"not_picked":["Stack","Doom and Gloom","Redo"],"picked":"SKIP","floor":24.0},{"not_picked":["Sweeping Beam","Steam","Turbo"],"picked":"SKIP","floor":25.0},{"not_picked":["Sweeping Beam","Turbo","Leap"],"picked":"SKIP","floor":27.0},{"not_picked":["Core Surge","Rebound","Coolheaded"],"picked":"SKIP","floor":30.0},{"not_picked":["Cold Snap","Tempest","Turbo"],"picked":"SKIP","floor":31.0},{"not_picked":["Aggregate","Rebound"],"picked":"Self Repair","floor":35},{"not_picked":["Turbo","Defragment","Hello World"],"picked":"Recycle","floor":38},{"not_picked":["Conserve Battery","Scrape","Glacier","Go for the Eyes"],"picked":"SKIP","floor":39}],"player_experience":1774200,"relics_obtained":[{"floor":10.0,"key":"Tiny Chest"},{"floor":13.0,"key":"Mummified Hand"},{"floor":14.0,"key":"Odd Mushroom"},{"floor":21.0,"key":"Darkstone Periapt"},{"floor":26.0,"key":"Meat on the Bone"},{"floor":27.0,"key":"Blood Vial"},{"floor":29.0,"key":"Enchiridion"},{"floor":30.0,"key":"StrikeDummy"},{"floor":36,"key":"Question Card"}],"event_choices":[{"damage_healed":0.0,"max_hp_gain":0.0,"max_hp_loss":0.0,"gold_gain":75.0,"event_name":"World of Goop","player_choice":"Gather Gold","floor":3.0,"gold_loss":0.0,"damage_taken":11.0},{"damage_healed":0.0,"max_hp_gain":0.0,"max_hp_loss":0.0,"gold_gain":0.0,"event_name":"Upgrade Shrine","player_choice":"Upgraded","floor":7.0,"gold_loss":0.0,"damage_taken":0.0,"cards_upgraded":["Doom and Gloom"]},{"damage_healed":0.0,"max_hp_gain":0.0,"max_hp_loss":0.0,"gold_gain":0.0,"event_name":"Mushrooms","player_choice":"Fought Mushrooms","floor":14.0,"gold_loss":0.0,"damage_taken":0.0},{"cards_removed":["Zap"],"damage_healed":0.0,"max_hp_gain":0.0,"max_hp_loss":0.0,"gold_gain":0.0,"event_name":"Beggar","player_choice":"Gave Gold","floor":19.0,"gold_loss":75.0,"damage_taken":0.0},{"damage_healed":0.0,"max_hp_gain":5.0,"max_hp_loss":0.0,"gold_gain":0.0,"event_name":"Forgotten Altar","player_choice":"Shed Blood","floor":22.0,"gold_loss":0.0,"damage_taken":25.0},{"damage_healed":0.0,"max_hp_gain":0.0,"max_hp_loss":0.0,"gold_gain":0.0,"event_name":"Ghosts","player_choice":"Ignored","floor":28.0,"gold_loss":0.0,"damage_taken":0.0},{"damage_healed":0.0,"max_hp_gain":0.0,"max_hp_loss":0.0,"gold_gain":0.0,"event_name":"Cursed Tome","player_choice":"Obtained Book","floor":29.0,"gold_loss":0.0,"damage_taken":21.0}],"is_beta":false,"boss_relics":[{"not_picked":["Velvet Choker","Fusion Hammer"],"picked":"Empty Cage"},{"not_picked":["Calling Bell","Runic Pyramid"],"picked":"Sozu"}],"items_purged_floors":[37],"is_endless":false,"potions_floor_spawned":[1,5,14,20,25,27,31,38,39],"killed_by":"Giant Head","ascension_level":20}}