{"host":"94qggqh0xz0sp6ai","time":1608427048,"event":{"mods":["Abigail Mod","Act Like it!","BaseMod","CapriCore","Downfall","Friendly Minions","Gensokyo","Hermit","Jorbs\u0027s Wanderer Trilogy","Koishi","Marisa（霧雨　魔理沙）","Minty Spire (QoL Compilation)","Permanent Neow","Reimu（博??梦）","StSLib","The Alterego","The Construct","The Cursed","The Hierophant","The Immortal","The Senshi","The Servant 0.9.4","TheBandit","Waifu the Spire"],"gold_per_floor":[110,124,142,142,29,44,44,74,100,100,115,133,133,133,133,257,257,277,120,143,167,180,180,180],"floor_reached":23,"playtime":708,"items_purged":["Injury"],"score":241,"play_id":"0ed4a5e0-5ea1-400f-9b56-f7eaa107bb92","local_time":"20201219191728","is_ascension_mode":true,"campfire_choices":[{"floor":7,"key":"REST"},{"data":"hermit:Roughhouse","floor":10,"key":"SMITH"},{"floor":13,"key":"REST"},{"data":"hermit:TakeCover","floor":15,"key":"SMITH"}],"circlet_count":0,"master_deck":["hermit:Snapshot","hermit:Covet","hermit:Roughhouse+1","hermit:Determination","hermit:Ricochet","hermit:GhostlyPresence","hermit:TakeCover+1","hermit:FlashPowder+1","hermit:BigShot","hermit:EternalForm","hermit:NoHoldsBarred","hermit:Determination","hermit:Purgatory","hermit:Headshot","hermit:Gestalt+1","hermit:NoHoldsBarred","hermit:Ricochet","hermit:FlashPowder+1","hermit:Horror","hermit:TrackingShot+1","hermit:GoldenBullet+1"],"relics":["hermit:Momento","Golden Idol","Art of War","Pandora\u0027s Box","War Paint"],"acts_visited":["Exordium","TheCity"],"potions_floor_usage":[12,23],"damage_taken":[{"damage":1,"enemies":"Cultist","floor":1,"turns":3},{"damage":7,"enemies":"Jaw Worm","floor":2,"turns":3},{"damage":14,"enemies":"Small Slimes","floor":3,"turns":4},{"damage":10,"enemies":"Gremlin Gang","floor":6,"turns":6},{"damage":4,"enemies":"3 Louse","floor":11,"turns":4},{"damage":20,"enemies":"Large Slime","floor":12,"turns":5},{"damage":4,"enemies":"The Guardian","floor":16,"turns":13},{"damage":30,"enemies":"Shell Parasite","floor":18,"turns":4},{"damage":2,"enemies":"Spheric Guardian","floor":20,"turns":3},{"damage":6,"enemies":"Snecko","floor":21,"turns":4},{"damage":15,"enemies":"Centurion and Healer","floor":22,"turns":5},{"damage":21,"enemies":"Slavers","floor":23,"turns":1}],"seed_played":"-4247858034799250392","potions_obtained":[{"floor":6,"key":"FearPotion"},{"floor":11,"key":"champ:CounterPotion"},{"floor":16,"key":"Explosive Potion"}],"is_trial":false,"path_per_floor":["M","M","M","?","$","M","R","?","T","R","M","M","R","?","R","B",null,"M","$","M","M","M","E"],"character_chosen":"HERMIT","items_purchased":["hermit:GhostlyPresence","War Paint"],"campfire_rested":2,"item_purchase_floors":[5,19],"current_hp_per_floor":[49,42,28,28,28,18,40,40,40,40,36,16,38,38,38,34,65,35,35,33,27,12,0,0],"gold":180,"neow_bonus":"THREE_RARE_CARDS","is_daily":false,"chose_seed":false,"campfire_upgraded":2,"win_rate":0.0,"timestamp":1608427048,"path_taken":["M","M","?","?","$","M","R","?","T","R","M","M","R","?","R","BOSS","M","$","M","?","M","E"],"items_purchased_type":["Card","Relic"],"build_version":"2020-12-13","purchased_purges":1,"victory":false,"max_hp_per_floor":[75,75,75,75,75,75,75,75,75,75,75,75,75,75,75,75,75,75,75,75,75,75,75,75],"card_choices":[{"not_picked":["hermit:Dissolve","hermit:Adapt"],"picked":"hermit:Roughhouse","floor":0},{"not_picked":["hermit:Desperado","hermit:Feint"],"picked":"hermit:Determination","floor":1},{"not_picked":["hermit:Headshot","hermit:Cheat"],"picked":"hermit:Ricochet","floor":2},{"not_picked":["hermit:Ricochet","hermit:Determination","hermit:Manifest"],"picked":"SKIP","floor":3},{"not_picked":["hermit:WideOpen","hermit:Headshot","hermit:Roulette"],"picked":"SKIP","floor":6},{"not_picked":["hermit:Roulette","hermit:TakeAim"],"picked":"hermit:TakeCover","floor":11},{"not_picked":["hermit:WideOpen","hermit:Quickdraw"],"picked":"hermit:FlashPowder","floor":12},{"not_picked":["hermit:Dissolve","hermit:Gambit"],"picked":"hermit:EternalForm","floor":16},{"not_picked":["hermit:Feint","hermit:Maintenance"],"picked":"hermit:FlashPowder+1","floor":18},{"not_picked":["hermit:TakeAim","hermit:LuckOfTheDraw+1"],"picked":"hermit:Horror","floor":20},{"not_picked":["hermit:WideOpen","hermit:HighCaliber"],"picked":"hermit:TrackingShot+1","floor":21},{"not_picked":["hermit:LowProfile","hermit:Midnight"],"picked":"hermit:GoldenBullet+1","floor":22}],"player_experience":1395154,"relics_obtained":[{"floor":9,"key":"Art of War"}],"event_choices":[{"damage_healed":0,"gold_gain":0,"player_choice":"Take Wound","damage_taken":0,"relics_obtained":["Golden Idol"],"max_hp_gain":0,"max_hp_loss":0,"event_name":"Golden Idol","floor":4,"gold_loss":0,"cards_obtained":["Injury"]},{"damage_healed":0,"gold_gain":30,"player_choice":"Searched \u00272\u0027 times","damage_taken":0,"max_hp_gain":0,"max_hp_loss":0,"event_name":"Dead Adventurer","floor":8,"gold_loss":0},{"damage_healed":0,"gold_gain":0,"cards_transformed":["hermit:Strike_Hermit"],"player_choice":"Transformed","damage_taken":0,"max_hp_gain":0,"max_hp_loss":0,"event_name":"Transmorgrifier","floor":14,"gold_loss":0,"cards_obtained":["hermit:BigShot"]}],"is_beta":false,"boss_relics":[{"not_picked":["Ectoplasm","Busted Crown"],"picked":"Pandora\u0027s Box"}],"items_purged_floors":[5],"is_endless":false,"potions_floor_spawned":[6,11,16],"killed_by":"Slavers","ascension_level":6}}