{"host":"qrt7o4dq2qslzw13","time":1608428222,"event":{"mods":["AchievementEnabler","BaseMod","Colored Map","Colored Powertips","Minty Spire (QoL Compilation)","Quick Restart","Rare Cards Sparkle","StSLib","SuperFastMode"],"gold_per_floor":[14,14,14,14,24,56,156,156,182,207,207,226,226,191,191,262,262,272,290,73,73,73],"floor_reached":21,"playtime":359,"items_purged":[],"score":370,"play_id":"91df15f2-d808-4021-a72e-3e63f67a2564","local_time":"20201219203702","is_ascension_mode":true,"campfire_choices":[{"floor":8.0,"key":"REST"},{"data":"Whirlwind","floor":11.0,"key":"SMITH"},{"data":"True Grit","floor":13.0,"key":"SMITH"},{"data":"Anger","floor":15.0,"key":"SMITH"}],"circlet_count":0,"master_deck":["AscendersBane","Strike_R","Strike_R","Strike_R","Strike_R","Strike_R","Defend_R","Defend_R","Defend_R","Defend_R","Bash","Wild Strike+1","Entrench","Anger+1","Whirlwind+1","True Grit+1","Immolate","CurseOfTheBell","Flame Barrier+1","Battle Trance","Violence"],"relics":["Burning Blood","Magic Flower","StoneCalendar","Gremlin Horn","Art of War","Self Forming Clay","Calling Bell","Juzu Bracelet","Mummified Hand","Mango"],"acts_visited":["Exordium","TheCity"],"potions_floor_usage":[],"damage_taken":[{"damage":10.0,"enemies":"Small Slimes","floor":1.0,"turns":3.0},{"damage":2.0,"enemies":"Jaw Worm","floor":5.0,"turns":3.0},{"damage":40.0,"enemies":"3 Sentries","floor":6.0,"turns":7.0},{"damage":8.0,"enemies":"Gremlin Nob","floor":10.0,"turns":3.0},{"damage":0.0,"enemies":"Cultist","floor":12.0,"turns":3.0},{"damage":57.0,"enemies":"Hexaghost","floor":16.0,"turns":10.0},{"damage":30.0,"enemies":"Spheric Guardian","floor":18.0,"turns":4.0},{"damage":18.0,"enemies":"3 Byrds","floor":19.0,"turns":5.0},{"damage":50,"enemies":"Snake Plant","floor":21,"turns":4}],"seed_played":"-465163243754436706","potions_obtained":[{"floor":6.0,"key":"DuplicationPotion"},{"floor":10.0,"key":"DuplicationPotion"},{"floor":12.0,"key":"Strength Potion"},{"floor":16.0,"key":"SkillPotion"}],"is_trial":false,"path_per_floor":["M","?","?","$","M","E","?","R","T","E","R","M","R","?","R","B",null,"M","M","$","M"],"character_chosen":"IRONCLAD","items_purchased":["Violence"],"campfire_rested":1,"item_purchase_floors":[20],"current_hp_per_floor":[67,67,41,41,48,17,17,39,39,40,40,49,49,67,67,19,75,54,45,45,0,0],"gold":73,"neow_bonus":"ONE_RARE_RELIC","is_daily":false,"chose_seed":false,"campfire_upgraded":3,"win_rate":0.0,"timestamp":1608428222,"path_taken":["M","?","?","$","M","E","?","R","T","E","R","?","R","?","R","BOSS","M","M","$","M"],"items_purchased_type":["Card"],"build_version":"2020-12-13","purchased_purges":0,"victory":false,"max_hp_per_floor":[75,75,75,75,75,75,75,75,75,75,75,75,75,75,75,75,89,89,89,89,89,89],"card_choices":[{"not_picked":["Twin Strike","Anger"],"picked":"Wild Strike","floor":1.0},{"not_picked":["Headbutt","Metallicize"],"picked":"Entrench","floor":5.0},{"not_picked":["Perfected Strike","Sword Boomerang"],"picked":"Anger","floor":6.0},{"not_picked":["Cleave","Perfected Strike"],"picked":"Whirlwind","floor":10.0},{"not_picked":["Twin Strike","Havoc"],"picked":"True Grit","floor":12.0},{"not_picked":["Berserk","Fiend Fire"],"picked":"Immolate","floor":16.0},{"not_picked":["Perfected Strike","Wild Strike"],"picked":"Flame Barrier+1","floor":18.0},{"not_picked":["Armaments","Perfected Strike+1"],"picked":"Battle Trance","floor":19.0}],"player_experience":462873,"relics_obtained":[{"floor":6.0,"key":"Gremlin Horn"},{"floor":9.0,"key":"Art of War"},{"floor":10.0,"key":"Self Forming Clay"},{"floor":17.0,"key":"Juzu Bracelet"},{"floor":17.0,"key":"Mummified Hand"},{"floor":17.0,"key":"Mango"}],"event_choices":[{"damage_healed":0.0,"max_hp_gain":0.0,"max_hp_loss":0.0,"gold_gain":0.0,"event_name":"Living Wall","player_choice":"Grow","floor":2.0,"gold_loss":0.0,"damage_taken":0.0,"cards_upgraded":["Wild Strike"]},{"damage_healed":0.0,"max_hp_gain":0.0,"max_hp_loss":0.0,"gold_gain":0.0,"event_name":"Scrap Ooze","player_choice":"Success","floor":3.0,"gold_loss":0.0,"damage_taken":26.0,"relics_obtained":["StoneCalendar"]},{"damage_healed":0.0,"max_hp_gain":0.0,"max_hp_loss":0.0,"gold_gain":100.0,"event_name":"Wheel of Change","player_choice":"Gold","floor":7.0,"gold_loss":0.0,"damage_taken":0.0},{"damage_healed":18.0,"max_hp_gain":0.0,"max_hp_loss":0.0,"gold_gain":0.0,"event_name":"The Cleric","player_choice":"Healed","floor":14.0,"gold_loss":35.0,"damage_taken":0.0}],"is_beta":false,"boss_relics":[{"not_picked":["Tiny House","Sozu"],"picked":"Calling Bell"}],"items_purged_floors":[],"is_endless":false,"potions_floor_spawned":[6,10,12,16],"killed_by":"Snake Plant","ascension_level":20}}