{"host":"4qt77pm52ljaz00q","time":1608473066,"event":{"mods":["2.2 Compatiblity","Aspiration","Bard","BaseMod","Beaked The Cultist","Challenge The Spire","ChefMod","Colored Map","Conspire","Friendly Minions","Glutton Mod","Halation","Hermit","Hubris","Infinite Spire","Jedi Mod","Marisa????????","Minty Spire (QoL Compilation)","Permanent Neow","Relic Sorter","Replay The Spire","Robot Space Explorer","Shade Mod","Shop Mod","StSLib","The Bug Knight","The Construct","The Cursed","The Disciple","The Dragon Tamer","The Jungle","The Mystic","The Poker Player","The Runesmith","The Servant 0.9.4","Unknown Chances","Wandering Minibosses","vexMod"],"gold_per_floor":[10,10,28,28,48,82,102,122,122,122,140,140,171,171,171,269,269,282,282,282,295,318,335,363,365,365,365],"floor_reached":25,"playtime":782,"items_purged":[],"score":333,"play_id":"42d20d0c-178f-4d83-8dc4-e999e5ce1d7d","local_time":"20201220090426","is_ascension_mode":false,"metric_token":2451,"campfire_choices":[{"data":"DTMod:DragonDance","floor":10,"key":"SMITH"},{"data":"DTMod:DarkBreath","floor":12,"key":"SMITH"},{"floor":15,"key":"REST"}],"dtmod_dragon_data":[0,50,1,-1,12,0],"circlet_count":0,"master_deck":["DTMod:Strike","DTMod:Strike","DTMod:Strike","DTMod:Strike","DTMod:DoubleHit","DTMod:TargetDefense+1","DTMod:TargetDefense","DTMod:TargetDefense","DTMod:TargetDefense+1","DTMod:SwitchingTactic","DTMod:Inferno","DTMod:BurningForce+1","DTMod:Punisher","DTMod:BlazingStrike","DTMod:Coolant","DTMod:DragonDance+1","DTMod:DarkBreath+1","DTMod:QuickFly","DTMod:BlazingStrike","infinitespire:Collect","DTMod:Prediction","DTMod:BreakAttack","DTMod:BurningForce","Shame","DTMod:CleansingStrike","DTMod:Threaten+1","DTMod:BlazingStrike"],"relics":["DTMod:PactStone","Mummified Hand","jedi:angrymask","conspire:DecoderRing","Centennial Puzzle","halation:IllGainedPizza"],"acts_visited":["Exordium","TheCity"],"potions_floor_usage":[6,21],"damage_taken":[{"damage":0,"enemies":"Small Slimes","floor":1,"turns":3},{"damage":0,"enemies":"Cultist","floor":3,"turns":2},{"damage":0,"enemies":"2 Louse","floor":5,"turns":2},{"damage":3,"enemies":"Lagavulin","floor":6,"turns":6},{"damage":0,"enemies":"Large Slime","floor":7,"turns":4},{"damage":0,"enemies":"3 Louse","floor":8,"turns":1},{"damage":0,"enemies":"Blue Slaver","floor":11,"turns":2},{"damage":0,"enemies":"3 Sentries","floor":13,"turns":3},{"damage":0,"enemies":"Slime Boss","floor":16,"turns":4},{"damage":0,"enemies":"2 Thieves","floor":18,"turns":3},{"damage":0,"enemies":"3 Byrds","floor":21,"turns":2},{"damage":0,"enemies":"Snake Plant","floor":23,"turns":3},{"damage":0,"enemies":"Gremlin Leader","floor":24,"turns":3},{"damage":0,"enemies":"3 Cultists","floor":25,"turns":3}],"seed_played":"-7592355946489331499","potions_obtained":[{"floor":1,"key":"Adrenaline Potion"},{"floor":3,"key":"LiquidBronze"},{"floor":6,"key":"Block Potion"},{"floor":8,"key":"EssenceOfSteel"},{"floor":21,"key":"Reflective Coating"}],"is_trial":false,"path_per_floor":["M","?","M","?","M","E","M","M","T","R","M","R","E","?","R","B",null,"M","?","?","M","T","M","E","M"],"character_chosen":"THE_DT","items_purchased":[],"campfire_rested":1,"item_purchase_floors":[],"current_hp_per_floor":[45,45,45,36,36,33,33,33,33,33,33,33,33,22,35,35,45,45,45,45,45,45,45,45,45,45,45],"gold":365,"neow_bonus":"THREE_RARE_CARDS","is_daily":false,"chose_seed":false,"campfire_upgraded":2,"win_rate":0.0,"timestamp":1608473066,"path_taken":["M","?","M","?","M","E","?","M","T","R","M","R","E","?","R","BOSS","M","?","?","M","?","M","E","M"],"items_purchased_type":[],"build_version":"2020-12-13","purchased_purges":0,"victory":false,"max_hp_per_floor":[45,45,45,45,45,45,45,45,45,45,45,45,45,45,45,45,45,45,45,45,45,45,45,45,45,45,45],"card_choices":[{"not_picked":["DTMod:Prediction","DTMod:FierySynthesis"],"picked":"DTMod:Inferno","floor":0},{"not_picked":["DTMod:Cover","DTMod:Shift"],"picked":"DTMod:BurningForce","floor":1},{"not_picked":["DTMod:Hide","DTMod:Observe"],"picked":"DTMod:Punisher","floor":3},{"not_picked":["DTMod:Feint","DTMod:DeepFocus"],"picked":"DTMod:BlazingStrike","floor":5},{"not_picked":["DTMod:PurifyingFlame","DTMod:MaximumCharge"],"picked":"DTMod:Coolant","floor":6},{"not_picked":["DTMod:BizarreTactic","DTMod:Feint"],"picked":"DTMod:DragonDance","floor":7},{"not_picked":["DTMod:HeatWave","DTMod:MagiciansMark"],"picked":"DTMod:DarkBreath","floor":8},{"not_picked":["DTMod:Feint","DTMod:ComboAttack"],"picked":"DTMod:QuickFly","floor":11},{"not_picked":["DTMod:QuickFly","DTMod:Punisher"],"picked":"DTMod:BlazingStrike","floor":13},{"not_picked":["hubris:InfiniteBlow","infinitespire:UltimateForm"],"picked":"infinitespire:Collect","floor":14},{"not_picked":["DTMod:Multitask","DTMod:Outburst"],"picked":"DTMod:Prediction","floor":16},{"not_picked":["DTMod:MasterPlan","DTMod:MagicField"],"picked":"DTMod:BreakAttack","floor":18},{"not_picked":["DTMod:SneakAttack","DTMod:LastStand"],"picked":"DTMod:CleansingStrike","floor":21},{"not_picked":["DTMod:CrossStep","DTMod:MagicField"],"picked":"DTMod:Threaten+1","floor":23},{"not_picked":["DTMod:StarRain","DTMod:Adaptation"],"picked":"DTMod:BlazingStrike","floor":24}],"player_experience":209972,"relics_obtained":[{"floor":6,"key":"Mummified Hand"},{"floor":9,"key":"jedi:angrymask"},{"floor":13,"key":"conspire:DecoderRing"},{"floor":22,"key":"Centennial Puzzle"},{"floor":24,"key":"halation:IllGainedPizza"}],"event_choices":[{"damage_healed":0,"gold_gain":0,"player_choice":"Grow","damage_taken":0,"max_hp_gain":0,"max_hp_loss":0,"event_name":"Living Wall","floor":2,"gold_loss":0,"cards_upgraded":["DTMod:BurningForce"]},{"damage_healed":0,"gold_gain":0,"player_choice":"Entered Light","damage_taken":9,"max_hp_gain":0,"max_hp_loss":0,"event_name":"Shining Light","floor":4,"gold_loss":0,"cards_upgraded":["DTMod:TargetDefense","DTMod:TargetDefense"]},{"damage_healed":0,"gold_gain":0,"player_choice":"Read","damage_taken":0,"max_hp_gain":0,"max_hp_loss":0,"event_name":"The Library","floor":19,"gold_loss":0,"cards_obtained":["DTMod:BurningForce"]}],"is_beta":false,"boss_relics":[{"not_picked":["halation:CatFaceCupcake","halation:Yufonium","ChewingGum"]}],"items_purged_floors":[],"is_endless":false,"potions_floor_spawned":[1,3,6,8,13,21],"killed_by":"3 Cultists","ascension_level":0}}