{"host":"udzsrhbqdxqtlypj","time":1608470883,"event":{"mods":["BaseMod","Minty Spire (QoL Compilation)","Relic Stats"],"gold_per_floor":[119,136,148,137,148,148,98,133,133,133,143,143,163,203,203,327,327,348,372,393,393,91,124,124,138,138,181,196,219,250,264,264,264,264],"floor_reached":33,"playtime":2212,"items_purged":["Defend_G"],"score":585,"play_id":"ffd7962a-be5d-49ce-b920-db2af6fa5cd7","local_time":"20201220072803","is_ascension_mode":true,"campfire_choices":[{"data":"Predator","floor":6,"key":"SMITH"},{"data":"Crippling Poison","floor":10,"key":"SMITH"},{"floor":15,"key":"REST"},{"floor":32,"key":"REST"}],"circlet_count":0,"master_deck":["AscendersBane","Strike_G","Strike_G","Strike_G","Strike_G","Defend_G","Defend_G","Defend_G","Defend_G","Survivor","Neutralize","Predator+1","Quick Slash","Crippling Poison+1","Calculated Gamble","Blade Dance","Blade Dance+1","Terror+1","Leg Sweep+1","Die Die Die","PiercingWail+1","Dagger Throw+1","Dodge and Roll+1","Crippling Poison+1","Corpse Explosion+1","Reflex+1","Well Laid Plans+1","Backflip+1","Acrobatics+1"],"relics":["Ring of the Snake","Bag of Marbles","StrikeDummy","Toxic Egg 2","Golden Idol","Vajra","HoveringKite","Mango","Matryoshka","Sundial","Singing Bowl"],"acts_visited":["Exordium","TheCity"],"potions_floor_usage":[4,8,13,19,20,23,27,30,31,33,33],"damage_taken":[{"damage":0,"enemies":"Cultist","floor":1,"turns":4},{"damage":2,"enemies":"2 Louse","floor":2,"turns":3},{"damage":3,"enemies":"Small Slimes","floor":3,"turns":3},{"damage":0,"enemies":"Exordium Thugs","floor":4,"turns":6},{"damage":4,"enemies":"Blue Slaver","floor":5,"turns":3},{"damage":7,"enemies":"Gremlin Nob","floor":8,"turns":3},{"damage":7,"enemies":"Exordium Wildlife","floor":11,"turns":4},{"damage":5,"enemies":"Exordium Thugs","floor":13,"turns":3},{"damage":20,"enemies":"Lagavulin","floor":14,"turns":4},{"damage":0,"enemies":"Slime Boss","floor":16,"turns":5},{"damage":3,"enemies":"Spheric Guardian","floor":18,"turns":4},{"damage":3,"enemies":"2 Thieves","floor":19,"turns":2},{"damage":6,"enemies":"Snake Plant","floor":20,"turns":2},{"damage":9,"enemies":"Slavers","floor":23,"turns":3},{"damage":9,"enemies":"Chosen and Byrds","floor":25,"turns":4},{"damage":12,"enemies":"Book of Stabbing","floor":27,"turns":6},{"damage":0,"enemies":"Cultist and Chosen","floor":28,"turns":4},{"damage":0,"enemies":"3 Cultists","floor":29,"turns":3},{"damage":28,"enemies":"Slavers","floor":30,"turns":3},{"damage":0,"enemies":"Snecko","floor":31,"turns":2},{"damage":56,"enemies":"Champ","floor":33,"turns":17}],"seed_played":"4328364619905294491","potions_obtained":[{"floor":2,"key":"SpeedPotion"},{"floor":4,"key":"BlessingOfTheForge"},{"floor":5,"key":"Swift Potion"},{"floor":11,"key":"EssenceOfSteel"},{"floor":14,"key":"EssenceOfSteel"},{"floor":16,"key":"Energy Potion"},{"floor":19,"key":"DistilledChaos"},{"floor":20,"key":"Swift Potion"},{"floor":28,"key":"Poison Potion"},{"floor":29,"key":"Fruit Juice"},{"floor":30,"key":"Regen Potion"}],"is_trial":false,"path_per_floor":["M","M","M","M","M","R","?","E","T","R","M","?","M","E","R","B",null,"M","M","M","?","$","E","?","M","T","E","M","M","E","M","R","B"],"character_chosen":"THE_SILENT","items_purchased":["Corpse Explosion+1","Reflex+1"],"campfire_rested":2,"item_purchase_floors":[22,22],"current_hp_per_floor":[63,61,58,58,54,54,54,47,47,47,40,40,35,15,34,34,57,54,51,45,45,45,50,50,41,41,29,29,29,8,10,36,0,0],"gold":264,"neow_bonus":"RANDOM_COMMON_RELIC","is_daily":false,"chose_seed":false,"campfire_upgraded":2,"win_rate":0.0,"timestamp":1608470883,"path_taken":["M","M","M","?","?","R","?","E","T","R","M","?","M","E","R","BOSS","M","M","M","?","$","E","?","M","T","E","M","?","E","M","R","BOSS"],"items_purchased_type":["Card","Card"],"build_version":"2020-12-13","purchased_purges":1,"victory":false,"max_hp_per_floor":[70,70,70,70,70,70,70,70,70,70,70,65,65,65,65,65,65,65,65,65,65,65,79,79,79,79,79,79,79,86,88,88,88,88],"relic_stats":{"Singing Bowl":4,"counters":[21,88],"Golden Idol":86,"Sundial":[4],"HoveringKite":[28],"obtain_stats":[{"Matryoshka":26,"Singing Bowl":30,"Golden Idol":12,"Sundial":27,"Vajra":14,"HoveringKite":17,"Mango":23,"Bag of Marbles":0,"Toxic Egg 2":9,"StrikeDummy":8,"Ring of the Snake":0},{"Matryoshka":15,"Singing Bowl":19,"Golden Idol":7,"Sundial":16,"Vajra":9,"HoveringKite":10,"Mango":14,"Bag of Marbles":0,"Toxic Egg 2":6,"StrikeDummy":6,"Ring of the Snake":0},{"Matryoshka":53,"Singing Bowl":69,"Golden Idol":26,"Sundial":59,"Vajra":33,"HoveringKite":38,"Mango":49,"Bag of Marbles":0,"Toxic Egg 2":22,"StrikeDummy":22,"Ring of the Snake":0}],"Ring of the Snake":[42]},"card_choices":[{"not_picked":["Blade Dance","Sucker Punch"],"picked":"Predator","floor":1},{"not_picked":["Underhanded Strike","Prepared"],"picked":"Quick Slash","floor":2},{"not_picked":["Catalyst","Dodge and Roll"],"picked":"Crippling Poison","floor":3},{"not_picked":["Choke","Cloak And Dagger"],"picked":"Calculated Gamble","floor":4},{"not_picked":["Endless Agony","Slice"],"picked":"Blade Dance","floor":5},{"not_picked":["Sucker Punch","Acrobatics","Flying Knee"],"picked":"SKIP","floor":8},{"not_picked":["Underhanded Strike","Dagger Spray"],"picked":"Blade Dance+1","floor":11},{"not_picked":["Slice","Riddle With Holes"],"picked":"Terror+1","floor":13},{"not_picked":["Outmaneuver+1","Infinite Blades"],"picked":"Leg Sweep+1","floor":14},{"not_picked":["Tools of the Trade","Glass Knife"],"picked":"Die Die Die","floor":16},{"not_picked":["Leg Sweep+1","Accuracy+1"],"picked":"PiercingWail+1","floor":18},{"not_picked":["Deflect+1","Dagger Spray"],"picked":"Dagger Throw+1","floor":19},{"not_picked":["Flying Knee","Distraction+1"],"picked":"Dodge and Roll+1","floor":20},{"not_picked":["Dash","Dodge and Roll+1"],"picked":"Well Laid Plans+1","floor":23},{"not_picked":["Infinite Blades","Crippling Poison+1"],"picked":"Backflip+1","floor":25},{"not_picked":["Eviscerate","Crippling Poison+1","Sucker Punch"],"picked":"SKIP","floor":27},{"not_picked":["Masterful Stab","Slice"],"picked":"Acrobatics+1","floor":28},{"not_picked":["Quick Slash","Dagger Throw+1","Blade Dance+1"],"picked":"SKIP","floor":29},{"not_picked":["Quick Slash+1","Noxious Fumes","Finisher"],"picked":"Singing Bowl","floor":30},{"not_picked":["Burst+1","Prepared+1","Blade Dance+1"],"picked":"Singing Bowl","floor":31}],"player_experience":2689918,"relics_obtained":[{"floor":8,"key":"StrikeDummy"},{"floor":9,"key":"Toxic Egg 2"},{"floor":14,"key":"Vajra"},{"floor":23,"key":"Mango"},{"floor":26,"key":"Matryoshka"},{"floor":27,"key":"Sundial"},{"floor":30,"key":"Singing Bowl"}],"event_choices":[{"cards_removed":["Strike_G"],"damage_healed":0,"gold_gain":0,"player_choice":"Card Removal","damage_taken":0,"max_hp_gain":0,"max_hp_loss":0,"event_name":"The Cleric","floor":7,"gold_loss":50},{"damage_healed":0,"gold_gain":0,"player_choice":"Lose Max HP","damage_taken":0,"relics_obtained":["Golden Idol"],"max_hp_gain":0,"max_hp_loss":5,"event_name":"Golden Idol","floor":12,"gold_loss":0},{"damage_healed":0,"gold_gain":0,"player_choice":"Read","damage_taken":0,"max_hp_gain":0,"max_hp_loss":0,"event_name":"The Library","floor":21,"gold_loss":0,"cards_obtained":["Crippling Poison"]},{"damage_healed":0,"gold_gain":0,"player_choice":"Ignored","damage_taken":0,"max_hp_gain":0,"max_hp_loss":0,"event_name":"The Mausoleum","floor":24,"gold_loss":0}],"is_beta":false,"boss_relics":[{"not_picked":["Runic Pyramid","Tiny House"],"picked":"HoveringKite"}],"items_purged_floors":[22],"is_endless":false,"potions_floor_spawned":[2,4,5,11,14,16,19,20,28,29,30],"killed_by":"Champ","ascension_level":10}}