{"host":"pbf6u3tyx46snqc7","time":1608453278,"event":{"mods":["AchievementEnabler","BaseMod","Colored Map","Minty Spire (QoL Compilation)","Rare Cards Sparkle","Shop Mod","SuperFastMode"],"gold_per_floor":[113,132,152,152,0,0,31,31,31,50,50,82,82,25,25,104,104,119,87,2,12,31,31,31,31,54,86,98,122,134,16,16,89,89,107,107,107,125,140,140,171,171,171,185,211,221,221,221],"floor_reached":47,"playtime":3782,"items_purged":["Strike_B"],"score":961,"play_id":"7a589df9-2c1a-4622-82b0-49fac9ca5ad1","local_time":"20201220173438","is_ascension_mode":true,"campfire_choices":[{"data":"Defragment","floor":6,"key":"SMITH"},{"data":"Zap","floor":8,"key":"SMITH"},{"floor":11,"key":"REST"},{"floor":15,"key":"REST"},{"data":"Buffer","floor":23,"key":"SMITH"},{"floor":28,"key":"REST"},{"floor":32,"key":"REST"},{"data":"Dualcast","floor":40,"key":"SMITH"}],"circlet_count":0,"master_deck":["AscendersBane","Defend_B","Defend_B","Zap+1","Dualcast+1","Ball Lightning+1","Capacitor","Defragment+1","Hologram","Loop","Echo Form","Conserve Battery","Buffer+1","Consume+1","Ball Lightning+1","Cold Snap","Coolheaded+1","Blizzard+1","Defragment","Amplify+1","Creative AI+1","Scrape+1","Scrape+1","Undo+1","Double Energy+1","BootSequence+1","Turbo+1"],"relics":["FrozenCore","Blue Candle","Sundial","Lizard Tail","InkBottle","Toxic Egg 2","MawBank","Bottled Flame","Astrolabe","Happy Flower","Whetstone","Gambling Chip"],"acts_visited":["Exordium","TheCity","TheBeyond"],"potions_floor_usage":[19,19,33,39],"damage_taken":[{"damage":1,"enemies":"Cultist","floor":1,"turns":4},{"damage":0,"enemies":"Small Slimes","floor":2,"turns":2},{"damage":2,"enemies":"Jaw Worm","floor":3,"turns":3},{"damage":26,"enemies":"Gremlin Nob","floor":7,"turns":4},{"damage":10,"enemies":"3 Louse","floor":10,"turns":4},{"damage":32,"enemies":"3 Sentries","floor":12,"turns":6},{"damage":26,"enemies":"The Guardian","floor":16,"turns":8},{"damage":5,"enemies":"Chosen","floor":18,"turns":7},{"damage":8,"enemies":"2 Thieves","floor":19,"turns":5},{"damage":8,"enemies":"Centurion and Healer","floor":21,"turns":8},{"damage":17,"enemies":"Snake Plant","floor":22,"turns":5},{"damage":1,"enemies":"Chosen and Byrds","floor":27,"turns":7},{"damage":32,"enemies":"3 Cultists","floor":29,"turns":6},{"damage":7,"enemies":"Champ","floor":33,"turns":11},{"damage":21,"enemies":"3 Shapes","floor":35,"turns":7},{"damage":31,"enemies":"3 Darklings","floor":38,"turns":8},{"damage":49,"enemies":"Transient","floor":39,"turns":5},{"damage":1,"enemies":"Giant Head","floor":41,"turns":11},{"damage":25,"enemies":"Sphere and 2 Shapes","floor":44,"turns":6},{"damage":7,"enemies":"Nemesis","floor":45,"turns":9},{"damage":4,"enemies":"3 Darklings","floor":46,"turns":7},{"damage":18,"enemies":"4 Shapes","floor":47,"turns":3}],"seed_played":"8790440219750692037","potions_obtained":[{"floor":2,"key":"Strength Potion"},{"floor":7,"key":"Energy Potion"},{"floor":10,"key":"AttackPotion"},{"floor":21,"key":"Dexterity Potion"},{"floor":27,"key":"LiquidBronze"},{"floor":39,"key":"BlessingOfTheForge"},{"floor":45,"key":"PotionOfCapacity"}],"is_trial":false,"path_per_floor":["M","M","M","?","$","R","E","R","T","M","R","E","T","$","R","B",null,"M","M","?","M","M","R","?","?","T","M","R","M","T","$","R","B",null,"M","?","?","M","M","R","E","?","T","M","E","M","M"],"character_chosen":"DEFECT","items_purchased":["Defragment","Conserve Battery","Blizzard","Defragment"],"campfire_rested":4,"item_purchase_floors":[5,14,31,31],"current_hp_per_floor":[59,59,57,57,57,57,31,31,31,21,46,14,14,14,39,13,67,62,54,54,46,29,29,29,29,29,28,53,21,21,21,46,39,74,53,53,53,22,39,39,38,38,38,13,6,2,0,0],"gold":221,"neow_bonus":"TWENTY_PERCENT_HP_BONUS","is_daily":false,"chose_seed":false,"campfire_upgraded":4,"win_rate":0.0,"timestamp":1608453278,"path_taken":["M","?","M","?","?","R","E","R","T","?","R","E","?","$","R","BOSS","M","M","?","M","M","R","?","?","T","M","R","M","?","?","R","BOSS","M","?","?","?","M","R","E","?","T","M","E","M","?"],"items_purchased_type":["Card","Card","Card","Card"],"build_version":"2020-12-13","purchased_purges":1,"victory":false,"max_hp_per_floor":[85,85,85,85,85,85,85,85,85,85,85,85,85,85,85,85,85,85,85,85,85,85,85,85,85,85,85,85,85,85,85,85,85,85,85,85,85,85,85,85,85,85,85,85,85,85,85,85],"card_choices":[{"not_picked":["Steam","Turbo"],"picked":"Ball Lightning","floor":1},{"not_picked":["Leap","Steam"],"picked":"Capacitor","floor":2},{"not_picked":["Steam","Double Energy","Reprogram"],"picked":"SKIP","floor":3},{"not_picked":["Reprogram","Streamline"],"picked":"Hologram","floor":7},{"not_picked":["All For One","Tempest"],"picked":"Loop","floor":10},{"not_picked":["Creative AI","Reprogram"],"picked":"Echo Form","floor":12},{"not_picked":["Multi-Cast","Rainbow"],"picked":"Buffer","floor":16},{"not_picked":["Lockon","Rip and Tear+1","Double Energy"],"picked":"SKIP","floor":18},{"not_picked":["Hologram","Ball Lightning"],"picked":"Consume+1","floor":19},{"not_picked":["Reprogram+1","Sunder","Rebound"],"picked":"SKIP","floor":21},{"not_picked":["Go for the Eyes+1","Rebound"],"picked":"Ball Lightning+1","floor":22},{"not_picked":["Undo+1","Creative AI"],"picked":"Cold Snap","floor":27},{"not_picked":["Darkness+1","Barrage+1"],"picked":"Coolheaded+1","floor":29},{"not_picked":["Thunder Strike","Machine Learning"],"picked":"Amplify+1","floor":33},{"not_picked":["Leap+1","Melter","Beam Cell"],"picked":"SKIP","floor":35},{"not_picked":["Consume+1","Coolheaded+1"],"picked":"Undo+1","floor":38},{"not_picked":["Barrage","Reprogram+1","Darkness+1"],"picked":"SKIP","floor":39},{"not_picked":["Ball Lightning","Redo+1","Sunder"],"picked":"SKIP","floor":41},{"not_picked":["Ball Lightning","Cold Snap"],"picked":"Double Energy+1","floor":44},{"not_picked":["Sunder","Leap+1"],"picked":"BootSequence+1","floor":45},{"not_picked":["Ball Lightning+1","Stack+1"],"picked":"Turbo+1","floor":46}],"player_experience":296223,"relics_obtained":[{"floor":7,"key":"Blue Candle"},{"floor":9,"key":"Sundial"},{"floor":12,"key":"Lizard Tail"},{"floor":13,"key":"InkBottle"},{"floor":26,"key":"MawBank"},{"floor":30,"key":"Bottled Flame"},{"floor":41,"key":"Happy Flower"},{"floor":43,"key":"Whetstone"},{"floor":45,"key":"Gambling Chip"}],"event_choices":[{"cards_removed":["Strike_B"],"damage_healed":0,"gold_gain":0,"player_choice":"Offered Basic","damage_taken":0,"max_hp_gain":0,"max_hp_loss":0,"event_name":"Bonfire Elementals","floor":4,"gold_loss":0},{"damage_healed":0,"gold_gain":0,"player_choice":"Obtained Relic","damage_taken":0,"relics_obtained":["Toxic Egg 2"],"max_hp_gain":0,"max_hp_loss":0,"event_name":"Addict","floor":20,"gold_loss":85},{"cards_removed":["Strike_B"],"damage_healed":0,"gold_gain":0,"player_choice":"Elegance","damage_taken":0,"max_hp_gain":0,"max_hp_loss":0,"event_name":"Back to Basics","floor":24,"gold_loss":0},{"damage_healed":0,"gold_gain":0,"player_choice":"Smashed Altar","damage_taken":0,"max_hp_gain":0,"max_hp_loss":0,"event_name":"Forgotten Altar","floor":25,"gold_loss":0,"cards_obtained":["Decay"]},{"damage_healed":0,"gold_gain":0,"player_choice":"Ignored","damage_taken":0,"max_hp_gain":0,"max_hp_loss":0,"event_name":"Mysterious Sphere","floor":36,"gold_loss":0},{"damage_healed":0,"gold_gain":0,"player_choice":"Ignored","damage_taken":0,"max_hp_gain":0,"max_hp_loss":0,"event_name":"Tomb of Lord Red Mask","floor":37,"gold_loss":0},{"cards_removed":["Decay"],"damage_healed":0,"gold_gain":0,"player_choice":"Removed Curses","damage_taken":0,"max_hp_gain":0,"max_hp_loss":0,"event_name":"Fountain of Cleansing","floor":42,"gold_loss":0}],"is_beta":false,"boss_relics":[{"not_picked":["Runic Dome","Ectoplasm"],"picked":"FrozenCore"},{"not_picked":["SacredBark","Black Star"],"picked":"Astrolabe"}],"items_purged_floors":[5],"is_endless":false,"potions_floor_spawned":[2,7,10,12,18,21,27,39,45],"killed_by":"4 Shapes","ascension_level":16}}