{"host":"wonp23fsqqcu31ie","time":1608459438,"event":{"mods":["2.2 Compatiblity","AchievementEnabler","Aspiration","BaseMod","Bestiary","Better Altar","Better Match","Better Sensory Stone","Better Skull","Better Third Choice","BetterRewards","Block Reminder","Colored Map","Colored Powertips","Conspire","DeckTracker","Displayed Cursed Tome","Downfall","Hermit","Highlight Path","Hubris","Minty Spire (QoL Compilation)","Permanent Neow","Quick Restart","Rare Cards Sparkle","Relic Stats","Replay The Spire","Shade Mod","Shop Mod","StSLib","SuperFastMode","The Animator","The Cursed","The Dragon Tamer","The Gatherer","The Necromancer","The Runesmith","The Servant 0.9.4"],"gold_per_floor":[119,136,146,146,96,141,168,168,191,191,191],"floor_reached":10,"playtime":191,"items_purged":[],"score":73,"play_id":"03ae8143-aecf-4019-b9a8-b353f522916e","local_time":"20201220211718","is_ascension_mode":true,"campfire_choices":[],"circlet_count":0,"master_deck":["Strike_P","Strike_P","Strike_P","Strike_P","Defend_P","Defend_P","Defend_P","Defend_P","Eruption","Vigilance","FlyingSleeves","Perseverance","FearNoEvil","conspire:SpireCoStock","Brilliance"],"relics":["Painkiller Herb","aspiration:ChemicalBlood","Potion Belt","NlothsMask"],"acts_visited":["Exordium"],"potions_floor_usage":[],"damage_taken":[{"damage":0,"enemies":"Cultist","floor":1,"turns":2},{"damage":4,"enemies":"conspire:RoseBush","floor":2,"turns":3},{"damage":9,"enemies":"Small Slimes","floor":3,"turns":3},{"damage":51,"enemies":"Gremlin Nob","floor":6,"turns":5},{"damage":1,"enemies":"3 Sentries","floor":10,"turns":2}],"seed_played":"-8735715559232619180","potions_obtained":[{"floor":6,"key":"Weak Potion"}],"is_trial":false,"path_per_floor":["?","?","?","?","?","E","T","?","T","E"],"character_chosen":"WATCHER","items_purchased":[],"campfire_rested":0,"item_purchase_floors":[],"current_hp_per_floor":[72,68,59,59,59,8,8,8,8,7,7],"gold":191,"neow_bonus":"BOSS_RELIC","is_daily":false,"chose_seed":false,"campfire_upgraded":0,"win_rate":0.0,"timestamp":1608459438,"path_taken":["?","?","?","?","?","E","?","?","T","E"],"items_purchased_type":[],"build_version":"2020-12-13","purchased_purges":0,"victory":false,"max_hp_per_floor":[72,72,72,72,72,72,72,72,72,72,72],"relic_stats":{"counters":[163,808],"obtain_stats":[{"construct:FoamFinger":9,"aspiration:PoetsPen_weak":34,"Whetstone":48,"Boot":10,"Sling":12,"aspiration:RitualStick":19,"Ring of Searing":9,"Blood Vial":3,"hubris:AstralHammer":21,"Fusion Hammer":34,"HandDrill":4,"Replay:Wax Seal":0,"hubris:TinFlute":24,"MerchantsRug":0,"ReplayTheSpireMod:Ring of Addiction":26,"Eternal Feather":6,"aspiration:IroncladSkillbook":0,"animator:HolyGrailRelic":34,"MutagenicStrength":21,"ReplayTheSpireMod:Ring of Collecting":3,"aspiration:ServantSkillbook":34,"hubris:TenFootPole":9,"animator:HeavyHalberd":9,"aspiration:Lifesprig":53,"Regal Pillow":25,"Lantern":53,"hubris:Metronome":10,"Torii":42,"Singing Bowl":3,"animator:TheMissingPiece":0,"Blue Doll":6,"Painkiller Herb":0,"Bag of Preparation":26,"Pet Ghost":40,"Replay:Rubber Ducky":12,"hubris:Backtick":17,"Matryoshka":39,"Ring of Fangs":31,"Ring of Peace":2,"Chemical X":37,"Replay:Bottled Eggs":31,"Ring of the Snake":0,"aspiration:ChemicalBlood":6,"Potion Belt":46,"Lee\u0027s Waffle":20,"construct:WeddingRing":34,"Golden Idol":2,"Circlet":26,"Damaru":43,"Omamori":40,"Ring of Greed":43,"Frozen Egg 2":23,"hubris:Towel":37,"Replay:Arrowhead":0,"Busted Crown":34,"Ornamental Fan":46,"animator:LivingPicture":0,"Turnip":40,"Garlic":8,"Runesmith:AutoHammer":20,"hubris:CrackedHourglass":34,"Toy Ornithopter":20,"hubris:BottledRain":43,"Ice Cream":17,"Tiny House":17,"Nilry\u0027s Codex":21,"CeramicFish":23,"Vajra":48,"Uniform":0,"aspiration:Stabinomicon":31,"aspiration:MobileForge":17,"DollysMirror":0,"Strawberry":40,"Toxic Egg 2":46,"Girya":39,"Happy Flower":54,"Ring of Hypnosis":36,"hubris:DuctTape":54,"aspiration:Nostalgia":0,"ReplayTheSpireMod:CursedCoin":20,"Replay:Grab Bag":34,"Oddly Smooth Stone":42,"Ring of Chaos":34,"conspire:SlowCooker":53,"aspiration:SeaSaltIceCream":0,"War Paint":8,"Question Card":20,"hubris:Zylophone":0,"Replay:Baseball":26,"ReplayTheSpireMod:Shallot":9,"Brimstone":48,"Bronze Scales":48,"Simple Rune":26,"Molten Egg 2":7,"Black Star":17,"ReplayTheSpireMod:TigerMarble":13,"NlothsMask":8,"Darkstone Periapt":10,"ReplayTheSpireMod:Ring of Exchange":2,"Shade:YorickSkull":0,"Mango":42,"Juzu Bracelet":43,"Incense Burner":23,"hubris:SlimyHat":13,"Replay:Mystery Machine":54,"PrismaticShard":27,"Dream Catcher":43,"m_ScarletBlood":0,"Nunchaku":24,"Chameleon Ring":40,"Red Skull":21,"Gremlin Food":38,"animator:Buoy":40,"ReplayTheSpireMod:Ninjato":43,"Orichalcum":14,"Medical Kit":0,"Peace Pipe":0,"Pondfish Scales":22,"Runesmith:UraniumAnvil":17,"hubris:BundleOfHerbs":36,"Bag of Marbles":37,"PureWater":20,"TungstenRod":0,"ReplayTheSpireMod:ShopPack":36,"m_BurningSludge":28},{"construct:FoamFinger":6,"aspiration:PoetsPen_weak":44,"Whetstone":27,"Boot":32,"Sling":32,"aspiration:RitualStick":68,"Ring of Searing":135,"Blood Vial":1,"hubris:AstralHammer":142,"Fusion Hammer":44,"HandDrill":57,"Replay:Wax Seal":56,"hubris:TinFlute":118,"MerchantsRug":28,"ReplayTheSpireMod:Ring of Addiction":145,"Eternal Feather":4,"aspiration:IroncladSkillbook":28,"animator:HolyGrailRelic":73,"MutagenicStrength":37,"ReplayTheSpireMod:Ring of Collecting":132,"aspiration:ServantSkillbook":122,"hubris:TenFootPole":110,"animator:HeavyHalberd":83,"aspiration:Lifesprig":54,"Regal Pillow":92,"Lantern":104,"hubris:Metronome":111,"Torii":24,"Singing Bowl":79,"animator:TheMissingPiece":56,"Blue Doll":59,"Painkiller Herb":158,"Bag of Preparation":13,"Pet Ghost":98,"Replay:Rubber Ducky":85,"hubris:Backtick":67,"Matryoshka":97,"Ring of Fangs":148,"Ring of Peace":79,"Chemical X":20,"Replay:Bottled Eggs":148,"Ring of the Snake":56,"aspiration:ChemicalBlood":162,"Potion Belt":25,"Lee\u0027s Waffle":10,"construct:WeddingRing":18,"Golden Idol":57,"Circlet":145,"Damaru":153,"Omamori":22,"Ring of Greed":153,"Frozen Egg 2":12,"hubris:Towel":123,"Replay:Arrowhead":106,"Busted Crown":44,"Ornamental Fan":25,"animator:LivingPicture":56,"Turnip":153,"Garlic":31,"Runesmith:AutoHammer":142,"hubris:CrackedHourglass":149,"Toy Ornithopter":116,"hubris:BottledRain":49,"Ice Cream":67,"Tiny House":115,"Nilry\u0027s Codex":10,"CeramicFish":12,"Vajra":155,"Uniform":28,"aspiration:Stabinomicon":72,"aspiration:MobileForge":34,"DollysMirror":78,"Strawberry":22,"Toxic Egg 2":51,"Girya":152,"Happy Flower":105,"Ring of Hypnosis":123,"hubris:DuctTape":130,"aspiration:Nostalgia":28,"ReplayTheSpireMod:CursedCoin":142,"Replay:Grab Bag":44,"Oddly Smooth Stone":77,"Ring of Chaos":44,"conspire:SlowCooker":129,"aspiration:SeaSaltIceCream":28,"War Paint":83,"Question Card":142,"hubris:Zylophone":56,"Replay:Baseball":118,"ReplayTheSpireMod:Shallot":64,"Brimstone":128,"Bronze Scales":27,"Simple Rune":39,"Molten Egg 2":109,"Black Star":9,"ReplayTheSpireMod:TigerMarble":86,"NlothsMask":162,"Darkstone Periapt":65,"ReplayTheSpireMod:Ring of Exchange":79,"Shade:YorickSkull":0,"Mango":99,"Juzu Bracelet":24,"Incense Burner":91,"hubris:SlimyHat":139,"Replay:Mystery Machine":55,"PrismaticShard":39,"Dream Catcher":99,"m_ScarletBlood":131,"Nunchaku":144,"Chameleon Ring":126,"Red Skull":90,"Gremlin Food":47,"animator:Buoy":77,"ReplayTheSpireMod:Ninjato":99,"Orichalcum":33,"Medical Kit":56,"Peace Pipe":78,"Pondfish Scales":90,"Runesmith:UraniumAnvil":88,"hubris:BundleOfHerbs":74,"Bag of Marbles":20,"PureWater":142,"TungstenRod":28,"ReplayTheSpireMod:ShopPack":74,"m_BurningSludge":119},{"construct:FoamFinger":22,"aspiration:PoetsPen_weak":234,"Whetstone":127,"Boot":156,"Sling":156,"aspiration:RitualStick":361,"Ring of Searing":703,"Blood Vial":3,"hubris:AstralHammer":730,"Fusion Hammer":234,"HandDrill":302,"Replay:Wax Seal":298,"hubris:TinFlute":644,"MerchantsRug":140,"ReplayTheSpireMod:Ring of Addiction":739,"Eternal Feather":16,"aspiration:IroncladSkillbook":140,"animator:HolyGrailRelic":398,"MutagenicStrength":192,"ReplayTheSpireMod:Ring of Collecting":697,"aspiration:ServantSkillbook":660,"hubris:TenFootPole":616,"animator:HeavyHalberd":453,"aspiration:Lifesprig":287,"Regal Pillow":506,"Lantern":593,"hubris:Metronome":621,"Torii":107,"Singing Bowl":432,"animator:TheMissingPiece":298,"Blue Doll":310,"Painkiller Herb":793,"Bag of Preparation":53,"Pet Ghost":548,"Replay:Rubber Ducky":464,"hubris:Backtick":354,"Matryoshka":539,"Ring of Fangs":749,"Ring of Peace":432,"Chemical X":91,"Replay:Bottled Eggs":749,"Ring of the Snake":298,"aspiration:ChemicalBlood":806,"Potion Belt":115,"Lee\u0027s Waffle":38,"construct:WeddingRing":85,"Golden Idol":302,"Circlet":739,"Damaru":775,"Omamori":99,"Ring of Greed":775,"Frozen Egg 2":50,"hubris:Towel":663,"Replay:Arrowhead":606,"Busted Crown":234,"Ornamental Fan":115,"animator:LivingPicture":298,"Turnip":775,"Garlic":151,"Runesmith:AutoHammer":730,"hubris:CrackedHourglass":753,"Toy Ornithopter":636,"hubris:BottledRain":256,"Ice Cream":354,"Tiny House":633,"Nilry\u0027s Codex":38,"CeramicFish":50,"Vajra":782,"Uniform":140,"aspiration:Stabinomicon":386,"aspiration:MobileForge":173,"DollysMirror":428,"Strawberry":99,"Toxic Egg 2":263,"Girya":770,"Happy Flower":600,"Ring of Hypnosis":663,"hubris:DuctTape":693,"aspiration:Nostalgia":140,"ReplayTheSpireMod:CursedCoin":730,"Replay:Grab Bag":234,"Oddly Smooth Stone":423,"Ring of Chaos":234,"conspire:SlowCooker":689,"aspiration:SeaSaltIceCream":140,"War Paint":453,"Question Card":730,"hubris:Zylophone":298,"Replay:Baseball":644,"ReplayTheSpireMod:Shallot":330,"Brimstone":683,"Bronze Scales":127,"Simple Rune":203,"Molten Egg 2":613,"Black Star":35,"ReplayTheSpireMod:TigerMarble":470,"NlothsMask":806,"Darkstone Periapt":338,"ReplayTheSpireMod:Ring of Exchange":432,"Shade:YorickSkull":0,"Mango":558,"Juzu Bracelet":107,"Incense Burner":499,"hubris:SlimyHat":713,"Replay:Mystery Machine":295,"PrismaticShard":203,"Dream Catcher":558,"m_ScarletBlood":696,"Nunchaku":736,"Chameleon Ring":673,"Red Skull":492,"Gremlin Food":246,"animator:Buoy":423,"ReplayTheSpireMod:Ninjato":558,"Orichalcum":161,"Medical Kit":298,"Peace Pipe":428,"Pondfish Scales":492,"Runesmith:UraniumAnvil":483,"hubris:BundleOfHerbs":405,"Bag of Marbles":91,"PureWater":730,"TungstenRod":140,"ReplayTheSpireMod:ShopPack":405,"m_BurningSludge":647}]},"card_choices":[{"not_picked":["EmptyBody","CrushJoints"],"picked":"FlyingSleeves","floor":1},{"not_picked":["Replay:BluntJabs","FearNoEvil"],"picked":"Perseverance","floor":2},{"not_picked":["EmptyFist","Replay:AtTheReady"],"picked":"FearNoEvil","floor":3},{"not_picked":["FollowUp","WheelKick"],"picked":"Brilliance","floor":6}],"player_experience":655927,"relics_obtained":[{"floor":6,"key":"aspiration:ChemicalBlood"},{"floor":7,"key":"Potion Belt"}],"event_choices":[{"damage_healed":0,"gold_gain":0,"player_choice":"Ignored","damage_taken":0,"max_hp_gain":0,"max_hp_loss":0,"event_name":"Golden Wing","floor":4,"gold_loss":0},{"damage_healed":0,"gold_gain":0,"player_choice":"Invest 1","damage_taken":0,"max_hp_gain":0,"max_hp_loss":0,"event_name":"conspire:Investor","floor":5,"gold_loss":0},{"damage_healed":0,"gold_gain":0,"player_choice":"Trade","damage_taken":0,"relics_obtained":["NlothsMask"],"max_hp_gain":0,"max_hp_loss":0,"event_name":"FaceTrader","floor":8,"gold_loss":0}],"is_beta":false,"boss_relics":[],"items_purged_floors":[],"is_endless":false,"potions_floor_spawned":[6],"killed_by":"3 Sentries","ascension_level":2}}