{"host":"jtxptf9isiqyc7jm","time":1608486124,"event":{"mods":["Act Like it!","BaseMod","Bestiary","BetterRewards","Colored Powertips","Custom Start","Downfall","Friendly Minions","Hermit","Hubris","Infinite Spire","Jorbs\u0027s Wanderer Trilogy","Kiyohime????","Koishi","Lobotomy","Marisa????????","Minty Spire (QoL Compilation)","Prisma Mod","Remilia??????","Replay The Spire","Shop Mod","StSLib","The Construct","The Cursed","The Disciple","The Hierophant","The Jungle","The Runesmith","The Senshi","The Servant 0.9.4"],"gold_per_floor":[114,128,29,29,29,29,63,63,63,63,86,100,100,116,116,132,132,235,235,254,106,106],"floor_reached":21,"playtime":1027,"items_purged":[],"score":177,"play_id":"1a717f00-599b-4c99-b21d-bb4495e244c8","local_time":"20201220174204","is_ascension_mode":false,"campfire_choices":[{"floor":6,"key":"REST"},{"floor":15,"key":"REST"},{"floor":17,"key":"REST"}],"circlet_count":0,"master_deck":["construct:Strike_Gold","construct:Strike_Gold","construct:Strike_Gold+1","construct:Strike_Gold","construct:Defend_Gold+1","construct:Defend_Gold","construct:Defend_Gold","construct:Defend_Gold","construct:Defend_Gold","construct:AttackMode+1","construct:DefenseMode","construct:Zapper","construct:SweepLaser","construct:Autoturret","construct:ModeShift","construct:BatteryCore","construct:Electrocute","construct:Backup+1","construct:Disrupt","construct:ShiftGuard","construct:Multistage","construct:Backup"],"relics":["construct:Cogwheel","Ring of Panic","ReplayTheSpireMod:Ring of Sloth","hubris:OldNail","infinitespire:Beetle Shell","Black Star","MerchantsRug"],"acts_visited":["Exordium","TheCity"],"potions_floor_usage":[7,12,12,18],"damage_taken":[{"damage":0,"enemies":"Cultist","floor":1,"turns":4},{"damage":0,"enemies":"2 Louse","floor":2,"turns":4},{"damage":16,"enemies":"Lagavulin","floor":7,"turns":4},{"damage":17,"enemies":"Small Slimes","floor":12,"turns":3},{"damage":3,"enemies":"2 Fungi Beasts","floor":14,"turns":4},{"damage":7,"enemies":"Gremlin Gang","floor":16,"turns":7},{"damage":32,"enemies":"The Guardian","floor":18,"turns":10},{"damage":28,"enemies":"Shell Parasite","floor":20,"turns":13}],"seed_played":"4607846186327984726","potions_obtained":[{"floor":1,"key":"sneckomod:MuddlingPotion"},{"floor":2,"key":"PowerPotion"},{"floor":7,"key":"Explosive Potion"},{"floor":16,"key":"Milkshake"}],"is_trial":false,"path_per_floor":["M","M","$","?","?","R","E","PTL","PTL","?","T","M","?","M","R","M","R","B",null,"M","$"],"character_chosen":"THE_CONSTRUCT_MOD","items_purchased":["construct:Autoturret","construct:ModeShift","MerchantsRug"],"campfire_rested":3,"item_purchase_floors":[3,3,21],"current_hp_per_floor":[85,85,85,68,68,85,69,69,69,69,69,52,52,49,74,67,85,53,85,57,57,57],"gold":106,"neow_bonus":"UPGRADE_CARD","is_daily":false,"chose_seed":false,"campfire_upgraded":0,"win_rate":0.0,"timestamp":1608486124,"path_taken":["M","M","?","?","?","R","E","PTL","PTL","?","T","?","?","M","R","M","R","BOSS","M","$"],"items_purchased_type":["Card","Card","Relic"],"build_version":"2020-12-13","purchased_purges":0,"victory":false,"max_hp_per_floor":[85,85,85,85,85,85,85,85,85,85,85,85,85,85,85,85,85,85,85,85,85,85],"card_choices":[{"not_picked":["construct:CripplingShot","construct:SuppressiveFire"],"picked":"construct:Zapper","floor":1},{"not_picked":["construct:Backfire","construct:Forcefield"],"picked":"construct:SweepLaser","floor":2},{"not_picked":["construct:Accumulate","construct:ShiftStrike"],"picked":"construct:BatteryCore","floor":7},{"not_picked":["construct:FlakBarrage","construct:Backfire"],"picked":"construct:Electrocute","floor":12},{"not_picked":["construct:SyphonStrike","construct:Missile"],"picked":"construct:Disrupt","floor":14},{"not_picked":["construct:Boost","construct:PanicFire"],"picked":"construct:ShiftGuard","floor":16},{"not_picked":["construct:HyperBeam","construct:ClockworkEgg"],"picked":"construct:Multistage","floor":18},{"not_picked":["construct:Anticipate+1","construct:FierceBash+1"],"picked":"construct:Backup","floor":20}],"player_experience":114560,"relics_obtained":[{"floor":5,"key":"Ring of Panic"},{"floor":5,"key":"ReplayTheSpireMod:Ring of Sloth"},{"floor":7,"key":"hubris:OldNail"},{"floor":11,"key":"infinitespire:Beetle Shell"}],"event_choices":[{"damage_healed":0,"gold_gain":0,"player_choice":"Entered Light","damage_taken":17,"max_hp_gain":0,"max_hp_loss":0,"event_name":"Shining Light","floor":4,"gold_loss":0,"cards_upgraded":["construct:Defend_Gold","construct:Strike_Gold"]},{"cards_removed":["Writhe"],"damage_healed":0,"gold_gain":0,"player_choice":"Purged","damage_taken":0,"max_hp_gain":0,"max_hp_loss":0,"event_name":"Purifier","floor":10,"gold_loss":0}],"is_beta":false,"boss_relics":[{"not_picked":["Philosopher\u0027s Stone","hubris:HollowSoul"],"picked":"Black Star"}],"items_purged_floors":[],"is_endless":false,"potions_floor_spawned":[1,2,7,16],"ascension_level":0}}