{"host":"7t8rqoeeopyy0nh0","time":1608428543,"event":{"mods":["AchievementEnabler","BaseMod","Better Third Choice","BetterRewards","Colored Map","Colored Powertips","Downfall","Hubris","Infinite Spire","Minty Spire (QoL Compilation)","Replay The Spire","StSLib"],"gold_per_floor":[113,113,129,129,146,174,20,50,127,155,155,212,0,10,10,111,111,124,199,214,139,158,193,205,205,205,205,217,117,117,136,136,232,232,250,250,261,261,261],"floor_reached":38,"playtime":2469,"items_purged":["Strike_P","Strike_P","Strike_P"],"score":736,"play_id":"97d57254-c3d0-4828-8dd7-f44439494d84","local_time":"20201219204223","is_ascension_mode":true,"campfire_choices":[{"data":"FlurryOfBlows","floor":11.0,"key":"SMITH"},{"data":"Enlightenment","floor":15.0,"key":"SMITH"},{"data":"Omniscience","floor":25,"key":"SMITH"},{"floor":32,"key":"REST"}],"circlet_count":0,"master_deck":["Strike_P","Defend_P","Defend_P","Defend_P","Defend_P","Eruption+1","Vigilance","Ragnarok+1","MentalFortress+1","EmptyBody","FlurryOfBlows+1","ThirdEye","Nirvana","Thunderclap","Enlightenment+1","Omniscience+1","Indignation","CutThroughFate+1","Tantrum+1","Perseverance+1","Blasphemy"],"relics":["PureWater","Guide Book","ClockworkSouvenir","MealTicket","Strawberry","Dead Branch","OrangePellets","hubris:OldNail","TeardropLocket","Torii","hubris:DisguiseKit","hubris:RunicObelisk","Ancient Tea Set","Replay:Kaleidoscope","Snecko Eye","Strange Spoon","ChewingGum","hubris:Towel"],"acts_visited":["Exordium","TheCity","TheBeyond"],"potions_floor_usage":[23,30,35,38],"damage_taken":[{"damage":0.0,"enemies":"Jaw Worm","floor":1.0,"turns":2.0},{"damage":0.0,"enemies":"Small Slimes","floor":3.0,"turns":3.0},{"damage":2.0,"enemies":"2 Louse","floor":5.0,"turns":2.0},{"damage":4.0,"enemies":"Replay:BlueRogue","floor":6.0,"turns":3.0},{"damage":8.0,"enemies":"Gremlin Nob","floor":8.0,"turns":4.0},{"damage":6.0,"enemies":"3 Sentries","floor":10.0,"turns":7.0},{"damage":0.0,"enemies":"3 Sentries","floor":12.0,"turns":4.0},{"damage":1.0,"enemies":"Exordium Wildlife","floor":14.0,"turns":4.0},{"damage":8.0,"enemies":"Hexaghost","floor":16.0,"turns":7.0},{"damage":0.0,"enemies":"Chosen","floor":18.0,"turns":4.0},{"damage":13,"enemies":"Spheric Guardian","floor":20,"turns":4},{"damage":7,"enemies":"3 Cultists","floor":22,"turns":4},{"damage":0,"enemies":"Replay:Snechameleon","floor":23,"turns":3},{"damage":12,"enemies":"Cultist and Chosen","floor":24,"turns":2},{"damage":15,"enemies":"Chosen and Byrds","floor":28,"turns":4},{"damage":16,"enemies":"Colosseum Slavers","floor":30,"turns":3},{"damage":9,"enemies":"Snake Plant","floor":31,"turns":3},{"damage":11,"enemies":"Automaton","floor":33,"turns":6},{"damage":27,"enemies":"3 Darklings","floor":35,"turns":3},{"damage":0,"enemies":"Orb Walker","floor":37,"turns":1},{"damage":0,"enemies":"Writhing Mass","floor":38,"turns":1}],"seed_played":"-6265435359961785390","potions_obtained":[{"floor":3.0,"key":"LiquidBronze"},{"floor":5.0,"key":"Block Potion"},{"floor":10.0,"key":"Venom Potion"},{"floor":16.0,"key":"SteroidPotion"},{"floor":22,"key":"Explosive Potion"},{"floor":28,"key":"Languid Potion"},{"floor":33,"key":"Death Potion"},{"floor":35,"key":"DuplicationPotion"}],"is_trial":false,"path_per_floor":["M","?","M","?","M","E","$","E","T","E","R","?","?","M","R","B",null,"M","?","M","$","M","E","M","R","T","AVR","M","$","?","M","R","B",null,"M","?","M","M"],"character_chosen":"WATCHER","items_purchased":["Ragnarok","MentalFortress","Guide Book","ClockworkSouvenir","MealTicket","EmptyBody","OrangePellets"],"campfire_rested":1,"item_purchase_floors":[0,0,0,0,0,0,7],"current_hp_per_floor":[40,35,35,35,33,29,44,36,36,30,30,30,36,35,35,27,71,71,63,50,65,58,58,46,46,46,46,31,46,30,21,46,35,73,46,46,46,46,46],"gold":261,"neow_bonus":"","is_daily":false,"chose_seed":false,"campfire_upgraded":3,"win_rate":0.0,"timestamp":1608428543,"path_taken":["M","?","M","?","M","E","$","E","T","E","R","?","?","M","R","BOSS","M","?","M","$","M","E","M","R","T","AVR","?","$","?","M","R","BOSS","M","?","M","M"],"items_purchased_type":["Card","Card","Relic","Relic","Relic","Card","Relic"],"build_version":"2020-12-13","purchased_purges":3,"victory":false,"max_hp_per_floor":[72,79,79,79,79,79,79,79,79,79,79,79,85,85,85,85,85,85,85,85,85,85,85,85,85,85,85,85,85,85,85,85,85,85,85,85,85,85,85],"card_choices":[{"not_picked":["BowlingBash","Consecrate"],"picked":"FlurryOfBlows","floor":1.0},{"not_picked":["PathToVictory","Replay:AtTheReady"],"picked":"ThirdEye","floor":3.0},{"not_picked":["Prostrate","Replay:ManipulateFuture","ClearTheMind"],"picked":"SKIP","floor":5.0},{"not_picked":["CrushJoints","ReachHeaven","Replay:BluntJabs"],"picked":"SKIP","floor":6.0},{"not_picked":["Replay:AtTheReady","Swivel"],"picked":"Nirvana","floor":8.0},{"not_picked":["CrushJoints","ThirdEye","Collect"],"picked":"SKIP","floor":10.0},{"not_picked":["Evaluate","Replay:ManipulateFuture","Crescendo"],"picked":"Thunderclap","floor":12.0},{"not_picked":["Study","Replay:DivineShield","WheelKick","Warcry"],"picked":"SKIP","floor":14.0},{"not_picked":["Alpha","Replay:LoomingThreat","Hemogenesis"],"picked":"Omniscience","floor":16.0},{"not_picked":["Halt","EmptyBody+1","Flex"],"picked":"Indignation","floor":18.0},{"not_picked":["Consecrate","PathToVictory","ReplayTheSpireMod:LeadingStrike"],"picked":"CutThroughFate+1","floor":20},{"not_picked":["EmptyMind+1","CutThroughFate","Protect+1","Replay:Undeath\u0027s Touch"],"picked":"SKIP","floor":22},{"not_picked":["BowlingBash","Replay:DivineShield","Collect+1","Burning Pact"],"picked":"SKIP","floor":23},{"not_picked":["WaveOfTheHand","CrushJoints","Pommel Strike"],"picked":"Tantrum+1","floor":24},{"not_picked":["Nirvana","WaveOfTheHand","Burning Pact"],"picked":"Perseverance+1","floor":28},{"not_picked":["Replay:ManipulateFuture","Replay:Cycle","Indignation+1","hubris:ReadiedAction"],"picked":"SKIP","floor":31},{"not_picked":["Replay:AllIn","Brilliance","Replay:Many Hands"],"picked":"Blasphemy","floor":33},{"not_picked":["FlurryOfBlows","BowlingBash","CutThroughFate","Dark Embrace"],"picked":"SKIP","floor":35},{"not_picked":["CrushJoints+1","ThirdEye+1","DeusExMachina","Seeing Red"],"picked":"SKIP","floor":37}],"player_experience":341115,"relics_obtained":[{"floor":6.0,"key":"Dead Branch"},{"floor":8.0,"key":"hubris:OldNail"},{"floor":9.0,"key":"TeardropLocket"},{"floor":10.0,"key":"Torii"},{"floor":23,"key":"Ancient Tea Set"},{"floor":26,"key":"Replay:Kaleidoscope"}],"event_choices":[{"damage_healed":0.0,"max_hp_gain":0.0,"max_hp_loss":0.0,"gold_gain":0.0,"event_name":"betterThird:BetterScrap","player_choice":"Relic ","floor":2.0,"gold_loss":0.0,"damage_taken":12.0,"cards_obtained":["Bullet Time"]},{"damage_healed":0.0,"max_hp_gain":0.0,"max_hp_loss":0.0,"gold_gain":0.0,"event_name":"Dead Adventurer","player_choice":"Searched \u00272\u0027 times","floor":12.0,"gold_loss":0.0,"damage_taken":0.0,"relics_obtained":["hubris:DisguiseKit"]},{"damage_healed":0.0,"max_hp_gain":0.0,"max_hp_loss":0.0,"gold_gain":0.0,"event_name":"betterThird:BetterSerpent","player_choice":"RENOUNCE","floor":13.0,"gold_loss":212.0,"damage_taken":212.0,"cards_obtained":["Enlightenment"]},{"damage_healed":0,"gold_gain":75,"player_choice":"Touch","damage_taken":8,"max_hp_gain":0,"max_hp_loss":0,"event_name":"FaceTrader","floor":19,"gold_loss":0},{"damage_healed":0,"gold_gain":0,"player_choice":"Fight","damage_taken":0,"max_hp_gain":0,"max_hp_loss":0,"event_name":"Colosseum","floor":30,"gold_loss":0},{"damage_healed":0,"gold_gain":0,"player_choice":"Fled From Nobs","damage_taken":0,"max_hp_gain":0,"max_hp_loss":0,"event_name":"Colosseum","floor":30,"gold_loss":0}],"is_beta":false,"boss_relics":[{"not_picked":["Replay:Wanted Poster","hubris:ScarierMask"],"picked":"hubris:RunicObelisk"},{"not_picked":["Replay:Ancient Bell","Replay:Grab Bag"],"picked":"ChewingGum"}],"items_purged_floors":[21,27,29],"is_endless":false,"potions_floor_spawned":[3,5,10,16,22,28,30,33,35],"killed_by":"Writhing Mass","ascension_level":5}}