{"host":"27cnk69rbdk9vsnt","time":1608498142,"event":{"mods":["BaseMod","CatGirl Mod","Ekko","Energized Spire","JesterMod","Mimic Mod","Minty Spire (QoL Compilation)","Shade Mod","Shop Mod","StSLib","The Spell Scribe","Thieving Mod"],"gold_per_floor":[116,130,205,205,11,11,51,51,77,118,118,32,66,66,66,189,189,214,214,229,249,77,120,120,120,120,144,177,177,202,221,221,351,351,364,364,379,289,305,346,346,381,431,431,452,492,555,51,51,51,51,51,3,38,38],"floor_reached":56,"playtime":2557,"items_purged":["Injury","Shade:Defend_Shade","Shade:Strike_Shade","Shade:Defend_Shade"],"score":1487,"play_id":"08ceefdd-6da4-4088-a3b0-983f0fe458fa","local_time":"20201220220222","is_ascension_mode":false,"campfire_choices":[{"data":"Shade:Bonestorm","floor":6,"key":"SMITH"},{"data":"Shade:AnimateDead","floor":8,"key":"SMITH"},{"data":"Shade:SkeletonHug","floor":11,"key":"SMITH"},{"data":"Shade:OpenGraves","floor":15,"key":"SMITH"},{"data":"RitualDagger","floor":25,"key":"SMITH"},{"data":"Shade:CarefulCut","floor":29,"key":"SMITH"},{"data":"Shade:CallOfTheGrave","floor":32,"key":"SMITH"},{"data":"Shade:LichForm","floor":41,"key":"SMITH"},{"data":"Shade:Strike_Shade","floor":44,"key":"SMITH"},{"floor":49,"key":"RECALL"},{"data":"Shade:BoneShards","floor":52,"key":"SMITH"}],"circlet_count":0,"master_deck":["Shade:Strike_Shade+1","Shade:Strike_Shade+1","Shade:Defend_Shade","Shade:Defend_Shade+1","Shade:AnimateDead+1","Shade:CarefulCut+1","Shade:Bonestorm+1","Shade:CallOfTheGrave+1","Shade:MadHubris+1","Shade:SkeletonHug+1","Shade:SensePrey+1","Shade:OpenGraves+1","Shade:LastGasp+1","Shade:ScuttlingHand+1","Shade:FreshBones+1","Shade:AuraOfUnlife+1","Shade:FreshBones+1","Shade:GoDigging+1","Shade:Bite_Shade+1","RitualDagger+1","Shade:Bonestorm+1","Shade:Patience+1","Shade:Brains+1","Shade:LichForm+1","Shade:SensePrey+1","Shade:SkeletonHug+1","Shade:Bonestorm+1","Shade:SensePrey+1","Shade:FreshBones+1","Shade:Bonestorm+1","Shade:SkeletonArmy+1","Shade:Excise+1","Shade:FuneraryJewels+1","Shade:CallWraith+1","Shade:CallOfTheGrave+1","Secret Technique+1","Panacea+1","Shade:SensePrey+1","Shade:CoffinDance+1","Shade:BoneShards+1","Shade:Brains+1","Shade:Frenzy+1","Shade:FleshToFlesh+1"],"relics":["Shade:YorickPolishedSkull","Golden Idol","Membership Card","Toxic Egg 2","Toy Ornithopter","Anchor","Tiny Chest","Sozu","jesterMod:MirrorMask","Oddly Smooth Stone","Blue Candle","Matryoshka","HornCleat","Blood Vial","Turnip","Pantograph","Frozen Egg 2","StoneCalendar","Vajra","Sling","Whetstone"],"acts_visited":["Exordium","TheCity","TheBeyond","TheEnding"],"potions_floor_usage":[10],"damage_taken":[{"damage":0,"enemies":"2 Louse","floor":1,"turns":2},{"damage":1,"enemies":"Small Slimes","floor":2,"turns":2},{"damage":25,"enemies":"Gremlin Nob","floor":7,"turns":4},{"damage":4,"enemies":"3 Sentries","floor":10,"turns":4},{"damage":8,"enemies":"Lagavulin","floor":13,"turns":5},{"damage":3,"enemies":"Hexaghost","floor":16,"turns":9},{"damage":0,"enemies":"3 Byrds","floor":18,"turns":3},{"damage":4,"enemies":"Spheric Guardian","floor":20,"turns":4},{"damage":0,"enemies":"Chosen and Byrds","floor":21,"turns":4},{"damage":0,"enemies":"Book of Stabbing","floor":23,"turns":5},{"damage":0,"enemies":"Gremlin Leader","floor":28,"turns":5},{"damage":0,"enemies":"Snake Plant","floor":30,"turns":3},{"damage":0,"enemies":"3 Cultists","floor":31,"turns":4},{"damage":49,"enemies":"Champ","floor":33,"turns":12},{"damage":0,"enemies":"Orb Walker","floor":35,"turns":2},{"damage":0,"enemies":"3 Darklings","floor":37,"turns":3},{"damage":0,"enemies":"Jaw Worm Horde","floor":39,"turns":3},{"damage":0,"enemies":"Giant Head","floor":40,"turns":7},{"damage":0,"enemies":"Reptomancer","floor":42,"turns":3},{"damage":0,"enemies":"Sphere and 2 Shapes","floor":43,"turns":5},{"damage":0,"enemies":"Sphere and 2 Shapes","floor":45,"turns":3},{"damage":0,"enemies":"Nemesis","floor":46,"turns":5},{"damage":0,"enemies":"2 Orb Walkers","floor":47,"turns":3},{"damage":30,"enemies":"Time Eater","floor":50,"turns":10},{"damage":27,"enemies":"Shield and Spear","floor":54,"turns":5},{"damage":69,"enemies":"The Heart","floor":55,"turns":7}],"seed_played":"7409281600201348479","potions_obtained":[{"floor":7,"key":"Explosive Potion"}],"is_trial":false,"path_per_floor":["M","M","?","?","$","R","E","R","T","E","R","$","E","?","R","B",null,"M","?","M","M","$","E","?","R","T","T","E","R","M","M","R","B",null,"M","?","M","?","M","E","R","E","MIM","R","M","E","?","$","R","B",null,"R","$","E","B",null],"character_chosen":"SHADE","items_purchased":["Membership Card","Shade:SensePrey+1","jesterMod:MirrorMask","Shade:GoDigging+1","Vajra","Sling","Shade:CallWraith+1","Shade:CallOfTheGrave+1","Secret Technique+1","Panacea+1","Shade:SensePrey+1","Shade:CoffinDance","Shade:BoneShards","Shade:Brains+1","Shade:Frenzy+1"],"campfire_rested":0,"item_purchase_floors":[5,12,22,22,48,48,48,48,48,48,48,48,48,53,53],"current_hp_per_floor":[71,70,59,59,59,59,34,34,34,35,35,35,27,32,32,29,76,76,76,72,72,72,72,66,66,66,66,72,72,72,75,75,27,76,76,76,76,76,76,76,76,76,76,76,76,76,76,76,76,49,76,76,76,49,10],"gold":38,"neow_bonus":"TEN_PERCENT_HP_BONUS","is_daily":false,"chose_seed":false,"campfire_upgraded":10,"win_rate":0.0,"timestamp":1608498142,"path_taken":["M","M","?","?","$","R","E","R","T","E","R","$","E","?","R","BOSS","M","?","M","M","$","E","?","R","T","?","E","R","M","M","R","BOSS","M","?","M","?","M","E","R","E","MIM","R","M","E","?","$","R","BOSS","R","$","E","BOSS"],"items_purchased_type":["Relic","Card","Relic","Card","Relic","Relic","Card","Card","Card","Card","Card","Card","Card","Card","Card"],"build_version":"2020-12-13","purchased_purges":4,"victory":true,"max_hp_per_floor":[71,71,71,71,71,71,71,71,71,71,71,71,71,76,76,76,76,76,76,76,76,76,76,76,76,76,76,76,76,76,76,76,76,76,76,76,76,76,76,76,76,76,76,76,76,76,76,76,76,76,76,76,76,76,76],"card_choices":[{"not_picked":["Shade:GreyBargain","Shade:FreshBones"],"picked":"Shade:Bonestorm","floor":1},{"not_picked":["Shade:ExtraLimbs","Shade:Frenzy"],"picked":"Shade:CallOfTheGrave","floor":2},{"not_picked":["Shade:WallOfFlesh+1","Shade:FuneraryArmor+1"],"picked":"Shade:MadHubris+1","floor":7},{"not_picked":["Shade:FeralStrike","Shade:Patience+1"],"picked":"Shade:SkeletonHug","floor":10},{"not_picked":["Shade:ExtraLimbs","Shade:Haruspicy+1"],"picked":"Shade:OpenGraves","floor":13},{"not_picked":["Shade:SelfBurial+1","Shade:SoulPierce"],"picked":"Shade:LastGasp+1","floor":16},{"not_picked":["Shade:ExtraLimbs","Shade:FleshToFlesh+1"],"picked":"Shade:ScuttlingHand+1","floor":18},{"not_picked":["Shade:FingerOfDeath+1","Shade:BoneShards"],"picked":"Shade:AuraOfUnlife+1","floor":20},{"not_picked":["Shade:Brains+1","Shade:Frenzy+1"],"picked":"Shade:FreshBones+1","floor":21},{"not_picked":["Shade:Carnophage","Shade:FleshOffering+1"],"picked":"Shade:Bite_Shade+1","floor":23},{"not_picked":["Shade:ClawBack","Shade:SanguineRitual+1"],"picked":"Shade:Bonestorm+1","floor":28},{"not_picked":["Shade:CloudOfShrapnel","Shade:PoundOfFlesh"],"picked":"Shade:Patience+1","floor":30},{"not_picked":["Shade:SpontaneousRitual","Shade:Trample"],"picked":"Shade:Brains+1","floor":31},{"not_picked":["Shade:Putrefaction","Shade:LastGasp+1"],"picked":"Shade:LichForm","floor":33},{"not_picked":["Shade:TouchOfTheGrave","Shade:FingerOfDeath+1"],"picked":"Shade:SensePrey+1","floor":35},{"not_picked":["Shade:GreyBargain+1","Shade:Frenzy+1"],"picked":"Shade:SkeletonHug+1","floor":37},{"not_picked":["Shade:TouchOfTheGrave+1","Shade:SpontaneousRitual"],"picked":"Shade:Bonestorm+1","floor":39},{"not_picked":["Shade:Premonition+1","Shade:GreyBargain+1"],"picked":"Shade:SensePrey+1","floor":40},{"not_picked":["Shade:TouchOfTheGrave+1","Shade:FingerOfDeath"],"picked":"Shade:FreshBones+1","floor":42},{"not_picked":["Shade:FuneraryArmor+1","Shade:SensePrey+1"],"picked":"Shade:Bonestorm+1","floor":43},{"not_picked":["Shade:GreyBargain+1","Shade:SoulPierce"],"picked":"Shade:SkeletonArmy+1","floor":45},{"not_picked":["Shade:SkeletonHug","Shade:ClawBack"],"picked":"Shade:Excise+1","floor":46},{"not_picked":["Shade:AblativeArmor+1","Shade:CallOfTheGrave+1"],"picked":"Shade:FuneraryJewels+1","floor":47},{"not_picked":["Shade:AncientSpear","Shade:Bite_Shade+1"],"picked":"Shade:FleshToFlesh+1","floor":54}],"player_experience":474271,"relics_obtained":[{"floor":7,"key":"Toxic Egg 2"},{"floor":9,"key":"Toy Ornithopter"},{"floor":10,"key":"Anchor"},{"floor":13,"key":"Tiny Chest"},{"floor":23,"key":"Oddly Smooth Stone"},{"floor":26,"key":"Blue Candle"},{"floor":28,"key":"Matryoshka"},{"floor":40,"key":"HornCleat"},{"floor":42,"key":"Blood Vial"},{"floor":43,"key":"Turnip"},{"floor":43,"key":"Pantograph"},{"floor":46,"key":"Frozen Egg 2"},{"floor":47,"key":"StoneCalendar"},{"floor":54,"key":"Whetstone"}],"event_choices":[{"damage_healed":0,"gold_gain":75,"player_choice":"Gather Gold","damage_taken":11,"max_hp_gain":0,"max_hp_loss":0,"event_name":"World of Goop","floor":3,"gold_loss":0},{"damage_healed":0,"gold_gain":0,"player_choice":"Take Wound","damage_taken":0,"relics_obtained":["Golden Idol"],"max_hp_gain":0,"max_hp_loss":0,"event_name":"Golden Idol","floor":4,"gold_loss":0,"cards_obtained":["Injury"]},{"damage_healed":0,"gold_gain":0,"player_choice":"Donut","damage_taken":0,"max_hp_gain":5,"max_hp_loss":0,"event_name":"Big Fish","floor":14,"gold_loss":0},{"damage_healed":0,"gold_gain":0,"player_choice":"Read","damage_taken":0,"max_hp_gain":0,"max_hp_loss":0,"event_name":"The Library","floor":19,"gold_loss":0,"cards_obtained":["Shade:FreshBones"]},{"damage_healed":0,"gold_gain":0,"player_choice":"Joined the Cult","damage_taken":6,"max_hp_gain":0,"max_hp_loss":0,"event_name":"Nest","floor":24,"gold_loss":0,"cards_obtained":["RitualDagger"]},{"damage_healed":0,"gold_gain":0,"player_choice":"Ignored","damage_taken":0,"max_hp_gain":0,"max_hp_loss":0,"event_name":"Tomb of Lord Red Mask","floor":36,"gold_loss":0},{"cards_removed":["Shade:Strike_Shade"],"damage_healed":0,"gold_gain":0,"player_choice":"Upgrade and Remove","damage_taken":0,"max_hp_gain":0,"max_hp_loss":0,"event_name":"Designer","floor":38,"gold_loss":90,"cards_upgraded":["Shade:Defend_Shade"]},{"damage_healed":0,"gold_gain":0,"player_choice":"Fight","damage_taken":0,"max_hp_gain":0,"max_hp_loss":0,"event_name":"Mysterious Sphere","floor":47,"gold_loss":0}],"is_beta":false,"boss_relics":[{"not_picked":["Ectoplasm","SlaversCollar"],"picked":"Sozu"},{"not_picked":["Runic Dome","energizedSpire:MagnifyingGlass"],"picked":"Shade:YorickPolishedSkull"}],"items_purged_floors":[5,12,22,48],"is_endless":false,"potions_floor_spawned":[7,21,23,30,33,37,39,40,45,47],"ascension_level":0}}