{"host":"v4s5k3c6jywmeofl","time":1608480212,"event":{"mods":["Act Like it!","BaseMod","Colored Map","Downfall","Gensokyo","Hallownest","Hermit","Marisa????????","Minty Spire (QoL Compilation)","Quick Restart","Random Character Button","Rare Cards Sparkle","Replay The Spire","StSLib","The Animator","The Bug Knight","The Cursed","The Hierophant","The Servant 0.9.4"],"gold_per_floor":[118,118,136,136,216,216,246,246,246,277,277,299,277,311,311,405,405,433,433,466,485,524,524,516,516],"floor_reached":24,"playtime":1250,"items_purged":[],"score":231,"play_id":"1ce38b66-6e45-4864-8d17-355d466a7435","local_time":"20201220110332","is_ascension_mode":false,"campfire_choices":[{"data":"hierophant:RepressedViolence","floor":6,"key":"SMITH"},{"data":"hierophant:RepressedViolence","floor":8,"key":"SMITH"},{"data":"hierophant:ConvertCurrency","floor":11,"key":"SMITH"},{"floor":15,"key":"RECALL"},{"floor":23,"key":"REST"}],"circlet_count":0,"master_deck":["hierophant:Strike_Hierophant","hierophant:Strike_Hierophant","hierophant:Strike_Hierophant","hierophant:Strike_Hierophant","hierophant:Punish","hierophant:Defend_Hierophant","hierophant:Defend_Hierophant","hierophant:Defend_Hierophant","hierophant:Defend_Hierophant","hierophant:ChurchCoffers","hierophant:RepressedViolence+1","hierophant:FaithHealing","Delirium","hierophant:RepressedViolence+1","hierophant:Doubloon","hierophant:ConvertCurrency+1","hierophant:Doubloon","hierophant:ConvertCurrency","hierophant:Endure","hierophant:HolyVerse","hierophant:Kindle","hierophant:Zeal","hierophant:Repentance"],"relics":["hierophant:PropheticMaskRelic","NeowsBlessing","CultistMask","Eternal Feather","HollowMod:StagPassRelic","Ancient Tea Set","Sozu","Replay:Mystery Machine","Red Mask"],"acts_visited":["Exordium","TheCity"],"potions_floor_usage":[22,22],"damage_taken":[{"damage":0,"enemies":"Jaw Worm","floor":1,"turns":1},{"damage":0,"enemies":"Cultist","floor":3,"turns":3},{"damage":0,"enemies":"Lagavulin","floor":7,"turns":1},{"damage":15,"enemies":"HollowMod:MossKnight","floor":10,"turns":6},{"damage":0,"enemies":"2 Louse","floor":12,"turns":1},{"damage":17,"enemies":"Looter","floor":13,"turns":4},{"damage":8,"enemies":"Lots of Slimes","floor":14,"turns":3},{"damage":31,"enemies":"Fading Forest","floor":16,"turns":11},{"damage":20,"enemies":"Spheric Guardian","floor":18,"turns":5},{"damage":5,"enemies":"Chosen","floor":20,"turns":4},{"damage":48,"enemies":"Snake Plant","floor":21,"turns":5},{"damage":3,"enemies":"Masked Bandits","floor":22,"turns":3},{"damage":43,"enemies":"Book of Stabbing","floor":24,"turns":4}],"seed_played":"-3570906628222443590","potions_obtained":[{"floor":3,"key":"SteroidPotion"},{"floor":7,"key":"Adrenaline Potion"},{"floor":10,"key":"Regen Potion"}],"is_trial":false,"path_per_floor":["M","?","M","$","?","R","E","R","T","E","R","M","M","M","R_BF","B",null,"M","?","M","M","?","R","E"],"character_chosen":"HIEROPHANT","items_purchased":[],"campfire_rested":1,"item_purchase_floors":[],"current_hp_per_floor":[75,75,75,75,75,75,75,75,75,60,69,69,52,44,56,35,75,55,55,50,2,8,42,0,0],"gold":516,"neow_bonus":"THREE_ENEMY_KILL","is_daily":false,"chose_seed":false,"campfire_upgraded":3,"win_rate":0.0,"timestamp":1608480212,"path_taken":["M","?","?","$","?","R","E","R","T","E","R","M","M","M","R_BF","BOSS","M","?","M","M","?","R","E"],"items_purchased_type":[],"build_version":"2020-12-13","purchased_purges":0,"victory":false,"max_hp_per_floor":[75,75,75,75,75,75,75,75,75,75,75,75,75,75,75,75,75,75,75,75,75,75,75,75,75],"card_choices":[{"not_picked":["hierophant:RustyCrate","hierophant:CursedGold"],"picked":"hierophant:RepressedViolence","floor":1},{"not_picked":["hierophant:Encroach","hierophant:TollTheBells"],"picked":"hierophant:FaithHealing","floor":3},{"not_picked":["hierophant:FlamingChariot","hierophant:Purify"],"picked":"hierophant:RepressedViolence","floor":7},{"not_picked":["hierophant:Rebuild","hierophant:Bribe"],"picked":"hierophant:ConvertCurrency","floor":10},{"not_picked":["hierophant:TollTheBells","hierophant:DisplayOfPower"],"picked":"hierophant:ConvertCurrency","floor":12},{"not_picked":["hierophant:LocustPlague","hierophant:SealAway"],"picked":"hierophant:Endure","floor":13},{"not_picked":["hierophant:Shelter","hierophant:Encroach"],"picked":"hierophant:HolyVerse","floor":14},{"not_picked":["hierophant:LocustPlague","hierophant:AuricForm"],"picked":"hierophant:Kindle","floor":16},{"not_picked":["hierophant:Glossolalia","hierophant:AuricBeam","hierophant:Sermon"],"picked":"SKIP","floor":18},{"not_picked":["hierophant:Encroach+1","hierophant:OrnateBuckler"],"picked":"hierophant:Zeal","floor":20},{"not_picked":["hierophant:Refuge","hierophant:Upheaval"],"picked":"hierophant:Repentance","floor":21}],"player_experience":93543,"relics_obtained":[{"floor":7,"key":"Eternal Feather"},{"floor":9,"key":"HollowMod:StagPassRelic"},{"floor":10,"key":"Ancient Tea Set"},{"floor":22,"key":"Red Mask"}],"event_choices":[{"damage_healed":0,"gold_gain":0,"player_choice":"Trade","damage_taken":0,"relics_obtained":["CultistMask"],"max_hp_gain":0,"max_hp_loss":0,"event_name":"FaceTrader","floor":2,"gold_loss":0},{"damage_healed":0,"gold_gain":0,"player_choice":"Fought Bandits","damage_taken":0,"max_hp_gain":0,"max_hp_loss":0,"event_name":"Masked Bandits","floor":22,"gold_loss":0}],"is_beta":false,"boss_relics":[{"not_picked":["Fusion Hammer","Coffee Dripper"],"picked":"Sozu"}],"items_purged_floors":[],"is_endless":false,"potions_floor_spawned":[3,7,10,13,20],"killed_by":"Book of Stabbing","ascension_level":0}}