{"host":"jg07b2bexsgdacfj","time":1608427795,"event":{"mods":["AchievementEnabler","Act Like it!","Aspiration","BaseMod","Better Third Choice","BetterRewards","Block Reminder","Challenge The Spire","Colored Map","Conspire","Downfall","Elementarium","Energized Spire","Friendly Minions","GifTheSpireLib","Gold Saver","Halation","Hermit","Hero for Fun","Highlight Path","Hubris","Infinite Spire","Kratos Character Expansion","Menagerie","Minty Spire (QoL Compilation)","Permanent Neow","Pikachu Mod","Railgun Mod","Remove Card Discount Mod","Replay The Spire","Shade Mod","Shedinja","Shop Mod","Spicy Shops","Spikes Relics","StSLib","Stuff the Spire","Synergy Search","The Animator","The Blackbeard","The Blue Laboratory","The Dragon Tamer","The Forsaken","The Gatherer","The Necromancer","The Servant 0.9.4","The Trickster","TheHeartMod","TheHero","TheWitcher","Transform Curses","UnlockEverythingMod","vexMod"],"gold_per_floor":[375,375,375,389,407,407,421,421,421,421,421,431,279,305,305,410,410,410,410,410,410,410],"floor_reached":21,"playtime":882,"items_purged":["Regret"],"score":165,"play_id":"60d7c678-3384-4dcb-9db2-b5f9aba92032","local_time":"20201220022955","is_ascension_mode":false,"campfire_choices":[{"data":"animeID:FullCowl","floor":6,"key":"SMITH"},{"data":"animeID:Deku","floor":8,"key":"SMITH"},{"data":"animeID:AllForOne","floor":15,"key":"SMITH"}],"circlet_count":0,"master_deck":["animeID:Deku+1","animeID:Bakugo","animeID:Smash","animeID:Smash","animeID:Smash","animeID:Smash","animeID:DefendMH","animeID:DefendMH","animeID:DefendMH","animeID:DefendMH","animeID:FullCowl+1","animeID:GranTorino","animeID:Ojiro","animeID:DetroitSmash","animeID:Aoyama","animeID:Kirishima","animeID:DetroitDelaware","animeID:Mezo","animeID:Bakugo","animeID:AllForOne+1","animeID:RedRiot"],"relics":["animeID:HeroCostume","StuffTheSpire:RedRose","halation:EternalFortune","hubris:SlimyHat","Orrery","halation:PrussianBluePaint","hubris:ScarierMask","Cracked Core","vexMod:MysteryBossChallenge","Runic Dome"],"acts_visited":["Exordium","TheCity"],"potions_floor_usage":[16],"damage_taken":[{"damage":0,"enemies":"Small Slimes","floor":1,"turns":4},{"damage":20,"enemies":"2 Louse","floor":4,"turns":4},{"damage":10,"enemies":"Cultist","floor":5,"turns":5},{"damage":8,"enemies":"Lots of Slimes","floor":7,"turns":2},{"damage":1,"enemies":"2 Fungi Beasts","floor":12,"turns":2},{"damage":6,"enemies":"Slime Boss","floor":16,"turns":8},{"damage":5,"enemies":"Shell Parasite","floor":18,"turns":3}],"seed_played":"7340283481311330799","potions_obtained":[{"floor":4,"key":"blueLaboratory:HeartbeatPotion"},{"floor":7,"key":"blueLaboratory:FruitPunch"}],"is_trial":false,"path_per_floor":["M","?","?","M","M","R","M","R","T","?","?","M","$","T","R","B",null,"M","?","?","AVR"],"character_chosen":"THE_HERO","items_purchased":["Orrery"],"campfire_rested":0,"item_purchase_floors":[13],"current_hp_per_floor":[75,75,78,58,52,52,44,44,44,44,44,45,45,45,45,45,80,80,80,80,80,80],"gold":410,"neow_bonus":"HUNDRED_GOLD","is_daily":false,"chose_seed":false,"campfire_upgraded":3,"win_rate":0.0,"timestamp":1608427795,"path_taken":["M","?","?","M","M","R","M","R","T","?","?","?","$","?","R","BOSS","M","?","?","AVR"],"items_purchased_type":["Relic"],"build_version":"2020-12-13","purchased_purges":1,"victory":false,"max_hp_per_floor":[75,75,78,78,78,78,78,78,78,78,78,78,78,78,78,80,80,83,83,83,83,83],"card_choices":[{"not_picked":["animeID:Muscular","animeID:Mina"],"picked":"animeID:FullCowl","floor":1},{"not_picked":["animeID:Momo","animeID:Tsuyu"],"picked":"animeID:GranTorino","floor":4},{"not_picked":["animeID:Mezo","animeID:Tengai"],"picked":"animeID:Ojiro","floor":5},{"not_picked":["animeID:FullCowl","animeID:GranTorino"],"picked":"animeID:DetroitSmash","floor":7},{"not_picked":["animeID:TodorokiShoto","animeID:Kirishima"],"picked":"animeID:Aoyama","floor":12},{"not_picked":["animeID:Kurono","animeID:Tamaki"],"picked":"animeID:Kirishima","floor":13},{"not_picked":["animeID:Nomu","animeID:Tomura"],"picked":"animeID:DetroitDelaware","floor":13},{"not_picked":["animeID:Kaminari","animeID:Tsuyu"],"picked":"animeID:Mezo","floor":13},{"not_picked":["animeID:Uraraka","animeID:Tsuyu"],"picked":"animeID:Bakugo","floor":13},{"not_picked":["animeID:Bakugo","animeID:Kaminari"],"picked":"animeID:AllForOne","floor":13},{"not_picked":["animeID:Eri","animeID:AllForOne"],"picked":"animeID:RedRiot","floor":16},{"not_picked":["animeID:DelawareSmash","animeID:Tomura","animeID:Bakugo"],"picked":"SKIP","floor":18}],"player_experience":336620,"relics_obtained":[{"floor":9,"key":"hubris:SlimyHat"},{"floor":14,"key":"halation:PrussianBluePaint"},{"floor":18,"key":"halation:EternalFortune"}],"event_choices":[{"damage_healed":0,"gold_gain":0,"player_choice":"Ignored","damage_taken":0,"max_hp_gain":0,"max_hp_loss":0,"event_name":"NoteForYourself","floor":11,"gold_loss":0}],"is_beta":false,"boss_relics":[{"not_picked":["halation:LoveArrow","energizedSpire:EnergizedDie"],"picked":"hubris:ScarierMask"}],"items_purged_floors":[13],"is_endless":false,"potions_floor_spawned":[4,7],"ascension_level":0}}