{"host":"nx6ib2o6hmd449ys","time":1608465404,"event":{"mods":["2.2 Compatiblity","Act Like it!","Aspiration","BaseMod","Better Silent Start","Better Third Choice","BetterRewards","CCEM","Colored Powertips","Conjunction","Conspire","Downfall","Eldritch Tears","Energized Spire","Gensokyo","GifTheSpireLib","GungeonMod","Halation","Hallownest","Hubris","Infinite Spire","Jedi Mod","Lobotomy","LobotomyExtend","Marisa????????","Minty Spire (QoL Compilation)","MostiFishMod","Quick Restart","RRrroohrrRGHHhhh!!","Rare Cards Sparkle","RatMod","Replay The Spire","RumiaBox-????????","Shop Mod","Small Relic Pack","Spicy Shops","Spikes Relics","StSLib","Stuff the Spire","TestMod","The Blue Laboratory","The Dragon Tamer","The Exalted","The Jungle","TheWitcher","Wandering Minibosses","[IsaacMod]????","noobMod","vexMod","??????REMEMod"],"gold_per_floor":[111,122,122,140,160,187,187,58,83,13,13,13,13,27,27,131,131,141,141,152,163,174,208,208,240,240,240,255,266,282,296,310,310,310,413,413,425,425,436,436,447,447,197,197,223,237,250,38,51,83,83,186,186,192,192,192,192,190,190,207,32,100,99,99,99,145,173,173,267,267,275,275,275],"floor_reached":72,"playtime":3588,"items_purged":[],"score":1281,"play_id":"0347d1f8-731c-44c4-aafd-edd177e250f7","local_time":"20201220125644","is_ascension_mode":false,"campfire_choices":[{"data":"Slimebound:GoopSpray","floor":7,"key":"SMITH"},{"data":"EAMod:AkomiStrike","floor":11,"key":"SMITH"},{"data":"conspire:PoisonWeapons","floor":13,"key":"SMITH"},{"data":"SnafuTest:BombSamum","floor":15,"key":"SMITH"},{"data":"MostiFishMod:HellRitual","floor":27,"key":"SMITH"},{"data":"DTMod:Punisher","floor":33,"key":"SMITH"},{"data":"Replay:SS_fish_1","floor":42,"key":"SMITH"},{"data":"MostiFishMod:TheEndOfMoonlight","floor":44,"key":"SMITH"},{"data":"expansioncontent:YouAreMine","floor":51,"key":"SMITH"},{"data":"ReplayTheSpireMod:Book of Names","floor":59,"key":"SMITH"},{"floor":64,"key":"RECALL"},{"data":"Thunderclap","floor":68,"key":"SMITH"}],"circlet_count":0,"master_deck":["Thunderclap+1","MostiFishMod:MusicBox","ReplayTheSpireMod:Tripwire"],"relics":["StuffTheSpire:OccultApparatus","HushsDoor","DaveBox","testmod-TestBox","ice","REME_ComplimentaryCards","SteamSale","JellyFishMachine","testmod-Nyarlathotep","DemoMod:NanoMachines","DemoMod:Antibody","Gremlin Food","conspire:TreasureMap","ReplayTheSpireMod:Shallot","SuspiciousGoo","hubris:Metronome","CCEMRelics:TransientCore","Question Card","PrismaticShard","LetterFromLob","Chameleon Ring","DemoMod:SerJunkan","StuffTheSpire:Mouthbags","jedi:shrinkray","ImportantClient","BirthdayGift-Tetrahedron","UnicornStump","DeadEye","relicPack:OneForAll","DemoMod:Junk","DemoMod:RatBoots","DemoMod:ResourcefulSack","DemoMod:PartiallyEatenCheese","Chaos","halation:PromiseList","StuffTheSpire:SapphireSignet","ClockworkSouvenir","Replay:Bottled Eggs","testmod-InfectionSource","Bromod:ArcaneTrickery","MiniBlackHole","SecretRecord","CombinedTypeHook","halation:Trompette","Gensokyo:CelestialsFlawlessClothing","Mummified Hand","StuffTheSpire:DarkSteelAnvil","HonorFeather","Moonlight_r","Gaze_r","conspire:SpecialSausage","DemoMod:GlassGuonStoneRelic"],"acts_visited":["Gensokyo:Gensokyo","TheCity","TheCity","TheBeyond","Gensokyo:Gensokyo","Gensokyo:Gensokyoer"],"potions_floor_usage":[],"damage_taken":[{"damage":0,"enemies":"Gensokyo:Gryphon","floor":1,"turns":3},{"damage":1,"enemies":"Gensokyo:2_Kodama","floor":2,"turns":3},{"damage":0,"enemies":"Gensokyo:3_Fairies","floor":4,"turns":3},{"damage":0,"enemies":"Gensokyo:3_Kodama","floor":5,"turns":4},{"damage":1,"enemies":"Gensokyo:Aya","floor":6,"turns":5},{"damage":0,"enemies":"Gensokyo:Python_and_Kodama","floor":14,"turns":2},{"damage":10,"enemies":"Gensokyo:Kokoro","floor":16,"turns":6},{"damage":1,"enemies":"Shell Parasite","floor":18,"turns":2},{"damage":2,"enemies":"2 Thieves","floor":20,"turns":2},{"damage":1,"enemies":"Snecko","floor":21,"turns":2},{"damage":2,"enemies":"Centurion and Healer","floor":22,"turns":2},{"damage":2,"enemies":"Slavers","floor":23,"turns":2},{"damage":2,"enemies":"conspire:Head Lice","floor":25,"turns":2},{"damage":1,"enemies":"DemoMod:Red_and_blue_shotgun_kin","floor":28,"turns":1},{"damage":0,"enemies":"DemoMod:Veteran_shot_gun_kin_and_bullet_kin","floor":29,"turns":1},{"damage":1,"enemies":"DemoMod:Red_and_blue_shotgun_kin_with_gunsinger","floor":30,"turns":2},{"damage":2,"enemies":"DemoMod:2_Mousers","floor":31,"turns":2},{"damage":2,"enemies":"DemoMod:Veteran_shot_gun_kin_and_blue_shotgun_kin_with_gunsinger","floor":32,"turns":2},{"damage":9,"enemies":"DemoMod:ResourcefulRat","floor":35,"turns":6},{"damage":0,"enemies":"3 Shapes","floor":37,"turns":1},{"damage":0,"enemies":"Orb Walker","floor":39,"turns":1},{"damage":0,"enemies":"3 Darklings","floor":41,"turns":1},{"damage":0,"enemies":"4 Shapes","floor":46,"turns":1},{"damage":0,"enemies":"Sphere and 2 Shapes","floor":47,"turns":1},{"damage":3,"enemies":"Jaw Worm Horde","floor":49,"turns":2},{"damage":2,"enemies":"Nightmare","floor":50,"turns":2},{"damage":2,"enemies":"Donu and Deca","floor":52,"turns":3},{"damage":1,"enemies":"Gensokyo:Python","floor":54,"turns":1},{"damage":3,"enemies":"Gensokyo:3_Fairies","floor":58,"turns":2},{"damage":3,"enemies":"Gensokyo:Mamizou","floor":60,"turns":3},{"damage":0,"enemies":"Nightmare","floor":63,"turns":1},{"damage":58,"enemies":"Nightmare","floor":63,"turns":6},{"damage":9,"enemies":"Gensokyo:Aya","floor":67,"turns":4},{"damage":0,"enemies":"Gensokyo:Yukari","floor":69,"turns":3},{"damage":6,"enemies":"Gensokyo:Chomper","floor":71,"turns":3}],"seed_played":"4723160642836458724","potions_obtained":[{"floor":2,"key":"FearPotion"},{"floor":5,"key":"SteroidPotion"}],"is_trial":false,"path_per_floor":["M","M","?","M","M","E","R","$","T","?","R","?","R","M","R","B",null,"M","AVR","M","M","M","E","?","E","T","R","M","M","M","M","M","R","B","B",null,"M","?","M","?","M","R","$","R","T","M","M","$","M","NM","R","B",null,"M","?","AVR","?","M","R","E","$","T","NM","R","$","?","E","R","B",null,"M","?"],"character_chosen":"FLAMEPETAL","items_purchased":["DemoMod:NanoMachines","DemoMod:Antibody","Gremlin Food","DemoMod:GnawedKey","conspire:TreasureMap","ReplayTheSpireMod:Shallot","hubris:Metronome","DemoMod:SerJunkan","Mayhem","Chaos","halation:PromiseList","StuffTheSpire:SapphireSignet","ClockworkSouvenir","testmod-InfectionSource","Bromod:ArcaneTrickery","MiniBlackHole","Mummified Hand","StuffTheSpire:DarkSteelAnvil"],"campfire_rested":0,"item_purchase_floors":[0,0,0,0,0,0,0,8,17,43,43,43,43,48,48,48,61,61],"current_hp_per_floor":[56,61,61,73,79,90,90,90,90,90,90,90,90,96,96,94,98,102,102,106,112,116,120,120,124,127,127,135,144,148,152,157,157,161,159,163,172,172,181,181,189,189,189,189,189,198,207,207,209,214,214,217,218,225,225,225,225,228,228,231,231,231,213,244,244,229,246,246,249,249,252,0,0],"gold":275,"neow_bonus":"","is_daily":false,"chose_seed":false,"campfire_upgraded":11,"win_rate":0.0,"timestamp":1608465404,"path_taken":["M","M","?","M","?","E","R","$","T","?","R","?","R","?","R","BOSS","M","AVR","M","M","M","E","?","E","T","R","M","M","M","M","M","R","BOSS","BOSS","M","?","?","?","?","R","$","R","T","M","M","?","M","NM","R","BOSS","M","?","AVR","?","?","R","E","$","T","NM","R","?","?","E","R","BOSS","M","?"],"items_purchased_type":["Relic","Relic","Relic","Relic","Relic","Relic","Relic","Relic","Card","Card","Relic","Relic","Relic","Relic","Relic","Relic","Relic","Relic"],"build_version":"2020-12-13","purchased_purges":0,"victory":false,"max_hp_per_floor":[84,88,88,92,95,97,97,97,97,97,97,97,97,102,102,103,98,103,103,108,113,118,123,123,127,127,127,135,144,149,154,159,159,163,163,163,172,172,181,181,189,189,189,189,189,198,207,207,211,215,215,218,218,226,226,226,226,230,230,234,234,234,244,244,244,244,246,246,249,249,252,252,252],"card_choices":[{"not_picked":[],"picked":"DoctorFetus","floor":0},{"not_picked":["EAMod:AkomiNaginataReach","EAMod:AkomiVentHeat"],"picked":"EAMod:AkomiSingleOut","floor":1},{"not_picked":["Bloodletting","ChargingUp","Prepared"],"picked":"SashWhip","floor":2},{"not_picked":["SnafuTest:PowerAlwaysAWay","StuffTheSpire:ClusterCrunch","StarBarrage"],"picked":"Conserve Battery","floor":4},{"not_picked":["Cloak And Dagger","GravityBeat","Secret Technique"],"picked":"Time Bomb","floor":5},{"not_picked":["Guardian:ChargeCore","MostiFishMod:Speedup","expansioncontent:Hexaburn"],"picked":"Slimebound:GoopSpray","floor":6},{"not_picked":["Slimebound:SlimeSlap","SnafuTest:PayHappyHour","MilkyWay"],"picked":"SnafuTest:BombSamum","floor":12},{"not_picked":["Leap","Penitence","SnafuTest:Kick"],"picked":"conspire:PoisonWeapons","floor":12},{"not_picked":["SnafuTest:WitchHunt","MostiFishMod:Clarity","PlatinumSkin","DemoMod:PotionOfGunFriendShip"],"picked":"SKIP","floor":14},{"not_picked":["Bromod:ExaltedBlade","sneckomod:MorePower","Feint"],"picked":"rorgmod:Biogeneration","floor":16},{"not_picked":["hexamod:RainOfEmbers","DTMod:BlueScale","ReplayTheSpireMod:Calculation Training+1"],"picked":"SnafuTest:Shooting+1","floor":18},{"not_picked":["rat:WitheringShackles","StuffTheSpire:RockThrow","Bromod:BodyCount","DTMod:LightShield"],"picked":"SKIP","floor":20},{"not_picked":["rorgmod:Storm","DTMod:MasterPlan","DemoMod:MachoBrace","Guardian:Recover"],"picked":"SKIP","floor":21},{"not_picked":["DTMod:FlameSlash+1","champ:RisingSlash","rorgmod:Leap"],"picked":"Quick Slash","floor":22},{"not_picked":["LuminesStrike","Bromod:BulletJump+1","Occultation"],"picked":"DTMod:Punisher","floor":23},{"not_picked":["DTMod:Threaten","Guardian:PolyBeam","Clash","EmptyFist"],"picked":"SKIP","floor":25},{"not_picked":["ClearTheMind","Crescendo","Bromod:Vitality","rorgmod:LRU Cache+1"],"picked":"SKIP","floor":28},{"not_picked":["EAMod:AkomiFlameWall+1","DemoMod:BSG","EmptyMind+1","Slimebound:ProtectTheBoss+1"],"picked":"SKIP","floor":29},{"not_picked":["SnafuTest:PowerAlwaysAWay","Slimebound:LeechEnergy","Slimebound:BestDefense","conspire:Charge"],"picked":"SKIP","floor":30},{"not_picked":["Panic Button+1","sneckomod:UnknownClassTHE_CHAMP_GRAY+1","SnafuTest:FirstAid","SnafuTest:WitchHunt+1"],"picked":"SKIP","floor":31},{"not_picked":["DTMod:BlazingStrike+1","DemoMod:ProbeStrike+1","Slimebound:ForwardTackle+1","Slimebound:Repurpose+1"],"picked":"SKIP","floor":32},{"not_picked":["Mimicry","MostiFishMod:TalkingToTheRain","Bromod:LifeStrike"],"picked":"MostiFishMod:TheEndOfMoonlight","floor":35},{"not_picked":["Guardian:TimeCapacitor","Cold Snap","rorgmod:Fragmentation+1"],"picked":"rorgmod:Follow-Up","floor":36},{"not_picked":["hexamod:NightmareStrike","Replay:BasicMightCard","SnafuTest:SmashingSlash","SnafuTest:BombDragonsDream"],"picked":"SKIP","floor":37},{"not_picked":["DemoMod:SniperShot","Finesse","Replay:Sssssssssshield+1"],"picked":"FollowUp+1","floor":39},{"not_picked":["Replay:SS_hec_1","Specialist","hubris:EnhanceAbility"],"picked":"Replay:SS_fish_1","floor":40},{"not_picked":["GrandCross","Hologram","Doppelganger","jedi:acidrain+1"],"picked":"SKIP","floor":41},{"not_picked":["sneckomod:UnknownBlock+1","RapturousDream+1","FlyingSleeves","LikeWater"],"picked":"SKIP","floor":46},{"not_picked":["ShootingEcho+1","champ:AdrenalArmor+1","Laetitia_ego"],"picked":"Armaments+1","floor":47},{"not_picked":["Panic Button+1","rorgmod:Refrigerate","Wingbeat","GrandCross"],"picked":"SKIP","floor":49},{"not_picked":["FollowUp","hubris:Ukulele","rorgmod:Auto-Shields"],"picked":"expansioncontent:YouAreMine","floor":50},{"not_picked":["champ:IgnorePain","ReplayTheSpireMod:Brewmster","Demonic Infusion"],"picked":"SnafuTest:LandOfFables","floor":52},{"not_picked":["rat:ColdBlood","StuffTheSpire:LoadUp","hubris:ReadiedAction"],"picked":"Guardian:Reroute","floor":54},{"not_picked":["DTMod:BuildUp","sneckomod:UnknownClassRED","Armaments","Acrobatics"],"picked":"SKIP","floor":58},{"not_picked":["SnafuTest:SneakKill","champ:FlashCut","Bromod:PressurePoint"],"picked":"Crippling Poison","floor":60},{"not_picked":["hexamod:GhostOfSpirePresent","rorgmod:SQL Injection","SnafuTest:PowerRhymeBeyondTime"],"picked":"Thunderclap","floor":67},{"not_picked":["DeusExMachina","Crow Ritual","SnafuTest:SpellCalcinedMetamorphism"],"picked":"MostiFishMod:MusicBox","floor":69},{"not_picked":["Time Bomb+1","rorgmod:Overcurrent+1","Slimebound:AcidTongue"],"picked":"ReplayTheSpireMod:Tripwire","floor":71}],"player_experience":287274,"relics_obtained":[{"floor":1,"key":"Question Card"},{"floor":1,"key":"PrismaticShard"},{"floor":1,"key":"LetterFromLob"},{"floor":6,"key":"Chameleon Ring"},{"floor":9,"key":"StuffTheSpire:Mouthbags"},{"floor":16,"key":"ImportantClient"},{"floor":23,"key":"DeadEye"},{"floor":25,"key":"DemoMod:Junk"},{"floor":36,"key":"DemoMod:RatBoots"},{"floor":36,"key":"DemoMod:ResourcefulSack"},{"floor":36,"key":"DemoMod:PartiallyEatenCheese"},{"floor":45,"key":"Replay:Bottled Eggs"},{"floor":50,"key":"SecretRecord"},{"floor":60,"key":"DemoMod:Junk"},{"floor":67,"key":"DemoMod:Junk"}],"event_choices":[{"damage_healed":0,"gold_gain":0,"player_choice":"Memory 1","damage_taken":0,"max_hp_gain":0,"max_hp_loss":0,"event_name":"SensoryStone","floor":40,"gold_loss":0}],"is_beta":false,"boss_relics":[{"not_picked":["testmod-Nine","MagicMushroom"],"picked":"BirthdayGift-Tetrahedron"},{"not_picked":[]},{"not_picked":[]},{"not_picked":["MostiFishMod:Hod","AnarchistCookbook"],"picked":"CombinedTypeHook"},{"not_picked":[]},{"not_picked":["OneHitWonderSystem","DemoMod:OrangeGuonStone"],"picked":"conspire:SpecialSausage"},{"not_picked":[]}],"items_purged_floors":[],"is_endless":true,"potions_floor_spawned":[2,5,14,20,21,28,29,39,47,49,50,54,58,67],"ascension_level":0}}