{"host":"1637j8siz7lzgd5k","time":1608436782,"event":{"mods":["BaseMod","Colored Map","Minty Spire (QoL Compilation)","StSLib","SuperFastMode"],"gold_per_floor":[118,268,283,208,208,234,248,248,248,248,262,290,190,265,265,342,342,352,352,63,63,76,76,86,116,141,85,100,100,110,210,210,210,210],"floor_reached":33,"playtime":693,"items_purged":["Doubt","Strike_R","Strike_R"],"score":646,"play_id":"b44fa6d9-8d9a-4951-bbc3-05f4dd5df62e","local_time":"20201220125942","is_ascension_mode":true,"campfire_choices":[{"data":"Uppercut","floor":8,"key":"SMITH"},{"data":"Bash","floor":10,"key":"SMITH"},{"data":"Body Slam","floor":15,"key":"SMITH"},{"data":"Double Tap","floor":23,"key":"SMITH"},{"data":"Immolate","floor":29,"key":"SMITH"},{"floor":32,"key":"REST"}],"circlet_count":0,"master_deck":["AscendersBane","Strike_R","Strike_R","Strike_R","Defend_R","Defend_R","Defend_R","Defend_R","Bash+1","Body Slam+1","Uppercut+1","Shockwave","Immolate+1","Shrug It Off","Double Tap+1"],"relics":["Burning Blood","NeowsBlessing","Paper Frog","White Beast Statue","Ornamental Fan","Busted Crown","Orrery","Nilry\u0027s Codex","Ginger","Regal Pillow","Magic Flower","Bottled Flame"],"acts_visited":["Exordium","TheCity"],"potions_floor_usage":[12,12,18,25,25,28,33],"damage_taken":[{"damage":0.0,"enemies":"2 Louse","floor":1.0,"turns":1.0},{"damage":0.0,"enemies":"Jaw Worm","floor":3.0,"turns":1.0},{"damage":0,"enemies":"3 Sentries","floor":6,"turns":2},{"damage":7,"enemies":"Small Slimes","floor":7,"turns":3},{"damage":14,"enemies":"Looter","floor":11,"turns":3},{"damage":20,"enemies":"Lagavulin","floor":12,"turns":6},{"damage":38,"enemies":"The Guardian","floor":16,"turns":15},{"damage":3,"enemies":"3 Byrds","floor":18,"turns":4},{"damage":14,"enemies":"Shell Parasite","floor":22,"turns":5},{"damage":0,"enemies":"Snecko","floor":24,"turns":4},{"damage":6,"enemies":"Gremlin Leader","floor":25,"turns":3},{"damage":7,"enemies":"3 Cultists","floor":28,"turns":3},{"damage":15,"enemies":"Snake Plant","floor":30,"turns":3},{"damage":12,"enemies":"Colosseum Slavers","floor":31,"turns":3},{"damage":0,"enemies":"Colosseum Nobs","floor":31,"turns":3},{"damage":89,"enemies":"Automaton","floor":33,"turns":8}],"seed_played":"6346103915287343973","potions_obtained":[{"floor":1.0,"key":"ColorlessPotion"},{"floor":6,"key":"Energy Potion"},{"floor":12,"key":"Dexterity Potion"},{"floor":16,"key":"Fruit Juice"},{"floor":18,"key":"Energy Potion"},{"floor":22,"key":"Explosive Potion"},{"floor":25,"key":"SteroidPotion"},{"floor":28,"key":"ColorlessPotion"}],"is_trial":false,"path_per_floor":["M","?","M","$","?","E","M","R","T","R","M","E","$","?","R","B",null,"M","?","$","?","M","R","M","E","T","$","M","R","M","?","R","B"],"character_chosen":"IRONCLAD","items_purchased":["Orrery","Explosive Potion"],"campfire_rested":1,"item_purchase_floors":[20,27],"current_hp_per_floor":[74,74,75,75,80,80,79,79,79,79,71,57,57,46,46,14,64,72,72,72,51,43,43,49,49,49,49,48,48,39,39,79,0,0],"gold":210,"neow_bonus":"THREE_ENEMY_KILL","is_daily":false,"chose_seed":false,"campfire_upgraded":5,"win_rate":0.0,"timestamp":1608436782,"path_taken":["M","?","M","$","?","E","M","R","T","R","M","E","$","?","R","BOSS","M","?","$","?","M","R","M","E","T","$","M","R","M","?","R","BOSS"],"items_purchased_type":["Relic","Potion"],"build_version":"2020-12-13","purchased_purges":3,"victory":false,"max_hp_per_floor":[75,75,75,75,80,80,80,80,80,80,80,80,80,80,80,80,80,85,85,85,85,85,85,85,85,85,85,85,85,85,85,85,85,85],"card_choices":[{"not_picked":["Spot Weakness","Clothesline","Heavy Blade"],"picked":"SKIP","floor":1.0},{"not_picked":["Disarm","Second Wind"],"picked":"Body Slam","floor":3},{"not_picked":["Pummel","Seeing Red"],"picked":"Uppercut","floor":6},{"not_picked":["Perfected Strike","Combust","Havoc"],"picked":"SKIP","floor":7},{"not_picked":["Clash","True Grit","Thunderclap"],"picked":"SKIP","floor":11},{"not_picked":["Impervious","Pommel Strike"],"picked":"Shockwave","floor":12},{"not_picked":["Corruption","Juggernaut"],"picked":"Immolate","floor":16},{"not_picked":["True Grit"],"picked":"SKIP","floor":18},{"not_picked":[],"picked":"Double Tap","floor":20},{"not_picked":["Pommel Strike"],"picked":"SKIP","floor":22},{"not_picked":["Heavy Blade"],"picked":"SKIP","floor":24},{"not_picked":["Clash"],"picked":"SKIP","floor":25},{"not_picked":["Armaments"],"picked":"SKIP","floor":28},{"not_picked":["Rage"],"picked":"SKIP","floor":30}],"player_experience":810171,"relics_obtained":[{"floor":6,"key":"Paper Frog"},{"floor":9,"key":"White Beast Statue"},{"floor":12,"key":"Ornamental Fan"},{"floor":21,"key":"Nilry\u0027s Codex"},{"floor":25,"key":"Ginger"},{"floor":26,"key":"Regal Pillow"},{"floor":31,"key":"Magic Flower"},{"floor":31,"key":"Bottled Flame"}],"event_choices":[{"damage_healed":0.0,"max_hp_gain":0.0,"max_hp_loss":0.0,"gold_gain":150.0,"event_name":"Liars Game","player_choice":"AGREE","floor":2.0,"gold_loss":0.0,"damage_taken":0.0,"cards_obtained":["Doubt"]},{"damage_healed":0,"gold_gain":0,"player_choice":"Donut","damage_taken":0,"max_hp_gain":5,"max_hp_loss":0,"event_name":"Big Fish","floor":5,"gold_loss":0},{"damage_healed":0,"gold_gain":75,"player_choice":"Gather Gold","damage_taken":11,"max_hp_gain":0,"max_hp_loss":0,"event_name":"World of Goop","floor":14,"gold_loss":0},{"damage_healed":0,"gold_gain":0,"player_choice":"Read","damage_taken":0,"max_hp_gain":0,"max_hp_loss":0,"event_name":"The Library","floor":19,"gold_loss":0,"cards_obtained":["Shrug It Off"]},{"damage_healed":0,"gold_gain":0,"player_choice":"Obtained Book","damage_taken":21,"max_hp_gain":0,"max_hp_loss":0,"event_name":"Cursed Tome","floor":21,"gold_loss":0},{"damage_healed":0,"gold_gain":0,"player_choice":"Fight","damage_taken":0,"max_hp_gain":0,"max_hp_loss":0,"event_name":"Colosseum","floor":31,"gold_loss":0},{"damage_healed":0,"gold_gain":0,"player_choice":"Fought Nobs","damage_taken":0,"max_hp_gain":0,"max_hp_loss":0,"event_name":"Colosseum","floor":31,"gold_loss":0}],"is_beta":false,"boss_relics":[{"not_picked":["Runic Pyramid","Calling Bell"],"picked":"Busted Crown"}],"items_purged_floors":[4,13,20],"is_endless":false,"potions_floor_spawned":[1,6,7,11,12,16,18,22,24,25,28,30,31,31],"killed_by":"Automaton","ascension_level":20}}