{"host":"newqdrzxfhh2im9e","time":1608452256,"event":{"mods":["AchievementEnabler","BaseMod","BetterRewards","Block Reminder","Colored Map","Jorbs\u0027s Wanderer Trilogy","Minty Spire (QoL Compilation)","Rare Cards Sparkle","Shop Mod","StSLib"],"gold_per_floor":[119,119,136,151,9,9,9,34,105,130,130,3,16,29,29,128,128,139,1,21,21,37,37,51,51,51,64,64,98,112,112,112],"floor_reached":31,"playtime":1180,"items_purged":[],"score":280,"play_id":"7e309cf4-c07a-49aa-98e0-57dd04826f2a","local_time":"20201220001736","is_ascension_mode":true,"campfire_choices":[{"data":"Self Repair","floor":6,"key":"SMITH"},{"data":"Defragment","floor":15,"key":"SMITH"},{"floor":23,"key":"REST"},{"data":"Darkness","floor":28,"key":"SMITH"}],"circlet_count":0,"master_deck":["Strike_B","Strike_B","Strike_B","Strike_B","Defend_B","Defend_B","Defend_B","Defend_B","Zap","Dualcast","Go for the Eyes","Self Repair+1","Capacitor","Chill","Genetic Algorithm","Defragment+1","Conserve Battery","Static Discharge","BootSequence","Machine Learning","Chaos+1","Doom and Gloom","Darkness+1","Fusion+1","Core Surge","Defragment+1","Aggregate+1","White Noise+1"],"relics":["Cracked Core","Ginger","NlothsMask","Blood Vial","Bottled Flame","Black Star","Toxic Egg 2","Bronze Scales","Gremlin Horn"],"acts_visited":["Exordium","TheCity"],"potions_floor_usage":[8,14,16,24,29,29,31],"damage_taken":[{"damage":1,"enemies":"Jaw Worm","floor":1,"turns":3},{"damage":1,"enemies":"Cultist","floor":3,"turns":3},{"damage":0,"enemies":"Small Slimes","floor":4,"turns":3},{"damage":34,"enemies":"Gremlin Nob","floor":8,"turns":5},{"damage":33,"enemies":"Lagavulin","floor":10,"turns":8},{"damage":4,"enemies":"Looter","floor":13,"turns":4},{"damage":15,"enemies":"Large Slime","floor":14,"turns":7},{"damage":14,"enemies":"The Guardian","floor":16,"turns":13},{"damage":13,"enemies":"3 Byrds","floor":18,"turns":3},{"damage":16,"enemies":"Spheric Guardian","floor":20,"turns":5},{"damage":43,"enemies":"Cultist and Chosen","floor":22,"turns":8},{"damage":13,"enemies":"Centurion and Healer","floor":24,"turns":8},{"damage":15,"enemies":"Chosen and Byrds","floor":27,"turns":7},{"damage":36,"enemies":"Gremlin Leader","floor":29,"turns":7},{"damage":12,"enemies":"3 Cultists","floor":30,"turns":5},{"damage":18,"enemies":"Slavers","floor":31,"turns":1}],"seed_played":"-8998519177769739280","potions_obtained":[{"floor":3,"key":"FearPotion"},{"floor":10,"key":"LiquidMemories"},{"floor":13,"key":"Regen Potion"},{"floor":16,"key":"PotionOfCapacity"},{"floor":22,"key":"LiquidMemories"},{"floor":24,"key":"LiquidMemories"},{"floor":27,"key":"Explosive Potion"}],"is_trial":false,"path_per_floor":["M","?","M","M","$","R","$","E","T","E","?","$","M","M","R","B",null,"M","$","M","?","M","R","M","?","T","M","R","E","M","E"],"character_chosen":"DEFECT","items_purchased":["Capacitor","Chill","Defragment","Conserve Battery","Doom and Gloom","Darkness"],"campfire_rested":1,"item_purchase_floors":[5,5,12,12,19,19],"current_hp_per_floor":[67,67,66,68,68,68,68,44,44,23,23,23,31,43,43,41,68,55,55,51,51,20,40,39,39,39,36,36,12,12,0,0],"gold":112,"neow_bonus":"ONE_RARE_RELIC","is_daily":false,"chose_seed":false,"campfire_upgraded":3,"win_rate":0.0,"timestamp":1608452256,"path_taken":["M","?","?","M","?","R","$","E","T","E","?","$","M","M","R","BOSS","M","$","M","?","M","R","M","?","T","M","R","E","M","E"],"items_purchased_type":["Card","Card","Card","Card","Card","Card"],"build_version":"2020-12-13","purchased_purges":0,"victory":false,"max_hp_per_floor":[68,68,68,68,68,68,68,68,68,68,68,68,68,68,68,68,68,68,68,68,68,68,68,68,68,68,68,68,68,68,68,68],"card_choices":[{"not_picked":["Sweeping Beam","Barrage"],"picked":"Go for the Eyes","floor":1},{"not_picked":["Rip and Tear","Go for the Eyes"],"picked":"Self Repair","floor":3},{"not_picked":["Steam Power","Turbo","Ball Lightning"],"picked":"SKIP","floor":4},{"not_picked":["Hologram","Beam Cell","Coolheaded"],"picked":"SKIP","floor":8},{"not_picked":["Lockon","Ball Lightning"],"picked":"Genetic Algorithm","floor":10},{"not_picked":["Hologram","Hello World"],"picked":"Static Discharge","floor":13},{"not_picked":["Streamline","Cold Snap"],"picked":"BootSequence","floor":14},{"not_picked":["All For One","Core Surge"],"picked":"Machine Learning","floor":16},{"not_picked":["Glacier","Rebound"],"picked":"Chaos+1","floor":18},{"not_picked":["Coolheaded","Beam Cell","Go for the Eyes"],"picked":"SKIP","floor":20},{"not_picked":["Conserve Battery","Gash+1"],"picked":"Fusion+1","floor":22},{"not_picked":["Streamline+1","Coolheaded+1"],"picked":"Core Surge","floor":24},{"not_picked":["Coolheaded+1","Compile Driver"],"picked":"Aggregate+1","floor":27},{"not_picked":["Redo+1","Steam+1"],"picked":"White Noise+1","floor":29},{"not_picked":["Gash","Capacitor","Steam Power+1"],"picked":"SKIP","floor":30}],"player_experience":617309,"relics_obtained":[{"floor":8,"key":"Blood Vial"},{"floor":10,"key":"Bottled Flame"},{"floor":26,"key":"Toxic Egg 2"},{"floor":29,"key":"Bronze Scales"},{"floor":29,"key":"Gremlin Horn"}],"event_choices":[{"damage_healed":0,"gold_gain":0,"player_choice":"Trade","damage_taken":0,"relics_obtained":["NlothsMask"],"max_hp_gain":0,"max_hp_loss":0,"event_name":"FaceTrader","floor":2,"gold_loss":0},{"damage_healed":0,"gold_gain":0,"player_choice":"Ignored","damage_taken":0,"max_hp_gain":0,"max_hp_loss":0,"event_name":"Golden Wing","floor":11,"gold_loss":0},{"damage_healed":0,"gold_gain":0,"player_choice":"Ignored","damage_taken":0,"max_hp_gain":0,"max_hp_loss":0,"event_name":"Vampires","floor":21,"gold_loss":0},{"damage_healed":0,"gold_gain":0,"player_choice":"Copied","damage_taken":0,"max_hp_gain":0,"max_hp_loss":0,"event_name":"Duplicator","floor":25,"gold_loss":0,"cards_obtained":["Defragment"]}],"is_beta":false,"boss_relics":[{"not_picked":["FrozenCore","Philosopher\u0027s Stone"],"picked":"Black Star"}],"items_purged_floors":[],"is_endless":false,"potions_floor_spawned":[3,10,13,16,22,24,27],"killed_by":"Slavers","ascension_level":1}}