{"host":"3mdjmozz5rahgtdc","time":1608475934,"event":{"mods":["AchievementEnabler","BaseMod","Better Silent Start","Better-Laid Plans","Colored Map","Colored Powertips","Custom Start","DeckTracker","Emptier Cage","KOR Keyword Fix","Keyboard Shortcuts","Minty Spire (QoL Compilation)","Permanent Neow","Quick Restart","StSLib","SuperFastMode"],"gold_per_floor":[117,117,117,42,52,52,78,78,104,114,133,152,168,187,187,284,284,294,294,312,324,94,94,122,133,186,206,206,232,232,245,245,245,245],"floor_reached":33,"playtime":851,"items_purged":["Normality"],"score":407,"play_id":"61091c26-06fd-4ef4-bfc4-c2690cd12a06","local_time":"20201220235214","is_ascension_mode":true,"campfire_choices":[{"floor":6.0,"key":"DIG"},{"floor":8.0,"key":"DIG"},{"data":"Perfected Strike","floor":15.0,"key":"SMITH"},{"floor":23.0,"key":"DIG"},{"floor":28.0,"key":"REST"},{"floor":32.0,"key":"DIG"}],"circlet_count":0,"master_deck":["Strike_R","Strike_R","Strike_R","Strike_R","Strike_R","Defend_R","Defend_R","Defend_R","Defend_R","Bash","Carnage+1","Disarm","Cleave","Perfected Strike+1","Twin Strike","Twin Strike+1","Exhume","Pommel Strike","Impervious","Uppercut","Impervious","Inflame","Intimidate+1","Hemokinesis+1","Havoc+1"],"relics":["Burning Blood","Shovel","Question Card","Self Forming Clay","Art of War","Boot","Regal Pillow","Busted Crown","Akabeko","Whetstone","Potion Belt","Smiling Mask","HornCleat","SsserpentHead","Vajra"],"acts_visited":["Exordium","TheCity"],"potions_floor_usage":[33,33],"damage_taken":[{"damage":5.0,"enemies":"Cultist","floor":1.0,"turns":5.0},{"damage":0.0,"enemies":"2 Louse","floor":5.0,"turns":2.0},{"damage":30.0,"enemies":"3 Sentries","floor":7.0,"turns":11.0},{"damage":5.0,"enemies":"Small Slimes","floor":10.0,"turns":4.0},{"damage":2.0,"enemies":"Red Slaver","floor":11.0,"turns":4.0},{"damage":4.0,"enemies":"Looter","floor":12.0,"turns":4.0},{"damage":6.0,"enemies":"Exordium Thugs","floor":13.0,"turns":5.0},{"damage":1.0,"enemies":"2 Fungi Beasts","floor":14.0,"turns":4.0},{"damage":38.0,"enemies":"Slime Boss","floor":16.0,"turns":4.0},{"damage":2.0,"enemies":"Chosen","floor":18.0,"turns":5.0},{"damage":3.0,"enemies":"3 Byrds","floor":20.0,"turns":3.0},{"damage":26.0,"enemies":"Cultist and Chosen","floor":21.0,"turns":6.0},{"damage":20.0,"enemies":"Book of Stabbing","floor":24.0,"turns":5.0},{"damage":12.0,"enemies":"Shelled Parasite and Fungi","floor":25.0,"turns":6.0},{"damage":14.0,"enemies":"3 Cultists","floor":27.0,"turns":4.0},{"damage":17.0,"enemies":"Slavers","floor":29.0,"turns":6.0},{"damage":7.0,"enemies":"Snecko","floor":31.0,"turns":5.0},{"damage":64,"enemies":"Champ","floor":33,"turns":7}],"seed_played":"-2830207783625047831","potions_obtained":[{"floor":5.0,"key":"LiquidBronze"},{"floor":7.0,"key":"Weak Potion"},{"floor":10.0,"key":"Energy Potion"},{"floor":11.0,"key":"DuplicationPotion"},{"floor":14.0,"key":"AttackPotion"},{"floor":20.0,"key":"BloodPotion"},{"floor":21.0,"key":"ElixirPotion"},{"floor":27.0,"key":"CultistPotion"},{"floor":31.0,"key":"ColorlessPotion"}],"is_trial":false,"path_per_floor":["M","?","?","$","M","R","E","R","T","M","M","M","M","M","R","B",null,"M","$","M","M","$","R","E","M","T","M","R","E","?","M","R","B"],"character_chosen":"IRONCLAD","items_purchased":["Inflame","Akabeko"],"campfire_rested":1,"item_purchase_floors":[22,22],"current_hp_per_floor":[73,61,61,61,67,67,43,43,43,44,48,50,50,55,55,23,66,70,70,73,53,53,53,39,33,33,25,64,53,53,52,52,0,0],"gold":245,"neow_bonus":"ONE_RARE_RELIC","is_daily":false,"chose_seed":false,"campfire_upgraded":1,"win_rate":0.0,"timestamp":1608475934,"path_taken":["M","?","?","$","M","R","E","R","T","M","M","M","M","?","R","BOSS","M","$","M","M","$","R","E","M","T","M","R","E","?","M","R","BOSS"],"items_purchased_type":["Card","Relic"],"build_version":"2020-12-13","purchased_purges":1,"victory":false,"max_hp_per_floor":[80,80,80,80,80,80,80,80,80,80,80,80,80,80,80,80,80,80,80,80,80,80,80,80,80,80,80,80,80,80,80,80,80,80],"card_choices":[{"not_picked":["Uppercut","Pommel Strike"],"picked":"Carnage","floor":1.0},{"not_picked":["Burning Pact","Iron Wave","Bloodletting","Disarm"],"picked":"SKIP","floor":5.0},{"not_picked":["Burning Pact","Iron Wave","Bloodletting"],"picked":"Disarm","floor":5.0},{"not_picked":["Havoc","Bloodletting","Dual Wield"],"picked":"Cleave","floor":7.0},{"not_picked":["Shrug It Off","Carnage","Power Through"],"picked":"Perfected Strike","floor":10.0},{"not_picked":["Shrug It Off","Uppercut","Cleave"],"picked":"Twin Strike","floor":11.0},{"not_picked":["Clothesline","Wild Strike","Dropkick"],"picked":"Twin Strike","floor":12.0},{"not_picked":["Sword Boomerang","Thunderclap","Clothesline"],"picked":"Exhume","floor":13.0},{"not_picked":["Twin Strike","Thunderclap","Shrug It Off"],"picked":"Pommel Strike","floor":14.0},{"not_picked":["Exhume","Demon Form","Corruption"],"picked":"Impervious","floor":16.0},{"not_picked":["Heavy Blade","Clothesline"],"picked":"SKIP","floor":18.0},{"not_picked":["Twin Strike"],"picked":"Uppercut","floor":20.0},{"not_picked":["Twin Strike"],"picked":"Impervious","floor":21.0},{"not_picked":["Cleave"],"picked":"Intimidate+1","floor":24.0},{"not_picked":["Sword Boomerang"],"picked":"Hemokinesis+1","floor":25.0},{"not_picked":["Pommel Strike"],"picked":"Havoc+1","floor":27.0},{"not_picked":["Clash","Seeing Red"],"picked":"SKIP","floor":29.0},{"not_picked":["Armaments","Flex"],"picked":"SKIP","floor":31.0}],"player_experience":313810,"relics_obtained":[{"floor":6.0,"key":"Self Forming Clay"},{"floor":7.0,"key":"Art of War"},{"floor":8.0,"key":"Boot"},{"floor":9.0,"key":"Regal Pillow"},{"floor":23.0,"key":"Whetstone"},{"floor":24.0,"key":"Potion Belt"},{"floor":26.0,"key":"Smiling Mask"},{"floor":29.0,"key":"HornCleat"},{"floor":32.0,"key":"Vajra"}],"event_choices":[{"damage_healed":0.0,"max_hp_gain":0.0,"max_hp_loss":0.0,"gold_gain":0.0,"event_name":"Scrap Ooze","player_choice":"Success","floor":2.0,"gold_loss":0.0,"damage_taken":12.0,"relics_obtained":["Question Card"]},{"damage_healed":0.0,"max_hp_gain":0.0,"max_hp_loss":0.0,"gold_gain":0.0,"event_name":"The Woman in Blue","player_choice":"Bought 0 Potions","floor":3.0,"gold_loss":0.0,"damage_taken":0.0},{"damage_healed":0.0,"max_hp_gain":0.0,"max_hp_loss":0.0,"gold_gain":0.0,"event_name":"FaceTrader","player_choice":"Trade","floor":30.0,"gold_loss":0.0,"damage_taken":0.0,"relics_obtained":["SsserpentHead"]}],"is_beta":false,"boss_relics":[{"not_picked":["SlaversCollar","Astrolabe"],"picked":"Busted Crown"}],"items_purged_floors":[4],"is_endless":false,"potions_floor_spawned":[5,7,10,11,14,20,21,27,31],"killed_by":"Champ","ascension_level":8}}