{"host":"95i1gxnztdrdyvhi","time":1608500550,"event":{"mods":["AchievementEnabler","Act Like it!","BaseMod","Minty Spire (QoL Compilation)","Quick Restart","StSLib","The Marked"],"gold_per_floor":[114,114,133,133,145,145,170,170,470,488,515,226,260,282,294,306,306],"floor_reached":16,"playtime":695,"items_purged":["theMarked:Strike"],"score":135,"play_id":"67c89afa-3a11-4afe-bde6-4d282cd1da2d","local_time":"20201220214230","is_ascension_mode":false,"campfire_choices":[{"data":"theMarked:MagicAdept","floor":6,"key":"SMITH"},{"data":"theMarked:Electrocute","floor":8,"key":"SMITH"},{"data":"theMarked:GodGivenPower","floor":15,"key":"SMITH"}],"circlet_count":0,"master_deck":["theMarked:Strike","theMarked:Strike","theMarked:Strike","theMarked:Defend","theMarked:Defend","theMarked:Defend","theMarked:Defend","theMarked:SoldierOfQuellstein","theMarked:Electrocute+1","theMarked:MagicAdept+1","theMarked:Improvise","theMarked:Overcharge","theMarked:GodGivenPower+1"],"relics":["theMarked:ArtifactOfAir","Darkstone Periapt","Bottled Lightning","Old Coin","Medical Kit","MawBank"],"acts_visited":["Exordium"],"potions_floor_usage":[13,13,16],"damage_taken":[{"damage":4,"enemies":"2 Louse","floor":1,"turns":3},{"damage":0,"enemies":"Small Slimes","floor":3,"turns":3},{"damage":1,"enemies":"Cultist","floor":5,"turns":3},{"damage":30,"enemies":"3 Sentries","floor":7,"turns":8},{"damage":14,"enemies":"Exordium Thugs","floor":10,"turns":5},{"damage":3,"enemies":"Gremlin Nob","floor":13,"turns":3},{"damage":1,"enemies":"Large Slime","floor":14,"turns":5},{"damage":22,"enemies":"The Guardian","floor":16,"turns":5}],"seed_played":"-6929719874491665921","potions_obtained":[{"floor":7,"key":"Fruit Juice"},{"floor":10,"key":"SteroidPotion"},{"floor":14,"key":"SkillPotion"}],"is_trial":false,"path_per_floor":["M","?","M","?","M","R","E","R","T","M","T","$","E","M","R","B"],"character_chosen":"THE_DEFAULT","items_purchased":["Medical Kit","theMarked:Overcharge"],"campfire_rested":0,"item_purchase_floors":[12,12],"current_hp_per_floor":[66,54,54,70,69,69,39,39,39,25,25,25,27,26,26,4,4],"gold":306,"neow_bonus":"TRANSFORM_CARD","is_daily":false,"chose_seed":false,"campfire_upgraded":3,"win_rate":0.0,"timestamp":1608500550,"path_taken":["M","?","M","?","M","R","E","R","T","?","?","$","E","M","R","BOSS"],"items_purchased_type":["Relic","Card"],"build_version":"2020-12-13","purchased_purges":1,"victory":false,"max_hp_per_floor":[70,70,70,70,70,70,70,70,70,70,70,70,75,75,75,75,75],"card_choices":[{"not_picked":["theMarked:TwofoldDefense","theMarked:ElectricStrings"],"picked":"theMarked:Electrocute","floor":1},{"not_picked":["theMarked:Frustration","theMarked:RogueSparks"],"picked":"theMarked:MagicAdept","floor":3},{"not_picked":["theMarked:Opportunist","theMarked:HeightenedSenses"],"picked":"theMarked:Improvise","floor":5},{"not_picked":["theMarked:HeightenedSenses","theMarked:Aftermath","theMarked:SwordAndMagic"],"picked":"SKIP","floor":7},{"not_picked":["theMarked:EmpowerWeapon","theMarked:Parkour","theMarked:MysticalArsenal"],"picked":"SKIP","floor":10},{"not_picked":["theMarked:ChainLightning","theMarked:KeepCalmAndFightOn","theMarked:CreepingChasm"],"picked":"SKIP","floor":13},{"not_picked":["theMarked:ElectricStrings","theMarked:EmpowerWeapon"],"picked":"theMarked:GodGivenPower","floor":14}],"player_experience":653228,"relics_obtained":[{"floor":7,"key":"Bottled Lightning"},{"floor":9,"key":"Old Coin"},{"floor":13,"key":"MawBank"}],"event_choices":[{"damage_healed":0,"gold_gain":0,"player_choice":"Success","damage_taken":12,"relics_obtained":["Darkstone Periapt"],"max_hp_gain":0,"max_hp_loss":0,"event_name":"Scrap Ooze","floor":2,"gold_loss":0},{"cards_removed":["theMarked:Panic"],"damage_healed":16,"gold_gain":0,"player_choice":"Offered Uncommon","damage_taken":0,"max_hp_gain":0,"max_hp_loss":0,"event_name":"Bonfire Elementals","floor":4,"gold_loss":0}],"is_beta":false,"boss_relics":[],"items_purged_floors":[12],"is_endless":false,"potions_floor_spawned":[7,10,14],"killed_by":"The Guardian","ascension_level":0}}