{"host":"xyexbe31ku0ov20l","time":1608441037,"event":{"mods":["AchievementEnabler","AlwaysNeverKeys","BaseMod","Bestiary","Block Reminder","Colored Map","Colored Powertips","Curses Come First","Displayed Cursed Tome","Minty Spire (QoL Compilation)","Permanent Neow","Quick Restart","Random Character Button","Rare Cards Sparkle","Relic Stats","StSLib"],"gold_per_floor":[115,40,54,64,64,64,64,94,94,123,142,160,186,25,25,102,102,129,155,167,192,218,230,270,302,340,352,382,444,84,184,184,184,184],"floor_reached":33,"playtime":2072,"items_purged":["Strike_G"],"score":554,"play_id":"55f9de23-77bb-412b-ac2e-307e5db9c354","local_time":"20201219211037","is_ascension_mode":true,"campfire_choices":[{"floor":7,"key":"REST"},{"floor":15,"key":"REST"},{"floor":23,"key":"REST"},{"floor":27,"key":"REST"},{"floor":32,"key":"REST"}],"circlet_count":0,"master_deck":["AscendersBane","Strike_G","Strike_G","Strike_G","Defend_G","Defend_G","Defend_G","Defend_G","Defend_G","Survivor","Neutralize","Dagger Throw","Leg Sweep","Quick Slash","Masterful Stab","Acrobatics","Adrenaline","Noxious Fumes","Bullet Time","CurseOfTheBell","Underhanded Strike","Backflip","Tactician","A Thousand Cuts","Storm of Steel","Poisoned Stab+1","Blade Dance","Accuracy"],"relics":["Fusion Hammer","Sundial","Shuriken","Akabeko","Mercury Hourglass","Bottled Lightning","Pear","Calling Bell","MawBank","White Beast Statue","Incense Burner","Snake Skull","Bag of Marbles","Strawberry","Blood Vial","Ancient Tea Set","Thread and Needle","The Courier"],"acts_visited":["Exordium","TheCity"],"potions_floor_usage":[12,16,19,22,22,24,25,31,31,33],"damage_taken":[{"damage":0,"enemies":"Cultist","floor":1,"turns":4},{"damage":0,"enemies":"2 Louse","floor":3,"turns":3},{"damage":0,"enemies":"Jaw Worm","floor":4,"turns":5},{"damage":20,"enemies":"3 Sentries","floor":10,"turns":7},{"damage":0,"enemies":"3 Louse","floor":11,"turns":2},{"damage":11,"enemies":"Gremlin Gang","floor":12,"turns":4},{"damage":14,"enemies":"Gremlin Nob","floor":13,"turns":4},{"damage":37,"enemies":"Slime Boss","floor":16,"turns":10},{"damage":4,"enemies":"Chosen","floor":18,"turns":5},{"damage":3,"enemies":"2 Thieves","floor":19,"turns":3},{"damage":3,"enemies":"Centurion and Healer","floor":21,"turns":7},{"damage":4,"enemies":"Shelled Parasite and Fungi","floor":22,"turns":5},{"damage":27,"enemies":"Book of Stabbing","floor":24,"turns":6},{"damage":17,"enemies":"Cultist and Chosen","floor":25,"turns":5},{"damage":17,"enemies":"Snecko","floor":28,"turns":4},{"damage":3,"enemies":"Colosseum Slavers","floor":31,"turns":4},{"damage":8,"enemies":"Colosseum Nobs","floor":31,"turns":4},{"damage":68,"enemies":"Collector","floor":33,"turns":7}],"seed_played":"-3909209681907433194","potions_obtained":[{"floor":4,"key":"GamblersBrew"},{"floor":12,"key":"Energy Potion"},{"floor":16,"key":"SkillPotion"},{"floor":18,"key":"DistilledChaos"},{"floor":19,"key":"SkillPotion"},{"floor":21,"key":"SpeedPotion"},{"floor":22,"key":"CunningPotion"},{"floor":24,"key":"LiquidMemories"},{"floor":25,"key":"Poison Potion"},{"floor":28,"key":"LiquidBronze"},{"floor":31,"key":"Explosive Potion"}],"is_trial":false,"path_per_floor":["M","?","M","M","?","T","R","?","T","E","M","M","E","$","R","B",null,"M","M","?","M","M","R","E","M","T","R","M","?","$","?","R","B"],"character_chosen":"THE_SILENT","items_purchased":["Noxious Fumes","Blood Vial","Accuracy","Ancient Tea Set"],"campfire_rested":5,"item_purchase_floors":[14,30,30,30],"current_hp_per_floor":[59,59,59,59,33,33,52,52,52,32,32,21,17,17,39,2,58,54,51,51,48,44,66,39,22,29,53,36,36,36,29,53,0,0],"gold":184,"neow_bonus":"BOSS_RELIC","is_daily":false,"chose_seed":false,"campfire_upgraded":0,"win_rate":0.0,"timestamp":1608441037,"path_taken":["M","?","M","M","?","?","R","?","T","E","M","M","E","$","R","BOSS","M","M","?","M","M","R","E","M","T","R","?","?","$","?","R","BOSS"],"items_purchased_type":["Card","Relic","Card","Relic"],"build_version":"2020-12-13","purchased_purges":1,"victory":false,"max_hp_per_floor":[66,66,66,66,66,66,66,66,66,66,66,66,76,76,76,76,76,76,76,76,76,76,76,76,76,83,83,83,83,83,83,83,83,83],"relic_stats":{"Blood Vial":6,"counters":[18,87],"Sundial":[10],"Shuriken":[32],"Snake Skull":[43],"MawBank":156,"obtain_stats":[{"Pear":13,"Thread and Needle":31,"Snake Skull":20,"The Courier":31,"Incense Burner":17,"MawBank":17,"Ancient Tea Set":30,"Akabeko":8,"White Beast Statue":17,"Mercury Hourglass":9,"Calling Bell":17,"Blood Vial":30,"Sundial":5,"Shuriken":6,"Strawberry":26,"Fusion Hammer":0,"Bag of Marbles":24,"Bottled Lightning":10,"Ring of the Snake":0},{"Pear":7,"Thread and Needle":17,"Snake Skull":10,"The Courier":17,"Incense Burner":8,"MawBank":8,"Ancient Tea Set":15,"Akabeko":3,"White Beast Statue":8,"Mercury Hourglass":3,"Calling Bell":8,"Blood Vial":15,"Sundial":3,"Shuriken":3,"Strawberry":14,"Fusion Hammer":0,"Bag of Marbles":13,"Bottled Lightning":4,"Ring of the Snake":0},{"Pear":27,"Thread and Needle":80,"Snake Skull":45,"The Courier":80,"Incense Burner":37,"MawBank":37,"Ancient Tea Set":72,"Akabeko":12,"White Beast Statue":37,"Mercury Hourglass":12,"Calling Bell":37,"Blood Vial":72,"Sundial":12,"Shuriken":12,"Strawberry":68,"Fusion Hammer":0,"Bag of Marbles":63,"Bottled Lightning":18,"Ring of the Snake":0}],"Mercury Hourglass":[361]},"card_choices":[{"not_picked":["Deflect","Outmaneuver"],"picked":"Dagger Throw","floor":1},{"not_picked":["Bane","Flechettes"],"picked":"Leg Sweep","floor":3},{"not_picked":["Catalyst","Flying Knee"],"picked":"Quick Slash","floor":4},{"not_picked":["Escape Plan","Backflip"],"picked":"Masterful Stab","floor":10},{"not_picked":["Dodge and Roll","Prepared","Leg Sweep"],"picked":"SKIP","floor":11},{"not_picked":["Flying Knee","Bane"],"picked":"Acrobatics","floor":12},{"not_picked":["Underhanded Strike","Crippling Poison"],"picked":"Adrenaline","floor":13},{"not_picked":["Adrenaline","Glass Knife"],"picked":"Bullet Time","floor":16},{"not_picked":["Backstab","Leg Sweep"],"picked":"Underhanded Strike","floor":18},{"not_picked":["Deflect","Skewer"],"picked":"Backflip","floor":19},{"not_picked":["Dagger Throw","Flying Knee"],"picked":"Tactician","floor":21},{"not_picked":["Riddle With Holes","Outmaneuver"],"picked":"A Thousand Cuts","floor":22},{"not_picked":["Acrobatics+1","Escape Plan"],"picked":"Storm of Steel","floor":24},{"not_picked":["Deadly Poison","Quick Slash"],"picked":"Poisoned Stab+1","floor":25},{"not_picked":["Dodge and Roll","Backflip"],"picked":"Blade Dance","floor":28}],"player_experience":2221717,"relics_obtained":[{"floor":6,"key":"Shuriken"},{"floor":9,"key":"Mercury Hourglass"},{"floor":10,"key":"Bottled Lightning"},{"floor":13,"key":"Pear"},{"floor":17,"key":"MawBank"},{"floor":17,"key":"White Beast Statue"},{"floor":17,"key":"Incense Burner"},{"floor":24,"key":"Bag of Marbles"},{"floor":26,"key":"Strawberry"},{"floor":31,"key":"Thread and Needle"},{"floor":31,"key":"The Courier"}],"event_choices":[{"cards_removed":["Strike_G"],"damage_healed":0,"gold_gain":0,"player_choice":"Card Removal","damage_taken":0,"max_hp_gain":0,"max_hp_loss":0,"event_name":"The Cleric","floor":2,"gold_loss":75},{"damage_healed":0,"gold_gain":0,"player_choice":"Success","damage_taken":26,"relics_obtained":["Sundial"],"max_hp_gain":0,"max_hp_loss":0,"event_name":"Scrap Ooze","floor":5,"gold_loss":0},{"damage_healed":0,"gold_gain":30,"player_choice":"Searched \u00272\u0027 times","damage_taken":0,"relics_obtained":["Akabeko"],"max_hp_gain":0,"max_hp_loss":0,"event_name":"Dead Adventurer","floor":8,"gold_loss":0},{"damage_healed":0,"gold_gain":0,"player_choice":"Gave Potion","damage_taken":0,"relics_obtained":["Snake Skull"],"max_hp_gain":0,"max_hp_loss":0,"event_name":"WeMeetAgain","floor":20,"gold_loss":0},{"damage_healed":0,"gold_gain":50,"player_choice":"Stole From Cult","damage_taken":0,"max_hp_gain":0,"max_hp_loss":0,"event_name":"Nest","floor":29,"gold_loss":0},{"damage_healed":0,"gold_gain":0,"player_choice":"Fight","damage_taken":0,"max_hp_gain":0,"max_hp_loss":0,"event_name":"Colosseum","floor":31,"gold_loss":0},{"damage_healed":0,"gold_gain":0,"player_choice":"Fought Nobs","damage_taken":0,"max_hp_gain":0,"max_hp_loss":0,"event_name":"Colosseum","floor":31,"gold_loss":0}],"is_beta":false,"boss_relics":[{"not_picked":["Philosopher\u0027s Stone","Snecko Eye"],"picked":"Calling Bell"}],"items_purged_floors":[14],"is_endless":false,"potions_floor_spawned":[4,12,16,18,19,21,22,24,25,28,31,31],"killed_by":"Collector","ascension_level":20}}