{"host":"mqhvlr3kpxebko0t","time":1608457314,"event":{"mods":["AchievementEnabler","BaseMod","Colored Map","Colored Powertips","Keyboard Shortcuts","Minty Spire (QoL Compilation)","StSLib","SuperFastMode"],"gold_per_floor":[116,41,41,41,51,86,86,120,168,186,201,221,232,7,7,86,86,100,100,100,50,149,149,169,169,169],"floor_reached":25,"playtime":447,"items_purged":["Strike_G","Strike_G","All Out Attack"],"score":389,"play_id":"4c7d3b36-0312-4c07-bec2-8528516e40c6","local_time":"20201220184154","is_ascension_mode":true,"campfire_choices":[{"data":"Prepared","floor":7.0,"key":"SMITH"},{"data":"Blade Dance","floor":15,"key":"SMITH"},{"data":"Envenom","floor":23,"key":"SMITH"}],"circlet_count":0,"master_deck":["AscendersBane","Survivor","Neutralize","Blade Dance+1","Prepared+1","Choke","Expertise","Backflip","Cloak And Dagger","Backstab","Tactician","Blade Dance","A Thousand Cuts","Backstab","Catalyst","Setup","Infinite Blades","Riddle With Holes","Flechettes","Terror","Envenom+1"],"relics":["Ring of the Snake","NeowsBlessing","Art of War","InkBottle","Smiling Mask","TheAbacus","Pandora\u0027s Box","The Specimen"],"acts_visited":["Exordium","TheCity"],"potions_floor_usage":[8,16,16,16,25],"damage_taken":[{"damage":0.0,"enemies":"Jaw Worm","floor":1.0,"turns":1.0},{"damage":0.0,"enemies":"2 Louse","floor":5.0,"turns":1.0},{"damage":0.0,"enemies":"3 Sentries","floor":6.0,"turns":1.0},{"damage":9,"enemies":"Lagavulin","floor":8,"turns":5},{"damage":0,"enemies":"Small Slimes","floor":10,"turns":3},{"damage":6,"enemies":"Looter","floor":11,"turns":3},{"damage":4,"enemies":"Exordium Wildlife","floor":12,"turns":5},{"damage":1,"enemies":"Blue Slaver","floor":13,"turns":3},{"damage":23,"enemies":"Slime Boss","floor":16,"turns":8},{"damage":22,"enemies":"2 Thieves","floor":18,"turns":4},{"damage":7,"enemies":"3 Byrds","floor":24,"turns":4},{"damage":42,"enemies":"Masked Bandits","floor":25,"turns":3}],"seed_played":"-1443994692632118421","potions_obtained":[{"floor":5.0,"key":"Strength Potion"},{"floor":8,"key":"Fire Potion"},{"floor":11,"key":"ColorlessPotion"},{"floor":12,"key":"Swift Potion"},{"floor":13,"key":"EntropicBrew"},{"floor":16,"key":"PowerPotion"}],"is_trial":false,"path_per_floor":["M","$","?","?","M","E","R","E","T","M","M","M","M","$","R","B",null,"M","?","?","$","?","R","M","?"],"character_chosen":"THE_SILENT","items_purchased":["TheAbacus","Blade Dance"],"campfire_rested":0,"item_purchase_floors":[14,14],"current_hp_per_floor":[63,63,63,68,68,68,68,59,59,59,53,49,48,48,48,25,63,41,41,41,41,41,41,34,0,0],"gold":169,"neow_bonus":"THREE_ENEMY_KILL","is_daily":false,"chose_seed":false,"campfire_upgraded":3,"win_rate":0.0,"timestamp":1608457314,"path_taken":["M","$","?","?","?","E","R","E","T","M","M","M","M","$","R","BOSS","M","?","?","$","?","R","?","?"],"items_purchased_type":["Relic","Card"],"build_version":"2020-12-13","purchased_purges":3,"victory":false,"max_hp_per_floor":[70,70,70,75,75,75,75,75,75,75,75,75,75,75,75,75,75,75,75,75,75,75,75,75,75,75],"card_choices":[{"not_picked":["Dagger Throw","Cloak And Dagger"],"picked":"Blade Dance","floor":1.0},{"not_picked":["Acrobatics","Leg Sweep"],"picked":"Prepared","floor":5.0},{"not_picked":["Prepared","Poisoned Stab"],"picked":"Choke","floor":6.0},{"not_picked":["Bullet Time","Poisoned Stab"],"picked":"Expertise","floor":8},{"not_picked":["Cloak And Dagger","Dagger Throw"],"picked":"Backflip","floor":10},{"not_picked":["Deadly Poison","Predator"],"picked":"Cloak And Dagger","floor":11},{"not_picked":["PiercingWail","Distraction"],"picked":"Backstab","floor":12},{"not_picked":["Underhanded Strike","Acrobatics"],"picked":"Tactician","floor":13},{"not_picked":["Storm of Steel","Burst"],"picked":"A Thousand Cuts","floor":16},{"not_picked":["Poisoned Stab","Dagger Throw"],"picked":"Flechettes","floor":18},{"not_picked":["Dodge and Roll","Tactician+1","Outmaneuver"],"picked":"SKIP","floor":24}],"player_experience":657280,"relics_obtained":[{"floor":6.0,"key":"Art of War"},{"floor":8,"key":"InkBottle"},{"floor":9,"key":"Smiling Mask"}],"event_choices":[{"damage_healed":0.0,"max_hp_gain":0.0,"max_hp_loss":0.0,"gold_gain":0.0,"event_name":"Liars Game","player_choice":"Ignored","floor":3.0,"gold_loss":0.0,"damage_taken":0.0},{"damage_healed":0.0,"max_hp_gain":5.0,"max_hp_loss":0.0,"gold_gain":0.0,"event_name":"Big Fish","player_choice":"Donut","floor":4.0,"gold_loss":0.0,"damage_taken":0.0},{"damage_healed":0,"gold_gain":0,"player_choice":"Opened","damage_taken":0,"relics_obtained":["The Specimen"],"max_hp_gain":0,"max_hp_loss":0,"event_name":"The Mausoleum","floor":19,"gold_loss":0},{"damage_healed":0,"gold_gain":0,"cards_transformed":["Skewer","Sucker Punch"],"player_choice":"Became Test Subject","damage_taken":0,"max_hp_gain":0,"max_hp_loss":0,"event_name":"Drug Dealer","floor":20,"gold_loss":0,"cards_obtained":["Terror","Envenom"]},{"damage_healed":0,"gold_gain":99,"player_choice":"Stole From Cult","damage_taken":0,"max_hp_gain":0,"max_hp_loss":0,"event_name":"Nest","floor":22,"gold_loss":0},{"damage_healed":0,"gold_gain":0,"player_choice":"Fought Bandits","damage_taken":0,"max_hp_gain":0,"max_hp_loss":0,"event_name":"Masked Bandits","floor":25,"gold_loss":0}],"is_beta":false,"boss_relics":[{"not_picked":["Tiny House","SacredBark"],"picked":"Pandora\u0027s Box"}],"items_purged_floors":[2,14,21],"is_endless":false,"potions_floor_spawned":[5,8,11,12,13,16,18],"killed_by":"Masked Bandits","ascension_level":13}}