{"host":"m9i7qe3hvz6jihjh","time":1608507541,"event":{"mods":["BaseMod","Colored Powertips","Infinite Spire","Minty Spire (QoL Compilation)","Quick Restart","StSLib","The Animator","Waifu the Spire"],"gold_per_floor":[119,138,138,42,42,42,42,42,89,14,30,30,30,30,30,154,154,169,169,169,269,269,269,279,42,89,118,118,18,18,18,18,118,118,130,130,130,130,152,152,15,15,39,73,73],"floor_reached":44,"playtime":1459,"items_purged":["Defend_P","Strike_P","Defend_P"],"score":479,"play_id":"6dc2122f-2438-4ca6-851a-aad46a1fa956","local_time":"20201221003901","is_ascension_mode":false,"campfire_choices":[{"data":"EmptyBody","floor":6.0,"key":"SMITH"},{"data":"Vigilance","floor":8.0,"key":"SMITH"},{"floor":15.0,"key":"REST"},{"data":"BowlingBash","floor":23,"key":"SMITH"},{"data":"Adaptation","floor":28,"key":"SMITH"},{"floor":32,"key":"REST"},{"data":"Establishment","floor":40,"key":"SMITH"},{"data":"Study","floor":42,"key":"SMITH"}],"circlet_count":0,"master_deck":["Strike_P+1","Strike_P","Defend_P","Defend_P","Eruption+1","Vigilance+1","Wireheading","Conclude+1","FlurryOfBlows","EmptyBody+1","FlurryOfBlows","BowlingBash+1","Judgement+1","FlurryOfBlows","Adaptation+1","PathToVictory","DeceiveReality+1","infinitespire:NeuralNetwork","infinitespire:Starlight","Establishment+1","CurseOfTheBell","EmptyBody+1","Study+1"],"relics":["PureWater","Art of War","Juzu Bracelet","Bloody Idol","Busted Crown","Damaru","Lantern","infinitespire:WardingShard","Medical Kit","Calling Bell","Nunchaku","infinitespire:Midas Blood","infinitespire:Golems Mask","Ancient Tea Set"],"acts_visited":["Exordium","TheCity","TheBeyond"],"potions_floor_usage":[24,27,33,33,44,44,44],"damage_taken":[{"damage":0.0,"enemies":"Cultist","floor":1.0,"turns":3.0},{"damage":0.0,"enemies":"Jaw Worm","floor":2.0,"turns":2.0},{"damage":0.0,"enemies":"Small Slimes","floor":11.0,"turns":2.0},{"damage":0.0,"enemies":"Slime Boss","floor":16.0,"turns":7.0},{"damage":10.0,"enemies":"Chosen","floor":18.0,"turns":4.0},{"damage":0,"enemies":"Spheric Guardian","floor":24,"turns":2},{"damage":19,"enemies":"Slavers","floor":27,"turns":4},{"damage":50,"enemies":"Collector","floor":33,"turns":10},{"damage":15,"enemies":"Orb Walker","floor":35,"turns":4},{"damage":3,"enemies":"3 Darklings","floor":39,"turns":4},{"damage":26,"enemies":"infinitespire:Three Voidlings","floor":44,"turns":4},{"damage":142,"enemies":"Nightmare_Alpha","floor":44,"turns":10}],"seed_played":"8810078064227244316","potions_obtained":[{"floor":2.0,"key":"Fire Potion"},{"floor":16.0,"key":"GamblersBrew"},{"floor":18.0,"key":"BlessingOfTheForge"},{"floor":27,"key":"StancePotion"},{"floor":35,"key":"GamblersBrew"}],"is_trial":false,"path_per_floor":["M","M","?","$","?","R","$","R","T","$","M","?","?","$","R","B",null,"M","?","?","?","?","R","M","$","T","E","R","$","?","AVR","R","B",null,"M","AVR","?","?","M","R","$","R","T","?"],"character_chosen":"WATCHER","items_purchased":["EmptyBody","FlurryOfBlows","Damaru","Adaptation","PathToVictory","Study","BlessingOfTheForge","Dexterity Potion"],"campfire_rested":2,"item_purchase_floors":[4,4,25,25,25,41,41,41],"current_hp_per_floor":[72,72,69,69,55,55,55,55,55,55,55,37,37,37,58,58,72,62,62,62,67,67,67,72,72,72,58,58,58,41,41,62,27,72,72,72,72,72,72,72,72,72,72,0,0],"gold":73,"neow_bonus":"THREE_CARDS","is_daily":false,"chose_seed":false,"campfire_upgraded":6,"win_rate":0.0,"timestamp":1608507541,"path_taken":["M","?","?","$","?","R","?","R","T","$","M","?","?","$","R","BOSS","M","?","?","?","?","R","M","?","T","E","R","$","?","AVR","R","BOSS","M","AVR","?","?","M","R","$","R","T","?"],"items_purchased_type":["Card","Card","Relic","Card","Card","Card","Potion","Potion"],"build_version":"2020-12-13","purchased_purges":3,"victory":false,"max_hp_per_floor":[72,72,72,72,72,72,72,72,72,72,72,72,72,72,72,72,72,72,72,72,72,72,72,72,72,72,72,72,72,72,72,72,72,72,72,72,72,72,72,72,72,72,72,72,72],"card_choices":[{"not_picked":["ClearTheMind","PathToVictory"],"picked":"Wireheading","floor":0.0},{"not_picked":["ClearTheMind","WreathOfFlame"],"picked":"Conclude","floor":1.0},{"not_picked":["Crescendo","JustLucky"],"picked":"FlurryOfBlows","floor":2.0},{"not_picked":["Prostrate","WaveOfTheHand"],"picked":"BowlingBash","floor":11.0},{"not_picked":["DeusExMachina","Brilliance"],"picked":"Judgement","floor":16.0},{"not_picked":["EmptyBody"],"picked":"SKIP","floor":18.0},{"not_picked":[],"picked":"FlurryOfBlows","floor":24},{"not_picked":[],"picked":"DeceiveReality+1","floor":27},{"not_picked":["infinitespire:DeathsTouch","infinitespire:Punishment"],"picked":"infinitespire:NeuralNetwork","floor":30},{"not_picked":[],"picked":"Establishment","floor":33},{"not_picked":[],"picked":"EmptyBody+1","floor":35},{"not_picked":["Protect+1"],"picked":"SKIP","floor":39}],"player_experience":879330,"relics_obtained":[{"floor":9.0,"key":"Juzu Bracelet"},{"floor":26,"key":"Lantern"},{"floor":27,"key":"infinitespire:WardingShard"},{"floor":34,"key":"Nunchaku"},{"floor":34,"key":"infinitespire:Midas Blood"},{"floor":34,"key":"infinitespire:Golems Mask"},{"floor":43,"key":"Ancient Tea Set"}],"event_choices":[{"damage_healed":0.0,"max_hp_gain":0.0,"max_hp_loss":0.0,"gold_gain":0.0,"event_name":"Scrap Ooze","player_choice":"Success","floor":3.0,"gold_loss":0.0,"damage_taken":3.0,"relics_obtained":["Art of War"]},{"damage_healed":0.0,"max_hp_gain":0.0,"max_hp_loss":0.0,"gold_gain":0.0,"event_name":"Shining Light","player_choice":"Entered Light","floor":5.0,"gold_loss":0.0,"damage_taken":14.0,"cards_upgraded":["Eruption","Strike_P"]},{"damage_healed":0.0,"max_hp_gain":0.0,"max_hp_loss":0.0,"gold_gain":0.0,"event_name":"Golden Idol","player_choice":"Take Damage","floor":12.0,"gold_loss":0.0,"damage_taken":18.0,"relics_obtained":["Golden Idol"]},{"damage_healed":0.0,"max_hp_gain":0.0,"max_hp_loss":0.0,"gold_gain":0.0,"event_name":"Living Wall","player_choice":"Grow","floor":13.0,"gold_loss":0.0,"damage_taken":0.0,"cards_upgraded":["Conclude"]},{"damage_healed":0.0,"max_hp_gain":0.0,"max_hp_loss":0.0,"gold_gain":0.0,"event_name":"Forgotten Altar","player_choice":"Gave Idol","floor":19.0,"relics_lost":["Golden Idol"],"gold_loss":0.0,"damage_taken":0.0,"relics_obtained":["Bloody Idol"]},{"damage_healed":0.0,"max_hp_gain":0.0,"max_hp_loss":0.0,"gold_gain":0.0,"event_name":"Vampires","player_choice":"Ignored","floor":20.0,"gold_loss":0.0,"damage_taken":0.0},{"damage_healed":0.0,"max_hp_gain":0.0,"max_hp_loss":0.0,"gold_gain":100.0,"event_name":"Golden Shrine","player_choice":"Pray","floor":21.0,"gold_loss":0.0,"damage_taken":0.0},{"damage_healed":0,"gold_gain":0,"player_choice":"Upgraded","damage_taken":0,"max_hp_gain":0,"max_hp_loss":0,"event_name":"Upgrade Shrine","floor":22,"gold_loss":0,"cards_upgraded":["Judgement"]},{"cards_removed":["Strike_P"],"damage_healed":0,"gold_gain":0,"player_choice":"Removed Attack","damage_taken":0,"max_hp_gain":0,"max_hp_loss":0,"event_name":"Falling","floor":37,"gold_loss":0},{"damage_healed":0,"gold_gain":0,"player_choice":"Ignored","damage_taken":0,"max_hp_gain":0,"max_hp_loss":0,"event_name":"Mysterious Sphere","floor":38,"gold_loss":0}],"is_beta":false,"boss_relics":[{"not_picked":["Pandora\u0027s Box","Velvet Choker"],"picked":"Busted Crown"},{"not_picked":["Runic Pyramid","infinitespire:Cupcake"],"picked":"Calling Bell"}],"items_purged_floors":[10,29,31],"is_endless":false,"potions_floor_spawned":[2,16,18,27,35,44],"killed_by":"Nightmare_Alpha","ascension_level":0}}