{"host":"mqhvlr3kpxebko0t","time":1608458080,"event":{"mods":["AchievementEnabler","BaseMod","Colored Map","Colored Powertips","Keyboard Shortcuts","Minty Spire (QoL Compilation)","StSLib","SuperFastMode"],"gold_per_floor":[117,117,292,292,311,336,350,350,376,376,408,333,346,376,376,448,448,462,477,88,88,106,139,158,158,233,249,249,249,263,275,275,275,275],"floor_reached":33,"playtime":739,"items_purged":["Strike_G","Strike_G"],"score":606,"play_id":"7de521ff-51bb-4a34-99e4-f318d97afa5b","local_time":"20201220185440","is_ascension_mode":true,"campfire_choices":[{"data":"Blade Dance","floor":8,"key":"SMITH"},{"data":"Neutralize","floor":10,"key":"SMITH"},{"data":"Blade Dance","floor":15,"key":"SMITH"},{"data":"Blade Dance","floor":25,"key":"SMITH"},{"data":"Choke","floor":29,"key":"SMITH"},{"data":"Prepared","floor":32,"key":"SMITH"}],"circlet_count":0,"master_deck":["AscendersBane","Strike_G","Strike_G","Strike_G","Defend_G","Defend_G","Defend_G","Defend_G","Defend_G","Survivor","Neutralize+1","Blade Dance+1","After Image","Blade Dance+1","Masterful Stab","Adrenaline","Blade Dance+1","Terror+1","Prepared+1","Choke+1","Blade Dance"],"relics":["Ring of the Snake","NeowsBlessing","Bag of Marbles","Anchor","Toy Ornithopter","Regal Pillow","SlaversCollar","Gambling Chip","Enchiridion","StrikeDummy","Ornamental Fan"],"acts_visited":["Exordium","TheCity"],"potions_floor_usage":[11,16,33,33],"damage_taken":[{"damage":0,"enemies":"Jaw Worm","floor":1,"turns":1},{"damage":0,"enemies":"2 Louse","floor":5,"turns":1},{"damage":0,"enemies":"Gremlin Nob","floor":6,"turns":1},{"damage":0,"enemies":"Cultist","floor":7,"turns":4},{"damage":7,"enemies":"3 Sentries","floor":11,"turns":10},{"damage":0,"enemies":"3 Louse","floor":13,"turns":4},{"damage":34,"enemies":"The Guardian","floor":16,"turns":20},{"damage":0,"enemies":"3 Byrds","floor":18,"turns":5},{"damage":0,"enemies":"Spheric Guardian","floor":19,"turns":4},{"damage":0,"enemies":"Centurion and Healer","floor":22,"turns":5},{"damage":0,"enemies":"Gremlin Leader","floor":23,"turns":4},{"damage":9,"enemies":"Sentry and Sphere","floor":24,"turns":4},{"damage":0,"enemies":"Chosen and Byrds","floor":27,"turns":4},{"damage":1,"enemies":"Shelled Parasite and Fungi","floor":30,"turns":3},{"damage":0,"enemies":"3 Cultists","floor":31,"turns":5},{"damage":47,"enemies":"Automaton","floor":33,"turns":6}],"seed_played":"-3981847617731736019","potions_obtained":[{"floor":5,"key":"LiquidMemories"},{"floor":7,"key":"BlessingOfTheForge"},{"floor":13,"key":"CunningPotion"},{"floor":16,"key":"Energy Potion"}],"is_trial":false,"path_per_floor":["M","?","?","?","M","E","M","R","T","R","E","$","M","?","R","B",null,"M","M","$","?","M","E","M","R","T","M","?","R","M","M","R","B"],"character_chosen":"THE_SILENT","items_purchased":["Gambling Chip"],"campfire_rested":0,"item_purchase_floors":[20],"current_hp_per_floor":[63,68,68,68,68,68,68,68,68,68,61,61,61,61,61,32,64,64,64,64,48,48,48,39,39,39,39,33,33,32,32,32,0,0],"gold":275,"neow_bonus":"THREE_ENEMY_KILL","is_daily":false,"chose_seed":false,"campfire_upgraded":6,"win_rate":0.0,"timestamp":1608458080,"path_taken":["M","?","?","?","M","E","M","R","T","R","E","$","?","?","R","BOSS","M","M","$","?","M","E","M","R","T","M","?","R","M","M","R","BOSS"],"items_purchased_type":["Relic"],"build_version":"2020-12-13","purchased_purges":2,"victory":false,"max_hp_per_floor":[70,75,75,75,75,75,75,75,75,75,75,75,75,75,75,75,75,75,75,75,75,75,75,75,75,75,75,75,75,75,75,75,75,75],"card_choices":[{"not_picked":["Underhanded Strike","Prepared","Sucker Punch"],"picked":"SKIP","floor":1},{"not_picked":["Quick Slash","Leg Sweep"],"picked":"Blade Dance","floor":5},{"not_picked":["Expertise","Predator"],"picked":"After Image","floor":6},{"not_picked":["Sucker Punch","Flechettes","Dagger Spray"],"picked":"SKIP","floor":7},{"not_picked":["Endless Agony","Dagger Throw"],"picked":"Blade Dance","floor":11},{"not_picked":["Underhanded Strike","Storm of Steel"],"picked":"Masterful Stab","floor":13},{"not_picked":["Wraith Form v2","Tools of the Trade"],"picked":"Adrenaline","floor":16},{"not_picked":["Outmaneuver","Bane"],"picked":"Blade Dance","floor":18},{"not_picked":["Sucker Punch","Dagger Spray","Deadly Poison+1"],"picked":"SKIP","floor":19},{"not_picked":["Dodge and Roll+1","Cloak And Dagger"],"picked":"Terror+1","floor":22},{"not_picked":["Concentrate","Dagger Spray","Flying Knee"],"picked":"SKIP","floor":23},{"not_picked":["Bane+1","Quick Slash"],"picked":"Prepared","floor":24},{"not_picked":["Distraction","Riddle With Holes+1"],"picked":"Choke","floor":27},{"not_picked":["Underhanded Strike","Infinite Blades","Prepared"],"picked":"SKIP","floor":30},{"not_picked":["Concentrate","All Out Attack"],"picked":"Blade Dance","floor":31}],"player_experience":657727,"relics_obtained":[{"floor":6,"key":"Bag of Marbles"},{"floor":9,"key":"Anchor"},{"floor":11,"key":"Toy Ornithopter"},{"floor":21,"key":"Enchiridion"},{"floor":23,"key":"StrikeDummy"},{"floor":26,"key":"Ornamental Fan"}],"event_choices":[{"damage_healed":0,"gold_gain":0,"player_choice":"Donut","damage_taken":0,"max_hp_gain":5,"max_hp_loss":0,"event_name":"Big Fish","floor":2,"gold_loss":0},{"damage_healed":0,"gold_gain":175,"player_choice":"AGREE","damage_taken":0,"max_hp_gain":0,"max_hp_loss":0,"event_name":"Liars Game","floor":3,"gold_loss":0,"cards_obtained":["Doubt"]},{"cards_removed":["Doubt"],"damage_healed":0,"gold_gain":0,"player_choice":"Removed Curses","damage_taken":0,"max_hp_gain":0,"max_hp_loss":0,"event_name":"Fountain of Cleansing","floor":4,"gold_loss":0},{"damage_healed":0,"gold_gain":30,"player_choice":"Searched \u00272\u0027 times","damage_taken":0,"relics_obtained":["Regal Pillow"],"max_hp_gain":0,"max_hp_loss":0,"event_name":"Dead Adventurer","floor":14,"gold_loss":0},{"damage_healed":0,"gold_gain":0,"player_choice":"Obtained Book","damage_taken":16,"max_hp_gain":0,"max_hp_loss":0,"event_name":"Cursed Tome","floor":21,"gold_loss":0},{"damage_healed":0,"gold_gain":0,"player_choice":"","damage_taken":6,"max_hp_gain":0,"max_hp_loss":0,"event_name":"Knowing Skull","floor":28,"potions_obtained":[],"gold_loss":0,"cards_obtained":[]}],"is_beta":false,"boss_relics":[{"not_picked":["Runic Dome","Fusion Hammer"],"picked":"SlaversCollar"}],"items_purged_floors":[12,20],"is_endless":false,"potions_floor_spawned":[5,7,13,16,23,27,31],"killed_by":"Automaton","ascension_level":13}}