{"host":"30jsp143e4v19aze","time":1608427050,"event":{"mods":["BaseMod","Colored Map","Highlight Path","Minty Spire (QoL Compilation)","Quick Restart","Relic Sorter","Relic Stats","Say the Spire","StSLib"],"gold_per_floor":[109,123,123,198,43,73,73,103,126,138,138,80,80,106,106,180,180,190,190,190,190,205,240,155,155,155,165,182,232,243,271,271,350,350,360,360,374,274,274,303,303,334,334,347,372,390,422,437,437,437,437,437],"floor_reached":51,"playtime":5299,"items_purged":["Regret","Strike_R"],"score":1532,"play_id":"47a72734-b926-45f6-b19b-2812aa480ad1","local_time":"20201220021730","is_ascension_mode":true,"campfire_choices":[{"floor":7,"key":"REST"},{"data":"Uppercut","floor":11,"key":"SMITH"},{"data":"Spot Weakness","floor":13,"key":"SMITH"},{"data":"Heavy Blade","floor":15,"key":"SMITH"},{"data":"Battle Trance","floor":25,"key":"SMITH"},{"floor":32,"key":"RECALL"},{"data":"Bash","floor":41,"key":"SMITH"},{"data":"Sword Boomerang","floor":49,"key":"SMITH"}],"circlet_count":0,"master_deck":["AscendersBane","Defend_R","Defend_R","Defend_R","Defend_R","Bash+1","Uppercut+1","Metallicize","Spot Weakness+1","Battle Trance+1","Reaper","Sword Boomerang+1","Heavy Blade+1","Berserk+1","Brutality+1","Shrug It Off","Disarm+1","Exhume","Warcry+1","Flame Barrier+1","Rupture+1","Evolve+1","Pummel+1","Battle Trance+1","Sword Boomerang+1"],"relics":["Velvet Choker","Tiny Chest","Meat on the Bone","Paper Frog","Toy Ornithopter","Frozen Egg 2","Coffee Dripper","Nilry\u0027s Codex","InkBottle","MealTicket","Eternal Feather","Incense Burner","Centennial Puzzle","Question Card","Astrolabe","Nunchaku","Mummified Hand","The Courier","Molten Egg 2"],"acts_visited":["Exordium","TheCity","TheBeyond"],"potions_floor_usage":[22,23,33,40,42,47,51],"damage_taken":[{"damage":0,"enemies":"2 Louse","floor":1,"turns":4},{"damage":0,"enemies":"Small Slimes","floor":2,"turns":3},{"damage":33,"enemies":"Lagavulin","floor":6,"turns":7},{"damage":19,"enemies":"3 Sentries","floor":8,"turns":8},{"damage":2,"enemies":"Jaw Worm","floor":10,"turns":3},{"damage":6,"enemies":"Gremlin Nob","floor":14,"turns":3},{"damage":19,"enemies":"Hexaghost","floor":16,"turns":9},{"damage":5,"enemies":"Spheric Guardian","floor":18,"turns":3},{"damage":22,"enemies":"Shell Parasite","floor":22,"turns":2},{"damage":44,"enemies":"Gremlin Leader","floor":23,"turns":5},{"damage":13,"enemies":"Sentry and Sphere","floor":27,"turns":4},{"damage":14,"enemies":"Centurion and Healer","floor":28,"turns":5},{"damage":18,"enemies":"Shelled Parasite and Fungi","floor":30,"turns":4},{"damage":15,"enemies":"Book of Stabbing","floor":31,"turns":4},{"damage":27,"enemies":"Collector","floor":33,"turns":4},{"damage":18,"enemies":"3 Shapes","floor":35,"turns":7},{"damage":32,"enemies":"Orb Walker","floor":37,"turns":5},{"damage":63,"enemies":"Reptomancer","floor":40,"turns":6},{"damage":44,"enemies":"Nemesis","floor":42,"turns":5},{"damage":20,"enemies":"Sphere and 2 Shapes","floor":44,"turns":4},{"damage":37,"enemies":"Writhing Mass","floor":46,"turns":6},{"damage":21,"enemies":"Giant Head","floor":47,"turns":7},{"damage":8,"enemies":"Maw","floor":48,"turns":9},{"damage":61,"enemies":"Donu and Deca","floor":50,"turns":11},{"damage":116,"enemies":"Awakened One","floor":51,"turns":5}],"seed_played":"8770894751906992344","potions_obtained":[{"floor":1,"key":"SteroidPotion"},{"floor":8,"key":"BlessingOfTheForge"},{"floor":16,"key":"BloodPotion"},{"floor":22,"key":"Strength Potion"},{"floor":31,"key":"Swift Potion"},{"floor":33,"key":"AttackPotion"},{"floor":40,"key":"DuplicationPotion"},{"floor":42,"key":"Block Potion"},{"floor":44,"key":"Strength Potion"}],"is_trial":false,"path_per_floor":["M","M","?","?","$","E","R","E","T","M","R","$","R","E","R","B",null,"M","?","T","?","M","E","?","R","T","M","M","T","M","E","R","B",null,"M","?","M","$","?","E","R","E","T","M","T","M","E","M","R","B","B"],"character_chosen":"IRONCLAD","items_purchased":["Spot Weakness","Heavy Blade"],"campfire_rested":1,"item_purchase_floors":[5,12],"current_hp_per_floor":[68,68,68,57,57,24,46,39,39,49,49,49,49,43,43,43,67,62,41,41,41,43,36,36,48,48,47,54,54,48,54,66,44,67,71,71,74,75,75,65,75,63,63,59,59,42,75,75,75,39,0,0],"gold":437,"neow_bonus":"BOSS_RELIC","is_daily":false,"chose_seed":false,"campfire_upgraded":6,"win_rate":0.0,"timestamp":1608427050,"path_taken":["M","M","?","?","?","E","R","E","T","M","R","$","R","E","R","BOSS","M","?","?","?","?","E","?","R","T","M","M","?","M","E","R","BOSS","M","?","M","$","?","E","R","E","T","?","?","M","E","M","R","BOSS","BOSS"],"items_purchased_type":["Card","Card"],"build_version":"2020-12-13","purchased_purges":2,"victory":false,"max_hp_per_floor":[75,75,75,75,75,75,75,75,75,75,75,75,75,75,75,75,75,75,75,75,75,75,75,75,75,75,75,75,75,75,75,75,75,75,75,75,75,75,75,75,75,75,75,75,75,75,75,75,75,75,75,75],"relic_stats":{"counters":[25,133],"Astrolabe":["Warcry","Flame Barrier","Rupture"],"Eternal Feather":34,"Question Card":9,"Centennial Puzzle":[39],"Nunchaku":[6],"Mummified Hand":[32],"Tiny Chest":3,"MealTicket":1,"obtain_stats":[{"Nilry\u0027s Codex":19,"Astrolabe":34,"Velvet Choker":0,"Eternal Feather":24,"The Courier":43,"Incense Burner":26,"Frozen Egg 2":14,"Question Card":31,"Burning Blood":0,"Centennial Puzzle":29,"Nunchaku":40,"Mummified Hand":42,"Tiny Chest":3,"MealTicket":23,"Molten Egg 2":47,"Coffee Dripper":17,"Toy Ornithopter":9,"InkBottle":20,"Meat on the Bone":6,"Paper Frog":8},{"Nilry\u0027s Codex":8,"Astrolabe":15,"Velvet Choker":0,"Eternal Feather":10,"The Courier":19,"Incense Burner":10,"Frozen Egg 2":6,"Question Card":14,"Burning Blood":0,"Centennial Puzzle":12,"Nunchaku":18,"Mummified Hand":19,"Tiny Chest":2,"MealTicket":10,"Molten Egg 2":22,"Coffee Dripper":7,"Toy Ornithopter":4,"InkBottle":8,"Meat on the Bone":3,"Paper Frog":4},{"Nilry\u0027s Codex":40,"Astrolabe":68,"Velvet Choker":0,"Eternal Feather":47,"The Courier":91,"Incense Burner":47,"Frozen Egg 2":28,"Question Card":64,"Burning Blood":0,"Centennial Puzzle":56,"Nunchaku":86,"Mummified Hand":91,"Tiny Chest":7,"MealTicket":47,"Molten Egg 2":108,"Coffee Dripper":37,"Toy Ornithopter":22,"InkBottle":40,"Meat on the Bone":14,"Paper Frog":22}],"Toy Ornithopter":30,"InkBottle":[31],"Meat on the Bone":108},"card_choices":[{"not_picked":["Dropkick","Dual Wield"],"picked":"Uppercut","floor":1},{"not_picked":["Twin Strike","True Grit"],"picked":"Metallicize","floor":2},{"not_picked":["Clothesline","Wild Strike"],"picked":"Battle Trance","floor":6},{"not_picked":["Body Slam","Sword Boomerang"],"picked":"Reaper","floor":8},{"not_picked":["Wild Strike","Intimidate"],"picked":"Sword Boomerang","floor":10},{"not_picked":["Pummel","Second Wind"],"picked":"Berserk+1","floor":14},{"not_picked":["Corruption+1","Bludgeon"],"picked":"Brutality+1","floor":16},{"not_picked":["Second Wind","Cleave","Iron Wave+1"],"picked":"SKIP","floor":18},{"not_picked":["Clash","Pommel Strike"],"picked":"Shrug It Off","floor":22},{"not_picked":["Rage","Cleave+1","Metallicize+1"],"picked":"SKIP","floor":23},{"not_picked":["Power Through","Body Slam"],"picked":"Headbutt","floor":27},{"not_picked":["Impervious","Whirlwind"],"picked":"Disarm+1","floor":28},{"not_picked":["Thunderclap","Dropkick+1","Reckless Charge"],"picked":"SKIP","floor":30},{"not_picked":["Thunderclap","Berserk+1","Perfected Strike"],"picked":"SKIP","floor":31},{"not_picked":["Impervious","Corruption+1","Brutality+1"],"picked":"Exhume","floor":33},{"not_picked":["Metallicize+1","Wild Strike","Dark Embrace+1","Sentinel+1"],"picked":"SKIP","floor":35},{"not_picked":["Warcry+1","Reckless Charge+1","Anger","Perfected Strike"],"picked":"SKIP","floor":37},{"not_picked":["Pommel Strike","Twin Strike","Spot Weakness+1","Seeing Red"],"picked":"SKIP","floor":40},{"not_picked":["Fire Breathing+1","Iron Wave","Second Wind+1"],"picked":"Pummel+1","floor":42},{"not_picked":["Havoc","Dropkick+1","Brutality+1","Cleave"],"picked":"SKIP","floor":44},{"not_picked":["Iron Wave","Clash+1","Cleave"],"picked":"Battle Trance+1","floor":46},{"not_picked":["Blood for Blood+1","Anger+1","Armaments"],"picked":"Sword Boomerang+1","floor":47},{"not_picked":["Uppercut+1","Rage","Reckless Charge+1","Warcry"],"picked":"SKIP","floor":48}],"player_experience":2937278,"relics_obtained":[{"floor":6,"key":"Meat on the Bone"},{"floor":8,"key":"Paper Frog"},{"floor":9,"key":"Toy Ornithopter"},{"floor":14,"key":"Frozen Egg 2"},{"floor":19,"key":"Nilry\u0027s Codex"},{"floor":20,"key":"InkBottle"},{"floor":23,"key":"MealTicket"},{"floor":26,"key":"Incense Burner"},{"floor":29,"key":"Centennial Puzzle"},{"floor":31,"key":"Question Card"},{"floor":40,"key":"Nunchaku"},{"floor":42,"key":"Mummified Hand"},{"floor":43,"key":"The Courier"},{"floor":47,"key":"Molten Egg 2"}],"event_choices":[{"damage_healed":0,"gold_gain":0,"player_choice":"Box","damage_taken":0,"relics_obtained":["Tiny Chest"],"max_hp_gain":0,"max_hp_loss":0,"event_name":"Big Fish","floor":3,"gold_loss":0,"cards_obtained":["Regret"]},{"damage_healed":0,"gold_gain":75,"player_choice":"Gather Gold","damage_taken":11,"max_hp_gain":0,"max_hp_loss":0,"event_name":"World of Goop","floor":4,"gold_loss":0},{"damage_healed":0,"gold_gain":0,"player_choice":"Obtained Book","damage_taken":21,"max_hp_gain":0,"max_hp_loss":0,"event_name":"Cursed Tome","floor":19,"gold_loss":0},{"cards_removed":["Strike_R"],"damage_healed":0,"gold_gain":0,"player_choice":"Offered Basic","damage_taken":0,"max_hp_gain":0,"max_hp_loss":0,"event_name":"Bonfire Elementals","floor":21,"gold_loss":0},{"damage_healed":0,"gold_gain":0,"player_choice":"Obtained Relic","damage_taken":0,"relics_obtained":["Eternal Feather"],"max_hp_gain":0,"max_hp_loss":0,"event_name":"Addict","floor":24,"gold_loss":85},{"cards_removed":["Headbutt"],"damage_healed":0,"gold_gain":0,"player_choice":"Removed Attack","damage_taken":0,"max_hp_gain":0,"max_hp_loss":0,"event_name":"Falling","floor":36,"gold_loss":0},{"damage_healed":0,"gold_gain":0,"player_choice":"1 cards matched","damage_taken":0,"max_hp_gain":0,"max_hp_loss":0,"event_name":"Match and Keep!","floor":39,"gold_loss":0,"cards_obtained":["Evolve"]}],"is_beta":false,"boss_relics":[{"not_picked":["Runic Dome","Ectoplasm"],"picked":"Coffee Dripper"},{"not_picked":["SacredBark","Philosopher\u0027s Stone"],"picked":"Astrolabe"}],"items_purged_floors":[5,38],"is_endless":false,"potions_floor_spawned":[1,8,16,22,31,33,40,42,44,46],"killed_by":"Awakened One","ascension_level":20}}