{"host":"qxtzqh2wotmxx3mc","time":1608442474,"event":{"mods":["AchievementEnabler","BaseMod","Better Altar","Better Note","Better Sensory Stone","Better Skull","Better Synergies","Better Third Choice","Better Vampires","Block Reminder","ChefMod","Displayed Cursed Tome","Minty Spire (QoL Compilation)","Quick Restart","Relic Stats","Replay The Spire","StSLib","Trackpad","Wandering Minibosses"],"gold_per_floor":[109,109,85,97,22,22,32,58,83,83,150,184,184,206,206,317,326,349,49,49,49,69,69,27,66,91,91,141,101,148,176,176,282,291,302,321,74,74,102,102,102,128,128,151,151,173,173,173,173,173],"floor_reached":51,"playtime":3128,"items_purged":["Regret","chefmod:Strike"],"score":671,"play_id":"2fcc964c-6b77-40f2-9dc5-9015e87d3ea2","local_time":"20201219213434","is_ascension_mode":false,"campfire_choices":[{"floor":10,"key":"REST"},{"floor":13,"key":"REST"},{"data":"chefmod:QuickChop","floor":15,"key":"SMITH"},{"floor":23,"key":"REST"},{"floor":27,"key":"REST"},{"floor":32,"key":"REST"},{"data":"chefmod:Fillet","floor":40,"key":"SMITH"},{"data":"chefmod:Gelato","floor":45,"key":"SMITH"},{"floor":47,"key":"REST"},{"floor":49,"key":"REST"}],"circlet_count":0,"master_deck":["chefmod:Strike+1","chefmod:Strike","chefmod:Defend","chefmod:QuickThaw+1","chefmod:TodaysSpecial","chefmod:QuickChop+1","chefmod:Gelato+1","chefmod:SaveForLater","chefmod:BleedOut","chefmod:HotSoup","chefmod:IcePick","chefmod:FireUp","chefmod:LiquidNitrogen","chefmod:RaidPantry+1","AbeCurse","chefmod:Chop","chefmod:KnifeFlurry+1","chefmod:Fillet+1","chefmod:HotSoup","chefmod:DoubleChop","chefmod:TwoForOne+1","CurseOfTheBell","chefmod:Granita+1","chefmod:Chop+1","chefmod:FullBurn+1","chefmod:Defrost","chefmod:FreezerBurn+1"],"relics":["chefmod:TrustyPot","Orichalcum","betterThird:SlimedRelic","trackpad:BottledShadow","trackpad:Compendium","CeramicFish","trackpad:GuardianSpirit","Abe\u0027s Treasure","Ginger","Gremlin Horn","trackpad:ByrdCharm","Replay:Wax Seal","Strawberry","Calling Bell","Anchor","InkBottle","trackpad:ToughGloves","Guide Book","StoneCalendar","Onion Ring"],"acts_visited":["Exordium","TheCity","TheBeyond"],"potions_floor_usage":[11,12,33,33,46,50],"damage_taken":[{"damage":0,"enemies":"Small Slimes","floor":1,"turns":5},{"damage":6,"enemies":"Cultist","floor":4,"turns":5},{"damage":3,"enemies":"Jaw Worm","floor":7,"turns":6},{"damage":40,"enemies":"3 Sentries","floor":8,"turns":17},{"damage":10,"enemies":"Gremlin Nob","floor":11,"turns":5},{"damage":20,"enemies":"Gremlin Nob","floor":12,"turns":5},{"damage":0,"enemies":"2 Fungi Beasts","floor":14,"turns":4},{"damage":9,"enemies":"Hexaghost","floor":16,"turns":10},{"damage":41,"enemies":"2 Thieves","floor":18,"turns":6},{"damage":9,"enemies":"Spheric Guardian","floor":22,"turns":5},{"damage":28,"enemies":"Slavers","floor":25,"turns":7},{"damage":13,"enemies":"Chosen and Byrds","floor":31,"turns":8},{"damage":13,"enemies":"Pondfish","floor":33,"turns":13},{"damage":0,"enemies":"3 Shapes","floor":35,"turns":5},{"damage":0,"enemies":"Orb Walker","floor":36,"turns":3},{"damage":0,"enemies":"Maw","floor":39,"turns":6},{"damage":17,"enemies":"Writhing Mass","floor":42,"turns":7},{"damage":4,"enemies":"Sphere and 2 Shapes","floor":44,"turns":4},{"damage":49,"enemies":"Maw","floor":46,"turns":6},{"damage":39,"enemies":"Replay:Hell Engine","floor":50,"turns":9}],"seed_played":"-827688456633489714","potions_obtained":[{"floor":8,"key":"LifebloodPotion"},{"floor":11,"key":"Adrenaline Potion"},{"floor":18,"key":"ColorlessPotion"},{"floor":20,"key":"FearPotion"},{"floor":22,"key":"Elixir"},{"floor":33,"key":"LiquidBronze"},{"floor":36,"key":"PowerPotion"}],"is_trial":false,"path_per_floor":["M","?","?","M","$","?","M","E","T","R","?","E","R","M","R","B",null,"M","$","?","?","M","R","$","E","T","R","?","?","T","M","R","B",null,"M","M","$","T","M","R","?","M","T","M","R","M","R","?","R","B",null],"character_chosen":"THE_CHEF","items_purchased":["Ginger","chefmod:Fillet","Guide Book"],"campfire_rested":7,"item_purchase_floors":[19,24,37],"current_hp_per_floor":[76,76,65,59,59,59,56,16,16,38,28,8,30,30,30,21,76,35,35,35,35,26,48,48,20,20,42,42,42,49,40,64,51,83,83,83,83,83,83,83,83,66,66,62,62,13,37,37,61,22],"gold":173,"neow_bonus":"RANDOM_EVENT","is_daily":false,"chose_seed":false,"campfire_upgraded":3,"win_rate":0.0,"timestamp":1608442474,"path_taken":["M","?","?","M","$","?","?","E","T","R","?","E","R","M","R","BOSS","M","$","?","?","?","R","$","E","T","R","?","?","?","M","R","BOSS","M","M","$","?","M","R","?","M","T","M","R","?","R","?","R","BOSS"],"items_purchased_type":["Relic","Card","Relic"],"build_version":"2020-12-13","purchased_purges":2,"victory":true,"max_hp_per_floor":[76,76,76,76,76,76,76,76,76,76,76,76,76,76,76,76,76,76,76,76,76,76,76,76,76,76,76,76,76,83,83,83,83,83,83,83,83,83,83,83,83,83,83,83,83,83,83,83,83,83],"relic_stats":{"Gremlin Horn":[12,12],"counters":[20,136],"CeramicFish":153,"StoneCalendar":[27],"Ginger":[26],"Orichalcum":[264],"obtain_stats":[{"trackpad:GuardianSpirit":12,"chefmod:TrustyPot":0,"Gremlin Horn":21,"CeramicFish":11,"Guide Book":37,"StoneCalendar":38,"Ginger":19,"Orichalcum":2,"trackpad:ByrdCharm":25,"Calling Bell":34,"trackpad:ToughGloves":34,"Anchor":34,"betterThird:SlimedRelic":3,"Strawberry":30,"Onion Ring":43,"trackpad:BottledShadow":8,"trackpad:Compendium":9,"Replay:Wax Seal":26,"Abe\u0027s Treasure":17,"InkBottle":34},{"trackpad:GuardianSpirit":6,"chefmod:TrustyPot":0,"Gremlin Horn":9,"CeramicFish":5,"Guide Book":15,"StoneCalendar":15,"Ginger":9,"Orichalcum":1,"trackpad:ByrdCharm":11,"Calling Bell":13,"trackpad:ToughGloves":13,"Anchor":13,"betterThird:SlimedRelic":1,"Strawberry":11,"Onion Ring":17,"trackpad:BottledShadow":4,"trackpad:Compendium":4,"Replay:Wax Seal":11,"Abe\u0027s Treasure":8,"InkBottle":13},{"trackpad:GuardianSpirit":43,"chefmod:TrustyPot":0,"Gremlin Horn":63,"CeramicFish":38,"Guide Book":104,"StoneCalendar":104,"Ginger":63,"Orichalcum":5,"trackpad:ByrdCharm":75,"Calling Bell":96,"trackpad:ToughGloves":96,"Anchor":96,"betterThird:SlimedRelic":5,"Strawberry":75,"Onion Ring":117,"trackpad:BottledShadow":33,"trackpad:Compendium":33,"Replay:Wax Seal":75,"Abe\u0027s Treasure":57,"InkBottle":96}],"InkBottle":[21]},"card_choices":[{"not_picked":["chefmod:IcePick","chefmod:Sorbet"],"picked":"chefmod:QuickChop","floor":1},{"not_picked":["chefmod:CuttingBoard","chefmod:BaoBuns"],"picked":"chefmod:Gelato","floor":4},{"not_picked":["chefmod:DinoKale","chefmod:Granita"],"picked":"chefmod:BleedOut","floor":7},{"not_picked":["chefmod:Cleavers","chefmod:Sorbet"],"picked":"chefmod:HotSoup","floor":8},{"not_picked":["chefmod:DinoKale","chefmod:ZaruSoba"],"picked":"chefmod:IcePick","floor":11},{"not_picked":["chefmod:NoSoupForYou","chefmod:ZaruSoba"],"picked":"chefmod:FireUp","floor":12},{"not_picked":["chefmod:SpaghettiCarbonara","chefmod:FryPan"],"picked":"chefmod:LiquidNitrogen","floor":14},{"not_picked":["chefmod:FrozenTuna","chefmod:CapreseSalad"],"picked":"chefmod:RaidPantry","floor":16},{"not_picked":["chefmod:Gelato+1","chefmod:QuickChop"],"picked":"chefmod:Chop","floor":18},{"not_picked":["chefmod:Granita","chefmod:Puree"],"picked":"chefmod:KnifeFlurry+1","floor":22},{"not_picked":["chefmod:RisingDough","chefmod:Defrost"],"picked":"chefmod:HotSoup","floor":25},{"not_picked":["chefmod:LiquidNitrogen","chefmod:DinoKale+1"],"picked":"chefmod:DoubleChop","floor":31},{"not_picked":["chefmod:FullCourseMeal","chefmod:Canape"],"picked":"chefmod:TwoForOne","floor":33},{"not_picked":["chefmod:Cleavers","chefmod:FiveAlarmChili+1","chefmod:Fillet"],"picked":"SKIP","floor":35},{"not_picked":["chefmod:Escargot+1","chefmod:KnifeFlurry"],"picked":"chefmod:Granita+1","floor":36},{"not_picked":["chefmod:FiveAlarmChili","chefmod:SliceAndDice"],"picked":"chefmod:Chop+1","floor":39},{"not_picked":["chefmod:LiquidNitrogen+1","chefmod:Escargot"],"picked":"chefmod:FullBurn+1","floor":42},{"not_picked":["chefmod:MonsterBait+1","chefmod:Chop+1"],"picked":"chefmod:Defrost","floor":44},{"not_picked":["chefmod:Fillet","chefmod:Chop+1"],"picked":"chefmod:FreezerBurn+1","floor":46}],"player_experience":118802,"relics_obtained":[{"floor":8,"key":"trackpad:BottledShadow"},{"floor":9,"key":"trackpad:Compendium"},{"floor":11,"key":"CeramicFish"},{"floor":12,"key":"trackpad:GuardianSpirit"},{"floor":25,"key":"trackpad:ByrdCharm"},{"floor":26,"key":"Replay:Wax Seal"},{"floor":30,"key":"Strawberry"},{"floor":34,"key":"Anchor"},{"floor":34,"key":"InkBottle"},{"floor":34,"key":"trackpad:ToughGloves"},{"floor":38,"key":"StoneCalendar"},{"floor":43,"key":"Onion Ring"}],"event_choices":[{"damage_healed":0,"gold_gain":0,"player_choice":"Box","damage_taken":0,"relics_obtained":["Orichalcum"],"max_hp_gain":0,"max_hp_loss":0,"event_name":"Big Fish","floor":2,"gold_loss":0,"cards_obtained":["Regret"]},{"damage_healed":0,"gold_gain":0,"player_choice":"Slimed","damage_taken":11,"max_hp_gain":0,"max_hp_loss":0,"event_name":"betterThird:BetterGoop","floor":3,"gold_loss":24},{"damage_healed":0,"gold_gain":0,"cards_transformed":["chefmod:Strike"],"player_choice":"Transformed","damage_taken":0,"max_hp_gain":0,"max_hp_loss":0,"event_name":"Transmorgrifier","floor":6,"gold_loss":0,"cards_obtained":["chefmod:SaveForLater"]},{"damage_healed":0,"gold_gain":0,"player_choice":"Searched \u00271\u0027 times","damage_taken":0,"max_hp_gain":0,"max_hp_loss":0,"event_name":"Dead Adventurer","floor":11,"gold_loss":0},{"damage_healed":0,"gold_gain":0,"player_choice":"Got Potions","damage_taken":0,"max_hp_gain":0,"max_hp_loss":0,"event_name":"Lab","floor":20,"gold_loss":0},{"damage_healed":0,"gold_gain":0,"player_choice":"Gave Potion","damage_taken":0,"relics_obtained":["Gremlin Horn"],"max_hp_gain":0,"max_hp_loss":0,"event_name":"WeMeetAgain","floor":21,"gold_loss":0},{"damage_healed":0,"gold_gain":100,"player_choice":"Bet on Murderer","damage_taken":0,"max_hp_gain":0,"max_hp_loss":0,"event_name":"The Joust","floor":28,"gold_loss":50},{"damage_healed":0,"gold_gain":0,"player_choice":"Upgraded Two","damage_taken":0,"max_hp_gain":0,"max_hp_loss":0,"event_name":"Designer","floor":29,"gold_loss":40,"cards_upgraded":["chefmod:Strike","chefmod:QuickThaw"]},{"cards_removed":["chefmod:Defend"],"damage_healed":0,"gold_gain":0,"player_choice":"Card Removal","damage_taken":0,"max_hp_gain":0,"max_hp_loss":0,"event_name":"Wheel of Change","floor":41,"gold_loss":0},{"cards_removed":["chefmod:Defend"],"damage_healed":0,"gold_gain":0,"player_choice":"Removed Skill","damage_taken":0,"max_hp_gain":0,"max_hp_loss":0,"event_name":"Falling","floor":48,"gold_loss":0}],"is_beta":false,"boss_relics":[{"not_picked":["trackpad:StolenKidneys","Snecko Eye"],"picked":"Abe\u0027s Treasure"},{"not_picked":["Replay:Wanted Poster","Sozu"],"picked":"Calling Bell"}],"items_purged_floors":[5,37],"is_endless":false,"potions_floor_spawned":[8,11,16,18,22,33,36,42,44],"ascension_level":0}}