{"host":"swphzoo6hmc78epl","time":1608438504,"event":{"mods":["BaseMod","Highlight Path","Minty Spire (QoL Compilation)","Quick Restart"],"gold_per_floor":[112,125,225,235,253,253,263,263,263,283,296,296,296,323,323,323,323],"floor_reached":16,"playtime":583,"items_purged":[],"score":148,"play_id":"eccd72b1-c3f8-43b1-a0d7-5bee2b6c2d0c","local_time":"20201219232824","is_ascension_mode":true,"campfire_choices":[{"data":"Backstab","floor":6,"key":"SMITH"},{"data":"Cloak And Dagger","floor":13,"key":"SMITH"},{"data":"Survivor","floor":15,"key":"SMITH"}],"circlet_count":0,"master_deck":["Strike_G","Strike_G","Strike_G","Strike_G","Strike_G","Defend_G+1","Defend_G","Defend_G","Defend_G","Defend_G","Survivor+1","Neutralize","Backstab+1","Quick Slash","Cloak And Dagger+1","Cloak And Dagger","Blade Dance+1","Regret","Blade Dance+1","Tools of the Trade","Backflip+1"],"relics":["Ring of the Snake","NeowsBlessing","Toxic Egg 2","The Courier","Molten Egg 2"],"acts_visited":["Exordium"],"potions_floor_usage":[14,16],"damage_taken":[{"damage":0,"enemies":"Small Slimes","floor":1,"turns":1},{"damage":0,"enemies":"Cultist","floor":2,"turns":1},{"damage":0,"enemies":"2 Louse","floor":4,"turns":1},{"damage":0,"enemies":"2 Fungi Beasts","floor":5,"turns":4},{"damage":24,"enemies":"Large Slime","floor":7,"turns":6},{"damage":3,"enemies":"Looter","floor":10,"turns":3},{"damage":3,"enemies":"Exordium Thugs","floor":11,"turns":3},{"damage":2,"enemies":"3 Sentries","floor":14,"turns":4},{"damage":40,"enemies":"The Guardian","floor":16,"turns":11}],"seed_played":"-6721598337075629493","potions_obtained":[{"floor":4,"key":"FearPotion"},{"floor":10,"key":"SteroidPotion"}],"is_trial":false,"path_per_floor":["M","M","?","M","M","R","M","?","T","M","M","?","R","E","R","B"],"character_chosen":"THE_SILENT","items_purchased":[],"campfire_rested":0,"item_purchase_floors":[],"current_hp_per_floor":[70,70,70,70,70,70,46,46,46,43,40,26,26,24,24,0,0],"gold":323,"neow_bonus":"THREE_ENEMY_KILL","is_daily":false,"chose_seed":false,"campfire_upgraded":3,"win_rate":0.0,"timestamp":1608438504,"path_taken":["M","M","?","M","M","R","?","?","T","M","M","?","R","E","R","BOSS"],"items_purchased_type":[],"build_version":"2020-12-13","purchased_purges":0,"victory":false,"max_hp_per_floor":[70,70,70,70,70,70,70,70,70,70,70,70,70,70,70,70,70],"card_choices":[{"not_picked":["Deflect","Prepared"],"picked":"Backstab","floor":1},{"not_picked":["Accuracy","Bane"],"picked":"Quick Slash","floor":2},{"not_picked":["Setup","Footwork"],"picked":"Cloak And Dagger","floor":4},{"not_picked":["Eviscerate","Leg Sweep"],"picked":"Cloak And Dagger","floor":5},{"not_picked":["Flying Knee","Distraction"],"picked":"Blade Dance","floor":7},{"not_picked":["Concentrate+1","Expertise+1"],"picked":"Blade Dance+1","floor":10},{"not_picked":["Outmaneuver+1","Deadly Poison+1"],"picked":"Tools of the Trade","floor":11},{"not_picked":["Quick Slash+1","Dagger Throw+1"],"picked":"Backflip+1","floor":14}],"player_experience":753401,"relics_obtained":[{"floor":9,"key":"The Courier"},{"floor":14,"key":"Molten Egg 2"}],"event_choices":[{"damage_healed":0,"gold_gain":100,"player_choice":"Pray","damage_taken":0,"max_hp_gain":0,"max_hp_loss":0,"event_name":"Golden Shrine","floor":3,"gold_loss":0},{"damage_healed":0,"gold_gain":0,"player_choice":"Box","damage_taken":0,"relics_obtained":["Toxic Egg 2"],"max_hp_gain":0,"max_hp_loss":0,"event_name":"Big Fish","floor":8,"gold_loss":0,"cards_obtained":["Regret"]},{"damage_healed":0,"gold_gain":0,"player_choice":"Entered Light","damage_taken":14,"max_hp_gain":0,"max_hp_loss":0,"event_name":"Shining Light","floor":12,"gold_loss":0,"cards_upgraded":["Defend_G","Blade Dance"]}],"is_beta":false,"boss_relics":[],"items_purged_floors":[],"is_endless":false,"potions_floor_spawned":[4,10],"killed_by":"The Guardian","ascension_level":3}}