{"host":"07tcb8n8jdavk3gs","time":1608492524,"event":{"mods":["BaseMod","Colored Map","Hermit","Marisa????????","Minty Spire (QoL Compilation)","StSLib","The Animator","The Cursed","The Servant 0.9.4"],"gold_per_floor":[131,146,146,146,165,208,228,256,279,296,308,328,328,293,293,370,420,431,431,62,88,115,115,115],"floor_reached":23,"playtime":2837,"items_purged":[],"score":359,"play_id":"537e58e7-8e5e-4962-9712-c96bd5d577c4","local_time":"20201220132844","is_ascension_mode":true,"campfire_choices":[{"floor":15,"key":"REST"}],"circlet_count":0,"master_deck":["AscendersBane","animator:Strike_OwariNoSeraph+1","animator:Defend_OwariNoSeraph+1","animator:Strike","animator:Strike","animator:Strike","animator:Defend","animator:Defend+1","animator:Defend","animator:Shinoa","animator:Mikaela","animator:YachiyoNanami","animator:YachiyoNanami","Regret","animator:LeleiLaLalena","animator:Yoichi","animator:Ain","animator:EmiyaShirou","animator:Melzalgald","animator:HiiragiShinya","animator:Tatsumaki","animator:PinaCoLada","animator:Elsword","animator:Yoichi+1","animator:Archer","animator:Sebas+1","animator:Mitsuba"],"relics":["animator:LivingPicture","animator:TheMissingPiece","NeowsBlessing","PreservedInsect","War Paint","Charon\u0027s Ashes","Shuriken","Boot","Tiny House","NlothsMask","Toxic Egg 2"],"acts_visited":["Exordium","TheCity"],"potions_floor_usage":[5,6,6,10,16,22,23],"damage_taken":[{"damage":0,"enemies":"Jaw Worm","floor":1,"turns":1},{"damage":0,"enemies":"Small Slimes","floor":2,"turns":1},{"damage":0,"enemies":"Cultist","floor":5,"turns":1},{"damage":12,"enemies":"Gremlin Nob","floor":6,"turns":5},{"damage":0,"enemies":"Blue Slaver","floor":7,"turns":6},{"damage":17,"enemies":"Lagavulin","floor":8,"turns":9},{"damage":4,"enemies":"2 Fungi Beasts","floor":10,"turns":3},{"damage":11,"enemies":"Exordium Thugs","floor":11,"turns":4},{"damage":14,"enemies":"Large Slime","floor":12,"turns":6},{"damage":5,"enemies":"Hexaghost","floor":16,"turns":15},{"damage":6,"enemies":"Shell Parasite","floor":18,"turns":8},{"damage":2,"enemies":"Chosen","floor":21,"turns":6},{"damage":52,"enemies":"3 Cultists","floor":22,"turns":6},{"damage":7,"enemies":"Gremlin Leader","floor":23,"turns":3}],"seed_played":"-4838430084499485234","potions_obtained":[{"floor":1,"key":"Fruit Juice"},{"floor":2,"key":"ColorlessPotion"},{"floor":5,"key":"Swift Potion"},{"floor":8,"key":"SkillPotion"},{"floor":12,"key":"animator:FalseLifePotion"},{"floor":17,"key":"EssenceOfSteel"},{"floor":18,"key":"Swift Potion"},{"floor":22,"key":"SneckoOil"}],"is_trial":false,"path_per_floor":["M","M","?","?","M","E","M","E","T","M","M","M","?","?","R","B",null,"M","?","$","M","M","E"],"character_chosen":"THE_ANIMATOR","items_purchased":["Toxic Egg 2","animator:Yoichi+1","animator:Archer"],"campfire_rested":1,"item_purchase_floors":[20,20,20],"current_hp_per_floor":[54,54,54,54,59,47,47,30,30,26,16,2,2,18,37,32,63,57,57,57,55,3,0,0],"gold":115,"neow_bonus":"THREE_ENEMY_KILL","is_daily":false,"chose_seed":false,"campfire_upgraded":0,"win_rate":0.0,"timestamp":1608492524,"path_taken":["M","M","?","?","M","E","M","E","T","M","M","?","?","?","R","BOSS","M","?","?","M","M","E"],"items_purchased_type":["Relic","Card","Card"],"build_version":"2020-12-13","purchased_purges":0,"victory":false,"max_hp_per_floor":[60,60,60,60,65,65,65,65,65,65,66,66,66,66,66,66,71,71,71,71,71,71,71,71],"card_choices":[{"not_picked":["animator:Elsword","animator:TukaLunaMarceau"],"picked":"animator:YachiyoNanami","floor":1},{"not_picked":["animator:ShinjiMatou","animator:Shinoa"],"picked":"animator:YachiyoNanami","floor":2},{"not_picked":["animator:Entoma","animator:PandorasActor"],"picked":"animator:LeleiLaLalena","floor":5},{"not_picked":["animator:Shinoa","animator:Mitsuba"],"picked":"animator:Yoichi","floor":6},{"not_picked":["animator:Demiurge","animator:Archer"],"picked":"animator:Ain","floor":7},{"not_picked":["animator:Elsword","animator:Cocytus"],"picked":"animator:EmiyaShirou","floor":8},{"not_picked":["animator:OrikoMikuni","animator:LeleiLaLalena"],"picked":"animator:Melzalgald","floor":10},{"not_picked":["animator:Mikaela","animator:Yoichi"],"picked":"animator:HiiragiShinya","floor":11},{"not_picked":["animator:ShinjiMatou","animator:Demiurge"],"picked":"animator:Tatsumaki","floor":12},{"not_picked":["animator:Saber","animator:Guren"],"picked":"animator:PinaCoLada","floor":16},{"not_picked":["animator:SilverFang","animator:Shinoa"],"picked":"animator:Elsword","floor":17},{"not_picked":["animator:YuiTsuruno+1","animator:Geryuganshoop","animator:Chung"],"picked":"SKIP","floor":18},{"not_picked":["animator:Laby","animator:Cocytus+1"],"picked":"animator:Sebas+1","floor":21},{"not_picked":["animator:Shigure","animator:Yoichi+1"],"picked":"animator:Mitsuba","floor":22}],"player_experience":898152,"relics_obtained":[{"floor":4,"key":"War Paint"},{"floor":6,"key":"Charon\u0027s Ashes"},{"floor":8,"key":"Shuriken"},{"floor":9,"key":"Boot"}],"event_choices":[{"damage_healed":0,"gold_gain":0,"player_choice":"Box","damage_taken":0,"relics_obtained":["PreservedInsect"],"max_hp_gain":0,"max_hp_loss":0,"event_name":"Big Fish","floor":3,"gold_loss":0,"cards_obtained":["Regret"]},{"damage_healed":0,"gold_gain":0,"player_choice":"Relic","damage_taken":0,"max_hp_gain":0,"max_hp_loss":0,"event_name":"Wheel of Change","floor":4,"gold_loss":0},{"damage_healed":0,"gold_gain":0,"player_choice":"Ignored","damage_taken":0,"max_hp_gain":0,"max_hp_loss":0,"event_name":"Golden Idol","floor":13,"gold_loss":0},{"damage_healed":16,"gold_gain":0,"player_choice":"Healed","damage_taken":0,"max_hp_gain":0,"max_hp_loss":0,"event_name":"The Cleric","floor":14,"gold_loss":35},{"damage_healed":0,"gold_gain":0,"player_choice":"Trade","damage_taken":0,"relics_obtained":["NlothsMask"],"max_hp_gain":0,"max_hp_loss":0,"event_name":"FaceTrader","floor":19,"gold_loss":0}],"is_beta":false,"boss_relics":[{"not_picked":["Fusion Hammer","Astrolabe"],"picked":"Tiny House"}],"items_purged_floors":[],"is_endless":false,"potions_floor_spawned":[1,2,5,8,12,18,22],"killed_by":"Gremlin Leader","ascension_level":15}}