{"host":"mal0jdk4f6ubgyb8","time":1608448106,"event":{"mods":["BaseMod","KinomotoSakuraMod(木之本樱)","Koishi","Luminous","Marisa（F雨　魔理沙）","Minty Spire (QoL Compilation)","Quick Restart","Reimu（博丽灵梦）","Relic Stats","Remilia（蕾米莉亚）","StSLib","WarShipGirlsR/战舰少女R mod","Youmu（魂魄妖梦）","Yuri Mod","Yuyuko","【东方二次创作】八云紫mod"],"gold_per_floor":[118,138,152,168,202,202,253,253,335,369,421,517,609,609,609,609,609],"floor_reached":16,"playtime":947,"items_purged":[],"score":155,"play_id":"6347e769-53b8-4ef0-b55d-00b898379739","local_time":"20201220150826","is_ascension_mode":true,"campfire_choices":[{"data":"TwelveNightmare","floor":6,"key":"SMITH"},{"data":"ScarletMeister","floor":8,"key":"SMITH"},{"data":"UnstableMagic","floor":15,"key":"SMITH"}],"circlet_count":0,"master_deck":["Strike_RM","Strike_RM","Strike_RM","Strike_RM","Defend_RM","Defend_RM","Defend_RM","Defend_RM","RedMoon","ScarletShoot","TwelveNightmare+1","EternalNight","FavorOfDestiny","RedMagic","ScarletMeister+1","UnstableMagic+1","FavorOfDestiny","FavorOfDestiny","UnstableMagic","BatForm"],"relics":["ScarletHat","NeowsBlessing","Tea:ReiMu","Torii"],"acts_visited":["Exordium"],"potions_floor_usage":[5,7,7,12,12,16,16,16],"damage_taken":[{"damage":0,"enemies":"Small Slimes","floor":1,"turns":2},{"damage":0,"enemies":"2 Louse","floor":2,"turns":1},{"damage":0,"enemies":"Cultist","floor":3,"turns":1},{"damage":38,"enemies":"Exordium Thugs","floor":4,"turns":7},{"damage":2,"enemies":"Large Slime","floor":5,"turns":8},{"damage":19,"enemies":"Gremlin Nob","floor":7,"turns":6},{"damage":0,"enemies":"Blue Slaver","floor":10,"turns":6},{"damage":15,"enemies":"Exordium Wildlife","floor":11,"turns":6},{"damage":8,"enemies":"2 Fungi Beasts","floor":12,"turns":7},{"damage":0,"enemies":"Lagavulin","floor":13,"turns":12},{"damage":60,"enemies":"Hexaghost","floor":16,"turns":8}],"seed_played":"-5200598359292524653","potions_obtained":[{"floor":1,"key":"PowerPotion"},{"floor":4,"key":"Ancient Potion"},{"floor":4,"key":"Strength Potion"},{"floor":5,"key":"Energy Potion"},{"floor":5,"key":"ZuzhouPotion:ReiMu"},{"floor":10,"key":"SkillPotion"},{"floor":11,"key":"PowerPotion"},{"floor":11,"key":"SkillPotion"},{"floor":12,"key":"SpeedPotion"},{"floor":12,"key":"Dexterity Potion"},{"floor":12,"key":"PowerPotion"},{"floor":13,"key":"ColorlessPotion"}],"is_trial":false,"path_per_floor":["M","M","M","M","M","R","E","R","T","M","M","M","E","?","R","B"],"character_chosen":"REMILIA","items_purchased":[],"campfire_rested":0,"item_purchase_floors":[],"current_hp_per_floor":[75,75,75,37,39,39,32,32,32,38,27,28,41,41,41,0,0],"gold":609,"neow_bonus":"THREE_ENEMY_KILL","is_daily":false,"chose_seed":false,"campfire_upgraded":3,"win_rate":0.0,"timestamp":1608448106,"path_taken":["M","M","M","M","M","R","E","R","T","M","M","M","E","?","R","BOSS"],"items_purchased_type":[],"build_version":"2020-12-13","purchased_purges":0,"victory":false,"max_hp_per_floor":[75,75,75,75,75,75,75,75,75,75,75,75,75,75,75,75,75],"relic_stats":{"Torii":0,"counters":[11,64],"obtain_stats":[{"NeowsBlessing":0,"Torii":13,"Tea:ReiMu":7,"ScarletHat":0},{"NeowsBlessing":0,"Torii":10,"Tea:ReiMu":6,"ScarletHat":0},{"NeowsBlessing":0,"Torii":56,"Tea:ReiMu":25,"ScarletHat":0}]},"card_choices":[{"not_picked":["SuperhumanBloodyKnife","DiffusionOfMisfortune"],"picked":"TwelveNightmare","floor":1},{"not_picked":["BloodHunter","ScarletImprint"],"picked":"EternalNight","floor":2},{"not_picked":["BlasphemousPunishment","VampireKiss"],"picked":"FavorOfDestiny","floor":3},{"not_picked":["MastersStateliness","Stigmanizer"],"picked":"RedMagic","floor":4},{"not_picked":["CharismaGuard","VampireFantasy"],"picked":"ScarletMeister","floor":5},{"not_picked":["MastersStateliness","UnderTheZenith"],"picked":"UnstableMagic","floor":7},{"not_picked":["MastersStateliness","UnderTheZenith"],"picked":"FavorOfDestiny","floor":10},{"not_picked":["CharismaGuard","ChainGang"],"picked":"FavorOfDestiny","floor":11},{"not_picked":["ScarletGensokyo","BlasphemousPunishment"],"picked":"UnstableMagic","floor":12},{"not_picked":["Maim","ScarletDevilSign","MastersStateliness"],"picked":"SKIP","floor":13},{"not_picked":[],"picked":"BatForm","floor":14}],"player_experience":255385,"relics_obtained":[{"floor":7,"key":"Tea:ReiMu"},{"floor":13,"key":"Torii"}],"event_choices":[],"is_beta":false,"boss_relics":[],"items_purged_floors":[],"is_endless":false,"potions_floor_spawned":[1,4,5],"killed_by":"Hexaghost","ascension_level":2}}