{"host":"h5acbxt0wmjo1kpm","time":1608448920,"event":{"mods":["2.2 Compatiblity","Act Like it!","AlwaysNeverKeys","Aspiration","Bartender","BaseMod","Better Third Choice","Colored Map","Downfall","Elementarium","Gensokyo","GifTheSpireLib","Hallownest","Marisa????????","Minty Spire (QoL Compilation)","Permanent Neow","Potionbrewer","Relic Filter","Replay The Spire","Robot Space Explorer","RumiaBox-????????","Shade Mod","Spicy Shops","StSLib","The Blackbeard","The Dragon Tamer","The Forsaken","The Gatherer","The Problem Sleuth","The Servant 0.9.4","Wandering Minibosses","vexMod"],"gold_per_floor":[199,199,199,212,232,232,232,307,307,358,37,137,158,0,36,133,133],"floor_reached":16,"playtime":995,"items_purged":[],"score":165,"play_id":"21c0659d-18a5-4dc7-b36e-d2b54a21867b","local_time":"20201219232200","is_ascension_mode":true,"campfire_choices":[{"floor":1,"key":"DIG"},{"data":"Slimebound:CorrosiveSpit","floor":9,"key":"SMITH"}],"circlet_count":0,"master_deck":["AscendersBane","Slimebound:Strike_Slimebound","Slimebound:Strike_Slimebound","Slimebound:Strike_Slimebound","Slimebound:Tackle","Slimebound:Defend_Slimebound","Slimebound:Defend_Slimebound","Slimebound:Defend_Slimebound","Slimebound:Defend_Slimebound","Slimebound:Split","Slimebound:CorrosiveSpit+1","Slimebound:LeechEnergy","Slimebound:ItLooksTasty","Slimebound:Nibble","Slimebound:SplitMire","Slimebound:LeechLife","Slimebound:SlimeSpikes","Slimebound:ComboTackle","Slimebound:TongueLash+1","Slimebound:CheckThePlaybook"],"relics":["Slimebound:AbsorbEndCombat","vexMod:RetaliationKit","Strawberry","vexMod:ConsolationPrize","Bag of Marbles","Peace Pipe","Membership Card","Blue Doll","Quantum Egg"],"acts_visited":["Gensokyo:Gensokyo"],"potions_floor_usage":[8],"damage_taken":[{"damage":11,"enemies":"Gensokyo:2_Kodama","floor":4,"turns":4},{"damage":14,"enemies":"Gensokyo:Gryphon","floor":5,"turns":6},{"damage":50,"enemies":"Gensokyo:Cirno","floor":8,"turns":7},{"damage":19,"enemies":"Gensokyo:Mamizou","floor":10,"turns":8},{"damage":4,"enemies":"downfall:FleeingMerchant","floor":11,"turns":4},{"damage":4,"enemies":"Gensokyo:Python","floor":13,"turns":2},{"damage":15,"enemies":"downfall:FleeingMerchant","floor":14,"turns":4},{"damage":22,"enemies":"Gensokyo:VengefulSpirit","floor":15,"turns":7},{"damage":103,"enemies":"downfall:Defect","floor":16,"turns":5}],"seed_played":"-6110074284756080062","potions_obtained":[{"floor":5,"key":"PowerPotion"},{"floor":15,"key":"Fire Potion"}],"is_trial":false,"path_per_floor":["R_BF","?","?","M","M","?","T","E","R","E","$","?","M","$","M","B"],"character_chosen":"SLIMEBOUND","items_purchased":["Membership Card","Blue Doll","Slimebound:LeechLife","Quantum Egg","Slimebound:TongueLash+1"],"campfire_rested":0,"item_purchase_floors":[11,11,11,14,14],"current_hp_per_floor":[54,60,60,57,63,60,60,42,42,63,73,73,73,73,72,0,0],"gold":133,"neow_bonus":"HUNDRED_GOLD","is_daily":false,"chose_seed":false,"campfire_upgraded":1,"win_rate":0.0,"timestamp":1608448920,"path_taken":["R_BF","?","?","M","?","?","T","E","R","E","?","?","M","$","M","BOSS"],"items_purchased_type":["Relic","Relic","Card","Relic","Card"],"build_version":"2020-12-13","purchased_purges":0,"victory":false,"max_hp_per_floor":[60,66,66,66,66,73,73,73,73,73,73,73,73,73,73,73,73],"card_choices":[{"not_picked":["Slimebound:SamplingLick","Slimebound:GrowthPunch"],"picked":"Slimebound:LeechEnergy","floor":4},{"not_picked":["Slimebound:Equalize","Slimebound:ViciousTackle"],"picked":"Slimebound:ItLooksTasty","floor":5},{"not_picked":["Slimebound:TongueLash","Slimebound:FinishingTackle","Slimebound:SplitLeeching"],"picked":"SKIP","floor":8},{"not_picked":["Slimebound:ComboTackle","Slimebound:BestDefense"],"picked":"Slimebound:Nibble","floor":10},{"not_picked":["Slimebound:GrowthPunch","Slimebound:RainOfGoop"],"picked":"Slimebound:SplitMire","floor":11},{"not_picked":["Slimebound:Equalize","Slimebound:SplitAcid"],"picked":"Slimebound:SlimeSpikes","floor":13},{"not_picked":["Slimebound:SplitMire","Slimebound:LeechingTouch"],"picked":"Slimebound:ComboTackle","floor":14},{"not_picked":["Slimebound:FinishingTackle","Slimebound:GrowthPunch"],"picked":"Slimebound:CheckThePlaybook","floor":15}],"player_experience":2283680,"relics_obtained":[{"floor":1,"key":"vexMod:RetaliationKit"},{"floor":7,"key":"vexMod:ConsolationPrize"},{"floor":8,"key":"Bag of Marbles"},{"floor":10,"key":"Peace Pipe"}],"event_choices":[],"is_beta":false,"boss_relics":[],"items_purged_floors":[],"is_endless":false,"potions_floor_spawned":[5,15],"killed_by":"downfall:Defect","ascension_level":13}}