{"host":"wghdsg8ym2wc7ov9","time":1608442253,"event":{"mods":["AchievementEnabler","BaseMod","Better Altar","Better Note","Colored Map","Hermit","Highlight Path","Jorbs\u0027s Wanderer Trilogy","Minty Spire (QoL Compilation)","Random Character Button","Relic Stats","Shop Mod","StSLib","The Bug Knight","The Cursed","The Hierophant","The Servant 0.9.4"],"gold_per_floor":[218,236,253,27,0,0,31,31,31,56,72,85,110,144,144,255,255,278,301,251,271,15,15,33,33,33,69,93,93,93],"floor_reached":29,"playtime":5232,"items_purged":[],"score":265,"play_id":"0864325f-a67d-4875-8ba9-be8915ccca23","local_time":"20201219213053","is_ascension_mode":false,"campfire_choices":[{"data":"Revamp","floor":6,"key":"SMITH"},{"floor":8,"key":"RECALL"},{"floor":15,"key":"REST"},{"data":"A Thousand Cuts","floor":23,"key":"SMITH"},{"floor":25,"key":"REST"}],"circlet_count":0,"master_deck":["Strike_S","Strike_S","Strike_S","Strike_S","Defend_S","Defend_S","Defend_S","Defend_S","KidneyShot","Exchange","Rewind","SilverBlades","Moondial","Revamp+1","Potential","stsjorbsmod:HoldMonster","HollowMod:LifebloodCocoon","stsjorbsmod:Panic","hierophant:Doubloon","A Thousand Cuts+1","HollowMod:SlysStrikes","HollowMod:TaintedHusks+1","Static Discharge","hierophant:Upheaval+1","Panache","RealityMarble","stsjorbsmod:Prestidigitation+1","stsjorbsmod:DisguiseSelf+1","hierophant:Chorus+1"],"relics":["Uniform","PrismaticShard","Pear","Bird Faced Urn","HollowMod:PaleOreRelic","Anchor","Happy Flower","MysterySword","Toxic Egg 2","HollowMod:StagPassRelic"],"acts_visited":["Exordium","TheCity"],"potions_floor_usage":[7,19,21,24,27,28],"damage_taken":[{"damage":1,"enemies":"Cultist","floor":1,"turns":4},{"damage":8,"enemies":"Jaw Worm","floor":2,"turns":4},{"damage":0,"enemies":"2 Louse","floor":3,"turns":3},{"damage":8,"enemies":"Gremlin Nob","floor":7,"turns":5},{"damage":17,"enemies":"3 Sentries","floor":10,"turns":12},{"damage":6,"enemies":"Large Slime","floor":11,"turns":7},{"damage":14,"enemies":"Lots of Slimes","floor":12,"turns":4},{"damage":19,"enemies":"Lagavulin","floor":14,"turns":10},{"damage":5,"enemies":"Slime Boss","floor":16,"turns":11},{"damage":18,"enemies":"Chosen","floor":18,"turns":7},{"damage":15,"enemies":"2 Thieves","floor":19,"turns":5},{"damage":5,"enemies":"Centurion and Healer","floor":21,"turns":6},{"damage":37,"enemies":"Snecko","floor":24,"turns":7},{"damage":33,"enemies":"Book of Stabbing","floor":27,"turns":6},{"damage":31,"enemies":"Shelled Parasite and Fungi","floor":28,"turns":4},{"damage":11,"enemies":"Gremlin Leader","floor":29,"turns":1}],"seed_played":"-8489014473776023393","potions_obtained":[{"floor":1,"key":"PowerPotion"},{"floor":11,"key":"Explosive Potion"},{"floor":16,"key":"PowerPotion"},{"floor":18,"key":"LiquidMemories"},{"floor":19,"key":"AttackPotion"},{"floor":27,"key":"Swift Potion"}],"is_trial":false,"path_per_floor":["M","M","M","$","?","R","E","R","T","E","M","M","T","E","R","B",null,"M","M","?","M","$","R","M","R","T","E","M","E"],"character_chosen":"THE_SERVANT","items_purchased":["PrismaticShard","Revamp","Potential","Panache","RealityMarble"],"campfire_rested":2,"item_purchase_floors":[4,4,4,22,22],"current_hp_per_floor":[64,56,56,56,56,56,58,58,58,43,39,25,25,8,30,29,75,57,46,46,49,49,49,22,44,44,27,6,0,0],"gold":93,"neow_bonus":"HUNDRED_GOLD","is_daily":false,"chose_seed":false,"campfire_upgraded":2,"win_rate":0.0,"timestamp":1608442253,"path_taken":["M","?","M","$","?","R","E","R","T","E","M","M","?","E","R","BOSS","M","M","?","?","$","R","M","R","T","E","M","E"],"items_purchased_type":["Relic","Card","Card","Card","Card"],"build_version":"2020-12-13","purchased_purges":0,"victory":false,"max_hp_per_floor":[65,65,65,65,65,65,75,75,75,75,75,75,75,75,75,75,75,75,75,75,75,75,75,75,75,75,72,72,72,72],"relic_stats":{"Happy Flower":[15],"counters":[16,96],"Bird Faced Urn":[62],"obtain_stats":[{"Anchor":13,"Pear":7,"Happy Flower":14,"Bird Faced Urn":9,"MysterySword":17,"Uniform":0,"HollowMod:PaleOreRelic":10,"Toxic Egg 2":26,"PrismaticShard":4,"HollowMod:StagPassRelic":27},{"Anchor":7,"Pear":4,"Happy Flower":8,"Bird Faced Urn":4,"MysterySword":9,"Uniform":0,"HollowMod:PaleOreRelic":5,"Toxic Egg 2":13,"PrismaticShard":3,"HollowMod:StagPassRelic":14},{"Anchor":39,"Pear":16,"Happy Flower":49,"Bird Faced Urn":16,"MysterySword":60,"Uniform":0,"HollowMod:PaleOreRelic":28,"Toxic Egg 2":85,"PrismaticShard":11,"HollowMod:StagPassRelic":91}]},"card_choices":[{"not_picked":["WasteNot","Starlight"],"picked":"Rewind","floor":1},{"not_picked":["SurpressingFire","Potential"],"picked":"SilverBlades","floor":2},{"not_picked":["TimeWarp","Potential"],"picked":"Moondial","floor":3},{"not_picked":["Flex","Infinite Blades"],"picked":"stsjorbsmod:HoldMonster","floor":7},{"not_picked":["TheCursedMod:RapidMovement","Eviscerate"],"picked":"HollowMod:LifebloodCocoon","floor":10},{"not_picked":["hermit:WideOpen","HollowMod:VengefulVoid"],"picked":"stsjorbsmod:Panic","floor":11},{"not_picked":["stsjorbsmod:FaerieFire","Clash"],"picked":"hierophant:Doubloon","floor":12},{"not_picked":["Steam","hermit:HoleUp"],"picked":"A Thousand Cuts","floor":14},{"not_picked":["stsjorbsmod:WastingForm","Bullet Time"],"picked":"HollowMod:SlysStrikes","floor":16},{"not_picked":["hierophant:PassingBell","Steam"],"picked":"HollowMod:TaintedHusks+1","floor":18},{"not_picked":["stsjorbsmod:TrueStrike","Trip"],"picked":"Static Discharge","floor":19},{"not_picked":["Mayhem","Hologram"],"picked":"hierophant:Upheaval+1","floor":21},{"not_picked":["Flame Barrier","BottledTime+1"],"picked":"stsjorbsmod:Prestidigitation+1","floor":24},{"not_picked":["MoonPhase","Dash"],"picked":"stsjorbsmod:DisguiseSelf+1","floor":27},{"not_picked":["TheCursedMod:CursedBlade+1","Havoc+1"],"picked":"hierophant:Chorus+1","floor":28}],"player_experience":448141,"relics_obtained":[{"floor":7,"key":"Pear"},{"floor":9,"key":"Bird Faced Urn"},{"floor":10,"key":"HollowMod:PaleOreRelic"},{"floor":13,"key":"Anchor"},{"floor":14,"key":"Happy Flower"},{"floor":26,"key":"Toxic Egg 2"},{"floor":27,"key":"HollowMod:StagPassRelic"}],"event_choices":[{"damage_healed":0,"gold_gain":0,"player_choice":"Left Gold","damage_taken":0,"max_hp_gain":0,"max_hp_loss":0,"event_name":"World of Goop","floor":5,"gold_loss":27},{"damage_healed":0,"gold_gain":0,"player_choice":"Bet on Owner","damage_taken":0,"max_hp_gain":0,"max_hp_loss":0,"event_name":"The Joust","floor":20,"gold_loss":50}],"is_beta":false,"boss_relics":[{"not_picked":["Runic Pyramid","Empty Cage"],"picked":"MysterySword"}],"items_purged_floors":[],"is_endless":false,"potions_floor_spawned":[1,11,16,18,19,27],"killed_by":"Gremlin Leader","ascension_level":0}}