{"host":"1cmq7b0pfn5kc3i5","time":1608440457,"event":{"mods":["AchievementEnabler","Aspiration","Bard","BaseMod","Beaked The Cultist","Better Altar","Better Match","Better Note","Better Sensory Stone","Better Skull","Better Third Choice","BetterRewards","CCEM","Clawfect","Colored Map","Conspire","Downfall","GifTheSpireLib","Halation","Hermit","Highlight Path","Hubris","Hunter ??","Infinite Spire","Jedi Mod","Jorbs\u0027s Wanderer Trilogy","Mad Scientist","Marisa????????","Mimic Mod","Minty Spire (QoL Compilation)","Permanent Neow","Replay The Spire","Shade Mod","Shop Mod","Spicy Shops","StSLib","Stuff the Spire","The Administrix","The Blackbeard","The Bug Knight","The Construct","The Cursed","The Disciple","The Gatherer","The Hierophant","The Jungle","The Mystic","The Necromancer","The Problem Sleuth","The Runesmith","The Servant 0.9.4","The Spell Scribe","The Witch","Unceasing Turn Reminder","everything is the same but u backflip on backflip","slay the spire mod where everything is the same but ironclad has a cowboy hat"],"gold_per_floor":[111,111,111,111,129,129,45,55,100,131,232,246,63,76,76,189,189,211,211,211,12,26,67,73,73,73],"floor_reached":24,"playtime":2534,"items_purged":[],"score":214,"play_id":"578f82e3-cdd5-4f7c-bc23-64af63a438db","local_time":"20201220000057","is_ascension_mode":false,"campfire_choices":[{"data":"blackbeard:Spear","floor":6,"key":"SMITH"},{"floor":15,"key":"REST"}],"circlet_count":0,"master_deck":["blackbeard:BlackbeardStrike","blackbeard:BlackbeardStrike","blackbeard:BlackbeardStrike","blackbeard:BlackbeardStrike","blackbeard:IntimidatingStrike","blackbeard:BlackbeardDefend","blackbeard:BlackbeardDefend","blackbeard:BlackbeardDefend","blackbeard:BlackbeardDefend","blackbeard:Cutlass","blackbeard:RearmingStrike","Madness+1","Replay:SS_fish_1+1","expansioncontent:PrepareCrush+1","blackbeard:Spear+1","Replay:SS_forest_2","blackbeard:GoldenRain","blackbeard:ArmorUp","blackbeard:GoldenStrike","blackbeard:Fencing","blackbeard:FieryDefense+1","blackbeard:DeadlyArsenal","Wraith Form v2","blackbeard:TerrorOfTheSeas","Shame","blackbeard:JollyRoger+1","blackbeard:DoubleBottom","blackbeard:BeatUp","blackbeard:InfiniteBarrage+1"],"relics":["blackbeard:LoadTheCannons","aspiration:Nostalgia","StuffTheSpire:OccultApparatus","jedi:cryingmask","CCEMRelics:JestersCrown","Torii","halation:IllGainedPizza","hubris:CrackedHourglass","theJungle:PaperFaux","infinitespire:PuzzleCube","blackbeard:Spearhead"],"acts_visited":["Exordium","Exordium"],"potions_floor_usage":[11,16,16],"damage_taken":[{"damage":2,"enemies":"2 Louse","floor":1,"turns":2},{"damage":0,"enemies":"Small Slimes","floor":5,"turns":2},{"damage":21,"enemies":"infinitespire:Voidling","floor":8,"turns":3},{"damage":4,"enemies":"HollowMod:MossKnight","floor":10,"turns":8},{"damage":11,"enemies":"3 Sentries","floor":11,"turns":5},{"damage":0,"enemies":"3 Louse","floor":12,"turns":2},{"damage":8,"enemies":"Blue Slaver","floor":14,"turns":4},{"damage":26,"enemies":"The Guardian","floor":16,"turns":9},{"damage":13,"enemies":"Shell Parasite","floor":18,"turns":4},{"damage":9,"enemies":"theJungle:GiantWrat","floor":22,"turns":5},{"damage":43,"enemies":"Nightmare","floor":23,"turns":8},{"damage":21,"enemies":"theJungle:SlimyTreeVines","floor":24,"turns":4}],"seed_played":"6656464493001003735","potions_obtained":[{"floor":5,"key":"SneckoOil"},{"floor":8,"key":"Slimebound:ThreeZeroPotion"},{"floor":10,"key":"ColorlessPotion"},{"floor":16,"key":"SteroidPotion"}],"is_trial":false,"path_per_floor":["M","?","?","?","M","R","$","M","T","E","?","M","$","M","R","B",null,"M","?","?","$","M","NM","M"],"character_chosen":"BLACKBEARD_CLASS","items_purchased":["Replay:SS_forest_2","halation:IllGainedPizza","blackbeard:FieryDefense+1","blackbeard:JollyRoger+1","blackbeard:DoubleBottom","infinitespire:PuzzleCube"],"campfire_rested":1,"item_purchase_floors":[7,13,13,21,21,21],"current_hp_per_floor":[73,73,73,78,78,78,78,57,57,53,42,42,42,34,58,32,80,67,67,67,67,58,15,0,0,0],"gold":73,"neow_bonus":"NOSTALGIA","is_daily":false,"chose_seed":false,"campfire_upgraded":1,"win_rate":0.0,"timestamp":1608440457,"path_taken":["M","?","?","?","?","R","$","?","T","E","?","M","?","M","R","BOSS","M","?","?","$","?","NM","M"],"items_purchased_type":["Card","Relic","Card","Card","Card","Relic"],"build_version":"2020-12-13","purchased_purges":0,"victory":false,"max_hp_per_floor":[75,75,75,80,80,80,80,80,80,80,80,80,80,80,80,80,80,80,80,80,80,80,80,80,80,80],"card_choices":[{"not_picked":["blackbeard:GhostInTheRum","ThirdEye"],"picked":"blackbeard:RearmingStrike","floor":1},{"not_picked":["expansioncontent:Chronoboost+1","expansioncontent:CaCaw+1"],"picked":"Madness+1","floor":3},{"not_picked":["expansioncontent:TimeRipple+1","StuffTheSpire:FreeRealEstate+1"],"picked":"Replay:SS_fish_1+1","floor":3},{"not_picked":["Replay:Bootleg Shield Generator+1","expansioncontent:FaceSlap+1"],"picked":"expansioncontent:PrepareCrush+1","floor":3},{"not_picked":["Crescendo","ClearTheMind"],"picked":"blackbeard:Spear","floor":5},{"not_picked":["Outmaneuver","SashWhip"],"picked":"blackbeard:GoldenRain","floor":8},{"not_picked":["blackbeard:Scrap","EmptyMind"],"picked":"blackbeard:ArmorUp","floor":10},{"not_picked":["blackbeard:CloakAndCannonball","blackbeard:SwordDance"],"picked":"blackbeard:GoldenStrike","floor":11},{"not_picked":["Sanctity","ThirdEye"],"picked":"blackbeard:Fencing","floor":12},{"not_picked":["blackbeard:WoodenLeg","Crescendo"],"picked":"blackbeard:DeadlyArsenal","floor":14},{"not_picked":["blackbeard:UndeadForm","blackbeard:GoldenRain"],"picked":"Wraith Form v2","floor":16},{"not_picked":["blackbeard:TacticalRetreat+1","blackbeard:Anchor"],"picked":"blackbeard:TerrorOfTheSeas","floor":18},{"not_picked":["blackbeard:GoldenStrike","blackbeard:FieryDefense"],"picked":"blackbeard:BeatUp","floor":22},{"not_picked":["blackbeard:DoubleBottom+1","blackbeard:GhostInTheRum"],"picked":"blackbeard:InfiniteBarrage+1","floor":23}],"player_experience":27143,"relics_obtained":[{"floor":9,"key":"jedi:cryingmask"},{"floor":10,"key":"CCEMRelics:JestersCrown"},{"floor":11,"key":"Torii"},{"floor":23,"key":"blackbeard:Spearhead"}],"event_choices":[{"damage_healed":0,"gold_gain":0,"player_choice":"3","damage_taken":0,"max_hp_gain":0,"max_hp_loss":0,"event_name":"betterMatch:BetterMatch","floor":3,"gold_loss":0,"cards_obtained":["betterMatch:ColorlessUncommonCard"]},{"damage_healed":0,"gold_gain":0,"player_choice":"Donut","damage_taken":0,"max_hp_gain":5,"max_hp_loss":0,"event_name":"Big Fish","floor":4,"gold_loss":0},{"damage_healed":0,"gold_gain":0,"player_choice":"Searched \u00271\u0027 times","damage_taken":0,"max_hp_gain":0,"max_hp_loss":0,"event_name":"Dead Adventurer","floor":11,"gold_loss":0},{"cards_removed":["expansioncontent:PrepareCrush"],"damage_healed":0,"gold_gain":0,"player_choice":"Give","damage_taken":0,"max_hp_gain":0,"max_hp_loss":0,"event_name":"betterNote:BetterNote","floor":19,"gold_loss":0,"cards_obtained":["Strike_R"]}],"is_beta":false,"boss_relics":[{"not_picked":["halation:Prosthetics","Busted Crown"],"picked":"hubris:CrackedHourglass"}],"items_purged_floors":[],"is_endless":true,"potions_floor_spawned":[5,8,10,16],"killed_by":"theJungle:SlimyTreeVines","ascension_level":0}}