{"host":"1sep654oresgee70","time":1608497073,"event":{"mods":["2.2 Compatiblity","Aspiration","BaseMod","Better Altar","Better Match","Better Note","Better Sensory Stone","Better Skull","Better Third Choice","Better Vampires","Better-Laid Plans","BetterRewards","Block Reminder","Conspire","Displayed Cursed Tome","Gold Saver","Hubris","Infinite Spire","Minty Spire (QoL Compilation)","Potion Indicator Mod","Quick Restart","Red Circlet Mod","Replay The Spire","Shop Mod","Spicy Shops","StSLib","The Blue Laboratory","Thieving Mod","Transform Curses","Unceasing Turn Reminder","UnlockEverythingMod"],"gold_per_floor":[114,114,114,129,144,144,174,174,199,229,41,71,71,7,70,170,170,185,9,284,284,299,329,329,329,329,6,36,9,39,19,19,120,120,143,168,168,68,5,5,54,156,156,19,19,19,52,70,70,194,194,232,256,256,279,279,279,259,302,352,10,22,22,5,5],"floor_reached":64,"playtime":3358,"items_purged":["Burn"],"score":1199,"play_id":"f1648d3b-49b2-41bf-bbf8-913a4311bce6","local_time":"20201220214433","daily_mods":["Specialized","Flight","Terminal"],"is_ascension_mode":false,"campfire_choices":[{"data":"Crippling Poison","floor":6,"key":"SMITH"},{"floor":8,"key":"REST"},{"data":"Crippling Poison","floor":13,"key":"SMITH"},{"floor":24,"key":"REST"},{"data":"Bullet Time","floor":25,"key":"SMITH"},{"floor":32,"key":"REST"},{"floor":40,"key":"REST"},{"floor":46,"key":"REST"},{"floor":49,"key":"REST"},{"floor":57,"key":"REST"},{"data":"infinitespire:Fortify","floor":63,"key":"SMITH"}],"circlet_count":0,"master_deck":["Strike_G","Strike_G","Strike_G+1","Strike_G","Strike_G","Defend_G","Defend_G","Defend_G","Defend_G","Defend_G","Survivor","Neutralize","Crippling Poison+1","Crippling Poison+1","Crippling Poison","Crippling Poison+1","Crippling Poison+1","Outmaneuver","Bane","PiercingWail","Sucker Punch+1","Backflip","Crippling Poison","Escape Plan","Bullet Time+1","Flying Knee+1","Bane","Regret","Bane+1","conspire:PoisonWeapons","Doubt","Bandage Up","Prepared","Noxious Fumes","Dash","conspire:DoublingDagger","ReplayTheSpireMod:Scrap Shanks+1","Masterful Stab","aspiration:Lunge","FollowUp+1","conspire:SpireCoStock","conspire:SpireCoStock","conspire:PoisonWeapons","ReplayTheSpireMod:The Works","infinitespire:Starlight","After Image","infinitespire:Fortify+1","Dagger Spray","Bane","Discovery","Underhanded Strike","Evaluate","Secret Technique","hubris:TrickCloak","LikeWater","ReplayTheSpireMod:Black Plague","ReplayTheSpireMod:Chaos Vortex","ReplayTheSpireMod:The Works+1","Infinite Blades","Poison Darts","Cloak And Dagger","Flying Knee","FollowUp","ReplayTheSpireMod:From All Sides","Dagger Throw","Swivel","DeceiveReality","CutThroughFate","Pray","Poisoned Stab+1","ClearTheMind","ClearTheMind","Protect"],"relics":["PureWater","infinitespire:Cubic Diamond","conspire:DecoderRing","Whetstone","Lantern","TwistedFunnel","Bag of Preparation","Lizard Tail","hubris:RunicObelisk","Membership Card","conspire:GlowingRock","Letter Opener","aspiration:HummingbirdHeart","hubris:Potato","Regal Pillow","Lee\u0027s Waffle","ReplayFunnel","Sling","Pocketwatch","Pear","infinitespire:EvilPickle","aspiration:WatcherSkillbook","aspiration:ChemicalBlood","Ring of Fury","Ring of Misfortune","Counterbalance","hubris:MedicalManual","Replay:Baseball","BargainBundle","Medical Kit","infinitespire:Lychee Nut","SacredBark","War Paint","Potion Belt","Blue Doll","Replay:Wax Seal","Mummified Hand","Orrery","hubris:Metronome"],"acts_visited":["Exordium","TheCity","TheBeyond","Exordium"],"potions_floor_usage":[7,10,12,30,33,35,42,42,42,42,48,50,52,53,59],"damage_taken":[{"damage":0,"enemies":"conspire:RoseBush","floor":1,"turns":4},{"damage":0,"enemies":"Small Slimes","floor":4,"turns":3},{"damage":0,"enemies":"Jaw Worm","floor":5,"turns":4},{"damage":12,"enemies":"Replay:BlueRogue","floor":7,"turns":6},{"damage":4,"enemies":"Lagavulin","floor":10,"turns":6},{"damage":4,"enemies":"Gremlin Nob","floor":12,"turns":4},{"damage":49,"enemies":"Slime Boss","floor":16,"turns":13},{"damage":8,"enemies":"Shell Parasite","floor":18,"turns":5},{"damage":0,"enemies":"2 Thieves","floor":22,"turns":3},{"damage":12,"enemies":"conspire:SneckoGhost","floor":23,"turns":6},{"damage":18,"enemies":"Nightmare","floor":28,"turns":7},{"damage":6,"enemies":"conspire:Head Lice","floor":30,"turns":4},{"damage":37,"enemies":"Pondfish","floor":33,"turns":11},{"damage":12,"enemies":"3 Darklings","floor":35,"turns":4},{"damage":21,"enemies":"Nightmare","floor":41,"turns":8},{"damage":2,"enemies":"infinitespire:Three Voidlings","floor":42,"turns":3},{"damage":52,"enemies":"Nightmare_Alpha","floor":42,"turns":12},{"damage":0,"enemies":"3 Shapes","floor":47,"turns":4},{"damage":0,"enemies":"Spire Growth","floor":48,"turns":4},{"damage":5,"enemies":"Donu and Deca","floor":50,"turns":10},{"damage":0,"enemies":"Jaw Worm","floor":52,"turns":2},{"damage":0,"enemies":"2 Louse","floor":53,"turns":1},{"damage":0,"enemies":"Small Slimes","floor":55,"turns":2},{"damage":0,"enemies":"Nightmare","floor":59,"turns":1},{"damage":0,"enemies":"3 Louse","floor":62,"turns":1},{"damage":13,"enemies":"Large Slime","floor":64,"turns":3}],"seed_played":"4005297234989847306","potions_obtained":[{"floor":1,"key":"PowerPotion"},{"floor":5,"key":"blueLaboratory:NullPotion"},{"floor":7,"key":"blueLaboratory:ArtistsPotion"},{"floor":12,"key":"Venom Potion"},{"floor":30,"key":"Strength Potion"},{"floor":33,"key":"blueLaboratory:SavagePotion"},{"floor":50,"key":"GamblersBrew"},{"floor":50,"key":"blueLaboratory:NullPotion"},{"floor":55,"key":"Strength Potion"},{"floor":58,"key":"blueLaboratory:ForbiddenFruitJuice"},{"floor":59,"key":"blueLaboratory:NinjaPotion"},{"floor":62,"key":"blueLaboratory:BottledHope"}],"is_trial":false,"path_per_floor":["M","?","?","M","M","R","E","R","T","E","$","E","R","?","R","B",null,"M","$","?","AVR","M","E","R","R","T","$","NM","$","E","$","R","B",null,"M","T","?","?","$","R","NM","?","T","$","AVR","R","M","M","R","B",null,"M","M","AVR","M","?","R","?","NM","T","$","M","R","M"],"character_chosen":"THE_SILENT","items_purchased":["TwistedFunnel","Crippling Poison","Membership Card","Bane","hubris:Potato","Regal Pillow","Lee\u0027s Waffle","ReplayFunnel","Sling","Bandage Up","Prepared","Dash","conspire:DoublingDagger","Masterful Stab","conspire:PoisonWeapons","ReplayTheSpireMod:The Works","BargainBundle","Bane","SkillPotion","Discovery","Underhanded Strike","Evaluate","Medical Kit","Secret Technique","hubris:TrickCloak","LikeWater","Replay:Wax Seal","Mummified Hand","Orrery","hubris:Metronome","Poisoned Stab+1","ClearTheMind"],"campfire_rested":7,"item_purchase_floors":[11,11,19,19,27,27,27,27,27,27,27,29,29,31,39,39,44,44,44,44,44,44,44,44,44,44,61,61,61,61,61,61],"current_hp_per_floor":[68,67,66,65,64,63,51,61,60,56,56,52,52,52,52,3,52,44,44,44,44,44,32,45,44,43,49,31,31,39,39,54,17,52,40,40,40,40,40,46,25,22,22,22,22,29,28,27,26,21,24,23,22,21,20,17,18,17,16,15,14,13,12,0,0],"gold":5,"neow_bonus":"","is_daily":true,"chose_seed":false,"campfire_upgraded":4,"win_rate":0.0,"timestamp":1608497073,"path_taken":["M","?","?","?","?","R","E","R","T","E","$","E","R","?","R","BOSS","M","?","?","AVR","?","E","R","R","T","$","NM","?","E","$","R","BOSS","M","?","?","?","$","R","NM","?","T","?","AVR","R","M","M","R","BOSS","M","?","AVR","?","?","R","?","NM","T","$","M","R","?"],"items_purchased_type":["Relic","Card","Relic","Card","Relic","Relic","Relic","Relic","Relic","Card","Card","Card","Card","Card","Card","Card","Relic","Card","Potion","Card","Card","Card","Relic","Card","Card","Card","Relic","Relic","Relic","Relic","Card","Card"],"build_version":"2020-12-13","purchased_purges":1,"victory":false,"max_hp_per_floor":[68,67,66,65,64,63,62,61,60,59,58,57,56,55,54,53,52,51,50,49,48,47,46,45,44,43,49,48,47,56,55,54,53,52,51,50,49,48,47,46,45,44,43,42,30,29,28,27,26,25,24,23,22,21,20,19,18,17,16,15,14,13,12,12,12],"card_choices":[{"not_picked":["Hidden Blade","Dagger Throw"],"picked":"Outmaneuver","floor":1},{"not_picked":["Heel Hook","PiercingWail"],"picked":"Bane","floor":4},{"not_picked":["hubris:TrickCloak","Prepared"],"picked":"PiercingWail","floor":5},{"not_picked":["Phantasmal Killer","Dagger Throw"],"picked":"Sucker Punch","floor":7},{"not_picked":["Flying Knee","Fluid Movement"],"picked":"Backflip","floor":10},{"not_picked":["Hidden Blade","Draining Mist"],"picked":"Escape Plan","floor":12},{"not_picked":["Malaise","Atom Bomb"],"picked":"Bullet Time","floor":16},{"not_picked":["Deadly Poison","Dodge and Roll+1"],"picked":"Flying Knee+1","floor":18},{"not_picked":["Blade Dance","hubris:Counter"],"picked":"Bane+1","floor":22},{"not_picked":["Dagger Spray","Poisoned Stab"],"picked":"conspire:PoisonWeapons","floor":23},{"not_picked":["Dodge and Roll","Tactician+1"],"picked":"Noxious Fumes","floor":28},{"not_picked":["Poisoned Stab","Sneak Up"],"picked":"ReplayTheSpireMod:Scrap Shanks+1","floor":30},{"not_picked":["Burst","Grand Finale"],"picked":"aspiration:Lunge","floor":33},{"not_picked":["Flying Knee","Crescendo","ReplayTheSpireMod:Exploit Weakness"],"picked":"FollowUp+1","floor":35},{"not_picked":["ReplayTheSpireMod:Echoes of Time","infinitespire:Execution"],"picked":"infinitespire:Starlight","floor":41},{"not_picked":["Blur","Quick Slash","Replay:AtTheReady"],"picked":"After Image","floor":41},{"not_picked":["infinitespire:Collect","ReplayTheSpireMod:Echoes of Time"],"picked":"infinitespire:Fortify","floor":42},{"not_picked":["Night Terror","hubris:SlightOfHand+1","Setup+1"],"picked":"Dagger Spray","floor":42},{"not_picked":["WreathOfFlame+1","Backflip","hubris:SlightOfHand+1"],"picked":"ReplayTheSpireMod:The Works+1","floor":47},{"not_picked":["Escape Plan+1","Protect","Quick Slash+1"],"picked":"Infinite Blades","floor":48},{"not_picked":["Burst","Wish","aspiration:Lunge"],"picked":"Poison Darts","floor":50},{"not_picked":["Fasting2","Crippling Poison","ReachHeaven"],"picked":"Cloak And Dagger","floor":52},{"not_picked":["Setup","JustLucky","ClearTheMind"],"picked":"Flying Knee","floor":53},{"not_picked":["EmptyBody","Acrobatics","Protect"],"picked":"FollowUp","floor":55},{"not_picked":["Adaptation","Outmaneuver","ReplayTheSpireMod:Tripwire"],"picked":"ReplayTheSpireMod:From All Sides","floor":59},{"not_picked":["DeusExMachina","Backflip","Expertise"],"picked":"Dagger Throw","floor":61},{"not_picked":["Setup","Terror","Leg Sweep"],"picked":"Swivel","floor":61},{"not_picked":["JustLucky","infinitespire:Neurotoxin","PiercingWail"],"picked":"DeceiveReality","floor":61},{"not_picked":["Concentrate","ReplayTheSpireMod:Tripwire","Reflex"],"picked":"CutThroughFate","floor":61},{"not_picked":["ThirdEye","Replay:ManipulateFuture","DeceiveReality"],"picked":"Pray","floor":61},{"not_picked":["EmptyFist","Underhanded Strike","hubris:SlightOfHand"],"picked":"Protect","floor":62}],"player_experience":2301574,"relics_obtained":[{"floor":7,"key":"conspire:DecoderRing"},{"floor":9,"key":"Whetstone"},{"floor":10,"key":"Lantern"},{"floor":12,"key":"Bag of Preparation"},{"floor":23,"key":"Letter Opener"},{"floor":26,"key":"aspiration:HummingbirdHeart"},{"floor":28,"key":"Pocketwatch"},{"floor":30,"key":"Pear"},{"floor":36,"key":"aspiration:ChemicalBlood"},{"floor":37,"key":"Ring of Fury"},{"floor":37,"key":"Ring of Misfortune"},{"floor":41,"key":"Counterbalance"},{"floor":42,"key":"hubris:MedicalManual"},{"floor":43,"key":"Replay:Baseball"},{"floor":59,"key":"Potion Belt"},{"floor":60,"key":"Blue Doll"}],"event_choices":[{"damage_healed":67,"gold_gain":0,"player_choice":"Embrace Burn","damage_taken":0,"max_hp_gain":0,"max_hp_loss":67,"event_name":"betterThird:BetterShining","floor":3,"gold_loss":0},{"damage_healed":0,"gold_gain":0,"player_choice":"Paid Gold","damage_taken":0,"relics_obtained":["Lizard Tail"],"max_hp_gain":0,"max_hp_loss":0,"event_name":"WeMeetAgain","floor":14,"gold_loss":64},{"damage_healed":0,"gold_gain":275,"player_choice":"Desecrate","damage_taken":0,"max_hp_gain":0,"max_hp_loss":0,"event_name":"Golden Shrine","floor":20,"gold_loss":0,"cards_obtained":["Regret"]},{"damage_healed":0,"gold_gain":0,"player_choice":"Invest 2","damage_taken":0,"max_hp_gain":0,"max_hp_loss":0,"event_name":"conspire:Investor","floor":38,"gold_loss":0},{"damage_healed":0,"gold_gain":1,"player_choice":"Relic ","damage_taken":3,"max_hp_gain":0,"max_hp_loss":0,"event_name":"betterThird:BetterScrap","floor":56,"gold_loss":0,"cards_obtained":["Impervious"]},{"damage_healed":0,"gold_gain":0,"player_choice":"Bought 1 Potion","damage_taken":0,"max_hp_gain":0,"max_hp_loss":0,"event_name":"The Woman in Blue","floor":58,"gold_loss":0}],"is_beta":false,"boss_relics":[{"not_picked":["Runic Pyramid","Ectoplasm"],"picked":"hubris:RunicObelisk"},{"not_picked":["Honey Jar","Replay:Drink Me"],"picked":"aspiration:WatcherSkillbook"},{"not_picked":["Coffee Dripper","Black Star"],"picked":"SacredBark"}],"items_purged_floors":[44],"is_endless":true,"potions_floor_spawned":[1,5,7,12,30,33,47,48,50,55,59,62],"killed_by":"Large Slime","ascension_level":0}}