{"host":"kmq7aw60w430zvtx","time":1608490434,"event":{"mods":["BaseMod","Downfall","GifTheSpireLib","Hermit","Hubris","Minty Spire (QoL Compilation)","Replay The Spire","StSLib","The Construct","The Cursed","The Hierophant","The Jungle","The Necromancer","The Runesmith"],"gold_per_floor":[111,111,76,95,111,111,146,146,228,256,256,356,368,378,378,481,481,493,493,153,167,13,13,13,13],"floor_reached":24,"playtime":1020,"items_purged":[],"score":255,"play_id":"07c997a3-9e51-4c57-b0be-3f4ab9c9b5a9","local_time":"20201220195354","is_ascension_mode":true,"campfire_choices":[{"data":"Infinite Blades","floor":6,"key":"SMITH"},{"data":"Terror","floor":8,"key":"SMITH"},{"floor":15,"key":"RECALL"},{"data":"Mayhem","floor":23,"key":"SMITH"}],"circlet_count":0,"master_deck":["Strike_G","Strike_G","Strike_G","Strike_G","Strike_G","Defend_G","Defend_G","Defend_G","Defend_G","Defend_G","Survivor","Neutralize","Slice","Infinite Blades+1","Infinite Blades","Blade Dance","Terror+1","Blade Dance","Venomology","Backflip","Storm of Steel","Poisoned Stab","Mayhem+1","Deflect"],"relics":["Ring of the Snake","MealTicket","Blood Vial","Cursed Key","Oddly Smooth Stone","Gremlin Food"],"acts_visited":["Exordium","TheCity"],"potions_floor_usage":[10,14,16,16,16,21,21,24,24],"damage_taken":[{"damage":1,"enemies":"Small Slimes","floor":1,"turns":5},{"damage":2,"enemies":"Jaw Worm","floor":4,"turns":5},{"damage":0,"enemies":"2 Louse","floor":5,"turns":3},{"damage":23,"enemies":"Lagavulin","floor":7,"turns":6},{"damage":17,"enemies":"3 Sentries","floor":10,"turns":4},{"damage":4,"enemies":"Red Slaver","floor":13,"turns":3},{"damage":1,"enemies":"3 Louse","floor":14,"turns":3},{"damage":3,"enemies":"Hexaghost","floor":16,"turns":8},{"damage":8,"enemies":"Shell Parasite","floor":18,"turns":5},{"damage":13,"enemies":"2 Thieves","floor":21,"turns":4},{"damage":81,"enemies":"Gremlin Leader","floor":24,"turns":4}],"seed_played":"138807451533946796","potions_obtained":[{"floor":7,"key":"Death Potion"},{"floor":10,"key":"EssenceOfSteel"},{"floor":14,"key":"champ:CounterPotion"},{"floor":16,"key":"SkillPotion"}],"is_trial":false,"path_per_floor":["M","?","?","M","M","R","E","R","T","E","?","?","M","M","R","B",null,"M","?","$","M","$","R","E"],"character_chosen":"THE_SILENT","items_purchased":["Mayhem","Oddly Smooth Stone","Gremlin Food"],"campfire_rested":0,"item_purchase_floors":[20,20,22],"current_hp_per_floor":[76,76,77,75,75,75,52,52,52,35,60,60,58,59,59,58,72,66,66,77,64,77,77,0,0],"gold":13,"neow_bonus":"TEN_PERCENT_HP_BONUS","is_daily":false,"chose_seed":false,"campfire_upgraded":3,"win_rate":0.0,"timestamp":1608490434,"path_taken":["M","?","?","M","M","R","E","R","T","E","?","?","M","?","R","BOSS","M","?","$","M","$","R","E"],"items_purchased_type":["Card","Relic","Relic"],"build_version":"2020-12-13","purchased_purges":0,"victory":false,"max_hp_per_floor":[77,77,77,77,77,77,77,77,77,77,77,77,77,77,77,77,77,77,77,77,77,77,77,77,77],"card_choices":[{"not_picked":["Blade Dance","Dodge and Roll"],"picked":"Slice","floor":1},{"not_picked":["Finisher","Deflect"],"picked":"Infinite Blades","floor":4},{"not_picked":["Draining Mist","Outmaneuver"],"picked":"Blade Dance","floor":5},{"not_picked":["hubris:Counter","Dagger Spray"],"picked":"Terror","floor":7},{"not_picked":["Quick Slash","Backflip"],"picked":"Blade Dance","floor":10},{"not_picked":["Cloak And Dagger","Dagger Spray"],"picked":"Venomology","floor":13},{"not_picked":["Sucker Punch","Blade Dance"],"picked":"Backflip","floor":14},{"not_picked":["Burst","ReplayTheSpireMod:Necrosis"],"picked":"Storm of Steel","floor":16},{"not_picked":["Sneak Up","Underhanded Strike"],"picked":"Poisoned Stab","floor":18},{"not_picked":["Flying Knee+1","Terror"],"picked":"Deflect","floor":21}],"player_experience":241428,"relics_obtained":[{"floor":7,"key":"MealTicket"},{"floor":10,"key":"Blood Vial"}],"event_choices":[{"damage_healed":19,"gold_gain":0,"player_choice":"Healed","damage_taken":0,"max_hp_gain":0,"max_hp_loss":0,"event_name":"The Cleric","floor":3,"gold_loss":35},{"damage_healed":25,"gold_gain":0,"player_choice":"Banana","damage_taken":0,"max_hp_gain":0,"max_hp_loss":0,"event_name":"Big Fish","floor":11,"gold_loss":0},{"damage_healed":0,"gold_gain":100,"player_choice":"Gold","damage_taken":0,"max_hp_gain":0,"max_hp_loss":0,"event_name":"Wheel of Change","floor":12,"gold_loss":0}],"is_beta":false,"boss_relics":[{"not_picked":["Replay:Grab Bag","Busted Crown"],"picked":"Cursed Key"}],"items_purged_floors":[],"is_endless":false,"potions_floor_spawned":[7,10,14,16],"killed_by":"Gremlin Leader","ascension_level":5}}