{"host":"a5e2zwd8c2ad7the","time":1608429754,"event":{"mods":["BaseMod","Colored Map","Colored Powertips","Highlight Path","Minty Spire (QoL Compilation)","Quick Restart","Rare Cards Sparkle","Replay The Spire","StSLib"],"gold_per_floor":[118,118,128,138,152,152,186,186,213,18,32,98,127,142,142,243,243,263,263,276,476,495,495,529,529,529,529,541,567,567,567],"floor_reached":30,"playtime":900,"items_purged":[],"score":305,"play_id":"f5e7f4c3-a6d7-4c1b-8e65-4c8d0fad1f7c","local_time":"20201220100234","is_ascension_mode":false,"campfire_choices":[{"data":"Poisoned Stab","floor":6,"key":"SMITH"},{"data":"Neutralize","floor":8,"key":"SMITH"},{"floor":15,"key":"REST"},{"data":"After Image","floor":23,"key":"SMITH"},{"data":"Atom Bomb","floor":25,"key":"SMITH"},{"data":"Prepared","floor":27,"key":"SMITH"}],"circlet_count":0,"master_deck":["Strike_G","Strike_G","Strike_G","Strike_G","Strike_G","Defend_G","Defend_G","Defend_G","Defend_G","Survivor","Neutralize+1","Dash","Footwork","Poisoned Stab+1","Atom Bomb+1","Flying Knee","Underhanded Strike","Prepared+1","Deadly Poison","After Image+1","Bane","Cloak And Dagger","Dagger Throw","All Out Attack","Predator","ReplayTheSpireMod:Tripwire"],"relics":["Ring of the Serpent","NeowsBlessing","Lantern","PreservedInsect","TwistedFunnel","Happy Flower","Bronze Scales","Incense Burner","Replay:Accelerometer"],"acts_visited":["Exordium","TheCity"],"potions_floor_usage":[16,16],"damage_taken":[{"damage":0,"enemies":"2 Louse","floor":1,"turns":1},{"damage":0,"enemies":"Cultist","floor":3,"turns":1},{"damage":0,"enemies":"Small Slimes","floor":4,"turns":1},{"damage":12,"enemies":"Looter","floor":5,"turns":4},{"damage":28,"enemies":"Gremlin Nob","floor":7,"turns":4},{"damage":3,"enemies":"Gremlin Gang","floor":11,"turns":3},{"damage":4,"enemies":"Lagavulin","floor":13,"turns":2},{"damage":0,"enemies":"2 Fungi Beasts","floor":14,"turns":2},{"damage":15,"enemies":"The Guardian","floor":16,"turns":7},{"damage":19,"enemies":"2 Thieves","floor":18,"turns":3},{"damage":0,"enemies":"Shell Parasite","floor":20,"turns":3},{"damage":1,"enemies":"Cultist and Chosen","floor":22,"turns":6},{"damage":4,"enemies":"Book of Stabbing","floor":24,"turns":3},{"damage":17,"enemies":"Centurion and Healer","floor":28,"turns":4},{"damage":16,"enemies":"Slavers","floor":29,"turns":3},{"damage":19,"enemies":"Sentry and Sphere","floor":30,"turns":3}],"seed_played":"1762684523974920288","potions_obtained":[{"floor":5,"key":"SpeedPotion"},{"floor":11,"key":"Milkshake"},{"floor":13,"key":"Poison Potion"},{"floor":14,"key":"Swift Potion"},{"floor":16,"key":"Poison Potion"},{"floor":22,"key":"BlessingOfTheForge"}],"is_trial":false,"path_per_floor":["M","?","M","M","M","R","E","R","T","$","M","?","E","M","R","B",null,"M","?","M","?","M","R","E","R","T","R","M","E","M"],"character_chosen":"THE_SILENT","items_purchased":["TwistedFunnel","Flying Knee"],"campfire_rested":1,"item_purchase_floors":[10,10],"current_hp_per_floor":[70,70,70,70,58,58,30,30,30,30,27,27,23,23,44,29,70,51,51,51,51,50,50,46,46,46,46,29,13,0,0],"gold":567,"neow_bonus":"THREE_ENEMY_KILL","is_daily":false,"chose_seed":false,"campfire_upgraded":5,"win_rate":0.0,"timestamp":1608429754,"path_taken":["M","?","M","?","M","R","E","R","T","$","M","?","E","M","R","BOSS","M","?","M","?","?","R","E","R","T","R","M","E","M"],"items_purchased_type":["Relic","Card"],"build_version":"2020-12-13","purchased_purges":0,"victory":false,"max_hp_per_floor":[70,70,70,70,70,70,70,70,70,70,70,70,70,70,70,70,70,70,70,70,70,70,70,70,70,70,70,70,70,70,70],"card_choices":[{"not_picked":["Deflect","Acrobatics"],"picked":"Dash","floor":1},{"not_picked":["Leg Sweep","Reflex","PiercingWail"],"picked":"SKIP","floor":3},{"not_picked":["Flying Knee","Prepared"],"picked":"Footwork","floor":4},{"not_picked":["Blade Dance","Leg Sweep"],"picked":"Poisoned Stab","floor":5},{"not_picked":["Reflex","Cloak And Dagger"],"picked":"Atom Bomb","floor":7},{"not_picked":["Deflect","Outmaneuver"],"picked":"Underhanded Strike","floor":11},{"not_picked":["Slice","Sucker Punch"],"picked":"Prepared","floor":13},{"not_picked":["Sucker Punch","Leg Sweep"],"picked":"Deadly Poison","floor":14},{"not_picked":["Storm of Steel","ReplayTheSpireMod:Necrosis"],"picked":"After Image","floor":16},{"not_picked":["Acrobatics+1","Flying Knee"],"picked":"Bane","floor":18},{"not_picked":["Bane+1","Glass Knife"],"picked":"Cloak And Dagger","floor":20},{"not_picked":["Dodge and Roll+1","Underhanded Strike+1"],"picked":"Dagger Throw","floor":22},{"not_picked":["Prepared","Calculated Gamble"],"picked":"All Out Attack","floor":24},{"not_picked":["Prepared","Blade Dance"],"picked":"Predator","floor":28},{"not_picked":["Acrobatics","Quick Slash"],"picked":"ReplayTheSpireMod:Tripwire","floor":29}],"player_experience":26086,"relics_obtained":[{"floor":7,"key":"Lantern"},{"floor":9,"key":"PreservedInsect"},{"floor":13,"key":"Happy Flower"},{"floor":24,"key":"Bronze Scales"},{"floor":26,"key":"Incense Burner"},{"floor":29,"key":"Replay:Accelerometer"}],"event_choices":[{"cards_removed":["Defend_G"],"damage_healed":0,"gold_gain":0,"player_choice":"Offered Basic","damage_taken":0,"max_hp_gain":0,"max_hp_loss":0,"event_name":"Bonfire Elementals","floor":2,"gold_loss":0},{"damage_healed":0,"gold_gain":66,"player_choice":"Gained Gold","damage_taken":0,"max_hp_gain":0,"max_hp_loss":0,"event_name":"Golden Wing","floor":12,"gold_loss":0},{"damage_healed":0,"gold_gain":0,"player_choice":"Ignored","damage_taken":0,"max_hp_gain":0,"max_hp_loss":0,"event_name":"Vampires","floor":19,"gold_loss":0},{"damage_healed":0,"gold_gain":200,"player_choice":"Gold","damage_taken":0,"max_hp_gain":0,"max_hp_loss":0,"event_name":"Wheel of Change","floor":21,"gold_loss":0}],"is_beta":false,"boss_relics":[{"not_picked":["Sozu","Cursed Key"],"picked":"Ring of the Serpent"}],"items_purged_floors":[],"is_endless":false,"potions_floor_spawned":[5,11,13,14,16,22],"killed_by":"Sentry and Sphere","ascension_level":0}}