{"host":"njruw0b0uprlitpx","time":1608452407,"event":{"mods":["2.2 Compatiblity","Astrologer","BaseMod","Better Altar","Better Note","Better Sensory Stone","Better Skull","Better Third Choice","BetterRewards","Block Reminder","Colored Map","Colored Powertips","Hermit","Jedi Mod","Keyboard Shortcuts","Minty Spire (QoL Compilation)","Quick Restart","Relic Stats","Replay The Spire","SacredBarkPlus","Spicy Shops","StSLib","SuperFastMode","The Blackbeard","The Bug Knight","The Construct","The Evolution","The Forsaken","The Mystic","The Problem Sleuth","The Runesmith","The Spell Scribe","Wandering Minibosses"],"gold_per_floor":[113,113,73,90,102,32,32,64,64,83,112,35,35,45,45,142,142,54,54,75,93,143,70,70,105,130,197,0,50,100,113,113,211,211,224,274,34,45,45,71,71,91,91,91,91,91,117,127,14,26,26,26],"floor_reached":53,"playtime":9207,"items_purged":["Writhe","CommonCold","HollowMod:NailStrikeStart","HollowMod:QuickDashStart"],"score":1251,"play_id":"a7052db4-2cdf-4c51-9afd-aa9f20bae5f5","local_time":"20201220022007","is_ascension_mode":true,"campfire_choices":[{"floor":7.0,"key":"REST"},{"data":"HollowMod:FastStrike","floor":13,"key":"SMITH"},{"floor":15,"key":"REST"},{"data":"HollowMod:BlackTendrils","floor":24,"key":"SMITH"},{"data":"HollowMod:FocusHealStart","floor":32,"key":"SMITH"},{"data":"HollowMod:BlackTendrils","floor":41,"key":"SMITH"},{"data":"HollowMod:RecoilStrike","floor":46,"key":"SMITH"},{"data":"HollowMod:SiblingsShadow","floor":51,"key":"SMITH"}],"circlet_count":0,"master_deck":["HollowMod:NailStrikeStart","HollowMod:NailStrikeStart","HollowMod:QuickDashStart","HollowMod:QuickDashStart","HollowMod:QuickDashStart","HollowMod:FocusHealStart+1","HollowMod:PogoStrike","HollowMod:HeavyBlow+1","HollowMod:AbyssShriek+1","HollowMod:FastStrike+1","Master of Strategy","ReplayTheSpireMod:Private Reserves","Replay:Parry","Madness","HollowMod:SiblingsShadow+1","HollowMod:WraithStrike","HollowMod:WraithStrike","HollowMod:ShadowDash+1","HollowMod:Weaversong+1","HollowMod:VengefulVoid+1","HollowMod:BlackTendrils+1","HollowMod:VoidDash+1","HollowMod:RecoilStrike+1","HollowMod:BlackTendrils+1","HollowMod:SoulMaster+1","AbeCurse","HollowMod:ShadowDash","HollowMod:VoidDash+1","HollowMod:BlackTendrils+1","HollowMod:DescendingDark+1","HollowMod:VengefulVoid","HollowMod:PerfectDash+1","HollowMod:PerfectDash+1","HollowMod:LifebloodCore+1"],"relics":["HollowMod:VesselMask","HollowMod:QueensCombRelic","Replay:Wax Seal","Guide Book","jedi:firstaidkit","ReplayTheSpireMod:ShopPack","Dead Branch","jedi:Pinwheel","Golden Egg","Bird Faced Urn","Membership Card","Runic Dome","SsserpentHead","ReplayTheSpireMod:CursedCoin","Mango","Replay:Baseball","Snack Pack","Toy Ornithopter","Brimstone","Enchiridion","Abe\u0027s Treasure","DollysMirror","Bottled Tornado","jedi:matchstick","Nunchaku","Lizard Tail"],"acts_visited":["Exordium","TheCity","TheBeyond"],"potions_floor_usage":[11,16,21,23,23,27,40,48,50,52,52,52],"damage_taken":[{"damage":0.0,"enemies":"2 Louse","floor":1.0,"turns":1.0},{"damage":0.0,"enemies":"Cultist","floor":4.0,"turns":2.0},{"damage":0.0,"enemies":"Small Slimes","floor":5.0,"turns":2.0},{"damage":26.0,"enemies":"Lagavulin","floor":6.0,"turns":4.0},{"damage":1.0,"enemies":"Gremlin Nob","floor":8.0,"turns":3.0},{"damage":0,"enemies":"Looter","floor":10,"turns":1},{"damage":12,"enemies":"Lagavulin","floor":11,"turns":3},{"damage":9,"enemies":"3 Louse","floor":14,"turns":2},{"damage":0,"enemies":"Slime Boss","floor":16,"turns":5},{"damage":0,"enemies":"Spheric Guardian","floor":18,"turns":3},{"damage":15,"enemies":"3 Byrds","floor":21,"turns":3},{"damage":13,"enemies":"Gremlin Leader","floor":23,"turns":4},{"damage":20,"enemies":"Book of Stabbing","floor":25,"turns":3},{"damage":7,"enemies":"Snecko","floor":27,"turns":3},{"damage":0,"enemies":"Chosen and Byrds","floor":31,"turns":3},{"damage":48,"enemies":"Automaton","floor":33,"turns":5},{"damage":17,"enemies":"Orb Walker","floor":35,"turns":2},{"damage":0,"enemies":"3 Darklings","floor":38,"turns":2},{"damage":0,"enemies":"Nemesis","floor":40,"turns":3},{"damage":0,"enemies":"Transient","floor":42,"turns":5},{"damage":29,"enemies":"Giant Head","floor":47,"turns":4},{"damage":43,"enemies":"Writhing Mass","floor":48,"turns":2},{"damage":23,"enemies":"3 Darklings","floor":50,"turns":3},{"damage":28,"enemies":"Awakened One","floor":52,"turns":5}],"seed_played":"-1928180760979852314","potions_obtained":[{"floor":3.0,"key":"Regen Potion"},{"floor":3.0,"key":"PowerPotion"},{"floor":3.0,"key":"Venom Potion"},{"floor":6.0,"key":"ColorlessPotion"},{"floor":10,"key":"LiquidBronze"},{"floor":11,"key":"Explosive Potion"},{"floor":14,"key":"SteroidPotion"},{"floor":16,"key":"Languid Potion"},{"floor":21,"key":"SkillPotion"},{"floor":25,"key":"jedi:wingpotion"},{"floor":33,"key":"jedi:StrikingPotion"},{"floor":40,"key":"DistilledChaos"},{"floor":48,"key":"Explosive Potion"},{"floor":50,"key":"Cursed Concoction"}],"is_trial":false,"path_per_floor":["M","$","?","M","M","E","R","E","T","M","E","$","R","M","R","B",null,"M","?","$","M","?","E","R","E","T","M","?","?","?","M","R","B",null,"M","?","$","M","$","E","R","M","T","PTL","PTL","R","E","M","$","M","R","B",null],"character_chosen":"THE_BUGKNIGHT","items_purchased":["Replay:Wax Seal","HollowMod:HeavyBlow","HollowMod:AbyssShriek","Guide Book","jedi:firstaidkit","HollowMod:FastStrike","ReplayTheSpireMod:ShopPack","Membership Card","HollowMod:ShadowDash","ReplayTheSpireMod:CursedCoin","Mango","HollowMod:VengefulVoid","DollysMirror","PowerPotion","Flashbang","HollowMod:PerfectDash","Lizard Tail"],"campfire_rested":2,"item_purchase_floors":[0,0,0,0,0,0,0,12,12,20,20,20,37,37,37,49,49],"current_hp_per_floor":[50,50,50,50,50,30,45,49,49,50,38,38,38,33,48,50,50,50,50,64,50,50,54,54,44,44,59,59,59,43,64,64,41,64,47,63,63,64,64,64,64,64,64,64,64,64,64,43,43,52,52,64],"gold":26,"neow_bonus":"","is_daily":false,"chose_seed":false,"campfire_upgraded":6,"win_rate":0.0,"timestamp":1608452407,"path_taken":["M","$","?","M","?","E","R","E","T","M","E","$","R","M","R","BOSS","M","?","$","M","?","E","R","E","T","?","?","?","?","M","R","BOSS","M","?","$","M","$","E","R","M","T","PTL","PTL","R","E","M","$","M","R","BOSS"],"items_purchased_type":["Relic","Card","Card","Relic","Relic","Card","Relic","Relic","Card","Relic","Relic","Card","Relic","Potion","Potion","Card","Relic"],"build_version":"2020-12-13","purchased_purges":4,"victory":true,"max_hp_per_floor":[50,50,50,50,50,50,50,50,50,50,50,50,50,50,50,50,50,50,50,64,64,64,64,64,64,64,64,64,64,64,64,64,64,64,64,64,64,64,64,64,64,64,64,64,64,64,64,64,64,64,64,64],"relic_stats":{"SsserpentHead":300,"Nunchaku":[2],"Lizard Tail":0,"counters":[24,73],"Dead Branch":[110],"Bird Faced Urn":[18],"obtain_stats":[{"Golden Egg":9,"Enchiridion":30,"HollowMod:VesselMask":0,"Mango":20,"jedi:Pinwheel":8,"Bottled Tornado":40,"SsserpentHead":19,"Nunchaku":47,"Lizard Tail":49,"jedi:firstaidkit":0,"DollysMirror":37,"jedi:matchstick":43,"Replay:Wax Seal":0,"HollowMod:QueensCombRelic":0,"ReplayTheSpireMod:CursedCoin":20,"Guide Book":0,"Dead Branch":6,"Runic Dome":17,"Replay:Baseball":23,"Brimstone":28,"Bird Faced Urn":11,"Snack Pack":25,"Membership Card":12,"jedi:command_shop":28,"theForsaken:JudgementScales":0,"Toy Ornithopter":26,"Abe\u0027s Treasure":34,"ReplayTheSpireMod:ShopPack":0},{"Golden Egg":5,"Enchiridion":14,"HollowMod:VesselMask":0,"Mango":10,"jedi:Pinwheel":5,"Bottled Tornado":19,"SsserpentHead":10,"Nunchaku":21,"Lizard Tail":22,"jedi:firstaidkit":0,"DollysMirror":17,"jedi:matchstick":20,"Replay:Wax Seal":0,"HollowMod:QueensCombRelic":0,"ReplayTheSpireMod:CursedCoin":10,"Guide Book":0,"Dead Branch":4,"Runic Dome":9,"Replay:Baseball":12,"Brimstone":14,"Bird Faced Urn":7,"Snack Pack":13,"Membership Card":7,"jedi:command_shop":14,"theForsaken:JudgementScales":0,"Toy Ornithopter":13,"Abe\u0027s Treasure":16,"ReplayTheSpireMod:ShopPack":0},{"Golden Egg":12,"Enchiridion":39,"HollowMod:VesselMask":0,"Mango":26,"jedi:Pinwheel":12,"Bottled Tornado":54,"SsserpentHead":26,"Nunchaku":63,"Lizard Tail":65,"jedi:firstaidkit":0,"DollysMirror":49,"jedi:matchstick":59,"Replay:Wax Seal":0,"HollowMod:QueensCombRelic":0,"ReplayTheSpireMod:CursedCoin":26,"Guide Book":0,"Dead Branch":9,"Runic Dome":23,"Replay:Baseball":33,"Brimstone":39,"Bird Faced Urn":16,"Snack Pack":36,"Membership Card":16,"jedi:command_shop":39,"theForsaken:JudgementScales":0,"Toy Ornithopter":36,"Abe\u0027s Treasure":47,"ReplayTheSpireMod:ShopPack":0}],"Toy Ornithopter":18},"card_choices":[{"not_picked":["HandOfGreed","Thinking Ahead"],"picked":"Master of Strategy","floor":0.0},{"not_picked":["ReplayTheSpireMod:Uncanny Aura","Survey Options"],"picked":"ReplayTheSpireMod:Private Reserves","floor":0.0},{"not_picked":["HandOfGreed","Survey Options"],"picked":"Replay:Parry","floor":0.0},{"not_picked":["HollowMod:VengefulSpirit","HollowMod:TaintedHusks","HollowMod:HowlingWraiths"],"picked":"SKIP","floor":1.0},{"not_picked":["HollowMod:Grubsong","HollowMod:InfectedCysts"],"picked":"HollowMod:SiblingsShadow","floor":4.0},{"not_picked":["HollowMod:SharpenedNail","HollowMod:VengefulSpirit","HollowMod:LifebloodCocoon"],"picked":"SKIP","floor":5.0},{"not_picked":["HollowMod:InfectedCysts","HollowMod:RecoilStrike"],"picked":"HollowMod:WraithStrike","floor":6.0},{"not_picked":["HollowMod:AwokenDreamNail","HollowMod:BaldurShell","HollowMod:DreamGate"],"picked":"SKIP","floor":8.0},{"not_picked":["HollowMod:QuirrelsAssistance","HollowMod:MonarchWings"],"picked":"HollowMod:WraithStrike","floor":10},{"not_picked":["HollowMod:SoulStrike","HollowMod:GoodIntentions","HollowMod:SoulEater"],"picked":"SKIP","floor":11},{"not_picked":["HollowMod:HeavyBlow","HollowMod:DesolateDive","HollowMod:BaldurShell"],"picked":"SKIP","floor":14},{"not_picked":["HollowMod:ZotesMagnificence","HollowMod:Hiveblood"],"picked":"HollowMod:Weaversong","floor":16},{"not_picked":["HollowMod:CycloneSlash","HollowMod:InfectedCysts","HollowMod:DashSlash+1"],"picked":"SKIP","floor":18},{"not_picked":["HollowMod:GreatSlash","HollowMod:SharpenedShadows"],"picked":"HollowMod:BlackTendrils","floor":21},{"not_picked":["HollowMod:SoulSplash","HollowMod:SiblingsSouls+1"],"picked":"HollowMod:VoidDash","floor":23},{"not_picked":["HollowMod:SoulEater","HollowMod:SoulVessel"],"picked":"HollowMod:RecoilStrike","floor":25},{"not_picked":["HollowMod:Grubsong","HollowMod:InfectionAssault+1","HollowMod:CornifersMapStart"],"picked":"SKIP","floor":27},{"not_picked":["HollowMod:QuirrelsAssistance","HollowMod:InfectedCysts","HollowMod:GoodIntentions"],"picked":"SKIP","floor":31},{"not_picked":["HollowMod:theNailsmith","HollowMod:HerrahsAnger"],"picked":"HollowMod:SoulMaster","floor":33},{"not_picked":["HollowMod:FastStrike+1","HollowMod:NewJinnsSoul"],"picked":"HollowMod:ShadowDash","floor":35},{"not_picked":["HollowMod:SharpenedNail+1","HollowMod:DescendingDark+1"],"picked":"HollowMod:BlackTendrils+1","floor":38},{"not_picked":["HollowMod:NewLittleFool","HollowMod:NewGlowingWomb+1","HollowMod:SharpenedNail"],"picked":"SKIP","floor":40},{"not_picked":["HollowMod:TaintedHusks+1","HollowMod:PureNailStrike"],"picked":"HollowMod:DescendingDark+1","floor":42},{"not_picked":["HollowMod:NewLittleFool+1","HollowMod:NewJinnsSoul+1","HollowMod:MantisMark+1"],"picked":"SKIP","floor":47},{"not_picked":["HollowMod:HeavyBlow","HollowMod:NewJinnsSoul+1"],"picked":"HollowMod:VengefulVoid","floor":48},{"not_picked":["HollowMod:CrystalDash","HollowMod:DoubleDash+1"],"picked":"HollowMod:LifebloodCore","floor":50}],"player_experience":1816384,"relics_obtained":[{"floor":6.0,"key":"Dead Branch"},{"floor":8.0,"key":"jedi:Pinwheel"},{"floor":9.0,"key":"Golden Egg"},{"floor":11,"key":"Bird Faced Urn"},{"floor":23,"key":"Replay:Baseball"},{"floor":25,"key":"Snack Pack"},{"floor":26,"key":"Toy Ornithopter"},{"floor":30,"key":"Enchiridion"},{"floor":40,"key":"Bottled Tornado"},{"floor":43,"key":"jedi:matchstick"},{"floor":47,"key":"Nunchaku"}],"event_choices":[{"damage_healed":0.0,"max_hp_gain":0.0,"max_hp_loss":0.0,"gold_gain":0.0,"event_name":"The Woman in Blue","player_choice":"Bought 3 Potions","floor":3.0,"gold_loss":0.0,"damage_taken":0.0},{"damage_healed":0,"gold_gain":0,"player_choice":"Trade","damage_taken":0,"relics_obtained":["SsserpentHead"],"max_hp_gain":0,"max_hp_loss":0,"event_name":"FaceTrader","floor":19,"gold_loss":0},{"cards_removed":["HollowMod:NailStrikeStart"],"damage_healed":0,"gold_gain":0,"player_choice":"Offered Basic","damage_taken":0,"max_hp_gain":0,"max_hp_loss":0,"event_name":"Bonfire Elementals","floor":22,"gold_loss":0},{"damage_healed":0,"gold_gain":0,"player_choice":"Read","damage_taken":0,"max_hp_gain":0,"max_hp_loss":0,"event_name":"The Library","floor":29,"gold_loss":0,"cards_obtained":["HollowMod:BlackTendrils"]},{"damage_healed":0,"gold_gain":0,"player_choice":"Obtained Book","damage_taken":16,"max_hp_gain":0,"max_hp_loss":0,"event_name":"Cursed Tome","floor":30,"gold_loss":0}],"is_beta":false,"boss_relics":[{"not_picked":["Runic Pyramid","Honey Jar"],"picked":"Runic Dome"},{"not_picked":["Velvet Choker","Tiny House"],"picked":"Abe\u0027s Treasure"}],"items_purged_floors":[0,20,37,49],"is_endless":false,"potions_floor_spawned":[6,10,11,14,16,21,25,33,40,48,50],"ascension_level":3}}