{"host":"sav7uxregyirlf69","time":1608455284,"event":{"mods":["AchievementEnabler","BaseMod","Colored Map","DeckTracker","Keyboard Shortcuts","Minty Spire (QoL Compilation)","READ ME - Guardian Mod","StSLib","SuperFastMode"],"gold_per_floor":[109,121,46,46,57,84,9,9,9,9,9,9,44,63,63,140,140,156,173,173,189,201,201,201,201],"floor_reached":24,"playtime":750,"items_purged":["Strike_R"],"score":412,"play_id":"778000a5-f95e-4407-a7fc-ea651bb8f282","local_time":"20201220180804","is_ascension_mode":true,"campfire_choices":[{"data":"Battle Trance","floor":8,"key":"SMITH"},{"data":"Uppercut","floor":10,"key":"SMITH"},{"data":"Metallicize","floor":12,"key":"SMITH"},{"data":"Body Slam","floor":15,"key":"SMITH"},{"data":"Entrench","floor":23,"key":"SMITH"}],"circlet_count":0,"master_deck":["AscendersBane","Defend_R","Defend_R","Defend_R","Bash","Juggernaut","Clothesline","Armaments+1","Uppercut+1","Metallicize+1","Battle Trance+1","Body Slam+1","Shrug It Off","Impervious","Entrench+1","Ghostly","Ghostly","Ghostly","Warcry","Seeing Red"],"relics":["Burning Blood","Pantograph","The Courier","Red Skull","Empty Cage"],"acts_visited":["Exordium","TheCity"],"potions_floor_usage":[6,13,16,16,16,21],"damage_taken":[{"damage":16,"enemies":"Jaw Worm","floor":1,"turns":4},{"damage":1,"enemies":"2 Louse","floor":2,"turns":4},{"damage":4,"enemies":"Small Slimes","floor":5,"turns":7},{"damage":25,"enemies":"Lagavulin","floor":6,"turns":8},{"damage":25,"enemies":"3 Sentries","floor":13,"turns":8},{"damage":4,"enemies":"Exordium Thugs","floor":14,"turns":5},{"damage":43,"enemies":"Slime Boss","floor":16,"turns":9},{"damage":23,"enemies":"2 Thieves","floor":18,"turns":5},{"damage":10,"enemies":"Shell Parasite","floor":19,"turns":7},{"damage":12,"enemies":"Chosen and Byrds","floor":21,"turns":7},{"damage":12,"enemies":"Sentry and Sphere","floor":22,"turns":9},{"damage":26,"enemies":"Book of Stabbing","floor":24,"turns":4}],"seed_played":"8555695523655600167","potions_obtained":[{"floor":1,"key":"BloodPotion"},{"floor":5,"key":"SpeedPotion"},{"floor":6,"key":"PowerPotion"},{"floor":13,"key":"EntropicBrew"},{"floor":16,"key":"Fire Potion"},{"floor":21,"key":"Fruit Juice"}],"is_trial":false,"path_per_floor":["M","M","?","?","M","E","$","R","T","R","$","R","E","M","R","B",null,"M","M","?","M","M","R","E"],"character_chosen":"IRONCLAD","items_purchased":[],"campfire_rested":0,"item_purchase_floors":[],"current_hp_per_floor":[58,63,63,63,65,59,59,59,59,59,59,59,40,42,42,30,59,42,38,34,28,22,22,0,0],"gold":201,"neow_bonus":"TRANSFORM_TWO_CARDS","is_daily":false,"chose_seed":false,"campfire_upgraded":5,"win_rate":0.0,"timestamp":1608455284,"path_taken":["M","M","?","?","M","E","$","R","T","R","?","R","E","M","R","BOSS","M","M","?","M","M","R","E"],"items_purchased_type":[],"build_version":"2020-12-13","purchased_purges":1,"victory":false,"max_hp_per_floor":[68,68,68,68,68,68,68,68,68,68,68,68,68,68,68,68,68,68,68,34,34,34,34,34,34],"card_choices":[{"not_picked":["Dual Wield","Warcry"],"picked":"Armaments","floor":1},{"not_picked":["Body Slam","Battle Trance"],"picked":"Uppercut","floor":2},{"not_picked":["Dark Embrace","Disarm"],"picked":"Metallicize","floor":5},{"not_picked":["Armaments","Clothesline"],"picked":"Battle Trance","floor":6},{"not_picked":["Havoc","Pommel Strike"],"picked":"Body Slam","floor":13},{"not_picked":["Inflame","Twin Strike"],"picked":"Shrug It Off","floor":14},{"not_picked":["Corruption","Reaper"],"picked":"Impervious","floor":16},{"not_picked":["Wild Strike+1","Havoc+1","True Grit"],"picked":"SKIP","floor":18},{"not_picked":["Rampage","Ghostly Armor"],"picked":"Entrench","floor":19},{"not_picked":["Clothesline","Blood for Blood+1"],"picked":"Warcry","floor":21},{"not_picked":["Iron Wave","Havoc"],"picked":"Seeing Red","floor":22}],"player_experience":966480,"relics_obtained":[{"floor":6,"key":"Pantograph"},{"floor":9,"key":"The Courier"},{"floor":13,"key":"Red Skull"}],"event_choices":[{"cards_removed":["Strike_R"],"damage_healed":0,"gold_gain":0,"player_choice":"Card Removal","damage_taken":0,"max_hp_gain":0,"max_hp_loss":0,"event_name":"The Cleric","floor":3,"gold_loss":75},{"damage_healed":0,"gold_gain":0,"player_choice":"Grow","damage_taken":0,"max_hp_gain":0,"max_hp_loss":0,"event_name":"Living Wall","floor":4,"gold_loss":0,"cards_upgraded":["Armaments"]},{"damage_healed":0,"gold_gain":0,"player_choice":"Became a Ghost","damage_taken":0,"max_hp_gain":0,"max_hp_loss":34,"event_name":"Ghosts","floor":20,"gold_loss":0,"cards_obtained":["Ghostly","Ghostly","Ghostly"]}],"is_beta":false,"boss_relics":[{"not_picked":["Ectoplasm","Fusion Hammer"],"picked":"Empty Cage"}],"items_purged_floors":[7],"is_endless":false,"potions_floor_spawned":[1,5,6,13,16,21],"killed_by":"Book of Stabbing","ascension_level":20}}