{"host":"rolltorest","time":1608507331,"event":{"mods":["BaseMod","Minty Spire (QoL Compilation)","StSLib"],"gold_per_floor":[110,110,3,3,13,13,42,42,42,42,62,77,94,121,121,121,121],"floor_reached":16,"playtime":325,"items_purged":[],"score":270,"play_id":"ef72c2b7-b8bc-47b0-9b53-4beddba1802a","local_time":"20201220153531","is_ascension_mode":true,"campfire_choices":[{"data":"Noxious Fumes","floor":6,"key":"SMITH"},{"data":"Crippling Poison","floor":10,"key":"SMITH"},{"data":"All Out Attack","floor":15,"key":"SMITH"}],"circlet_count":0,"master_deck":["AscendersBane","Strike_G","Strike_G","Strike_G","Strike_G+1","Strike_G","Defend_G","Defend_G","Defend_G","Defend_G","Defend_G+1","Survivor","Neutralize","Dagger Spray+1","Noxious Fumes+1","Poisoned Stab","PiercingWail","Crippling Poison+1","All Out Attack+1","Footwork","Bullet Time"],"relics":["Ring of the Snake","NeowsBlessing","Blood Vial","Sundial","The Courier"],"acts_visited":["Exordium"],"potions_floor_usage":[12,14,14,16],"damage_taken":[{"damage":0,"enemies":"Small Slimes","floor":1,"turns":1},{"damage":0,"enemies":"2 Louse","floor":5,"turns":1},{"damage":0,"enemies":"Lagavulin","floor":7,"turns":1},{"damage":0,"enemies":"Cultist","floor":11,"turns":3},{"damage":4,"enemies":"Exordium Thugs","floor":12,"turns":3},{"damage":17,"enemies":"Large Slime","floor":13,"turns":7},{"damage":3,"enemies":"Gremlin Nob","floor":14,"turns":3},{"damage":23,"enemies":"Slime Boss","floor":16,"turns":8}],"seed_played":"-5855099899576903542","potions_obtained":[{"floor":5,"key":"SmokeBomb"},{"floor":8,"key":"LiquidMemories"},{"floor":8,"key":"GamblersBrew"},{"floor":11,"key":"Poison Potion"},{"floor":12,"key":"Poison Potion"},{"floor":14,"key":"DistilledChaos"}],"is_trial":false,"path_per_floor":["M","?","$","?","M","R","E","?","T","R","M","M","M","E","R","B"],"character_chosen":"THE_SILENT","items_purchased":["Noxious Fumes","Poisoned Stab"],"campfire_rested":0,"item_purchase_floors":[3,3],"current_hp_per_floor":[59,39,39,39,39,39,39,39,39,39,41,39,24,23,23,2,2],"gold":121,"neow_bonus":"THREE_ENEMY_KILL","is_daily":false,"chose_seed":false,"campfire_upgraded":3,"win_rate":0.0,"timestamp":1608507331,"path_taken":["M","?","$","?","M","R","E","?","T","R","M","M","?","E","R","BOSS"],"items_purchased_type":["Card","Card"],"build_version":"2020-12-18","purchased_purges":0,"victory":false,"max_hp_per_floor":[66,66,66,66,66,66,66,66,66,66,66,66,66,66,66,66,66],"card_choices":[{"not_picked":["Backflip","Concentrate"],"picked":"Dagger Spray","floor":1},{"not_picked":["Eviscerate","Poisoned Stab"],"picked":"PiercingWail","floor":5},{"not_picked":["Predator","Riddle With Holes"],"picked":"Crippling Poison","floor":7},{"not_picked":["Heel Hook","Acrobatics"],"picked":"All Out Attack","floor":11},{"not_picked":["Expertise","Reflex"],"picked":"Footwork","floor":12},{"not_picked":["Deadly Poison","Quick Slash","Dagger Throw"],"picked":"SKIP","floor":13},{"not_picked":["Underhanded Strike","Dodge and Roll"],"picked":"Bullet Time","floor":14}],"player_experience":1691952,"relics_obtained":[{"floor":7,"key":"Blood Vial"},{"floor":9,"key":"Sundial"},{"floor":14,"key":"The Courier"}],"event_choices":[{"damage_healed":0,"gold_gain":0,"player_choice":"Entered Light","damage_taken":20,"max_hp_gain":0,"max_hp_loss":0,"event_name":"Shining Light","floor":2,"gold_loss":0,"cards_upgraded":["Defend_G","Strike_G"]},{"damage_healed":0,"gold_gain":0,"player_choice":"Grow","damage_taken":0,"max_hp_gain":0,"max_hp_loss":0,"event_name":"Living Wall","floor":4,"gold_loss":0,"cards_upgraded":["Dagger Spray"]},{"damage_healed":0,"gold_gain":0,"player_choice":"Got Potions","damage_taken":0,"max_hp_gain":0,"max_hp_loss":0,"event_name":"Lab","floor":8,"gold_loss":0}],"is_beta":true,"boss_relics":[],"items_purged_floors":[],"is_endless":false,"potions_floor_spawned":[5,11,12,14],"killed_by":"Slime Boss","ascension_level":20}}