{"host":"Nazu","time":1608492365,"event":{"mods":["BaseMod","Downfall","Minty Spire (QoL Compilation)","StSLib"],"gold_per_floor":[99,99,132,132,132,57,132,145,145,179,179,196,188,188,215,215,215],"floor_reached":16,"playtime":1006,"items_purged":[],"score":131,"play_id":"50cce3c6-4f49-4e03-8b25-d0fedaa6f855","local_time":"20201220162605","is_ascension_mode":false,"campfire_choices":[{"floor":1,"key":"RECALL"},{"data":"hexamod:EtherealExpedition","floor":6,"key":"SMITH"},{"data":"hexamod:SpectersWail","floor":9,"key":"SMITH"}],"circlet_count":0,"master_deck":["hexamod:Strike","hexamod:Strike","hexamod:Strike","hexamod:Defend","hexamod:Defend","hexamod:Defend","hexamod:Defend","hexamod:Sear","hexamod:Float","hexamod:NightmareStrike","hexamod:SpectersWail+1","hexamod:EtherealExpedition+1","hexamod:FirstSeal","hexamod:FourthSeal","hexamod:NecessarySacrifice","hexamod:SecondSeal","hexamod:SpectersWail"],"relics":["hexamod:SpiritBrand","downfall:HeartsMalice","Art of War","downfall:BrokenWingStatue","downfall:HeartBlessingRed","InkBottle","Matryoshka"],"acts_visited":["Exordium"],"potions_floor_usage":[16,16],"damage_taken":[{"damage":0,"enemies":"Cultist","floor":2,"turns":1},{"damage":0,"enemies":"Gremlin Nob","floor":3,"turns":1},{"damage":0,"enemies":"Jaw Worm","floor":4,"turns":1},{"damage":0,"enemies":"2 Louse","floor":8,"turns":1},{"damage":4,"enemies":"3 Sentries","floor":10,"turns":8},{"damage":1,"enemies":"Blue Slaver","floor":12,"turns":3},{"damage":0,"enemies":"Large Slime","floor":15,"turns":3},{"damage":75,"enemies":"downfall:Defect","floor":16,"turns":6}],"seed_played":"-5027027992891921130","potions_obtained":[{"floor":8,"key":"GamblersBrew"},{"floor":10,"key":"SmokeBomb"},{"floor":12,"key":"Block Potion"},{"floor":15,"key":"Ancient Potion"}],"is_trial":false,"path_per_floor":["R","M","E","M","?","R","T","M","R","E","?","M","?","?","M","B"],"character_chosen":"THE_SPIRIT","items_purchased":[],"campfire_rested":0,"item_purchase_floors":[],"current_hp_per_floor":[70,70,70,70,70,70,70,70,70,70,70,70,70,75,75,0,0],"gold":215,"neow_bonus":"THREE_ENEMY_KILL","is_daily":false,"chose_seed":false,"campfire_upgraded":2,"win_rate":0.0,"timestamp":1608492365,"path_taken":["R","M","E","?","?","R","T","M","R","E","?","M","?","?","M","BOSS"],"items_purchased_type":[],"build_version":"2020-12-18","purchased_purges":0,"victory":false,"max_hp_per_floor":[70,70,70,70,70,70,70,70,70,70,70,70,70,75,75,75,75],"card_choices":[{"not_picked":["hexamod:EtherealExpedition","hexamod:HauntingEcho"],"picked":"hexamod:NightmareStrike","floor":2},{"not_picked":["hexamod:PhantomFireball","hexamod:SwordOfDarkness"],"picked":"hexamod:SpectersWail","floor":3},{"not_picked":["hexamod:AdvancingGuard","hexamod:NightmareStrike"],"picked":"hexamod:EtherealExpedition","floor":4},{"not_picked":["hexamod:InspiringFlames","hexamod:RadiantFlame"],"picked":"hexamod:FirstSeal","floor":8},{"not_picked":["hexamod:VolcanoVisage","hexamod:ExtraCrispy"],"picked":"hexamod:FourthSeal","floor":10},{"not_picked":["hexamod:StepThrough","hexamod:RainOfEmbers"],"picked":"hexamod:NecessarySacrifice","floor":12},{"not_picked":["hexamod:ShieldOfDarkness","hexamod:RainOfEmbers"],"picked":"hexamod:SpectersWail","floor":15}],"player_experience":702874,"relics_obtained":[{"floor":3,"key":"Art of War"},{"floor":7,"key":"InkBottle"},{"floor":10,"key":"Matryoshka"}],"event_choices":[{"damage_healed":0,"gold_gain":0,"player_choice":"Donut","damage_taken":0,"max_hp_gain":5,"max_hp_loss":0,"event_name":"Big Fish","floor":14,"gold_loss":0}],"is_beta":true,"boss_relics":[],"items_purged_floors":[],"is_endless":false,"potions_floor_spawned":[8,10,12],"killed_by":"downfall:Defect","ascension_level":0}}