{"host":"1ivxh6f0wtekmpqo","time":1608450366,"event":{"mods":["AchievementEnabler","BaseMod","Colored Map","Minty Spire (QoL Compilation)","Rare Cards Sparkle","StSLib","SuperFastMode","everything is the same but u backflip on backflip"],"gold_per_floor":[10,10,10,10,22,52,62,62,62,62,62,72,72,88,88,88,88],"floor_reached":16,"playtime":705,"items_purged":[],"score":100,"play_id":"5ba53f9e-4778-42b1-b0b9-78cf512ffd7f","local_time":"20201220154606","is_ascension_mode":false,"campfire_choices":[{"floor":8,"key":"REST"},{"floor":13,"key":"REST"},{"floor":15,"key":"REST"}],"circlet_count":0,"master_deck":["Strike_P","Strike_P","Defend_P","Defend_P","Eruption+1","Vigilance","Halt","CrushJoints","InnerPeace","Fasting2","FollowUp","Consecrate"],"relics":["PureWater","Peace Pipe","Bottled Tornado"],"acts_visited":["Exordium"],"potions_floor_usage":[7,16,16],"damage_taken":[{"damage":4,"enemies":"Small Slimes","floor":1,"turns":5},{"damage":1,"enemies":"2 Louse","floor":5,"turns":2},{"damage":58,"enemies":"3 Sentries","floor":6,"turns":12},{"damage":1,"enemies":"Jaw Worm","floor":7,"turns":5},{"damage":21,"enemies":"Large Slime","floor":12,"turns":4},{"damage":0,"enemies":"Red Slaver","floor":14,"turns":2},{"damage":44,"enemies":"Slime Boss","floor":16,"turns":8}],"seed_played":"3027807483607015437","potions_obtained":[{"floor":6,"key":"DuplicationPotion"},{"floor":7,"key":"Energy Potion"},{"floor":12,"key":"SteroidPotion"}],"is_trial":false,"path_per_floor":["M","$","?","?","M","E","M","R","T","$","?","M","R","M","R","B"],"character_chosen":"WATCHER","items_purchased":[],"campfire_rested":3,"item_purchase_floors":[],"current_hp_per_floor":[68,68,68,61,60,2,1,22,22,22,22,1,22,22,43,0,0],"gold":88,"neow_bonus":"REMOVE_TWO","is_daily":false,"chose_seed":false,"campfire_upgraded":0,"win_rate":0.0,"timestamp":1608450366,"path_taken":["M","$","?","?","M","E","M","R","T","?","?","M","R","M","R","BOSS"],"items_purchased_type":[],"build_version":"2020-12-13","purchased_purges":0,"victory":false,"max_hp_per_floor":[72,72,72,72,72,72,72,72,72,72,72,72,72,72,72,72,72],"card_choices":[{"not_picked":["ClearTheMind","Perseverance"],"picked":"Halt","floor":1},{"not_picked":["WaveOfTheHand","Evaluate"],"picked":"CrushJoints","floor":5},{"not_picked":["Weave","Wallop"],"picked":"InnerPeace","floor":6},{"not_picked":["Vengeance","Perseverance"],"picked":"Fasting2","floor":7},{"not_picked":["JustLucky","CarveReality"],"picked":"FollowUp","floor":12},{"not_picked":["CrushJoints","JustLucky"],"picked":"Consecrate","floor":14}],"player_experience":223445,"relics_obtained":[{"floor":6,"key":"Peace Pipe"},{"floor":9,"key":"Bottled Tornado"}],"event_choices":[{"damage_healed":0,"gold_gain":0,"player_choice":"Grow","damage_taken":0,"max_hp_gain":0,"max_hp_loss":0,"event_name":"Living Wall","floor":3,"gold_loss":0,"cards_upgraded":["Eruption"]},{"cards_removed":["Defend_P"],"damage_healed":0,"gold_gain":0,"player_choice":"Card Removal","damage_taken":7,"max_hp_gain":0,"max_hp_loss":0,"event_name":"Golden Wing","floor":4,"gold_loss":0},{"cards_removed":["Strike_P"],"damage_healed":0,"gold_gain":0,"player_choice":"Purged","damage_taken":0,"max_hp_gain":0,"max_hp_loss":0,"event_name":"Purifier","floor":11,"gold_loss":0}],"is_beta":false,"boss_relics":[],"items_purged_floors":[],"is_endless":false,"potions_floor_spawned":[6,7,12],"killed_by":"Slime Boss","ascension_level":0}}