{"host":"tvisvdzhdjky5zoz","time":1608492542,"event":{"mods":["ATMod(阿瑾Mod)","Alarm Clock","BaseMod","Colored Powertips","Conspire","Library of Ruina","Library of Ruina Extra","Minty Spire (QoL Compilation)","Quick Restart","RumiaBox-露米娅的神秘盒子","Spicy Shops","StSLib","Uncapped","【功能Mod】Neow奖励","【功能Mod】混沌之环修复补丁"],"gold_per_floor":[117,67,77,96,111,111,140,159,159,184,184,184,203,261,261,357,357,372,13,13,13,13,13,23,23,23,23,23,39,54,79,79,178,178,192,192,20,20,35,68,68,87,169,186,255,255,268,279,279,279],"floor_reached":51,"playtime":2660,"items_purged":["LightAttack","LightDefense"],"score":921,"play_id":"a7fd2085-07a0-47b1-bb0e-b895e852de2a","local_time":"20201221032902","is_ascension_mode":true,"campfire_choices":[{"data":"Reload","floor":6,"key":"SMITH"},{"data":"AT_ThistleTea","floor":11,"key":"SMITH"},{"data":"1","floor":15,"key":"LIFT"},{"data":"SilentMist","floor":23,"key":"SMITH"},{"data":"2","floor":27,"key":"LIFT"},{"floor":32,"key":"RECALL"},{"data":"DriedUp","floor":41,"key":"SMITH"},{"data":"BoundaryOfDeath","floor":46,"key":"SMITH"},{"data":"Faith","floor":49,"key":"SMITH"}],"circlet_count":0,"master_deck":["Dodge","LightDefense","LightDefense","LightDefense","ChargeAndCover+1","FocusedStrikes+1","AT_ThistleTea+1","TendonChords","Reload+1","WildCard","CookingPrep+1","Faith+1","SilentMist+1","Preparation","UnforgettableMelody","EndlessBattle","Parry","Riposte","HighSpeedStabbing+1","SilentMist+1","BlazingStrike","CurseOfTheBell","ToOvercomeCrisis+1","SharpenedBlade","DriedUp+1","DesperateStruggle+1","Struggle+1","BoundaryOfDeath+1","HighSpeedStabbing"],"relics":["PageOfLibrarian","AT_ATBox","Vajra","Mercury Hourglass","AT_TimeSand","Whetstone","Girya","Runic Pyramid","PageOfPinocchio","MutagenicStrength","PageOfBloodbath","AT_ImmortalShieldbow","Nunchaku","Calling Bell","PageOfSingingMachine","Eternal Feather","PageOfFairyFestival","Omamori","Bottled Lightning","AT_SilvercatRing"],"acts_visited":["Exordium","TheCity","TheBeyond"],"potions_floor_usage":[40,50,51,51,51],"damage_taken":[{"damage":0,"enemies":"Jaw Worm","floor":1,"turns":5},{"damage":5,"enemies":"2 Louse","floor":3,"turns":2},{"damage":0,"enemies":"Small Slimes","floor":4,"turns":2},{"damage":2,"enemies":"Blue Slaver","floor":5,"turns":3},{"damage":18,"enemies":"Lagavulin","floor":7,"turns":4},{"damage":0,"enemies":"Large Slime","floor":8,"turns":4},{"damage":0,"enemies":"3 Sentries","floor":10,"turns":4},{"damage":0,"enemies":"2 Fungi Beasts","floor":13,"turns":2},{"damage":0,"enemies":"3 Sentries","floor":14,"turns":4},{"damage":0,"enemies":"Slime Boss","floor":16,"turns":4},{"damage":3,"enemies":"Shell Parasite","floor":18,"turns":4},{"damage":0,"enemies":"Spheric Guardian","floor":24,"turns":2},{"damage":0,"enemies":"Centurion and Healer","floor":29,"turns":2},{"damage":0,"enemies":"Chosen and Byrds","floor":30,"turns":3},{"damage":0,"enemies":"conspire:SneckoGhost","floor":31,"turns":3},{"damage":20,"enemies":"Collector","floor":33,"turns":7},{"damage":5,"enemies":"3 Darklings","floor":35,"turns":2},{"damage":5,"enemies":"Orb Walker","floor":39,"turns":1},{"damage":43,"enemies":"Nemesis","floor":40,"turns":5},{"damage":10,"enemies":"3 Darklings","floor":42,"turns":3},{"damage":43,"enemies":"Maw","floor":44,"turns":5},{"damage":5,"enemies":"Jaw Worm Horde","floor":47,"turns":2},{"damage":66,"enemies":"Transient","floor":48,"turns":5},{"damage":42,"enemies":"Awakened One","floor":50,"turns":7}],"seed_played":"-5689837025069396488","potions_obtained":[{"floor":3,"key":"Ancient Potion"},{"floor":8,"key":"SneckoOil"},{"floor":13,"key":"conspire:TimeTravelPotion"},{"floor":29,"key":"EntropicBrew"},{"floor":40,"key":"SkillPotion"},{"floor":48,"key":"Block Potion"}],"is_trial":false,"path_per_floor":["M","?","M","M","M","R","E","M","T","E","R","?","M","?","R","B",null,"M","$","?","?","?","R","M","?","T","R","T","M","M","E","R","B",null,"M","?","$","?","M","E","R","M","T","M","T","R","M","M","R","B",null],"character_chosen":"Librarian","items_purchased":["PageOfPinocchio","Parry","SharpenedBlade"],"campfire_rested":0,"item_purchase_floors":[19,19,37],"current_hp_per_floor":[60,60,55,55,56,56,40,46,46,49,49,49,52,55,55,58,223,62,62,62,62,62,62,60,60,60,60,60,58,58,55,55,52,223,114,114,114,114,78,68,83,69,69,32,32,47,69,38,53,37],"gold":279,"neow_bonus":"RANDOM_COMMON_RELIC","is_daily":false,"chose_seed":false,"campfire_upgraded":6,"win_rate":0.0,"timestamp":1608492542,"path_taken":["M","?","M","M","M","R","E","M","T","E","R","?","M","?","R","BOSS","M","$","?","?","?","R","M","?","T","R","?","M","M","E","R","BOSS","M","?","$","?","M","E","R","M","T","M","?","R","M","M","R","BOSS"],"items_purchased_type":["Relic","Card","Card"],"build_version":"2020-12-13","purchased_purges":2,"victory":true,"max_hp_per_floor":[65,65,223,223,223,223,223,223,223,223,223,223,223,223,223,223,223,223,223,223,223,223,223,223,223,223,223,223,223,223,223,223,223,223,223,223,223,223,223,223,223,223,223,223,223,223,223,223,223,223],"card_choices":[{"not_picked":["ClassAndRespect","HighKick","ExtractFuel","HiddenBlade","SetFire","BizarreAttack","Rewind","SearingSword"],"picked":"TendonChords","floor":1},{"not_picked":["DeepDrag","BlowItUp","Faith","SinglePointStab","QuickAttack","FleetFootsteps","FocusFire","DesperateStruggle"],"picked":"Reload","floor":3},{"not_picked":["UnavoidableGaze","SomberProcuration","AsThePrescriptOrders","ExtremeEdge","TraceOfFumes","AbsorbImpact","UpbeatPerformance","SpearedSweep","ViolentFlame"],"picked":"SKIP","floor":4},{"not_picked":["Standoff","AsThePrescriptOrders","Rewind","EnergyShield","ViolentFlame","StructuralAnalysis","QuickAttack","MultiHit"],"picked":"WildCard","floor":5},{"not_picked":["Leap_lor","ToOvercomeCrisis","GuidanceOfTheGears","IronWall","SuppressingShot","BackAttack","Zzzzzap","QuickAttack"],"picked":"CookingPrep","floor":7},{"not_picked":["UpbeatPerformance","Tailoring","StrongStrike","SuppressingShot","Mutilate","Parry","EnergyCycle","GuidanceOfTheGears"],"picked":"Faith","floor":8},{"not_picked":["MultiHit","SpearedSweep","Outburst","DarkCloud","AsThePrescriptOrders","GuidanceOfTheGears","Eradication","SuppressingShot","Leap_lor"],"picked":"SKIP","floor":10},{"not_picked":["FierceCharge","SmokingPipe","EndlessBattle","Diversion","Thrust","StayCalm","Pound","UpbeatPerformance"],"picked":"SilentMist","floor":13},{"not_picked":["UnavoidableGaze","SomberProcuration","ShockRound","ShrineToMusic","ExtractFuel","CookingPrep","TasteMyFlamingBat","MultiBlock"],"picked":"Preparation","floor":14},{"not_picked":["Deflect_lor","GoinFirst"],"picked":"UnforgettableMelody","floor":16},{"not_picked":["Diversion","Mutilate+1","ClassAndRespect+1","Quickness","ShockingBlow","EnergyBeam","PreemptiveStrike","UpbeatPerformance"],"picked":"EndlessBattle","floor":18},{"not_picked":["BackAttack","EndlessBattle+1","GuidanceOfTheGears","RatsGuideToSurvival","TendonChords","AsThePrescriptOrders","Leap_lor","Creak"],"picked":"HighSpeedStabbing+1","floor":24},{"not_picked":["Faith","Rewind","SkitterAway","Leap_lor","MultiBlock","Track","YouOnlyLiveOnce","UnavoidableGaze+1"],"picked":"SilentMist+1","floor":29},{"not_picked":["QuickAttack","ButterflySlash","FierceCharge+1","AsThePrescriptOrders","SunsetBlade","WildCard","Standoff+1","TendonChords","NightInTheBackstreets"],"picked":"SKIP","floor":30},{"not_picked":["SomberProcuration","MultiBlock","Thrust+1","EndlessBattle","BackstreetsDash","DefenseOrder+1","FrontalAssault","BizarreAttack"],"picked":"BlazingStrike","floor":31},{"not_picked":["DefenseOrder","Juggling","HandleRequest+1","FervidEmotions","FrontalAssault+1","Eject+1","ForcefulGesture","BlowItUp"],"picked":"ToOvercomeCrisis+1","floor":35},{"not_picked":["FleetFootsteps","SharpSwipe","TrashDisposal","UnavoidableGaze","PreemptiveStrike","MultiBlock","HighKick+1","SpearedSweep"],"picked":"DriedUp","floor":39},{"not_picked":["Leap_lor","FlashingStrike+1","TendonChords+1","Crush+1","Deflect_lor","YourShield","GuardingStance","Pound"],"picked":"DesperateStruggle+1","floor":40},{"not_picked":["WillOfThePrescript","TendonChords+1","BlazingStrike","EndlessBattle+1","SuppressingShot+1","DesperateStruggle","FieryWaltz","ShrineToMusic+1"],"picked":"Struggle+1","floor":42},{"not_picked":["Leap_lor","Wallop_lor","FocusFire","Pound+1","Faith+1","GuardingStance+1","SuppressingShot","PuppetBlockade"],"picked":"BoundaryOfDeath","floor":44},{"not_picked":["BackAttack+1","EnergyShield+1","BayonetCombat+1","EnergyCycle+1","WillOfThePrescript+1","Creak+1","SpearedSweep+1","KeepItFresh"],"picked":"HighSpeedStabbing","floor":47},{"not_picked":["Gamble","Guardian_lor+1","Reload+1","TendonChords+1","Pound+1","DriedUp","SunsetBlade","IllEndYou+1","StructuralAnalysis+1"],"picked":"SKIP","floor":48}],"player_experience":50685,"relics_obtained":[{"floor":7,"key":"Mercury Hourglass"},{"floor":9,"key":"AT_TimeSand"},{"floor":10,"key":"Whetstone"},{"floor":26,"key":"AT_ImmortalShieldbow"},{"floor":31,"key":"Nunchaku"},{"floor":34,"key":"PageOfSingingMachine"},{"floor":34,"key":"Eternal Feather"},{"floor":34,"key":"PageOfFairyFestival"},{"floor":40,"key":"Omamori"},{"floor":43,"key":"Bottled Lightning"},{"floor":45,"key":"AT_SilvercatRing"}],"event_choices":[{"cards_removed":["LightAttack"],"damage_healed":0,"gold_gain":0,"player_choice":"Card Removal","damage_taken":0,"max_hp_gain":0,"max_hp_loss":0,"event_name":"The Cleric","floor":2,"gold_loss":50},{"damage_healed":0,"gold_gain":0,"player_choice":"Grow","damage_taken":0,"max_hp_gain":0,"max_hp_loss":0,"event_name":"Living Wall","floor":12,"gold_loss":0,"cards_upgraded":["CookingPrep"]},{"damage_healed":0,"gold_gain":0,"player_choice":"Searched \u00273\u0027 times","damage_taken":0,"relics_obtained":["Girya"],"max_hp_gain":0,"max_hp_loss":0,"event_name":"Dead Adventurer","floor":14,"gold_loss":0},{"damage_healed":0,"gold_gain":0,"player_choice":"Read","damage_taken":0,"max_hp_gain":0,"max_hp_loss":0,"event_name":"The Library","floor":20,"gold_loss":0,"cards_obtained":["Riposte"]},{"damage_healed":0,"gold_gain":0,"player_choice":"Inject Mutagens","damage_taken":0,"relics_obtained":["MutagenicStrength"],"max_hp_gain":0,"max_hp_loss":0,"event_name":"Drug Dealer","floor":21,"gold_loss":0},{"damage_healed":0,"gold_gain":0,"player_choice":"Opened","damage_taken":0,"relics_obtained":["PageOfBloodbath"],"max_hp_gain":0,"max_hp_loss":0,"event_name":"The Mausoleum","floor":22,"gold_loss":0,"cards_obtained":["Writhe"]},{"cards_removed":["Writhe"],"damage_healed":0,"gold_gain":0,"player_choice":"Elegance","damage_taken":0,"max_hp_gain":0,"max_hp_loss":0,"event_name":"Back to Basics","floor":25,"gold_loss":0},{"cards_removed":["LightAttack"],"damage_healed":0,"gold_gain":0,"player_choice":"Removed Attack","damage_taken":0,"max_hp_gain":0,"max_hp_loss":0,"event_name":"Falling","floor":36,"gold_loss":0},{"damage_healed":0,"gold_gain":0,"player_choice":"Leave","damage_taken":0,"max_hp_gain":0,"max_hp_loss":0,"event_name":"conspire:Investor","floor":38,"gold_loss":0}],"is_beta":false,"boss_relics":[{"not_picked":["conspire:SlowCooker","EasyGame_NEW"],"picked":"Runic Pyramid"},{"not_picked":["Astrolabe","SacredBark"],"picked":"Calling Bell"}],"items_purged_floors":[19,37],"is_endless":false,"potions_floor_spawned":[3,8,13,14,16,24,29,30,33,39,40,48],"ascension_level":1}}