{"host":"hione0pk5ff35p8e","time":1608492740,"event":{"mods":["AchievementEnabler","Aspiration","Bard","BaseMod","Beaked The Cultist","Better Altar","Better Match","Better Note","Better Sensory Stone","Better Skull","Better Third Choice","BetterRewards","CCEM","Clawfect","Colored Map","Conspire","Downfall","GifTheSpireLib","Googly Eyes","Halation","Hermit","Highlight Path","Hubris","Hunter ??","Jedi Mod","Jorbs\u0027s Wanderer Trilogy","Mad Scientist","Marisa????????","Mimic Mod","Minty Spire (QoL Compilation)","Permanent Neow","Rare Cards Sparkle","Replay The Spire","Shade Mod","Shop Mod","Spicy Shops","StSLib","Stuff the Spire","Td1madao Mod","The Administrix","The Blackbeard","The Bug Knight","The Construct","The Cursed","The Disciple","The Gatherer","The Hierophant","The IronCluck","The Jungle","The Mystic","The Necromancer","The Problem Sleuth","The Runesmith","The Servant 0.9.4","The Spell Scribe","The Wild Card","The Witch","Unceasing Turn Reminder","everything is the same but u backflip on backflip","slay the spire mod where everything is the same but ironclad has a cowboy hat"],"gold_per_floor":[111,125,139,89,89,89,102,133,133,152,152,165,195,206,206,310,310,341,301,417,417,437,437],"floor_reached":22,"playtime":1314,"items_purged":["MadScienceMod:Strike_MadScience"],"score":186,"play_id":"13242bf7-1a86-47ce-ae2b-f400e05a25f2","local_time":"20201220203220","is_ascension_mode":false,"campfire_choices":[{"data":"MadScienceMod:HideBehindJunk","floor":6,"key":"SMITH"},{"data":"MadScienceMod:FlammableWall","floor":15,"key":"SMITH"}],"circlet_count":0,"master_deck":["MadScienceMod:Strike_MadScience","MadScienceMod:Strike_MadScience","MadScienceMod:Strike_MadScience","MadScienceMod:Defend_MadScience","MadScienceMod:Defend_MadScience","MadScienceMod:Defend_MadScience","MadScienceMod:PoweredStrike","MadScienceMod:HideBehindJunk+1","MadScienceMod:Strafe","MadScienceMod:FragmentationGrenade","Dagger Throw","MadScienceMod:FlammableWall+1","Pot Of Greed","Pot Of Greed","Hidden Blade","Bandage Up","MadScienceMod:GlassCannon","MadScienceMod:ImposingConstruct","MadScienceMod:FragmentationGrenade","MadScienceMod:CondenseVapors","MadScienceMod:ShrinkRay+1"],"relics":["MadScienceMod:FuelTank","aspiration:Nostalgia","m_BookOfShivs","Grinning Jar","StuffTheSpire:Tea","Odd Mushroom","jedi:hotpepper","Boot"],"acts_visited":["Exordium","TheCity"],"potions_floor_usage":[8,8,14,16,22,22],"damage_taken":[{"damage":0,"enemies":"Cultist","floor":1,"turns":3},{"damage":2,"enemies":"2 Louse","floor":2,"turns":2},{"damage":1,"enemies":"Jaw Worm","floor":3,"turns":4},{"damage":4,"enemies":"Blue Slaver","floor":7,"turns":2},{"damage":13,"enemies":"Replay:BlueRogue","floor":8,"turns":7},{"damage":13,"enemies":"2 Fungi Beasts","floor":10,"turns":4},{"damage":2,"enemies":"Looter","floor":12,"turns":3},{"damage":19,"enemies":"The Mushroom Lair","floor":13,"turns":5},{"damage":1,"enemies":"Large Slime","floor":14,"turns":5},{"damage":36,"enemies":"Fading Forest","floor":16,"turns":11},{"damage":9,"enemies":"Shell Parasite","floor":18,"turns":5},{"damage":33,"enemies":"conspire:FuzzyDice","floor":22,"turns":6}],"seed_played":"2017804262725252490","potions_obtained":[{"floor":2,"key":"SkillPotion"},{"floor":7,"key":"PowerPotion"},{"floor":10,"key":"Elixir"},{"floor":13,"key":"hexamod:EctoCoolerPotion"},{"floor":19,"key":"Milkshake"},{"floor":19,"key":"Elixir"},{"floor":19,"key":"Doom Potion"}],"is_trial":false,"path_per_floor":["M","M","M","?","?","R","M","E","T","M","?","M","?","M","R","B",null,"M","?","?","$","M"],"character_chosen":"MAD_SCIENTIST","items_purchased":[],"campfire_rested":0,"item_purchase_floors":[],"current_hp_per_floor":[75,73,72,72,75,75,71,58,58,45,45,47,32,35,35,3,56,49,49,31,26,0,0],"gold":437,"neow_bonus":"NOSTALGIA","is_daily":false,"chose_seed":false,"campfire_upgraded":2,"win_rate":0.0,"timestamp":1608492740,"path_taken":["M","M","?","?","?","R","M","E","T","?","?","M","?","M","R","BOSS","M","?","?","?","?"],"items_purchased_type":[],"build_version":"2020-12-13","purchased_purges":1,"victory":false,"max_hp_per_floor":[75,75,75,75,75,75,75,75,75,75,75,75,75,75,75,75,56,56,56,56,56,56,56],"card_choices":[{"not_picked":["MadScienceMod:TimeDilationField","Prepared"],"picked":"MadScienceMod:Strafe","floor":1},{"not_picked":["MadScienceMod:Bombardment","MadScienceMod:ShrinkRay"],"picked":"MadScienceMod:FragmentationGrenade","floor":2},{"not_picked":["MadScienceMod:MechanicalClaw","Acrobatics"],"picked":"Dagger Throw","floor":3},{"not_picked":["MadScienceMod:AcidSpray","MadScienceMod:Detonate"],"picked":"MadScienceMod:FlammableWall","floor":7},{"not_picked":["MadScienceMod:FlameCannon","ReplayTheSpireMod:Scrap Shanks"],"picked":"Hidden Blade","floor":8},{"not_picked":["MadScienceMod:Weaponize","MadScienceMod:Retarget","MadScienceMod:MinatureWeapons"],"picked":"SKIP","floor":10},{"not_picked":["StuffTheSpire:PlasmaPunch","Blind"],"picked":"Bandage Up","floor":11},{"not_picked":["MadScienceMod:FlameCannon","MadScienceMod:Strafe"],"picked":"MadScienceMod:GlassCannon","floor":12},{"not_picked":["MadScienceMod:Strafe","MadScienceMod:EnergyBarrier"],"picked":"MadScienceMod:ImposingConstruct","floor":13},{"not_picked":["MadScienceMod:Lightbulb","MadScienceMod:ShrinkRay"],"picked":"MadScienceMod:FragmentationGrenade","floor":14},{"not_picked":["Tools of the Trade","MadScienceMod:Refine"],"picked":"MadScienceMod:CondenseVapors","floor":16},{"not_picked":["MadScienceMod:GattlingGun","MadScienceMod:AcidSpray+1"],"picked":"MadScienceMod:ShrinkRay+1","floor":18}],"player_experience":5788,"relics_obtained":[{"floor":8,"key":"Grinning Jar"},{"floor":9,"key":"StuffTheSpire:Tea"},{"floor":13,"key":"Odd Mushroom"}],"event_choices":[{"cards_removed":["MadScienceMod:Defend_MadScience"],"damage_healed":0,"gold_gain":0,"player_choice":"Card Removal","damage_taken":0,"max_hp_gain":0,"max_hp_loss":0,"event_name":"The Cleric","floor":4,"gold_loss":50},{"damage_healed":3,"gold_gain":0,"player_choice":"Full Heal","damage_taken":0,"max_hp_gain":0,"max_hp_loss":0,"event_name":"Wheel of Change","floor":5,"gold_loss":0},{"damage_healed":0,"gold_gain":1,"player_choice":"1","damage_taken":0,"max_hp_gain":0,"max_hp_loss":0,"event_name":"betterStone:BetterStone","floor":11,"gold_loss":0},{"damage_healed":0,"gold_gain":0,"player_choice":"Fought Mushrooms","damage_taken":0,"max_hp_gain":0,"max_hp_loss":0,"event_name":"Mushrooms","floor":13,"gold_loss":0},{"damage_healed":0,"gold_gain":0,"player_choice":"Bought 3 Potions","damage_taken":0,"max_hp_gain":0,"max_hp_loss":0,"event_name":"The Woman in Blue","floor":19,"gold_loss":0},{"damage_healed":0,"gold_gain":116,"player_choice":"RE GO ","damage_taken":21,"relics_obtained":["Boot"],"max_hp_gain":0,"max_hp_loss":0,"event_name":"betterSkull:BetterSkull","floor":20,"gold_loss":0,"cards_upgraded":[]}],"is_beta":false,"boss_relics":[{"not_picked":["halation:Yufonium","Replay:Drink Me"],"picked":"jedi:hotpepper"}],"items_purged_floors":[21],"is_endless":false,"potions_floor_spawned":[2,7,10,13],"killed_by":"conspire:FuzzyDice","ascension_level":0}}