{"host":"kw4o7b3ro2ktmmbe","time":1608471785,"event":{"mods":["BaseMod","Marisa（霧雨　魔理沙）","Minty Spire (QoL Compilation)","StSLib","Treasure Hunter"],"gold_per_floor":[115,190,200,375,3,3,3,3,27,68,68,41,41,92,92,237,237,295,295,295,348,406,406,457,513,513,365,280,280,280,315,315,435,435,450,500,500,55,90,121,121,155,209,209,209,209],"floor_reached":45,"playtime":12452,"items_purged":["Doubt"],"score":483,"play_id":"2e8a695d-5151-487d-89c1-323592eb7a13","local_time":"20201221024305","is_ascension_mode":false,"campfire_choices":[{"data":"WitchOfGreed","floor":6.0,"key":"SMITH"},{"data":"MilkyWay","floor":8.0,"key":"SMITH"},{"data":"JA","floor":15.0,"key":"SMITH"},{"data":"MeteoricShower","floor":23.0,"key":"SMITH"},{"data":"TH:ElvenBoots","floor":29.0,"key":"SMITH"},{"data":"TreasureHunter","floor":32.0,"key":"SMITH"},{"data":"SuperNova","floor":41.0,"key":"SMITH"}],"circlet_count":0,"master_deck":["Defend_MRS","Defend_MRS","UpSweep","MilkyWay+1","WitchOfGreed+1","TH:ElvenBoots+1","WitchOfGreed","JA+1","TH:ArmorSpikes","TreasureHunter+1","DarkMatter+1","Bite","Bite","Bite","Bite","Bite","StarBarrage","MeteoricShower+1","MilkyWay+1","TH:BikiniMail","Decay","SatelliteIllusion","TH:PixieDust","SuperNova+1","AlicesGift+1","NonDirectionalLaser+1","BigCrunch+1","EventHorizon","EnergyRecoil+1","MillisecondPulsars","TH:Mimic","NonDirectionalLaser+1","PowerUp+1","TH:TreasureMap"],"relics":["MiniHakkero","StoneCalendar","Akabeko","Coffee Dripper","InkBottle","Sling","Darkstone Periapt","Astrolabe","Gambling Chip","OrangePellets","Omamori","Lantern"],"acts_visited":["Exordium","TheCity","TheBeyond"],"potions_floor_usage":[45,45],"damage_taken":[{"damage":2.0,"enemies":"Small Slimes","floor":1.0,"turns":3.0},{"damage":1.0,"enemies":"Jaw Worm","floor":3.0,"turns":3.0},{"damage":0.0,"enemies":"Cultist","floor":10.0,"turns":4.0},{"damage":0.0,"enemies":"2 Fungi Beasts","floor":14.0,"turns":5.0},{"damage":16.0,"enemies":"The Guardian","floor":16.0,"turns":9.0},{"damage":8.0,"enemies":"3 Byrds","floor":18.0,"turns":6.0},{"damage":29.0,"enemies":"2 Thieves","floor":21.0,"turns":5.0},{"damage":11.0,"enemies":"3 Cultists","floor":22.0,"turns":5.0},{"damage":28.0,"enemies":"Chosen and Byrds","floor":24.0,"turns":6.0},{"damage":23.0,"enemies":"Snake Plant","floor":25.0,"turns":3.0},{"damage":12.0,"enemies":"Shelled Parasite and Fungi","floor":31.0,"turns":4.0},{"damage":48.0,"enemies":"Collector","floor":33.0,"turns":9.0},{"damage":0.0,"enemies":"Orb Walker","floor":35.0,"turns":1.0},{"damage":23.0,"enemies":"3 Darklings","floor":36.0,"turns":7.0},{"damage":27.0,"enemies":"Maw","floor":39.0,"turns":7.0},{"damage":6.0,"enemies":"Giant Head","floor":40.0,"turns":5.0},{"damage":2.0,"enemies":"4 Shapes","floor":42.0,"turns":4.0},{"damage":57,"enemies":"Nemesis","floor":45,"turns":3}],"seed_played":"-7216948007279285048","potions_obtained":[{"floor":1.0,"key":"SpeedPotion"},{"floor":7.0,"key":"Block Potion"},{"floor":7.0,"key":"PowerPotion"},{"floor":10.0,"key":"Ancient Potion"},{"floor":14.0,"key":"SmokeBomb"},{"floor":14.0,"key":"Explosive Potion"},{"floor":16.0,"key":"AttackPotion"},{"floor":16.0,"key":"CultistPotion"},{"floor":16.0,"key":"FairyPotion"},{"floor":18.0,"key":"SteroidPotion"},{"floor":18.0,"key":"Regen Potion"},{"floor":21.0,"key":"Weak Potion"},{"floor":22.0,"key":"Weak Potion"},{"floor":22.0,"key":"SkillPotion"},{"floor":24.0,"key":"Dexterity Potion"},{"floor":33.0,"key":"SkillPotion"},{"floor":33.0,"key":"FearPotion"},{"floor":36.0,"key":"ColorlessPotion"},{"floor":36.0,"key":"EntropicBrew"},{"floor":36.0,"key":"LiquidBronze"},{"floor":39.0,"key":"EssenceOfSteel"},{"floor":42.0,"key":"Strength Potion"}],"is_trial":false,"path_per_floor":["M","?","M","?","$","R","?","R","T","M","?","$","?","M","R","B",null,"M","?","?","M","M","R","M","M","T","$","?","R","?","M","R","B",null,"M","M","?","$","M","E","R","M","T","?","E"],"character_chosen":"MARISA","items_purchased":["StoneCalendar","WitchOfGreed","Sling","Gambling Chip","OrangePellets"],"campfire_rested":0,"item_purchase_floors":[5,12,27,38,38],"current_hp_per_floor":[80,69,68,68,68,68,68,68,68,68,68,68,68,68,68,52,82,74,57,57,47,44,44,24,9,9,9,9,9,15,13,13,9,63,63,52,52,52,41,37,37,41,41,41,0,0],"gold":209,"neow_bonus":"TEN_PERCENT_HP_BONUS","is_daily":false,"chose_seed":false,"campfire_upgraded":7,"win_rate":0.0,"timestamp":1608471785,"path_taken":["M","?","M","?","$","R","?","R","T","?","?","?","?","M","R","BOSS","M","?","?","M","M","R","M","M","T","$","?","R","?","?","R","BOSS","M","M","?","$","M","E","R","M","T","?","E"],"items_purchased_type":["Relic","Card","Relic","Relic","Relic"],"build_version":"2020-12-13","purchased_purges":1,"victory":false,"max_hp_per_floor":[82,82,82,82,82,82,82,82,82,82,82,82,82,82,82,82,82,82,57,57,57,57,57,57,57,57,57,57,57,63,63,63,63,63,63,63,63,63,63,63,63,63,63,63,63,63],"card_choices":[{"not_picked":["GasGiant","AsteroidBelt"],"picked":"MilkyWay","floor":1.0},{"not_picked":["DarkMatter","UnstableBomb"],"picked":"WitchOfGreed","floor":3.0},{"not_picked":["TH:DeckOfManyThings"],"picked":"TH:ElvenBoots","floor":9.0},{"not_picked":["LuminesStrike","ShootingEcho","WitchLeyline"],"picked":"SKIP","floor":10.0},{"not_picked":["GrandCross","GalacticHalo"],"picked":"JA","floor":14.0},{"not_picked":["TH:PixieDust"],"picked":"TH:ArmorSpikes","floor":16.0},{"not_picked":["JA","BigCrunch"],"picked":"TreasureHunter","floor":16.0},{"not_picked":["UnstableBomb","AsteroidBelt"],"picked":"DarkMatter+1","floor":18.0},{"not_picked":["AsteroidBelt","Acceleration"],"picked":"StarBarrage","floor":21.0},{"not_picked":["GrandCross","UnstableBomb"],"picked":"MeteoricShower","floor":22.0},{"not_picked":["ManaConvection","ShootingEcho","DC"],"picked":"SKIP","floor":24.0},{"not_picked":["GalacticHalo","MysteriousBeam"],"picked":"MilkyWay+1","floor":25.0},{"not_picked":["TH:ArmorSpikes"],"picked":"TH:BikiniMail","floor":26.0},{"not_picked":["ShootingEcho","DoubleSpark"],"picked":"SatelliteIllusion","floor":31.0},{"not_picked":["TH:EnergyPotion"],"picked":"TH:PixieDust","floor":33.0},{"not_picked":["BinaryStars","BigCrunch"],"picked":"SuperNova","floor":33.0},{"not_picked":["GalacticHalo+1","ShootingEcho+1"],"picked":"EventHorizon","floor":35.0},{"not_picked":["LuminesStrike+1","DeepEcoloBomb"],"picked":"EnergyRecoil+1","floor":36.0},{"not_picked":["MilkyWay","GravityBeat+1"],"picked":"MillisecondPulsars","floor":39.0},{"not_picked":["TH:EnergyPotion"],"picked":"TH:Mimic","floor":40.0},{"not_picked":["FinalSpark","RefractionSpark+1"],"picked":"NonDirectionalLaser+1","floor":40.0},{"not_picked":["SuperPerseids","DeepEcoloBomb+1"],"picked":"PowerUp+1","floor":42.0},{"not_picked":["TH:EnergyPotion"],"picked":"TH:TreasureMap","floor":43.0}],"player_experience":1747632,"relics_obtained":[{"floor":9.0,"key":"Akabeko"},{"floor":26.0,"key":"InkBottle"},{"floor":40.0,"key":"Omamori"},{"floor":43.0,"key":"Lantern"}],"event_choices":[{"damage_healed":0.0,"max_hp_gain":0.0,"max_hp_loss":0.0,"gold_gain":75.0,"event_name":"World of Goop","player_choice":"Gather Gold","floor":2.0,"gold_loss":0.0,"damage_taken":11.0},{"damage_healed":0.0,"max_hp_gain":0.0,"max_hp_loss":0.0,"gold_gain":175.0,"event_name":"Liars Game","player_choice":"AGREE","floor":4.0,"gold_loss":0.0,"damage_taken":0.0,"cards_obtained":["Doubt"]},{"damage_healed":0.0,"max_hp_gain":0.0,"max_hp_loss":0.0,"gold_gain":0.0,"event_name":"Lab","player_choice":"Got Potions","floor":7.0,"gold_loss":0.0,"damage_taken":0.0},{"damage_healed":0.0,"max_hp_gain":0.0,"max_hp_loss":0.0,"gold_gain":0.0,"event_name":"Dead Adventurer","player_choice":"Searched \u00270\u0027 times","floor":11.0,"gold_loss":0.0,"damage_taken":0.0},{"cards_removed":["Strike_MRS"],"damage_healed":0.0,"max_hp_gain":0.0,"max_hp_loss":0.0,"gold_gain":0.0,"event_name":"Living Wall","player_choice":"Forget","floor":13.0,"gold_loss":0.0,"damage_taken":0.0},{"damage_healed":0.0,"max_hp_gain":0.0,"max_hp_loss":25.0,"gold_gain":0.0,"event_name":"Vampires","player_choice":"Became a vampire","floor":19.0,"gold_loss":0.0,"damage_taken":0.0,"cards_obtained":["Bite","Bite","Bite","Bite","Bite"]},{"damage_healed":0.0,"max_hp_gain":0.0,"max_hp_loss":0.0,"gold_gain":0.0,"event_name":"Ghosts","player_choice":"Ignored","floor":20.0,"gold_loss":0.0,"damage_taken":0.0},{"damage_healed":0.0,"max_hp_gain":0.0,"max_hp_loss":0.0,"gold_gain":0.0,"event_name":"Addict","player_choice":"Obtained Relic","floor":28.0,"gold_loss":85.0,"damage_taken":0.0,"relics_obtained":["Darkstone Periapt"]},{"damage_healed":0.0,"max_hp_gain":0.0,"max_hp_loss":0.0,"gold_gain":0.0,"event_name":"Forgotten Altar","player_choice":"Smashed Altar","floor":30.0,"gold_loss":0.0,"damage_taken":0.0,"cards_obtained":["Decay"]},{"damage_healed":0.0,"max_hp_gain":0.0,"max_hp_loss":0.0,"gold_gain":0.0,"event_name":"Tomb of Lord Red Mask","player_choice":"Ignored","floor":37.0,"gold_loss":0.0,"damage_taken":0.0},{"damage_healed":0.0,"max_hp_gain":0.0,"max_hp_loss":0.0,"gold_gain":0.0,"event_name":"OrinTheCat","player_choice":"Ignored","floor":44.0,"gold_loss":0.0,"damage_taken":0.0}],"is_beta":false,"boss_relics":[{"not_picked":["SlaversCollar","RampagingMagicTools"],"picked":"Coffee Dripper"},{"not_picked":["Empty Cage","Tiny House"],"picked":"Astrolabe"}],"items_purged_floors":[5],"is_endless":false,"potions_floor_spawned":[1,10,16,22,24,33,36,39,42],"killed_by":"Nemesis","ascension_level":0}}