{"host":"sav7uxregyirlf69","time":1608463520,"event":{"mods":["AchievementEnabler","BaseMod","Colored Map","DeckTracker","Keyboard Shortcuts","Minty Spire (QoL Compilation)","READ ME - Guardian Mod","StSLib","SuperFastMode"],"gold_per_floor":[111,123,48,48,48,48,62,62,85,109,109,129,143,164,164,289,289,302,377,372,372,297,297,315,315,341,440,340,340,360,373,373,504,504,520,520,535,410,410,410,431,431,431,431,431,431,431,431,431],"floor_reached":48,"playtime":564,"items_purged":["Strike_R","Strike_R","Defend_R"],"score":420,"play_id":"5a395de9-d1d4-45f5-b363-855744506d1c","local_time":"20201220202520","is_ascension_mode":false,"campfire_choices":[{"data":"Bash","floor":6.0,"key":"SMITH"},{"data":"Dropkick","floor":15.0,"key":"SMITH"},{"floor":23,"key":"REST"},{"data":"Dropkick","floor":25,"key":"SMITH"},{"floor":29,"key":"REST"},{"data":"Strike_R","floor":32,"key":"SMITH"},{"data":"Strike_R","floor":40,"key":"SMITH"},{"floor":42,"key":"REST"},{"data":"Defend_R","floor":44,"key":"SMITH"},{"floor":46,"key":"REST"}],"circlet_count":0,"master_deck":["Strike_R+1","Strike_R+1","Defend_R+1","Bash+1","Dropkick+1","Dual Wield+1","Dropkick+1"],"relics":["Burning Blood","NeowsBlessing","Toxic Egg 2","Golden Idol","Pen Nib","Pear","Runic Pyramid","Regal Pillow","Empty Cage","Shuriken"],"acts_visited":["Exordium","TheCity","TheBeyond"],"potions_floor_usage":[20,33,41],"damage_taken":[{"damage":0.0,"enemies":"Cultist","floor":1.0,"turns":1.0},{"damage":0.0,"enemies":"2 Louse","floor":2.0,"turns":1.0},{"damage":0.0,"enemies":"Jaw Worm","floor":7.0,"turns":1.0},{"damage":4.0,"enemies":"Exordium Wildlife","floor":10.0,"turns":4.0},{"damage":5.0,"enemies":"Looter","floor":12.0,"turns":3.0},{"damage":20.0,"enemies":"Gremlin Gang","floor":13.0,"turns":5.0},{"damage":8.0,"enemies":"Red Slaver","floor":14.0,"turns":4.0},{"damage":49.0,"enemies":"Hexaghost","floor":16.0,"turns":9.0},{"damage":29,"enemies":"Chosen","floor":18,"turns":5},{"damage":23,"enemies":"2 Thieves","floor":20,"turns":4},{"damage":23,"enemies":"Shelled Parasite and Fungi","floor":24,"turns":5},{"damage":24,"enemies":"Centurion and Healer","floor":30,"turns":4},{"damage":10,"enemies":"Snecko","floor":31,"turns":4},{"damage":14,"enemies":"Collector","floor":33,"turns":3},{"damage":27,"enemies":"3 Shapes","floor":35,"turns":5},{"damage":22,"enemies":"Orb Walker","floor":37,"turns":3},{"damage":23,"enemies":"Jaw Worm Horde","floor":41,"turns":3},{"damage":0,"enemies":"Transient","floor":48,"turns":1}],"seed_played":"1148431733800959001","potions_obtained":[{"floor":7.0,"key":"SneckoOil"},{"floor":13.0,"key":"LiquidBronze"},{"floor":14.0,"key":"DuplicationPotion"},{"floor":18,"key":"Block Potion"},{"floor":24,"key":"LiquidBronze"},{"floor":33,"key":"SpeedPotion"},{"floor":35,"key":"BloodPotion"}],"is_trial":false,"path_per_floor":["M","M","$","?","$","R","M","?","T","M","T","M","M","M","R","B",null,"M","?","M","?","$","R","M","R","T","?","$","R","M","M","R","B",null,"M","?","M","$","?","R","M","R","T","R","?","R","?","M"],"character_chosen":"IRONCLAD","items_purchased":["Dropkick"],"campfire_rested":4,"item_purchase_floors":[3],"current_hp_per_floor":[80,80,80,62,62,62,68,68,68,70,80,81,67,65,65,22,84,61,53,36,36,36,61,44,44,44,44,44,84,66,62,62,54,84,63,63,47,47,47,47,30,69,69,69,69,80,80,80,80],"gold":431,"neow_bonus":"THREE_ENEMY_KILL","is_daily":false,"chose_seed":false,"campfire_upgraded":6,"win_rate":0.0,"timestamp":1608463520,"path_taken":["M","M","$","?","$","R","M","?","T","M","?","M","?","M","R","BOSS","M","?","?","?","$","R","?","R","T","?","$","R","M","M","R","BOSS","M","?","?","$","?","R","M","R","T","R","?","R","?","M"],"items_purchased_type":["Card"],"build_version":"2020-12-13","purchased_purges":3,"victory":false,"max_hp_per_floor":[80,80,80,80,80,80,80,74,74,74,84,84,84,84,84,84,84,84,84,84,84,84,84,84,84,84,84,84,84,84,84,84,84,84,84,84,84,84,80,80,80,80,80,80,80,80,80,80,80],"card_choices":[{"not_picked":["Armaments","Flex","Anger"],"picked":"SKIP","floor":1.0},{"not_picked":["Blood for Blood","Flex","Rage"],"picked":"SKIP","floor":2.0},{"not_picked":["Havoc+1","Fire Breathing","Headbutt"],"picked":"SKIP","floor":7.0},{"not_picked":["Entrench+1","Uppercut","Feel No Pain"],"picked":"SKIP","floor":10.0},{"not_picked":["Hemokinesis","Havoc+1","Twin Strike"],"picked":"SKIP","floor":12.0},{"not_picked":["Body Slam","Armaments+1","Juggernaut"],"picked":"SKIP","floor":13.0},{"not_picked":["Burning Pact+1","Sword Boomerang","Havoc+1"],"picked":"SKIP","floor":14.0},{"not_picked":["Perfected Strike","Spot Weakness+1","Armaments+1"],"picked":"SKIP","floor":18},{"not_picked":["Havoc+1","Anger"],"picked":"Dual Wield+1","floor":20},{"not_picked":["Dark Embrace","Clothesline+1"],"picked":"Dropkick","floor":24},{"not_picked":["Rupture","Reckless Charge","Dark Embrace"],"picked":"SKIP","floor":30},{"not_picked":["Headbutt","Battle Trance+1","Juggernaut"],"picked":"SKIP","floor":31},{"not_picked":["Pommel Strike+1","Armaments+1","True Grit+1"],"picked":"SKIP","floor":35},{"not_picked":["Bloodletting+1","Carnage+1","Warcry+1"],"picked":"SKIP","floor":37},{"not_picked":["Sever Soul+1","Bloodletting+1","Entrench+1"],"picked":"SKIP","floor":41}],"player_experience":968278,"relics_obtained":[{"floor":9.0,"key":"Pen Nib"},{"floor":11.0,"key":"Pear"},{"floor":26,"key":"Regal Pillow"},{"floor":43,"key":"Shuriken"}],"event_choices":[{"damage_healed":0.0,"max_hp_gain":0.0,"max_hp_loss":0.0,"gold_gain":0.0,"event_name":"Scrap Ooze","player_choice":"Success","floor":4.0,"gold_loss":0.0,"damage_taken":18.0,"relics_obtained":["Toxic Egg 2"]},{"damage_healed":0.0,"max_hp_gain":0.0,"max_hp_loss":6.0,"gold_gain":0.0,"event_name":"Golden Idol","player_choice":"Lose Max HP","floor":8.0,"gold_loss":0.0,"damage_taken":0.0,"relics_obtained":["Golden Idol"]},{"damage_healed":0,"gold_gain":75,"player_choice":"Touch","damage_taken":8,"max_hp_gain":0,"max_hp_loss":0,"event_name":"FaceTrader","floor":19,"gold_loss":0},{"damage_healed":0,"gold_gain":0,"player_choice":"0 cards matched","damage_taken":0,"max_hp_gain":0,"max_hp_loss":0,"event_name":"Match and Keep!","floor":21,"gold_loss":0,"cards_obtained":[]},{"damage_healed":0,"gold_gain":99,"player_choice":"Stole From Cult","damage_taken":0,"max_hp_gain":0,"max_hp_loss":0,"event_name":"Nest","floor":27,"gold_loss":0},{"cards_removed":["Strike_R"],"damage_healed":0,"gold_gain":0,"player_choice":"Purged","damage_taken":0,"max_hp_gain":0,"max_hp_loss":0,"event_name":"Purifier","floor":36,"gold_loss":0},{"damage_healed":0,"gold_gain":0,"player_choice":"Max HP","damage_taken":0,"max_hp_gain":0,"max_hp_loss":4,"event_name":"Winding Halls","floor":39,"gold_loss":0},{"damage_healed":0,"gold_gain":0,"player_choice":"Memory 1","damage_taken":0,"max_hp_gain":0,"max_hp_loss":0,"event_name":"SensoryStone","floor":45,"gold_loss":0},{"damage_healed":0,"gold_gain":0,"player_choice":"0 cards matched","damage_taken":0,"max_hp_gain":0,"max_hp_loss":0,"event_name":"Match and Keep!","floor":47,"gold_loss":0,"cards_obtained":[]}],"is_beta":false,"boss_relics":[{"not_picked":["Cursed Key","SacredBark"],"picked":"Runic Pyramid"},{"not_picked":["Black Blood","Pandora\u0027s Box"],"picked":"Empty Cage"}],"items_purged_floors":[22,28,38],"is_endless":false,"potions_floor_spawned":[7,13,14,18,24,33,35],"killed_by":"Transient","ascension_level":0}}