{"host":"v0dnu0zs4qo0v13s","time":1608424831,"event":{"mods":["BaseMod","Colored Map","Colored Powertips","Minty Spire (QoL Compilation)","Relic Stats","StSLib","SuperFastMode","everything is the same but u backflip on backflip"],"gold_per_floor":[117,137,148,73,73,73,104,124,148,148,148,171,205,218,218,218,218],"floor_reached":16,"playtime":493,"items_purged":["Defend_R"],"score":182,"play_id":"bce05ae1-1931-433f-aefa-c864b557923f","local_time":"20201219194031","is_ascension_mode":true,"campfire_choices":[{"data":"Rage","floor":6,"key":"SMITH"},{"data":"Armaments","floor":11,"key":"SMITH"},{"floor":15,"key":"REST"}],"circlet_count":0,"master_deck":["AscendersBane","Strike_R","Strike_R","Strike_R","Strike_R","Defend_R","Defend_R","Defend_R","Bash","Feel No Pain","Flex","Rage+1","Hemokinesis","Armaments+1","Parasite","Corruption","Perfected Strike"],"relics":["Burning Blood","NeowsBlessing","Lantern","Orichalcum","Oddly Smooth Stone","Red Skull"],"acts_visited":["Exordium"],"potions_floor_usage":[13,13,16],"damage_taken":[{"damage":0,"enemies":"Cultist","floor":1,"turns":1},{"damage":0,"enemies":"Jaw Worm","floor":2,"turns":1},{"damage":0,"enemies":"2 Louse","floor":3,"turns":1},{"damage":52,"enemies":"Lagavulin","floor":7,"turns":9},{"damage":23,"enemies":"Blue Slaver","floor":8,"turns":5},{"damage":17,"enemies":"Gremlin Nob","floor":13,"turns":5},{"damage":7,"enemies":"Looter","floor":14,"turns":2},{"damage":36,"enemies":"The Guardian","floor":16,"turns":7}],"seed_played":"8349339657451220003","potions_obtained":[{"floor":1,"key":"Explosive Potion"},{"floor":3,"key":"Block Potion"},{"floor":8,"key":"Dexterity Potion"},{"floor":14,"key":"Energy Potion"}],"is_trial":false,"path_per_floor":["M","M","M","$","?","R","E","M","T","?","R","T","E","M","R","B"],"character_chosen":"IRONCLAD","items_purchased":[],"campfire_rested":1,"item_purchase_floors":[],"current_hp_per_floor":[78,80,80,80,73,73,27,10,10,30,30,30,19,18,42,6,6],"gold":218,"neow_bonus":"THREE_ENEMY_KILL","is_daily":false,"chose_seed":false,"campfire_upgraded":2,"win_rate":0.0,"timestamp":1608424831,"path_taken":["M","?","M","$","?","R","E","M","T","?","R","?","E","M","R","BOSS"],"items_purchased_type":[],"build_version":"2020-12-13","purchased_purges":1,"victory":false,"max_hp_per_floor":[80,80,80,80,80,80,80,80,80,80,80,80,80,80,80,80,80],"relic_stats":{"counters":[8,31],"Orichalcum":[24],"obtain_stats":[{"Lantern":7,"NeowsBlessing":0,"Oddly Smooth Stone":12,"Orichalcum":9,"Burning Blood":0,"Red Skull":13},{"Lantern":4,"NeowsBlessing":0,"Oddly Smooth Stone":5,"Orichalcum":5,"Burning Blood":0,"Red Skull":6},{"Lantern":12,"NeowsBlessing":0,"Oddly Smooth Stone":17,"Orichalcum":17,"Burning Blood":0,"Red Skull":22}],"Burning Blood":32},"card_choices":[{"not_picked":["Uppercut","Iron Wave"],"picked":"Feel No Pain","floor":1},{"not_picked":["Bloodletting","Blood for Blood","Flex"],"picked":"SKIP","floor":2},{"not_picked":["Bloodletting","Blood for Blood"],"picked":"Flex","floor":2},{"not_picked":["Dropkick","Evolve"],"picked":"Rage","floor":3},{"not_picked":["Entrench","Iron Wave"],"picked":"Hemokinesis","floor":7},{"not_picked":["Anger","Cleave"],"picked":"Armaments","floor":8},{"not_picked":["Body Slam","Clothesline"],"picked":"Corruption","floor":13},{"not_picked":["Clothesline","Rampage"],"picked":"Perfected Strike","floor":14}],"player_experience":622515,"relics_obtained":[{"floor":7,"key":"Lantern"},{"floor":9,"key":"Orichalcum"},{"floor":12,"key":"Oddly Smooth Stone"},{"floor":13,"key":"Red Skull"}],"event_choices":[{"cards_removed":["Strike_R"],"damage_healed":0,"gold_gain":0,"player_choice":"Card Removal","damage_taken":7,"max_hp_gain":0,"max_hp_loss":0,"event_name":"Golden Wing","floor":5,"gold_loss":0},{"damage_healed":20,"gold_gain":0,"player_choice":"Healed and dodged fight","damage_taken":0,"max_hp_gain":0,"max_hp_loss":0,"event_name":"Mushrooms","floor":10,"gold_loss":0,"cards_obtained":["Parasite"]}],"is_beta":false,"boss_relics":[],"items_purged_floors":[4],"is_endless":false,"potions_floor_spawned":[1,3,8,14],"killed_by":"The Guardian","ascension_level":13}}