{"host":"5dzuyvrjb30uqvwu","time":1608492030,"event":{"mods":["AchievementEnabler","BaseMod","Colored Powertips","Lobotomy","Minty Spire (QoL Compilation)","Quick Restart","slay the spire mod where everything is the same but ironclad has a cowboy hat"],"gold_per_floor":[112,128,128,140,157,157,183,183,237,187,187,212,115,115,115,239,239,254,274,174,187,207,207,242,242,242,98,13,13,13,51,51,51,51,66,87,87,106,106,106],"floor_reached":39,"playtime":3529,"items_purged":["Defend_R","Defend_R"],"score":448,"play_id":"a743016a-de14-40e7-88aa-60f22c3362e6","local_time":"20201220112030","is_ascension_mode":true,"campfire_choices":[{"data":"Flame Barrier","floor":6,"key":"SMITH"},{"data":"Inflame","floor":8,"key":"SMITH"},{"data":"Flame Barrier","floor":11,"key":"SMITH"},{"floor":15,"key":"REST"},{"floor":23,"key":"REST"},{"floor":25,"key":"REST"},{"data":"Double Tap","floor":32,"key":"SMITH"}],"circlet_count":0,"master_deck":["Strike_R","Strike_R","Strike_R","Strike_R","Strike_R","Bash","Bloodbath","Twin Strike","Flame Barrier+1","LongBird","Wild Strike","Flame Barrier+1","Inflame+1","OldLady","Perfected Strike","Twin Strike","Double Tap+1","PunishingBird","Metallicize+1","OSAHOGD","Wild Strike","Shrug It Off+1","BlackArmy","Body Slam+1","Barricade+1","NakedNest","Battle Trance+1","SilentOrchestra","Armaments","Finesse"],"relics":["Burning Blood","CogitoBucket","Kunai","Lantern","Bronze Scales","Golden Idol","Black Star","AspirationHeart","Question Card","Toy Ornithopter","Bag of Preparation","Oddly Smooth Stone","Unceasing Top","TungstenRod","Frozen Egg 2","Runic Cube"],"acts_visited":["Exordium","TheCity","TheBeyond"],"potions_floor_usage":[7,16,18,21,21,21,24,33,35,38],"damage_taken":[{"damage":0,"enemies":"2 Louse","floor":1,"turns":2},{"damage":1,"enemies":"Cultist","floor":2,"turns":3},{"damage":0,"enemies":"Small Slimes","floor":4,"turns":4},{"damage":10,"enemies":"Looter","floor":5,"turns":2},{"damage":8,"enemies":"Gremlin Nob","floor":7,"turns":3},{"damage":34,"enemies":"3 Sentries","floor":12,"turns":10},{"damage":35,"enemies":"Slime Boss","floor":16,"turns":7},{"damage":35,"enemies":"3 Byrds","floor":18,"turns":3},{"damage":25,"enemies":"Shell Parasite","floor":19,"turns":5},{"damage":37,"enemies":"Shelled Parasite and Fungi","floor":21,"turns":5},{"damage":12,"enemies":"Snecko","floor":22,"turns":4},{"damage":33,"enemies":"Gremlin Leader","floor":24,"turns":6},{"damage":19,"enemies":"Book of Stabbing","floor":31,"turns":5},{"damage":52,"enemies":"Champ","floor":33,"turns":10},{"damage":72,"enemies":"3 Shapes","floor":35,"turns":6},{"damage":16,"enemies":"3 Darklings","floor":36,"turns":5},{"damage":14,"enemies":"Jaw Worm Horde","floor":38,"turns":4},{"damage":56,"enemies":"2 Orb Walkers","floor":39,"turns":5}],"seed_played":"-2980169051349442885","potions_obtained":[{"floor":1,"key":"Fire Potion"},{"floor":2,"key":"SkillPotion"},{"floor":16,"key":"EntropicBrew"},{"floor":19,"key":"EntropicBrew"},{"floor":21,"key":"Weak Potion"},{"floor":33,"key":"Regen Potion"},{"floor":36,"key":"ColorlessPotion"}],"is_trial":false,"path_per_floor":["M","M","?","M","M","R","E","R","T","?","R","E","$","?","R","B",null,"M","M","$","M","M","R","E","R","T","$","?","?","?","E","R","B",null,"M","M","?","M","?"],"character_chosen":"IRONCLAD","items_purchased":["Twin Strike","Oddly Smooth Stone"],"campfire_rested":3,"item_purchase_floors":[13,27],"current_hp_per_floor":[80,80,80,80,76,76,74,74,74,74,74,48,48,28,52,23,80,62,47,47,25,21,48,23,50,50,50,50,50,55,43,43,24,90,47,42,42,44,0,0],"gold":106,"neow_bonus":"","is_daily":false,"chose_seed":false,"campfire_upgraded":4,"win_rate":0.0,"timestamp":1608492030,"path_taken":["M","M","?","M","?","R","E","R","T","?","R","E","$","?","R","BOSS","M","M","$","M","M","R","E","R","T","$","?","?","?","E","R","BOSS","M","M","?","M","?"],"items_purchased_type":["Card","Relic"],"build_version":"2020-12-13","purchased_purges":2,"victory":false,"max_hp_per_floor":[80,80,80,80,80,80,80,80,80,80,80,80,80,80,80,80,80,90,90,90,90,90,90,90,90,90,90,90,90,90,90,90,90,90,90,90,90,90,90,90],"card_choices":[{"not_picked":["Variant","OldLady"],"picked":"Bloodbath","floor":1},{"not_picked":["Havoc","Cleave"],"picked":"Twin Strike","floor":1},{"not_picked":["FairyFestival","LongBird"],"picked":"GalaxyChild","floor":2},{"not_picked":["Juggernaut","Rupture"],"picked":"Flame Barrier","floor":2},{"not_picked":["QueenOfHatred","MeatLantern"],"picked":"LongBird","floor":4},{"not_picked":["Havoc","Twin Strike"],"picked":"Wild Strike","floor":4},{"not_picked":["Shockwave","True Grit"],"picked":"Flame Barrier","floor":5},{"not_picked":["Anger","Armaments"],"picked":"Inflame","floor":7},{"not_picked":["WallGazer","RedShoes"],"picked":"OldLady","floor":12},{"not_picked":["Clash","Burning Pact"],"picked":"Perfected Strike","floor":12},{"not_picked":["Bludgeon","Exhume"],"picked":"Double Tap","floor":16},{"not_picked":["BlackSwan","BigBadWolf"],"picked":"PunishingBird","floor":18},{"not_picked":["Flex","Second Wind+1"],"picked":"Heavy Blade+1","floor":18},{"not_picked":["Clash","Armaments"],"picked":"Metallicize+1","floor":19},{"not_picked":["Freischutz","QueenOfHatred"],"picked":"OSAHOGD","floor":21},{"not_picked":["Iron Wave","Clash"],"picked":"Wild Strike","floor":21},{"not_picked":["Feed","Uppercut"],"picked":"Shrug It Off+1","floor":22},{"not_picked":["Sever Soul+1","Rampage","Thunderclap"],"picked":"SKIP","floor":24},{"not_picked":["LittleHelper","CherryBlossoms"],"picked":"BlackArmy","floor":31},{"not_picked":["Shrug It Off","Sentinel","Ghostly Armor"],"picked":"Body Slam+1","floor":31},{"not_picked":["Brutality+1","Fiend Fire","Double Tap"],"picked":"Barricade+1","floor":33},{"not_picked":["SingingMachine","Wellcheers","MHz"],"picked":"Singing Bowl","floor":35},{"not_picked":["WallGazer","LittlePrince"],"picked":"NakedNest","floor":35},{"not_picked":["True Grit+1","Sword Boomerang","Second Wind+1"],"picked":"Battle Trance+1","floor":35},{"not_picked":["Porccubus","CherryBlossoms"],"picked":"SilentOrchestra","floor":36},{"not_picked":["Infernal Blade","Second Wind+1","Dark Embrace+1"],"picked":"Armaments","floor":36},{"not_picked":["The Bomb","Violence","PanicButton"],"picked":"Finesse","floor":37},{"not_picked":["Armaments","Intimidate","Headbutt+1","Clash+1"],"picked":"SKIP","floor":38},{"not_picked":["Armaments","Intimidate","Headbutt+1","Clash+1"],"picked":"SKIP","floor":38}],"player_experience":293494,"relics_obtained":[{"floor":7,"key":"Kunai"},{"floor":9,"key":"Lantern"},{"floor":12,"key":"Bronze Scales"},{"floor":24,"key":"Question Card"},{"floor":24,"key":"Toy Ornithopter"},{"floor":26,"key":"Bag of Preparation"},{"floor":31,"key":"TungstenRod"},{"floor":31,"key":"Frozen Egg 2"}],"event_choices":[{"damage_healed":0,"gold_gain":0,"cards_transformed":["Defend_R"],"player_choice":"Transformed","damage_taken":0,"max_hp_gain":0,"max_hp_loss":0,"event_name":"Transmorgrifier","floor":3,"gold_loss":0,"cards_obtained":["Flex"]},{"cards_removed":["Defend_R"],"damage_healed":0,"gold_gain":0,"player_choice":"Card Removal","damage_taken":0,"max_hp_gain":0,"max_hp_loss":0,"event_name":"The Cleric","floor":10,"gold_loss":50},{"damage_healed":0,"gold_gain":0,"player_choice":"Take Damage","damage_taken":20,"relics_obtained":["Golden Idol"],"max_hp_gain":0,"max_hp_loss":0,"event_name":"Golden Idol","floor":14,"gold_loss":0},{"damage_healed":0,"gold_gain":0,"player_choice":"Obtained Relic","damage_taken":0,"relics_obtained":["Unceasing Top"],"max_hp_gain":0,"max_hp_loss":0,"event_name":"Addict","floor":28,"gold_loss":85},{"cards_removed":["GalaxyChild"],"damage_healed":0,"gold_gain":0,"player_choice":"Elegance","damage_taken":0,"max_hp_gain":0,"max_hp_loss":0,"event_name":"Back to Basics","floor":29,"gold_loss":0},{"cards_removed":["Heavy Blade"],"damage_healed":5,"gold_gain":0,"player_choice":"Offered Common","damage_taken":0,"max_hp_gain":0,"max_hp_loss":0,"event_name":"Bonfire Elementals","floor":30,"gold_loss":0},{"cards_removed":["Heavy Blade"],"damage_healed":5,"gold_gain":0,"player_choice":"Offered Special","damage_taken":0,"max_hp_gain":0,"max_hp_loss":0,"event_name":"Bonfire Elementals","floor":30,"gold_loss":0},{"damage_healed":0,"gold_gain":0,"player_choice":"Memory 1","damage_taken":0,"max_hp_gain":0,"max_hp_loss":0,"event_name":"SensoryStone","floor":37,"gold_loss":0},{"damage_healed":0,"gold_gain":0,"player_choice":"Fight","damage_taken":0,"max_hp_gain":0,"max_hp_loss":0,"event_name":"Mysterious Sphere","floor":39,"gold_loss":0}],"is_beta":false,"boss_relics":[{"not_picked":["Coffee Dripper","Snecko Eye"],"picked":"Black Star"},{"not_picked":["Astrolabe","Velvet Choker"],"picked":"Runic Cube"}],"items_purged_floors":[13,20],"is_endless":false,"potions_floor_spawned":[1,2,16,19,21,33,36],"killed_by":"2 Orb Walkers","ascension_level":1}}