{"host":"27cnk69rbdk9vsnt","time":1608503051,"event":{"mods":["BaseMod","CatGirl Mod","Ekko","Energized Spire","JesterMod","Mimic Mod","Minty Spire (QoL Compilation)","Shade Mod","Shop Mod","StSLib","The Spell Scribe","Thieving Mod"],"gold_per_floor":[109,209,225,244,262,262,279,279,357,372,372,372,372,399,399,496,496,464,474,331,256,256,256,256,256],"floor_reached":24,"playtime":1551,"items_purged":[],"score":221,"play_id":"5a4d5222-e6a7-473c-8e69-55039dc9a5f5","local_time":"20201220232411","is_ascension_mode":false,"campfire_choices":[{"data":"theScribe:StarterModifier","floor":6,"key":"SMITH"},{"data":"theScribe:ThrownScroll","floor":8,"key":"SMITH"},{"data":"theScribe:IcyDefend","floor":11,"key":"SMITH"},{"data":"theScribe:Frost","floor":13,"key":"SMITH"},{"floor":15,"key":"REST"},{"data":"theScribe:LightningStrike","floor":23,"key":"SMITH"}],"circlet_count":0,"master_deck":["theScribe:StarterAttack","theScribe:StarterAttack","theScribe:LightningStrike+1","theScribe:StarterDefend","theScribe:StarterDefend","theScribe:StarterDefend","theScribe:IcyDefend+1","theScribe:IcyDefend+1","theScribe:StarterModifier+1","theScribe:BlankScroll","theScribe:BlankScroll","theScribe:ThrownScroll+1","theScribe:FocusingBarrier","theScribe:Frost+1","theScribe:BlankScroll","theScribe:LightningBolt","theScribe:ScriptedStarfall","theScribe:ScrollOfPoison","theScribe:Overcharge"],"relics":["theScribe:StarterRelic1","InkBottle","Lee\u0027s Waffle","Centennial Puzzle"],"acts_visited":["Exordium","TheCity"],"potions_floor_usage":[4,14,20,24,24],"damage_taken":[{"damage":3,"enemies":"Jaw Worm","floor":1,"turns":6},{"damage":15,"enemies":"Cultist","floor":3,"turns":5},{"damage":15,"enemies":"2 Louse","floor":4,"turns":5},{"damage":1,"enemies":"2 Fungi Beasts","floor":5,"turns":5},{"damage":16,"enemies":"Large Slime","floor":7,"turns":8},{"damage":14,"enemies":"3 Louse","floor":10,"turns":7},{"damage":14,"enemies":"Gremlin Nob","floor":14,"turns":6},{"damage":13,"enemies":"Slime Boss","floor":16,"turns":18},{"damage":22,"enemies":"2 Thieves","floor":18,"turns":5},{"damage":26,"enemies":"3 Byrds","floor":19,"turns":6},{"damage":58,"enemies":"Book of Stabbing","floor":24,"turns":8}],"seed_played":"1764455830049162441","potions_obtained":[{"floor":1,"key":"SmokeBomb"},{"floor":3,"key":"EntropicBrew"},{"floor":7,"key":"PowerPotion"},{"floor":10,"key":"ThievingMod:ThievingPotion"},{"floor":16,"key":"EssenceOfSteel"}],"is_trial":false,"path_per_floor":["M","?","M","M","M","R","M","R","T","M","R","?","R","E","R","B",null,"M","M","$","?","?","R","E"],"character_chosen":"THE_SCRIBE","items_purchased":["Lee\u0027s Waffle"],"campfire_rested":1,"item_purchase_floors":[20],"current_hp_per_floor":[79,79,64,49,48,48,32,32,32,18,18,18,18,4,28,15,82,60,34,69,69,52,52,0,0],"gold":256,"neow_bonus":"TEN_PERCENT_HP_BONUS","is_daily":false,"chose_seed":false,"campfire_upgraded":5,"win_rate":0.0,"timestamp":1608503051,"path_taken":["M","?","M","M","M","R","M","R","T","?","R","?","R","E","R","BOSS","M","M","$","?","?","R","E"],"items_purchased_type":["Relic"],"build_version":"2020-12-13","purchased_purges":0,"victory":false,"max_hp_per_floor":[82,82,82,82,82,82,82,82,82,82,82,82,82,82,82,82,82,82,82,89,89,94,94,94,94],"card_choices":[{"not_picked":["theScribe:FalseLife","theScribe:GatherComponents"],"picked":"theScribe:BlankScroll","floor":1},{"not_picked":["theScribe:LightningBlade","theScribe:Thunder"],"picked":"theScribe:BlankScroll","floor":3},{"not_picked":["theScribe:RecklessResponse","theScribe:EnchantedStrike"],"picked":"theScribe:ThrownScroll","floor":4},{"not_picked":["theScribe:ToxicSpellstone","theScribe:ForkedBolt"],"picked":"theScribe:FocusingBarrier","floor":5},{"not_picked":["theScribe:FlowLikeWater","theScribe:ThrownScroll"],"picked":"theScribe:Frost","floor":7},{"not_picked":["theScribe:CrystalShield","theScribe:BluntWeapons"],"picked":"theScribe:BlankScroll","floor":10},{"not_picked":["theScribe:PriceOfKnowledge","theScribe:WordsOfPower"],"picked":"theScribe:LightningBolt","floor":14},{"not_picked":["theScribe:InscribeDeath","theScribe:Conflagrate"],"picked":"theScribe:ScriptedStarfall","floor":16},{"not_picked":["theScribe:Overcharge","theScribe:ScrollOfScrying"],"picked":"theScribe:ScrollOfPoison","floor":18},{"not_picked":["theScribe:FlowLikeWater+1","theScribe:MirrorImage"],"picked":"theScribe:Overcharge","floor":19}],"player_experience":480115,"relics_obtained":[{"floor":9,"key":"InkBottle"},{"floor":14,"key":"Turnip"}],"event_choices":[{"damage_healed":0,"gold_gain":100,"player_choice":"Pray","damage_taken":0,"max_hp_gain":0,"max_hp_loss":0,"event_name":"Golden Shrine","floor":2,"gold_loss":0},{"damage_healed":0,"gold_gain":0,"player_choice":"Grow","damage_taken":0,"max_hp_gain":0,"max_hp_loss":0,"event_name":"Living Wall","floor":12,"gold_loss":0,"cards_upgraded":["theScribe:IcyDefend"]},{"cards_removed":["theScribe:LightningStrike"],"damage_healed":0,"gold_gain":0,"player_choice":"Gave Gold","damage_taken":0,"max_hp_gain":0,"max_hp_loss":0,"event_name":"Beggar","floor":21,"gold_loss":75},{"damage_healed":0,"gold_gain":0,"player_choice":"Shed Blood","damage_taken":22,"max_hp_gain":5,"max_hp_loss":0,"event_name":"Forgotten Altar","floor":22,"gold_loss":0}],"is_beta":false,"boss_relics":[{"not_picked":["Coffee Dripper","Empty Cage"],"picked":"SlaversCollar"}],"items_purged_floors":[],"is_endless":false,"potions_floor_spawned":[1,3,7,10,16,19],"killed_by":"Book of Stabbing","ascension_level":0}}