{"host":"59ckh7bj2z84pzgo","time":1608444348,"event":{"mods":["BaseMod","Better Vampires","Marked Mod","Minty Spire (QoL Compilation)","Replay The Spire","Spicy Shops","StSLib","TestMod","¡¾ÒÅÎï¿¨ÅÆ¡¿REMEMod"],"gold_per_floor":[115,135,149,149,149,174,174,209,233,233,250,250,269,298,298,372,372,392,31,81,99,99,99,133,133,133,168,179,198,214,57,57,135,135,148,148,158,168,2,2,2,93,93,93,127,143,177,228,228,252,264,264,264,24,79,115,115],"floor_reached":56,"playtime":4458,"items_purged":["Hemogenesis"],"score":2130,"play_id":"e0dbdc89-81f5-4224-ad95-bcd0d5e1ab3a","local_time":"20201220140548","is_ascension_mode":true,"campfire_choices":[{"floor":7.0,"key":"REST"},{"data":"True Grit","floor":12.0,"key":"SMITH"},{"data":"DevaForm","floor":15.0,"key":"SMITH"},{"data":"Searing Blow","floor":23.0,"key":"SMITH"},{"data":"Searing Blow+1","floor":25.0,"key":"SMITH"},{"data":"Searing Blow+2","floor":40.0,"key":"SMITH"},{"data":"Fiend Fire","floor":44.0,"key":"SMITH"},{"floor":49.0,"key":"RECALL"},{"data":"REME_ACTH","floor":53.0,"key":"SMITH"}],"circlet_count":0,"master_deck":["AscendersBane","Defend_R+1","Bash","DevaForm+1","Headbutt","Armaments+1","Burning Pact","Searing Blow+3","True Grit+1","Fiend Fire+1","Thunderclap","AbeCurse","Flame Barrier","Cleave+1","Pot Of Greed","Pot Of Greed","Immolate","Impervious","Offering","Reaper","Shockwave+1","DevaForm+1","Shrug It Off+1","Amnesia","REME_CurseOfMatryoshka","REME_ACTH+1","Seeing Red"],"relics":["Burning Blood","REME_ComplimentaryCards","testmod-TestBox","testmod-Temperance","ReplayFunnel","Red Skull","Chameleon Ring","Abe\u0027s Treasure","testmod-ArcanaOfDestiny","ReplayTheSpireMod:Lightbulb","Grinning Jar","Bird Faced Urn","Smiling Mask","Happy Flower","testmod-TimeTraveler","Membership Card","REME_ArchaeologicalTools","Replay:Rubber Ducky","Replay:Accelerometer","testmod-Laevatain","testmod-FatalChain","Replay:Kaleidoscope","Toy Ornithopter"],"acts_visited":["Exordium","TheCity","TheBeyond","TheEnding"],"potions_floor_usage":[55,56],"damage_taken":[{"damage":11.0,"enemies":"Jaw Worm","floor":1.0,"turns":6.0},{"damage":10.0,"enemies":"Small Slimes","floor":2.0,"turns":4.0},{"damage":6.0,"enemies":"Cultist","floor":3.0,"turns":4.0},{"damage":36.0,"enemies":"Replay:BlueRogue","floor":6.0,"turns":6.0},{"damage":23.0,"enemies":"3 Sentries","floor":8.0,"turns":14.0},{"damage":7.0,"enemies":"Exordium Thugs","floor":11.0,"turns":4.0},{"damage":11.0,"enemies":"Gremlin Gang","floor":13.0,"turns":6.0},{"damage":8.0,"enemies":"Gremlin Nob","floor":14.0,"turns":3.0},{"damage":18.0,"enemies":"Slime Boss","floor":16.0,"turns":9.0},{"damage":16.0,"enemies":"Spheric Guardian","floor":18.0,"turns":4.0},{"damage":0.0,"enemies":"3 Byrds","floor":21.0,"turns":1.0},{"damage":41.0,"enemies":"Gremlin Leader","floor":24.0,"turns":7.0},{"damage":6.0,"enemies":"Replay:Snechameleon","floor":27.0,"turns":4.0},{"damage":10.0,"enemies":"3 Cultists","floor":28.0,"turns":4.0},{"damage":3.0,"enemies":"Centurion and Healer","floor":29.0,"turns":2.0},{"damage":0.0,"enemies":"Snecko","floor":30.0,"turns":4.0},{"damage":46.0,"enemies":"Collector","floor":33.0,"turns":8.0},{"damage":6.0,"enemies":"3 Darklings","floor":35.0,"turns":1.0},{"damage":10.0,"enemies":"Orb Walker","floor":37.0,"turns":3.0},{"damage":25.0,"enemies":"Jaw Worm Horde","floor":38.0,"turns":3.0},{"damage":6.0,"enemies":"Reptomancer","floor":42.0,"turns":3.0},{"damage":6.0,"enemies":"Transient","floor":45.0,"turns":6.0},{"damage":6.0,"enemies":"Sphere and 2 Shapes","floor":46.0,"turns":2.0},{"damage":6.0,"enemies":"Mind Bloom Boss Battle","floor":47.0,"turns":4.0},{"damage":6.0,"enemies":"R_Hoarder","floor":48.0,"turns":4.0},{"damage":24.0,"enemies":"Time Eater","floor":50.0,"turns":5.0},{"damage":6.0,"enemies":"Awakened One","floor":51.0,"turns":4.0},{"damage":29,"enemies":"Shield and Spear","floor":55,"turns":5},{"damage":117,"enemies":"The Heart","floor":56,"turns":8}],"seed_played":"-5866238940199718524","potions_obtained":[{"floor":2.0,"key":"Venom Potion"},{"floor":6.0,"key":"Dexterity Potion"},{"floor":13.0,"key":"BloodPotion"},{"floor":16.0,"key":"Elixir"},{"floor":18.0,"key":"Swift Potion"},{"floor":45.0,"key":"Adrenaline Potion"}],"is_trial":false,"path_per_floor":["M","M","M","?","?","E","R","E","T","?","M","R","M","E","R","B",null,"M","$","?","M","?","R","E","R","T","E","M","M","M","$","R","B",null,"M","?","M","M","$","R","?","E","T","R","M","M","?","E","R","B","B",null,"R","$","E","B"],"character_chosen":"IRONCLAD","items_purchased":["testmod-ArcanaOfDestiny","ReplayTheSpireMod:Lightbulb","Happy Flower","Membership Card","Replay:Kaleidoscope","Swift Potion"],"campfire_rested":1,"item_purchase_floors":[19,19,31,39,54,54],"current_hp_per_floor":[63,64,69,62,39,16,38,26,26,26,30,30,30,28,28,23,62,57,57,57,63,63,63,33,33,33,40,36,39,47,47,47,16,60,60,60,56,51,51,51,51,75,75,75,75,75,75,75,75,57,75,75,75,75,65,0,0],"gold":115,"neow_bonus":"ONE_RANDOM_RARE_CARD","is_daily":false,"chose_seed":false,"campfire_upgraded":7,"win_rate":0.0,"timestamp":1608444348,"path_taken":["M","M","M","?","?","E","R","E","T","?","?","R","M","E","R","BOSS","M","$","?","?","?","R","E","R","T","E","M","M","M","$","R","BOSS","M","?","?","M","$","R","?","E","T","R","M","?","?","E","R","BOSS","BOSS","R","$","E","BOSS"],"items_purchased_type":["Relic","Relic","Relic","Relic","Relic","Potion"],"build_version":"2020-12-13","purchased_purges":1,"victory":false,"max_hp_per_floor":[75,75,75,75,75,75,75,75,75,75,75,75,75,75,75,75,75,75,75,75,75,75,75,75,75,75,75,75,75,75,75,75,75,75,75,75,75,75,75,75,75,75,75,75,75,75,75,75,75,75,75,75,75,75,65,65,65],"card_choices":[{"not_picked":["Anger","Havoc"],"picked":"Headbutt","floor":1.0},{"not_picked":["Massacre","Disarm"],"picked":"Armaments","floor":2.0},{"not_picked":["ReplayTheSpireMod:Strike From Hell","Headbutt"],"picked":"Burning Pact","floor":3.0},{"not_picked":["ReplayTheSpireMod:LeadingStrike","Evolve"],"picked":"Searing Blow","floor":6.0},{"not_picked":["Heavy Blade","Fire Breathing","Combust"],"picked":"SKIP","floor":8.0},{"not_picked":["ReplayTheSpireMod:Strike From Hell","Life Link"],"picked":"True Grit","floor":11.0},{"not_picked":["REME_Scribble","Armaments"],"picked":"Fiend Fire","floor":13.0},{"not_picked":["Cleave","Replay:Undeath\u0027s Touch"],"picked":"Thunderclap","floor":14.0},{"not_picked":["Hemogenesis","Corruption"],"picked":"Bludgeon","floor":16.0},{"not_picked":["Clothesline","Rampage"],"picked":"Flame Barrier","floor":18.0},{"not_picked":["Replay:Undeath\u0027s Touch","Run Through"],"picked":"Cleave+1","floor":21.0},{"not_picked":["Ghostly Armor","Wild Strike"],"picked":"Immolate","floor":24.0},{"not_picked":["Intimidate","Shrug It Off"],"picked":"Impervious","floor":27.0},{"not_picked":["Sword Boomerang","Twin Strike+1","Carnage"],"picked":"SKIP","floor":28.0},{"not_picked":["ReplayTheSpireMod:Strike From Hell","Heavy Blade+1","Replay:Many Hands"],"picked":"SKIP","floor":29.0},{"not_picked":["Heavy Blade","Thunderclap","Pommel Strike"],"picked":"SKIP","floor":30.0},{"not_picked":["Corruption","Demon Form"],"picked":"Reaper","floor":33.0},{"not_picked":["Thunderclap","Infernal Blade+1"],"picked":"Shockwave+1","floor":35.0},{"not_picked":["Pommel Strike+1","Rage","Iron Wave+1"],"picked":"SKIP","floor":37.0},{"not_picked":["Clash","Cleave+1"],"picked":"Shrug It Off+1","floor":38.0},{"not_picked":["REME_Scribble","Pommel Strike","Flame Barrier"],"picked":"SKIP","floor":42.0},{"not_picked":["Reckless Charge","Havoc","Rampage+1"],"picked":"SKIP","floor":45.0},{"not_picked":["Ghostly Armor","Wild Strike","ReplayTheSpireMod:Corrosion Curse+1"],"picked":"SKIP","floor":46.0},{"not_picked":["Second Wind","REME_ACTH","Dropkick"],"picked":"SKIP","floor":48.0},{"not_picked":["Second Wind","Dropkick"],"picked":"REME_ACTH","floor":48.0},{"not_picked":["Rupture+1","Uppercut"],"picked":"Seeing Red","floor":55}],"player_experience":146079,"relics_obtained":[{"floor":6.0,"key":"ReplayFunnel"},{"floor":8.0,"key":"Red Skull"},{"floor":14.0,"key":"Chameleon Ring"},{"floor":24.0,"key":"Grinning Jar"},{"floor":26.0,"key":"Bird Faced Urn"},{"floor":27.0,"key":"Smiling Mask"},{"floor":42.0,"key":"Replay:Rubber Ducky"},{"floor":43.0,"key":"Replay:Accelerometer"},{"floor":47.0,"key":"testmod-Laevatain"},{"floor":48.0,"key":"testmod-FatalChain"},{"floor":55,"key":"Toy Ornithopter"}],"event_choices":[{"cards_removed":["Defend_R"],"damage_healed":0.0,"max_hp_gain":0.0,"max_hp_loss":0.0,"gold_gain":0.0,"event_name":"Golden Wing","player_choice":"Card Removal","floor":4.0,"gold_loss":0.0,"damage_taken":7.0},{"damage_healed":0.0,"max_hp_gain":0.0,"max_hp_loss":0.0,"gold_gain":0.0,"event_name":"Shining Light","player_choice":"Entered Light","floor":5.0,"gold_loss":0.0,"damage_taken":23.0,"cards_upgraded":["Armaments","Defend_R"]},{"damage_healed":0.0,"max_hp_gain":0.0,"max_hp_loss":0.0,"gold_gain":0.0,"cards_transformed":["Strike_R"],"event_name":"Transmorgrifier","player_choice":"Transformed","floor":10.0,"gold_loss":0.0,"damage_taken":0.0,"cards_obtained":["Searing Blow"]},{"damage_healed":0.0,"max_hp_gain":0.0,"max_hp_loss":0.0,"gold_gain":50.0,"event_name":"Golden Shrine","player_choice":"Pray","floor":20.0,"gold_loss":0.0,"damage_taken":0.0},{"damage_healed":0.0,"max_hp_gain":0.0,"max_hp_loss":0.0,"gold_gain":0.0,"event_name":"Ghosts","player_choice":"Ignored","floor":22.0,"gold_loss":0.0,"damage_taken":0.0},{"damage_healed":0.0,"max_hp_gain":0.0,"max_hp_loss":0.0,"gold_gain":0.0,"event_name":"Duplicator","player_choice":"Copied","floor":36.0,"gold_loss":0.0,"damage_taken":0.0,"cards_obtained":["DevaForm"]},{"damage_healed":0.0,"max_hp_gain":0.0,"max_hp_loss":0.0,"gold_gain":0.0,"event_name":"WeMeetAgain","player_choice":"Gave Potion","floor":41.0,"gold_loss":0.0,"damage_taken":0.0,"relics_obtained":["REME_ArchaeologicalTools"]},{"damage_healed":0.0,"max_hp_gain":0.0,"max_hp_loss":0.0,"gold_gain":0.0,"event_name":"MindBloom","player_choice":"Fight","floor":47.0,"gold_loss":0.0,"damage_taken":0.0}],"is_beta":false,"boss_relics":[{"not_picked":["Tiny House","testmod-BatchProcessingSystem"],"picked":"Abe\u0027s Treasure"},{"not_picked":["testmod-EnergyCheck","Replay:Drink Me"],"picked":"testmod-TimeTraveler"}],"items_purged_floors":[54],"is_endless":false,"potions_floor_spawned":[2,6,13,16,18,21,30,38,45,46,47],"killed_by":"The Heart","ascension_level":20}}