{"host":"kg3sujd0l7l0va61","time":1608441936,"event":{"mods":["AchievementEnabler","Aspiration","Bard","BaseMod","Bestiary","Better Match","Better Note","BetterRewards","Challenge The Spire","Colored Powertips","Custom Start","Decade(王小明)","Displayed Cursed Tome","Downfall","GifTheSpireLib","Hermit","HololiveMod","Infinite Spire","KinomotoSakuraMod(木之本樱)","Koishi","KomeijiMod","Luminous","Marisa（F雨　魔理沙）","Marked Mod","Minty Spire (QoL Compilation)","MostiFishMod","Prisma Mod","Quick Restart","READ ME - Guardian Mod","Rare Cards Sparkle","Reimu（博丽灵梦）","Replay The Spire","RumiaBox-露米娅的神秘盒子","StSLib","The Blue Laboratory","The Cursed","The Hierophant","The Servant 0.9.4","Waifu the Spire","WarShipGirlsR/战舰少女R mod","Youmu（魂魄妖梦）","【东方二次创作】八云紫mod","【遗物卡牌】REMEMod"],"gold_per_floor":[111,125,200,200,219,248,64,118,118,144,156,156,106,120,120,250,250,250,266,266,278,278,278,309,246,283,295,297,309,352,377,389,499,511,539,563,575,605,617,629,629],"floor_reached":40,"playtime":1630,"items_purged":[],"score":700,"play_id":"718bd390-c853-4587-ab60-bd7bf11b19d2","local_time":"20201220132536","is_ascension_mode":true,"campfire_choices":[{"floor":12.0,"key":"RECALL"},{"data":"MostiFishMod:PerfectForm","floor":15.0,"key":"SMITH"},{"data":"Limit Break","floor":23.0,"key":"SMITH"},{"data":"MostiFishMod:PathToVictory","floor":27.0,"key":"SMITH"},{"data":"Hello World","floor":32,"key":"SMITH"}],"circlet_count":0,"master_deck":["Strike_R+1","Strike_R+1","Strike_R+1","Strike_R+1","Defend_R+1","Defend_R+1","Defend_R+1","Defend_R+1","Bash","Feed+1","Shrug It Off","Defend_R+1","Infernal Blade","MostiFishMod:PerfectForm+1","Dual Wield","MostiFishMod:OrdinaryWorld","REME_Scribble","Limit Break+1","Heavy Blade+1","MostiFishMod:PathToVictory+1","Pommel Strike+1","Life Link","MostiFishMod:DarkDeal","Clash","Armaments+1","MostiFishMod:#F4004","Confused"],"relics":["Burning Blood","DaveBox","REME_ComplimentaryCards","BirthdayGift-Tetrahedron","Question Card","Baka2","REME_IWantAll","Whetstone","White Beast Statue","Onion Ring","Sundial","ImportantClient","AddBug","REME_ComplimentaryCards","NlothsMask","MawBank","REME_IWantAll","Anchor","BloodWine"],"acts_visited":["Exordium","TheCity","TheBeyond"],"potions_floor_usage":[33,40],"damage_taken":[{"damage":4.0,"enemies":"2 Louse","floor":1.0,"turns":2.0},{"damage":3.0,"enemies":"Jaw Worm","floor":2.0,"turns":2.0},{"damage":3.0,"enemies":"Cultist","floor":5.0,"turns":2.0},{"damage":20.0,"enemies":"3 Sentries","floor":6.0,"turns":3.0},{"damage":6.0,"enemies":"Lagavulin","floor":8.0,"turns":4.0},{"damage":8.0,"enemies":"Gremlin Nob","floor":10.0,"turns":5.0},{"damage":0.0,"enemies":"3 Louse","floor":11.0,"turns":2.0},{"damage":5.0,"enemies":"Lots of Slimes","floor":14.0,"turns":2.0},{"damage":12.0,"enemies":"The Guardian","floor":16.0,"turns":5.0},{"damage":5.0,"enemies":"2 Thieves","floor":18.0,"turns":3.0},{"damage":2.0,"enemies":"Chosen","floor":19.0,"turns":2.0},{"damage":2.0,"enemies":"Snecko","floor":21.0,"turns":2.0},{"damage":5.0,"enemies":"Gremlin Leader","floor":24.0,"turns":1.0},{"damage":10,"enemies":"Snake Plant","floor":28,"turns":3},{"damage":16,"enemies":"Replay:Snechameleon","floor":30,"turns":4},{"damage":5,"enemies":"Shelled Parasite and Fungi","floor":31,"turns":3},{"damage":26,"enemies":"Champ","floor":33,"turns":5},{"damage":4,"enemies":"3 Shapes","floor":35,"turns":2},{"damage":22,"enemies":"3 Darklings","floor":36,"turns":3},{"damage":6,"enemies":"Writhing Mass","floor":38,"turns":3},{"damage":1,"enemies":"Nightmare","floor":40,"turns":1}],"seed_played":"-4635405007679366194","potions_obtained":[{"floor":5.0,"key":"FearPotion"},{"floor":6.0,"key":"ExcitationPotion"},{"floor":10.0,"key":"Guardian:BlockOnCardUsePotion"},{"floor":14.0,"key":"blueLaboratory:HeartbeatPotion"},{"floor":33,"key":"blueLaboratory:EntrenchedPotion"}],"is_trial":false,"path_per_floor":["M","M","?","?","M","E","$","E","T","E","M","R","?","M","R","B",null,"M","M","?","M","?","R","E","?","T","R","M","AVR","E","M","R","B",null,"M","M","?","M","?","NM"],"character_chosen":"IRONCLAD","items_purchased":["MostiFishMod:PerfectForm"],"campfire_rested":0,"item_purchase_floors":[7],"current_hp_per_floor":[88,88,77,77,80,75,75,75,75,73,72,72,72,77,77,75,117,121,125,125,125,125,125,101,101,101,101,99,99,91,94,94,76,146,150,136,136,1,1,0,0],"gold":629,"neow_bonus":"TEN_PERCENT_HP_BONUS","is_daily":false,"chose_seed":false,"campfire_upgraded":4,"win_rate":0.0,"timestamp":1608441936,"path_taken":["M","M","?","?","?","E","$","E","T","E","?","R","?","M","R","BOSS","M","M","?","?","?","R","E","?","T","R","M","AVR","E","M","R","BOSS","M","M","?","M","?","NM"],"items_purchased_type":["Card"],"build_version":"2020-12-13","purchased_purges":0,"victory":false,"max_hp_per_floor":[88,88,88,88,88,91,91,91,91,91,109,109,109,113,113,117,117,121,125,125,125,125,125,138,138,138,138,140,140,142,144,144,146,146,150,152,152,154,154,154,154],"card_choices":[{"not_picked":["Inflame","Run Through","Replay:Undeath\u0027s Touch"],"picked":"SKIP","floor":1.0},{"not_picked":["Armaments","Flex","Replay:Undeath\u0027s Touch"],"picked":"Feed","floor":2.0},{"not_picked":["Run Through","Pommel Strike","Wild Strike"],"picked":"Shrug It Off","floor":5.0},{"not_picked":["Wild Strike","Clothesline","Havoc"],"picked":"Infernal Blade","floor":6.0},{"not_picked":["ReplayTheSpireMod:Strike From Hell","MostiFishMod:BrandingRite","ReplayTheSpireMod:Stacked","True Grit"],"picked":"SKIP","floor":8.0},{"not_picked":["True Grit","Uppercut","Twin Strike"],"picked":"Dual Wield","floor":10.0},{"not_picked":["Perfected Strike","Havoc","Clash"],"picked":"MostiFishMod:OrdinaryWorld","floor":11.0},{"not_picked":["Abandon","Whirlwind","REME_FearOfPain"],"picked":"REME_Scribble","floor":14.0},{"not_picked":["Double Tap","Demon Form","MostiFishMod:TemporaryOutbreak"],"picked":"Limit Break","floor":16.0},{"not_picked":["Replay:Undeath\u0027s Touch","Headbutt","ReplayTheSpireMod:Stacked"],"picked":"Heavy Blade+1","floor":18.0},{"not_picked":["Defy Death","Burning Pact","Inflame"],"picked":"Pommel Strike+1","floor":19.0},{"not_picked":["Inflame","Intimidate","True Grit"],"picked":"Life Link","floor":19.0},{"not_picked":["Carnage+1","Replay:Undeath\u0027s Touch","Abandon+1","ReplayTheSpireMod:Strike From Hell"],"picked":"SKIP","floor":19.0},{"not_picked":["Replay:Undeath\u0027s Touch+1","Metallicize+1","Iron Wave","Rampage"],"picked":"SKIP","floor":19.0},{"not_picked":["Searing Blow","Shockwave","Perfected Strike","Reckless Charge"],"picked":"SKIP","floor":21.0},{"not_picked":["Replay:Undeath\u0027s Touch+1","Perfected Strike","Armaments","Metallicize"],"picked":"SKIP","floor":24.0},{"not_picked":["Uppercut+1","REME_TheLastStrike","Run Through","REME_SingleHolding"],"picked":"SKIP","floor":28},{"not_picked":["Wild Strike","Entrench","ReplayTheSpireMod:Stacked"],"picked":"Clash","floor":30},{"not_picked":["Fire Breathing","Battle Trance+1","REME_SingleHolding"],"picked":"Armaments+1","floor":31},{"not_picked":["MostiFishMod:ChineseTea","Eclipse","Corruption"],"picked":"MostiFishMod:#F4004","floor":33},{"not_picked":["Hemokinesis","Run Through","Havoc+1","REME_FearOfPain+1"],"picked":"SKIP","floor":35},{"not_picked":["ReplayTheSpireMod:Strike From Hell+1","Wild Strike+1","ReplayTheSpireMod:LeadingStrike+1","Warcry+1"],"picked":"SKIP","floor":36},{"not_picked":["Perfected Strike","MostiFishMod:BrandingRite+1","Heavy Blade+1","Sword Boomerang"],"picked":"SKIP","floor":38}],"player_experience":109401,"relics_obtained":[{"floor":1.0,"key":"Baka"},{"floor":1.0,"key":"Question Card"},{"floor":2.0,"key":"Baka2"},{"floor":6.0,"key":"REME_IWantAll"},{"floor":8.0,"key":"Whetstone"},{"floor":9.0,"key":"White Beast Statue"},{"floor":10.0,"key":"Onion Ring"},{"floor":11.0,"key":"Sundial"},{"floor":16.0,"key":"ImportantClient"},{"floor":18.0,"key":"REME_ComplimentaryCards"},{"floor":24.0,"key":"MawBank"},{"floor":30,"key":"REME_IWantAll"},{"floor":30,"key":"Anchor"}],"event_choices":[{"damage_healed":0.0,"max_hp_gain":0.0,"max_hp_loss":0.0,"gold_gain":75.0,"event_name":"World of Goop","player_choice":"Gather Gold","floor":3.0,"gold_loss":0.0,"damage_taken":11.0},{"cards_removed":["Strike_R"],"damage_healed":0.0,"max_hp_gain":0.0,"max_hp_loss":0.0,"gold_gain":0.0,"event_name":"The Cleric","player_choice":"Card Removal","floor":13.0,"gold_loss":50.0,"damage_taken":0.0},{"damage_healed":0.0,"max_hp_gain":0.0,"max_hp_loss":0.0,"gold_gain":0.0,"event_name":"FaceTrader","player_choice":"Trade","floor":20.0,"gold_loss":0.0,"damage_taken":0.0,"relics_obtained":["NlothsMask"]},{"damage_healed":0.0,"max_hp_gain":0.0,"max_hp_loss":0.0,"gold_gain":0.0,"event_name":"Back to Basics","player_choice":"Simplicity","floor":22.0,"gold_loss":0.0,"damage_taken":0.0,"cards_upgraded":["Strike_R","Strike_R","Strike_R","Defend_R","Defend_R","Defend_R","Defend_R","Defend_R"]},{"damage_healed":0.0,"max_hp_gain":0.0,"max_hp_loss":0.0,"gold_gain":0.0,"event_name":"betterMatch:BetterMatch","player_choice":"3","floor":25.0,"gold_loss":0.0,"damage_taken":0.0,"cards_obtained":[]},{"cards_removed":["Hello World"],"damage_healed":0,"gold_gain":0,"player_choice":"Removed Power","damage_taken":0,"max_hp_gain":0,"max_hp_loss":0,"event_name":"Falling","floor":39,"gold_loss":0}],"is_beta":false,"boss_relics":[{"not_picked":["MetatronsCube","Tiny House"],"picked":"AddBug"},{"not_picked":["Honey Jar","RhineCircuit"],"picked":"BloodWine"}],"items_purged_floors":[],"is_endless":false,"potions_floor_spawned":[5,6,10,11,14,16,18,21,24,28,30,31,33,35,36,38],"killed_by":"Nightmare","ascension_level":4}}