{"host":"3mdjmozz5rahgtdc","time":1608474120,"event":{"mods":["AchievementEnabler","BaseMod","Better Silent Start","Better-Laid Plans","Colored Map","Colored Powertips","Custom Start","DeckTracker","Emptier Cage","KOR Keyword Fix","Keyboard Shortcuts","Minty Spire (QoL Compilation)","Permanent Neow","Quick Restart","StSLib","SuperFastMode"],"gold_per_floor":[116,216,226,244,258,587,607,641,641,641,89,89,122,138,138,233,233,188,188,188,62,12,12,12,12,12,12,12,12,12,12,12,12,12,12,12,12,12,12,12,12,12,12,12,12,12,12,12,12,12,12],"floor_reached":50,"playtime":1487,"items_purged":[],"score":1070,"play_id":"23ed6d47-534c-4830-acf9-eb275f7c2091","local_time":"20201220232200","is_ascension_mode":true,"campfire_choices":[{"data":"Perfected Strike","floor":10.0,"key":"SMITH"},{"floor":12.0,"key":"REST"},{"data":"Warcry","floor":15.0,"key":"SMITH"},{"data":"Evolve","floor":24.0,"key":"SMITH"},{"data":"Double Tap","floor":28.0,"key":"SMITH"},{"data":"Barricade","floor":32.0,"key":"SMITH"},{"floor":44.0,"key":"RECALL"},{"data":"Armaments","floor":49.0,"key":"SMITH"}],"circlet_count":0,"master_deck":["Strike_R","Strike_R","Strike_R","Strike_R","Strike_R","Defend_R","Defend_R","Bash+1","Carnage","Twin Strike","Pommel Strike","Perfected Strike+1","Headbutt","Feel No Pain","Double Tap+1","Wild Strike+1","Warcry+1","Fiend Fire+1","Perfected Strike+1","Ghostly","Ghostly","Ghostly+1","Ghostly","Ghostly","Pommel Strike+1","Evolve+1","Shrug It Off","Ghostly Armor","Power Through","Pommel Strike+1","Barricade+1","Shrug It Off","Impervious","Wild Strike+1","Combust+1","Inflame+1","Perfected Strike+1","Armaments+1","True Grit+1","Perfected Strike+1","Warcry+1","Burning Pact+1"],"relics":["Burning Blood","Old Coin","Mummified Hand","Happy Flower","Molten Egg 2","Anchor","PreservedInsect","Ectoplasm","Mercury Hourglass","Meat on the Bone","Lantern","CeramicFish","Tiny House","Frozen Egg 2","Bag of Preparation"],"acts_visited":["Exordium","TheCity","TheBeyond"],"potions_floor_usage":[],"damage_taken":[{"damage":9.0,"enemies":"Jaw Worm","floor":1.0,"turns":4.0},{"damage":6.0,"enemies":"Cultist","floor":3.0,"turns":3.0},{"damage":7.0,"enemies":"Small Slimes","floor":4.0,"turns":4.0},{"damage":12.0,"enemies":"Looter","floor":5.0,"turns":3.0},{"damage":35.0,"enemies":"Lagavulin","floor":6.0,"turns":5.0},{"damage":0.0,"enemies":"Large Slime","floor":7.0,"turns":3.0},{"damage":25.0,"enemies":"3 Sentries","floor":8.0,"turns":6.0},{"damage":25.0,"enemies":"Lagavulin","floor":13.0,"turns":5.0},{"damage":0.0,"enemies":"Exordium Thugs","floor":14.0,"turns":2.0},{"damage":0.0,"enemies":"Slime Boss","floor":16.0,"turns":5.0},{"damage":18.0,"enemies":"2 Thieves","floor":18.0,"turns":4.0},{"damage":9.0,"enemies":"Shell Parasite","floor":20.0,"turns":4.0},{"damage":4.0,"enemies":"Gremlin Leader","floor":23.0,"turns":4.0},{"damage":4.0,"enemies":"Slavers","floor":25.0,"turns":3.0},{"damage":0.0,"enemies":"Snake Plant","floor":27.0,"turns":3.0},{"damage":0.0,"enemies":"Gremlin Leader","floor":29.0,"turns":2.0},{"damage":0.0,"enemies":"Shelled Parasite and Fungi","floor":30.0,"turns":4.0},{"damage":9.0,"enemies":"Collector","floor":33.0,"turns":6.0},{"damage":5.0,"enemies":"3 Shapes","floor":35.0,"turns":3.0},{"damage":0.0,"enemies":"Orb Walker","floor":36.0,"turns":3.0},{"damage":2.0,"enemies":"3 Darklings","floor":37.0,"turns":6.0},{"damage":0.0,"enemies":"Transient","floor":39.0,"turns":5.0},{"damage":2.0,"enemies":"Giant Head","floor":40.0,"turns":7.0},{"damage":3.0,"enemies":"Jaw Worm Horde","floor":41.0,"turns":4.0},{"damage":2.0,"enemies":"Sphere and 2 Shapes","floor":45.0,"turns":3.0},{"damage":2.0,"enemies":"Spire Growth","floor":46.0,"turns":5.0},{"damage":0.0,"enemies":"Reptomancer","floor":47.0,"turns":3.0},{"damage":18.0,"enemies":"Transient","floor":48.0,"turns":5.0},{"damage":105,"enemies":"Awakened One","floor":50,"turns":14}],"seed_played":"-381968692916752732","potions_obtained":[{"floor":3.0,"key":"ColorlessPotion"},{"floor":4.0,"key":"FairyPotion"},{"floor":7.0,"key":"GamblersBrew"},{"floor":13.0,"key":"SneckoOil"},{"floor":27.0,"key":"Strength Potion"},{"floor":33.0,"key":"FairyPotion"},{"floor":36.0,"key":"LiquidBronze"}],"is_trial":false,"path_per_floor":["M","?","M","M","M","E","M","E","T","R","$","R","E","M","R","B",null,"M","?","M","$","?","E","R","E","T","M","R","E","M","$","R","B",null,"M","M","M","?","M","E","M","?","T","R","M","M","E","M","R","B"],"character_chosen":"IRONCLAD","items_purchased":["Double Tap","Molten Egg 2","Anchor","Evolve","Shrug It Off"],"campfire_rested":1,"item_purchase_floors":[11,11,11,21,21],"current_hp_per_floor":[69,69,69,68,62,33,39,20,20,20,20,44,25,31,31,37,69,57,40,37,37,37,39,39,40,40,40,40,40,40,40,40,37,44,45,45,45,45,45,45,45,45,45,45,45,45,45,33,33,0,0],"gold":12,"neow_bonus":"UPGRADE_CARD","is_daily":false,"chose_seed":false,"campfire_upgraded":6,"win_rate":0.0,"timestamp":1608474120,"path_taken":["M","?","M","M","M","E","M","E","T","R","$","R","E","M","R","BOSS","M","?","M","$","?","E","R","E","T","?","R","E","M","$","R","BOSS","M","M","M","?","M","E","M","?","T","R","?","M","E","M","R","BOSS"],"items_purchased_type":["Card","Relic","Relic","Card","Card"],"build_version":"2020-12-13","purchased_purges":0,"victory":false,"max_hp_per_floor":[80,80,80,80,80,80,80,80,80,80,80,80,80,80,80,80,80,80,40,40,40,40,40,40,40,40,40,40,40,40,40,40,40,45,45,45,45,45,45,45,45,45,45,45,45,45,45,45,45,45,45],"card_choices":[{"not_picked":["Warcry","Metallicize"],"picked":"Carnage","floor":1.0},{"not_picked":["Shrug It Off","Iron Wave"],"picked":"Twin Strike","floor":3.0},{"not_picked":["Body Slam","Searing Blow"],"picked":"Pommel Strike","floor":4.0},{"not_picked":["Infernal Blade","Clash","Intimidate"],"picked":"SKIP","floor":5.0},{"not_picked":["Infernal Blade","Whirlwind"],"picked":"Perfected Strike","floor":6.0},{"not_picked":["Combust","Havoc"],"picked":"Headbutt","floor":7.0},{"not_picked":["Rage","Bloodletting"],"picked":"Feel No Pain","floor":8.0},{"not_picked":["True Grit","Rage"],"picked":"Wild Strike+1","floor":13.0},{"not_picked":["Juggernaut","Disarm"],"picked":"Warcry","floor":14.0},{"not_picked":["Berserk","Bludgeon+1"],"picked":"Fiend Fire+1","floor":16.0},{"not_picked":["Anger+1","Flex"],"picked":"Perfected Strike+1","floor":18.0},{"not_picked":["Clash+1","Searing Blow+1"],"picked":"Pommel Strike+1","floor":20.0},{"not_picked":["Headbutt+1","Flex"],"picked":"Ghostly Armor","floor":23.0},{"not_picked":["Body Slam+1","Clothesline+1"],"picked":"Power Through","floor":25.0},{"not_picked":["Feel No Pain","Heavy Blade+1"],"picked":"Pommel Strike+1","floor":27.0},{"not_picked":["Sever Soul+1","Pummel+1"],"picked":"Barricade","floor":29.0},{"not_picked":["True Grit","Dropkick+1"],"picked":"Shrug It Off","floor":30.0},{"not_picked":["Barricade","Reaper+1"],"picked":"Impervious","floor":33.0},{"not_picked":["Sever Soul+1","Feel No Pain"],"picked":"Wild Strike+1","floor":34.0},{"not_picked":["Warcry","Headbutt+1","Iron Wave+1"],"picked":"SKIP","floor":35.0},{"not_picked":["Wild Strike+1","Havoc"],"picked":"Combust+1","floor":36.0},{"not_picked":["Thunderclap+1","Armaments"],"picked":"Inflame+1","floor":37.0},{"not_picked":["Shrug It Off","Flex+1","Exhume"],"picked":"SKIP","floor":39.0},{"not_picked":["Heavy Blade+1","True Grit+1"],"picked":"Perfected Strike+1","floor":40.0},{"not_picked":["Inflame+1","Infernal Blade","Sentinel"],"picked":"SKIP","floor":41.0},{"not_picked":["Dropkick+1","Cleave+1"],"picked":"True Grit+1","floor":45.0},{"not_picked":["Flame Barrier+1","Intimidate"],"picked":"Perfected Strike+1","floor":46.0},{"not_picked":["Twin Strike+1","Dropkick+1"],"picked":"Warcry+1","floor":47.0},{"not_picked":["Reaper+1","Intimidate"],"picked":"Burning Pact+1","floor":48.0}],"player_experience":311391,"relics_obtained":[{"floor":6.0,"key":"Old Coin"},{"floor":8.0,"key":"Mummified Hand"},{"floor":9.0,"key":"Happy Flower"},{"floor":13.0,"key":"PreservedInsect"},{"floor":23.0,"key":"Mercury Hourglass"},{"floor":25.0,"key":"Meat on the Bone"},{"floor":26.0,"key":"Lantern"},{"floor":29.0,"key":"CeramicFish"},{"floor":40.0,"key":"Frozen Egg 2"},{"floor":47.0,"key":"Bag of Preparation"}],"event_choices":[{"damage_healed":0.0,"max_hp_gain":0.0,"max_hp_loss":0.0,"gold_gain":100.0,"event_name":"Golden Shrine","player_choice":"Pray","floor":2.0,"gold_loss":0.0,"damage_taken":0.0},{"damage_healed":0.0,"max_hp_gain":0.0,"max_hp_loss":40.0,"gold_gain":0.0,"event_name":"Ghosts","player_choice":"Became a Ghost","floor":19.0,"gold_loss":0.0,"damage_taken":0.0,"cards_obtained":["Ghostly","Ghostly","Ghostly","Ghostly","Ghostly"]},{"damage_healed":0.0,"max_hp_gain":0.0,"max_hp_loss":0.0,"gold_gain":0.0,"event_name":"The Joust","player_choice":"Bet on Owner","floor":22.0,"gold_loss":50.0,"damage_taken":0.0},{"cards_removed":["Defend_R"],"damage_healed":0.0,"max_hp_gain":0.0,"max_hp_loss":0.0,"gold_gain":0.0,"event_name":"Falling","player_choice":"Removed Skill","floor":38.0,"gold_loss":0.0,"damage_taken":0.0},{"damage_healed":0.0,"max_hp_gain":0.0,"max_hp_loss":0.0,"gold_gain":0.0,"cards_transformed":["Defend_R"],"event_name":"Transmorgrifier","player_choice":"Transformed","floor":42.0,"gold_loss":0.0,"damage_taken":0.0,"cards_obtained":["Armaments"]}],"is_beta":false,"boss_relics":[{"not_picked":["SlaversCollar","Empty Cage"],"picked":"Ectoplasm"},{"not_picked":["Astrolabe","SacredBark"],"picked":"Tiny House"}],"items_purged_floors":[],"is_endless":false,"potions_floor_spawned":[3,4,7,13,20,27,33,36,37,47],"killed_by":"Awakened One","ascension_level":8}}