{"host":"zutuzvv732cf59m3","time":1608451037,"event":{"mods":["BaseMod","Downfall","Marisa????????","Minty Spire (QoL Compilation)","Prisma Mod","Quick Restart","READ ME - Guardian Mod","Shop Mod","StSLib","The Construct","The Cursed","The Disciple","The Senshi","The Servant 0.9.4"],"gold_per_floor":[113,113,113,73,73,102,122,148,148,148,163,183,193,213,213,310,310,328,328,298,308,141,171,171,198,198,198,198],"floor_reached":27,"playtime":2754,"items_purged":["Strike_R"],"score":414,"play_id":"72b11fd4-e067-4fd4-85ad-e7396223b8a0","local_time":"20201220145717","is_ascension_mode":true,"campfire_choices":[{"data":"Armaments","floor":10.0,"key":"SMITH"},{"data":"Warcry","floor":15.0,"key":"SMITH"},{"floor":24.0,"key":"REST"}],"circlet_count":0,"master_deck":["Strike_R","Strike_R","Strike_R","Strike_R","Defend_R","Defend_R","Defend_R+1","Defend_R","Bash","Metallicize+1","Armaments+1","Dual Wield","Warcry+1","Juggernaut","Uppercut+1","expansioncontent:DecasProtection","Iron Wave","True Grit"],"relics":["Burning Blood","NeowsBlessing","Mummified Hand","Strawberry","Tiny Chest","Question Card","Runic Pyramid","Boot","Girya","Kunai"],"acts_visited":["TheCity"],"potions_floor_usage":[25,25],"damage_taken":[{"damage":0.0,"enemies":"2 Louse","floor":1.0,"turns":1.0},{"damage":0.0,"enemies":"Lagavulin","floor":6.0,"turns":1.0},{"damage":0.0,"enemies":"Cultist","floor":7.0,"turns":1.0},{"damage":17.0,"enemies":"3 Sentries","floor":8.0,"turns":13.0},{"damage":0.0,"enemies":"Small Slimes","floor":11.0,"turns":5.0},{"damage":34.0,"enemies":"Exordium Thugs","floor":12.0,"turns":7.0},{"damage":0.0,"enemies":"3 Louse","floor":13.0,"turns":4.0},{"damage":12.0,"enemies":"Large Slime","floor":14.0,"turns":6.0},{"damage":22.0,"enemies":"Hexaghost","floor":16.0,"turns":9.0},{"damage":0.0,"enemies":"3 Byrds","floor":18.0,"turns":4.0},{"damage":28.0,"enemies":"2 Thieves","floor":20.0,"turns":5.0},{"damage":13.0,"enemies":"Snecko","floor":21.0,"turns":4.0},{"damage":66.0,"enemies":"Gremlin Leader","floor":23.0,"turns":11.0},{"damage":34,"enemies":"Slavers","floor":25,"turns":6},{"damage":11,"enemies":"Gremlin Leader","floor":27,"turns":2}],"seed_played":"-1769099607873022150","potions_obtained":[{"floor":6.0,"key":"AttackPotion"},{"floor":7.0,"key":"GamblersBrew"},{"floor":12.0,"key":"Explosive Potion"},{"floor":14.0,"key":"PowerPotion"},{"floor":16.0,"key":"EntropicBrew"},{"floor":20.0,"key":"Weak Potion"},{"floor":21.0,"key":"SneckoOil"}],"is_trial":false,"path_per_floor":["M","$","?","$","?","E","M","E","T","R","M","M","M","M","R","B",null,"M","?","M","M","$","E","R","E","T","E"],"character_chosen":"IRONCLAD","items_purchased":["Metallicize","expansioncontent:DecasProtection"],"campfire_rested":1,"item_purchase_floors":[4,22],"current_hp_per_floor":[78,78,78,78,62,75,81,70,70,70,76,48,54,48,48,32,73,79,97,75,68,68,8,37,9,9,0,0],"gold":198,"neow_bonus":"THREE_ENEMY_KILL","is_daily":false,"chose_seed":false,"campfire_upgraded":2,"win_rate":0.0,"timestamp":1608451037,"path_taken":["M","$","?","$","?","E","M","E","T","R","M","M","M","M","R","BOSS","M","?","?","M","$","E","R","E","T","E"],"items_purchased_type":["Card","Card"],"build_version":"2020-12-13","purchased_purges":1,"victory":false,"max_hp_per_floor":[80,80,80,80,80,87,87,87,87,87,87,87,87,87,87,87,87,87,97,97,97,97,97,97,97,97,97,97],"card_choices":[{"not_picked":["Cleave","Sword Boomerang"],"picked":"Shrug It Off","floor":1.0},{"not_picked":["Blood for Blood","Perfected Strike","Clash"],"picked":"SKIP","floor":6.0},{"not_picked":["Cleave","Sword Boomerang"],"picked":"Armaments","floor":7.0},{"not_picked":["Iron Wave","Body Slam"],"picked":"Dual Wield","floor":8.0},{"not_picked":["Iron Wave","Evolve","Rupture"],"picked":"Warcry","floor":11.0},{"not_picked":["Metallicize","Sword Boomerang","Clash"],"picked":"Juggernaut","floor":12.0},{"not_picked":["Warcry","Havoc","Wild Strike","Armaments"],"picked":"SKIP","floor":13.0},{"not_picked":["Thunderclap","Combust","Perfected Strike","Armaments"],"picked":"SKIP","floor":14.0},{"not_picked":["Immolate","Limit Break","Double Tap"],"picked":"Impervious","floor":16.0},{"not_picked":["Warcry","Burning Pact","Perfected Strike","Shrug It Off"],"picked":"SKIP","floor":18.0},{"not_picked":["Sword Boomerang","Thunderclap+1","Twin Strike"],"picked":"Uppercut+1","floor":20.0},{"not_picked":["Whirlwind","Entrench","Shockwave","Warcry"],"picked":"SKIP","floor":21.0},{"not_picked":["Thunderclap+1","Flame Barrier","Impervious"],"picked":"Iron Wave","floor":23.0},{"not_picked":["Limit Break","Shrug It Off+1","Blood for Blood"],"picked":"True Grit","floor":25}],"player_experience":1785129,"relics_obtained":[{"floor":6.0,"key":"Strawberry"},{"floor":8.0,"key":"Tiny Chest"},{"floor":9.0,"key":"Question Card"},{"floor":23.0,"key":"Boot"},{"floor":25,"key":"Girya"},{"floor":26,"key":"Kunai"}],"event_choices":[{"cards_removed":["Shrug It Off"],"damage_healed":0.0,"max_hp_gain":0.0,"max_hp_loss":0.0,"gold_gain":0.0,"event_name":"WeMeetAgain","player_choice":"Gave Card","floor":3.0,"gold_loss":0.0,"damage_taken":0.0,"relics_obtained":["Mummified Hand"]},{"damage_healed":0.0,"max_hp_gain":0.0,"max_hp_loss":0.0,"gold_gain":0.0,"event_name":"Shining Light","player_choice":"Entered Light","floor":5.0,"gold_loss":0.0,"damage_taken":16.0,"cards_upgraded":["Defend_R","Metallicize"]},{"cards_removed":["Impervious"],"damage_healed":8.0,"max_hp_gain":10.0,"max_hp_loss":0.0,"gold_gain":0.0,"event_name":"Bonfire Elementals","player_choice":"Offered Rare","floor":19.0,"gold_loss":0.0,"damage_taken":0.0}],"is_beta":false,"boss_relics":[{"not_picked":["Runic Cube","SacredBark"],"picked":"Runic Pyramid"}],"items_purged_floors":[22],"is_endless":false,"potions_floor_spawned":[6,7,12,14,16,20,21],"killed_by":"Gremlin Leader","ascension_level":7}}