{"host":"an6uhul3yec8m0jh","time":1608469693,"event":{"mods":["ATMod(°¢èªMod)","Act Like it!","BaseMod","Colored Map","Colored Powertips","Gensokyo","Highlight Path","Minty Spire (QoL Compilation)","Quick Restart","StSLib","Waifu the Spire","noobMod"],"gold_per_floor":[119,136,136,0,0,31,31,31,76,109,126,137,162,182,182,278,278,292,17,37,49,66,99,99,132,159,194,194,32,45,45,45,143,143,155,155,165,182,195,195,231,231,231,264,275,304,304,324,324,324,324,324,242,274,274],"floor_reached":56,"playtime":3109,"items_purged":["Strike_B","Defend_B"],"score":1776,"play_id":"f43c4dd5-f59c-4221-bb61-a548d5982257","local_time":"20201220210813","is_ascension_mode":true,"campfire_choices":[{"data":"Coolheaded","floor":7.0,"key":"SMITH"},{"data":"Heatsinks","floor":15.0,"key":"SMITH"},{"data":"Turbo","floor":24.0,"key":"SMITH"},{"floor":32.0,"key":"REST"},{"data":"Turbo","floor":40.0,"key":"SMITH"},{"data":"Skim","floor":42.0,"key":"SMITH"},{"data":"AT_StudyProgram","floor":47.0,"key":"SMITH"},{"floor":49.0,"key":"RECALL"},{"data":"AT_ThreeBodyProblem","floor":52.0,"key":"SMITH"}],"circlet_count":0,"master_deck":["Defend_B","Defend_B","Zap","Dualcast","AT_ChampionStep","AT_ThreeBodyProblem+1","AT_StudyProgram+1","Storm","AT_HeatAcrobatics","Coolheaded+1","Gensokyo:CrescentMoonSlash","Defragment","AT_EMC2+1","Creative AI","Steam Power","Turbo+1","Heatsinks+1","Biased Cognition","Reprogram","Skim+1","Turbo+1","Skim+1","AT_DarkMatter+1","Hologram","Gensokyo:ShootingStar","Reboot","Self Repair+1","Skim"],"relics":["Cracked Core","ice","AT_ATBox","NeowsBlessing","Art of War","Question Card","Centennial Puzzle","Empty Cage","Membership Card","Frozen Egg 2","Bronze Scales","Oddly Smooth Stone","Orichalcum","Dead Branch","Gensokyo:RedStar","Bottled Tornado","Sozu","CeramicFish","Singing Bowl","Unceasing Top","Darkstone Periapt","AT_ChloranthyRing"],"acts_visited":["Gensokyo:Gensokyo","Gensokyo:Gensokyoer","TheBeyond","TheEnding"],"potions_floor_usage":[],"damage_taken":[{"damage":0.0,"enemies":"Gensokyo:Gryphon","floor":1.0,"turns":1.0},{"damage":0.0,"enemies":"Gensokyo:2_Kodama","floor":2.0,"turns":1.0},{"damage":0.0,"enemies":"Gensokyo:Cirno","floor":6.0,"turns":2.0},{"damage":0.0,"enemies":"Gensokyo:Mamizou","floor":10.0,"turns":6.0},{"damage":4.0,"enemies":"Gensokyo:3_Fairies","floor":11.0,"turns":3.0},{"damage":13.0,"enemies":"Gensokyo:Python_and_Kodama","floor":12.0,"turns":4.0},{"damage":9.0,"enemies":"Gensokyo:Aya","floor":13.0,"turns":4.0},{"damage":0.0,"enemies":"Gensokyo:LivingMonolith","floor":14.0,"turns":3.0},{"damage":8.0,"enemies":"Gensokyo:Reimu","floor":16.0,"turns":5.0},{"damage":10.0,"enemies":"Gensokyo:2_Gloops","floor":18.0,"turns":4.0},{"damage":15.0,"enemies":"Gensokyo:AngelMirror","floor":20.0,"turns":3.0},{"damage":24.0,"enemies":"Gensokyo:Slime_Group","floor":21.0,"turns":2.0},{"damage":1.0,"enemies":"Gensokyo:Wraith","floor":22.0,"turns":3.0},{"damage":2.0,"enemies":"Gensokyo:Reisen","floor":23.0,"turns":3.0},{"damage":0.0,"enemies":"Gensokyo:Tenshi","floor":25.0,"turns":2.0},{"damage":18.0,"enemies":"Gensokyo:Koishi","floor":27.0,"turns":3.0},{"damage":0.0,"enemies":"Gensokyo:Chomper_and_Gloop","floor":30.0,"turns":1.0},{"damage":0.0,"enemies":"Gensokyo:Eternal_Rivals","floor":33.0,"turns":3.0},{"damage":0.0,"enemies":"Orb Walker","floor":35.0,"turns":2.0},{"damage":5.0,"enemies":"3 Shapes","floor":37.0,"turns":2.0},{"damage":0.0,"enemies":"Jaw Worm Horde","floor":38.0,"turns":1.0},{"damage":0.0,"enemies":"Maw","floor":39.0,"turns":2.0},{"damage":0.0,"enemies":"Reptomancer","floor":41.0,"turns":1.0},{"damage":0.0,"enemies":"Giant Head","floor":44.0,"turns":2.0},{"damage":0.0,"enemies":"Spire Growth","floor":45.0,"turns":1.0},{"damage":0.0,"enemies":"Nemesis","floor":46.0,"turns":1.0},{"damage":0.0,"enemies":"Sphere and 2 Shapes","floor":48.0,"turns":1.0},{"damage":0.0,"enemies":"Donu and Deca","floor":50.0,"turns":1.0},{"damage":0.0,"enemies":"Shield and Spear","floor":54.0,"turns":1.0},{"damage":9,"enemies":"The Heart","floor":55,"turns":3}],"seed_played":"-1554686800171791967","potions_obtained":[{"floor":6.0,"key":"Regen Potion"},{"floor":10.0,"key":"SteroidPotion"},{"floor":13.0,"key":"BlessingOfTheForge"},{"floor":21.0,"key":"SpeedPotion"},{"floor":22.0,"key":"AttackPotion"},{"floor":27.0,"key":"SneckoOil"},{"floor":33.0,"key":"DuplicationPotion"}],"is_trial":false,"path_per_floor":["M","M","?","$","?","E","R","?","T","E","M","M","E","M","R","B",null,"M","$","M","M","M","E","R","E","T","E","?","$","M","?","R","B",null,"M","?","M","M","M","R","E","R","T","E","M","E","R","M","R","B",null,"R","$","E","B",null],"character_chosen":"DEFECT","items_purchased":["Storm","AT_HeatAcrobatics","Coolheaded","Membership Card","Frozen Egg 2","Bottled Tornado","Skim"],"campfire_rested":1,"item_purchase_floors":[4,4,4,19,19,29,53],"current_hp_per_floor":[75,75,75,75,68,68,68,68,68,68,64,51,42,42,42,46,75,65,65,50,26,25,23,23,23,23,5,5,5,5,5,27,64,75,75,75,70,70,70,70,70,70,70,72,79,81,81,83,83,83,83,83,83,85,85],"gold":274,"neow_bonus":"THREE_ENEMY_KILL","is_daily":false,"chose_seed":false,"campfire_upgraded":7,"win_rate":0.0,"timestamp":1608469693,"path_taken":["M","M","?","?","?","E","R","?","T","E","M","?","E","M","R","BOSS","M","$","M","M","?","E","R","E","T","E","?","$","?","?","R","BOSS","M","?","?","M","M","R","E","R","T","E","M","E","R","M","R","BOSS","R","$","E","BOSS"],"items_purchased_type":["Card","Card","Card","Relic","Relic","Relic","Card"],"build_version":"2020-12-13","purchased_purges":2,"victory":true,"max_hp_per_floor":[75,75,75,75,75,75,75,75,75,75,75,75,75,75,75,75,75,75,75,75,75,75,75,75,75,75,75,75,75,75,75,75,75,75,75,75,75,75,75,75,75,75,75,77,79,81,81,83,83,83,83,83,83,85,85],"card_choices":[{"not_picked":["Rebound","Hello World","Auto Shields"],"picked":"SKIP","floor":1.0},{"not_picked":["Darkness","Rebound"],"picked":"AT_ThreeBodyProblem","floor":2.0},{"not_picked":["Reinforced Body","Redo"],"picked":"AT_StudyProgram","floor":3.0},{"not_picked":["Steam","Darkness"],"picked":"Defragment","floor":6.0},{"not_picked":["Conserve Battery","Barrage","Static Discharge"],"picked":"SKIP","floor":10.0},{"not_picked":["Streamline","Darkness","Heatsinks"],"picked":"Creative AI","floor":11.0},{"not_picked":["Consume","AT_ThunderBolt","Hologram"],"picked":"Steam Power","floor":12.0},{"not_picked":["Tempest","Static Discharge","Amplify"],"picked":"Turbo","floor":13.0},{"not_picked":["Glacier","AT_StudyProgram","Steam"],"picked":"Heatsinks","floor":14.0},{"not_picked":["Core Surge","Fission","AT_WaterDrop"],"picked":"Biased Cognition","floor":16.0},{"not_picked":["Conserve Battery","Compile Driver+1","Gash"],"picked":"Reprogram","floor":18.0},{"not_picked":["Hologram+1","Force Field+1","Barrage"],"picked":"Skim","floor":20.0},{"not_picked":["Coolheaded","Steam","Leap"],"picked":"Turbo","floor":21.0},{"not_picked":["Barrage","Capacitor+1","Darkness"],"picked":"Skim+1","floor":22.0},{"not_picked":["Consume","All For One","Rainbow","Chaos"],"picked":"SKIP","floor":23.0},{"not_picked":["Barrage","Leap+1","Coolheaded+1"],"picked":"AT_DarkMatter+1","floor":25.0},{"not_picked":["Seek","Conserve Battery+1","AT_HeatAcrobatics"],"picked":"Hologram","floor":27.0},{"not_picked":["Ball Lightning","Leap","Stack","Rip and Tear"],"picked":"SKIP","floor":30.0},{"not_picked":[],"picked":"Gensokyo:ShootingStar","floor":33.0},{"not_picked":["Fission","Electrodynamics+1","AT_RightCognition+1"],"picked":"Reboot","floor":33.0},{"not_picked":["Gash+1","Stack","Redo+1","Conserve Battery+1"],"picked":"SKIP","floor":35.0},{"not_picked":["Auto Shields+1","Coolheaded","Reinforced Body+1","Redo+1"],"picked":"SKIP","floor":37.0},{"not_picked":["AT_WaterDrop+1","Cold Snap","Beam Cell","Ball Lightning"],"picked":"SKIP","floor":38.0},{"not_picked":["Go for the Eyes","Gash+1","Conserve Battery","Stack"],"picked":"SKIP","floor":39.0},{"not_picked":["Turbo+1","Fusion+1","Machine Learning+1"],"picked":"Self Repair+1","floor":41.0},{"not_picked":["AT_ThreeBodyProblem+1","Stack","Conserve Battery","Compile Driver"],"picked":"Singing Bowl","floor":44.0},{"not_picked":["Cold Snap","Barrage","Storm+1","AT_StudyProgram+1"],"picked":"Singing Bowl","floor":45.0},{"not_picked":["Consume","Blizzard+1","Gash","Chaos"],"picked":"Singing Bowl","floor":46.0},{"not_picked":["Fusion+1","Undo+1","BootSequence","Leap+1"],"picked":"Singing Bowl","floor":48.0},{"not_picked":["Lockon+1","Machine Learning+1","Melter+1","Streamline"],"picked":"Singing Bowl","floor":54.0}],"player_experience":141467,"relics_obtained":[{"floor":6.0,"key":"Art of War"},{"floor":10.0,"key":"Question Card"},{"floor":13.0,"key":"Centennial Puzzle"},{"floor":23.0,"key":"Bronze Scales"},{"floor":25.0,"key":"Oddly Smooth Stone"},{"floor":26.0,"key":"Orichalcum"},{"floor":27.0,"key":"Dead Branch"},{"floor":41.0,"key":"CeramicFish"},{"floor":43.0,"key":"Singing Bowl"},{"floor":44.0,"key":"Unceasing Top"},{"floor":46.0,"key":"Darkstone Periapt"},{"floor":54.0,"key":"AT_ChloranthyRing"}],"event_choices":[{"cards_removed":["Defend_B"],"damage_healed":0.0,"max_hp_gain":0.0,"max_hp_loss":0.0,"gold_gain":0.0,"event_name":"Purifier","player_choice":"Purged","floor":36.0,"gold_loss":0.0,"damage_taken":0.0}],"is_beta":false,"boss_relics":[{"not_picked":["Calling Bell","Busted Crown"],"picked":"Empty Cage"},{"not_picked":["Tiny House","Astrolabe"],"picked":"Sozu"}],"items_purged_floors":[29,53],"is_endless":false,"potions_floor_spawned":[6,10,13,14,21,22,27,33,39,41,44,45,46,48],"ascension_level":3}}