{"host":"95i1gxnztdrdyvhi","time":1608490314,"event":{"mods":["AchievementEnabler","Act Like it!","BaseMod","Minty Spire (QoL Compilation)","Quick Restart","StSLib","The Marked"],"gold_per_floor":[113,123,137,150,150,184,184,196,220,237,250,250,270,305,305,414,414,436,447,357,377,62,62,89,107,153,167,188,188,222,51,51,159,159,170,234,243,255,102,102,133,133,159,194,194,234,214,231,231,231,231,231,35,73,73],"floor_reached":56,"playtime":3284,"items_purged":["theMarked:Defend","theMarked:Defend","theMarked:RogueSparks"],"score":1514,"play_id":"462474ff-9112-4e01-89c2-470f34b29c50","local_time":"20201220185154","is_ascension_mode":false,"campfire_choices":[{"data":"theMarked:Reabsorb","floor":12,"key":"SMITH"},{"data":"theMarked:StartUp","floor":15,"key":"SMITH"},{"data":"theMarked:Improvise","floor":23,"key":"SMITH"},{"floor":32,"key":"REST"},{"data":"theMarked:EnhanceMovement","floor":40,"key":"SMITH"},{"data":"theMarked:Levitate","floor":42,"key":"SMITH"},{"floor":49,"key":"RECALL"},{"data":"theMarked:ReduceFriction","floor":52,"key":"SMITH"}],"circlet_count":0,"master_deck":["theMarked:SoldierOfQuellstein","theMarked:Improvise+1","theMarked:Opportunist","theMarked:Static","theMarked:Reabsorb+1","theMarked:Electrocute+1","theMarked:WardOff","theMarked:StartUp+1","theMarked:FavorableWinds+1","theMarked:PowerFlow","theMarked:WardOff","theMarked:Electrocute+1","theMarked:EnhanceMovement+1","theMarked:Levitate+1","theMarked:StartUp+1","Finesse","theMarked:Aftermath+1","theMarked:ReduceFriction+1","theMarked:ComboAttacks","theMarked:RepellingDischarge"],"relics":["theMarked:ArtifactOfAir","FossilizedHelix","Anchor","CeramicFish","SlaversCollar","InkBottle","Art of War","Ancient Tea Set","Bag of Marbles","theMarked:SpiritSword","TungstenRod","theMarked:Winder","Potion Belt","Pen Nib","Kunai","Ornamental Fan","Pear"],"acts_visited":["Exordium","TheCity","TheBeyond","TheEnding"],"potions_floor_usage":[30,55,55,55],"damage_taken":[{"damage":0,"enemies":"2 Louse","floor":1,"turns":3},{"damage":0,"enemies":"Jaw Worm","floor":2,"turns":4},{"damage":0,"enemies":"Cultist","floor":3,"turns":3},{"damage":13,"enemies":"Gremlin Gang","floor":4,"turns":4},{"damage":8,"enemies":"3 Sentries","floor":6,"turns":7},{"damage":0,"enemies":"2 Fungi Beasts","floor":8,"turns":3},{"damage":0,"enemies":"Looter","floor":10,"turns":3},{"damage":0,"enemies":"Exordium Wildlife","floor":11,"turns":4},{"damage":0,"enemies":"3 Louse","floor":13,"turns":3},{"damage":0,"enemies":"Gremlin Nob","floor":14,"turns":3},{"damage":14,"enemies":"The Guardian","floor":16,"turns":6},{"damage":10,"enemies":"Chosen","floor":18,"turns":7},{"damage":0,"enemies":"Shell Parasite","floor":19,"turns":2},{"damage":14,"enemies":"Snake Plant","floor":21,"turns":3},{"damage":0,"enemies":"Gremlin Leader","floor":24,"turns":2},{"damage":0,"enemies":"Snecko","floor":25,"turns":3},{"damage":0,"enemies":"Centurion and Healer","floor":27,"turns":4},{"damage":27,"enemies":"Shelled Parasite and Fungi","floor":28,"turns":4},{"damage":0,"enemies":"Slavers","floor":30,"turns":3},{"damage":0,"enemies":"Collector","floor":33,"turns":5},{"damage":0,"enemies":"3 Shapes","floor":35,"turns":4},{"damage":10,"enemies":"2 Orb Walkers","floor":36,"turns":4},{"damage":7,"enemies":"3 Darklings","floor":38,"turns":6},{"damage":16,"enemies":"Reptomancer","floor":41,"turns":5},{"damage":0,"enemies":"Giant Head","floor":44,"turns":3},{"damage":0,"enemies":"Nemesis","floor":46,"turns":3},{"damage":0,"enemies":"Maw","floor":48,"turns":3},{"damage":0,"enemies":"Donu and Deca","floor":50,"turns":5},{"damage":0,"enemies":"Shield and Spear","floor":54,"turns":3},{"damage":48,"enemies":"The Heart","floor":55,"turns":6}],"seed_played":"-3346075950366372928","potions_obtained":[{"floor":1,"key":"EssenceOfSteel"},{"floor":10,"key":"PowerPotion"},{"floor":11,"key":"Fire Potion"},{"floor":27,"key":"DistilledChaos"},{"floor":30,"key":"SteroidPotion"},{"floor":41,"key":"Block Potion"},{"floor":47,"key":"DistilledChaos"}],"is_trial":false,"path_per_floor":["M","M","M","M","?","E","?","M","T","M","M","R","M","E","R","B",null,"M","M","?","M","$","R","E","M","T","M","M","?","E","$","R","B",null,"M","?","?","M","$","R","E","R","T","E","?","E","?","M","R","B",null,"R","$","E","B",null],"character_chosen":"THE_DEFAULT","items_purchased":["InkBottle","theMarked:EnhanceMovement","theMarked:Winder","theMarked:ComboAttacks"],"campfire_rested":1,"item_purchase_floors":[22,31,39,53],"current_hp_per_floor":[63,63,63,50,50,42,35,35,35,35,35,35,35,35,35,21,63,53,53,53,39,39,39,39,39,39,39,12,1,1,1,21,21,68,68,58,58,51,51,51,35,35,35,35,35,35,35,35,35,35,68,68,68,78,30],"gold":73,"neow_bonus":"ONE_RARE_RELIC","is_daily":false,"chose_seed":false,"campfire_upgraded":6,"win_rate":0.0,"timestamp":1608490314,"path_taken":["M","M","M","M","?","E","?","M","T","?","M","R","M","E","R","BOSS","M","M","?","?","$","R","E","M","T","?","M","?","E","$","R","BOSS","M","?","?","M","$","R","E","R","T","E","?","E","?","M","R","BOSS","R","$","E","BOSS"],"items_purchased_type":["Relic","Card","Relic","Card"],"build_version":"2020-12-13","purchased_purges":3,"victory":true,"max_hp_per_floor":[63,63,63,63,63,63,63,63,63,63,63,63,63,63,63,63,63,63,63,63,63,63,63,63,63,63,63,63,68,68,68,68,68,68,68,68,68,68,68,68,68,68,68,68,68,68,68,68,68,68,68,68,68,78,78],"card_choices":[{"not_picked":["theMarked:SwordAndMagic","theMarked:ShockingTouch"],"picked":"theMarked:Reabsorb","floor":1},{"not_picked":["theMarked:ResourceFulStrike","theMarked:Parkour","theMarked:WastefulAttack"],"picked":"SKIP","floor":2},{"not_picked":["theMarked:HeightenedSenses","theMarked:Indomitable"],"picked":"theMarked:Electrocute","floor":3},{"not_picked":["theMarked:Challenge","theMarked:BanishingStrike","theMarked:ElectricStrings"],"picked":"SKIP","floor":4},{"not_picked":["theMarked:WastefulAttack","theMarked:Static"],"picked":"theMarked:WardOff","floor":6},{"not_picked":["theMarked:Improvise","theMarked:Frustration"],"picked":"theMarked:StartUp","floor":8},{"not_picked":["theMarked:WastefulAttack","theMarked:Electrocute","theMarked:ElectricStrings"],"picked":"SKIP","floor":10},{"not_picked":["theMarked:Static","theMarked:RogueSparks","theMarked:Seal"],"picked":"SKIP","floor":11},{"not_picked":["theMarked:RepellingDischarge","theMarked:KeepCalmAndFightOn","theMarked:ShockingTouch"],"picked":"SKIP","floor":13},{"not_picked":["theMarked:UnarmedFury","theMarked:Indomitable","theMarked:Overthink"],"picked":"SKIP","floor":14},{"not_picked":["theMarked:ThrowWeapon","theMarked:DispelDoubt"],"picked":"theMarked:FavorableWinds","floor":16},{"not_picked":["theMarked:Overthink","theMarked:Improvise"],"picked":"theMarked:PowerFlow","floor":18},{"not_picked":["theMarked:Static","theMarked:BanishingStrike","theMarked:WardOff"],"picked":"SKIP","floor":19},{"not_picked":["theMarked:EmpowerWeapon","theMarked:UnarmedFury"],"picked":"theMarked:WardOff","floor":21},{"not_picked":["theMarked:FavorableWinds","theMarked:HeightenedSenses","theMarked:WastefulAttack+1"],"picked":"SKIP","floor":24},{"not_picked":["theMarked:MysticalArsenal","theMarked:EmpowerWeapon+1","theMarked:Improvise"],"picked":"SKIP","floor":25},{"not_picked":["theMarked:RepellingDischarge","theMarked:Frustration+1","theMarked:ContemptForTheProud"],"picked":"SKIP","floor":27},{"not_picked":["theMarked:RepellingDischarge","theMarked:Frustration+1","theMarked:ContemptForTheProud"],"picked":"SKIP","floor":27},{"not_picked":["theMarked:RepellingDischarge+1","theMarked:Aftermath+1"],"picked":"theMarked:Electrocute+1","floor":28},{"not_picked":["theMarked:Improvise","theMarked:SwordAndMagic","theMarked:HeightenedSenses"],"picked":"SKIP","floor":30},{"not_picked":["theMarked:ChannelForce","theMarked:FavorableWinds"],"picked":"theMarked:Levitate","floor":33},{"not_picked":["theMarked:Parkour+1","theMarked:Frustration+1","theMarked:Electrocute+1"],"picked":"SKIP","floor":35},{"not_picked":["theMarked:WardOff+1","theMarked:RogueSparks+1"],"picked":"theMarked:StartUp+1","floor":36},{"not_picked":["Panache","Swift Strike"],"picked":"Finesse","floor":37},{"not_picked":["theMarked:TwofoldDefense+1","theMarked:BanishingStrike","theMarked:SwordAndMagic+1"],"picked":"SKIP","floor":38},{"not_picked":["theMarked:RogueSparks","theMarked:HeightenedSenses","theMarked:TwofoldDefense+1"],"picked":"SKIP","floor":41},{"not_picked":["theMarked:KeepCalmAndFightOn+1","theMarked:RepellingDischarge"],"picked":"theMarked:Aftermath+1","floor":44},{"not_picked":["theMarked:EmpowerWeapon","theMarked:WardOff+1"],"picked":"theMarked:ReduceFriction","floor":46},{"not_picked":["theMarked:ChainLightning+1","theMarked:Panic+1","theMarked:TakeCover+1"],"picked":"SKIP","floor":48},{"not_picked":["theMarked:Static+1","theMarked:Frustration"],"picked":"theMarked:RepellingDischarge","floor":54}],"player_experience":639582,"relics_obtained":[{"floor":6,"key":"Anchor"},{"floor":14,"key":"CeramicFish"},{"floor":24,"key":"Art of War"},{"floor":26,"key":"Ancient Tea Set"},{"floor":30,"key":"Bag of Marbles"},{"floor":36,"key":"TungstenRod"},{"floor":41,"key":"Potion Belt"},{"floor":43,"key":"Pen Nib"},{"floor":44,"key":"Kunai"},{"floor":46,"key":"Ornamental Fan"},{"floor":54,"key":"Pear"}],"event_choices":[{"damage_healed":0,"gold_gain":0,"player_choice":"Grow","damage_taken":0,"max_hp_gain":0,"max_hp_loss":0,"event_name":"Living Wall","floor":5,"gold_loss":0,"cards_upgraded":["theMarked:Electrocute"]},{"cards_removed":["theMarked:Defend"],"damage_healed":0,"gold_gain":0,"player_choice":"Card Removal","damage_taken":7,"max_hp_gain":0,"max_hp_loss":0,"event_name":"Golden Wing","floor":7,"gold_loss":0},{"cards_removed":["theMarked:Defend"],"damage_healed":0,"gold_gain":0,"player_choice":"Upgrade and Remove","damage_taken":0,"max_hp_gain":0,"max_hp_loss":0,"event_name":"Designer","floor":20,"gold_loss":90,"cards_upgraded":["theMarked:FavorableWinds"]},{"damage_healed":0,"gold_gain":0,"player_choice":"Shed Blood","damage_taken":16,"max_hp_gain":5,"max_hp_loss":0,"event_name":"Forgotten Altar","floor":29,"gold_loss":0},{"damage_healed":0,"gold_gain":0,"player_choice":"Fight","damage_taken":0,"max_hp_gain":0,"max_hp_loss":0,"event_name":"Mysterious Sphere","floor":36,"gold_loss":0},{"damage_healed":0,"gold_gain":0,"player_choice":"Memory 1","damage_taken":0,"max_hp_gain":0,"max_hp_loss":0,"event_name":"SensoryStone","floor":37,"gold_loss":0},{"damage_healed":0,"gold_gain":0,"player_choice":"Ignored","damage_taken":0,"max_hp_gain":0,"max_hp_loss":0,"event_name":"Tomb of Lord Red Mask","floor":45,"gold_loss":0},{"damage_healed":0,"gold_gain":0,"player_choice":"Bought 1 Potion","damage_taken":0,"max_hp_gain":0,"max_hp_loss":0,"event_name":"The Woman in Blue","floor":47,"gold_loss":0}],"is_beta":false,"boss_relics":[{"not_picked":["Empty Cage","Pandora\u0027s Box"],"picked":"SlaversCollar"},{"not_picked":["Sozu","Fusion Hammer"],"picked":"theMarked:SpiritSword"}],"items_purged_floors":[22,31,53],"is_endless":false,"potions_floor_spawned":[1,10,11,13,14,21,25,27,30,35,41,48],"ascension_level":0}}