{"host":"002az6fcexqbqbj8","time":1608504714,"event":{"mods":["BaseMod","Colored Map","Googly Eyes","Highlight Path","Infinite Spire","Minty Spire (QoL Compilation)","Replay The Spire","StSLib"],"gold_per_floor":[111,129,129,140,315,350,93,105,105,137,102,102,132,147,147,242,242,256,44,59,59,59,59,88,100,100,133,183,193,468,93,93,197,497,516,535,32,48,65,96,110,110,110,147,93,93,67,91,91,91],"floor_reached":51,"playtime":5078,"items_purged":["Overencumbered","Pain","Hallucinations","Hallucinations"],"score":1024,"play_id":"a5f76b01-f9be-40df-8d7f-3ae291739225","local_time":"20201220145154","is_ascension_mode":true,"campfire_choices":[{"floor":15.0,"key":"REST"},{"data":"Evaluate","floor":23.0,"key":"SMITH"},{"data":"MentalFortress","floor":32.0,"key":"SMITH"},{"data":"TalkToTheHand","floor":42,"key":"SMITH"},{"data":"Ragnarok","floor":46,"key":"SMITH"},{"floor":49,"key":"RECALL"}],"circlet_count":0,"master_deck":["Strike_P","Strike_P","Strike_P","Strike_P","Defend_P","Defend_P","Defend_P","Defend_P","Eruption","Vigilance+1","FollowUp","BattleHymn+1","CarveReality+1","Doubt","Prostrate+1","SandsOfTime+1","Crescendo","Worship+1","Consecrate","MentalFortress+1","Evaluate+1","DevaForm+1","ClearTheMind","FollowUp","Protect","infinitespire:UltimateForm","infinitespire:Punishment","EmptyFist","Pray+1","Evaluate+1","Prostrate+1","Regret","Pray+1","Establishment","CurseOfTheBell","TalkToTheHand+1","FlurryOfBlows+1","Ragnarok+1","The Bomb+1","Conclude+1","ReachHeaven+1","FlyingSleeves+1","SashWhip+1","BowlingBash","Halt+1","ThirdEye+1","Perseverance+1"],"relics":["PureWater","infinitespire:Satchel","Potion Belt","Anchor","Gremlin Horn","FossilizedHelix","InkBottle","Replay:Ancient Bell","War Paint","Snack Pack","Replay:Kaleidoscope","ReplayTheSpireMod:CursedCoin","Shuriken","MutagenicStrength","Toxic Egg 2","Ginger","Replay:WaspNest","Red Mask","Guide Book","Calling Bell","MealTicket","infinitespire:Bottled Soul","Old Coin","BargainBundle","Ancient Tea Set","infinitespire:FocusingShard","infinitespire:EvilPickle","Bottled Flame","Akabeko"],"acts_visited":["Exordium","TheCity","TheBeyond"],"potions_floor_usage":[35,38,39,40,40,41,44,50],"damage_taken":[{"damage":0.0,"enemies":"Cultist","floor":1.0,"turns":2.0},{"damage":7.0,"enemies":"Jaw Worm","floor":2.0,"turns":3.0},{"damage":0.0,"enemies":"Small Slimes","floor":4.0,"turns":2.0},{"damage":16.0,"enemies":"Gremlin Nob","floor":6.0,"turns":3.0},{"damage":2.0,"enemies":"Looter","floor":8.0,"turns":3.0},{"damage":31.0,"enemies":"Lagavulin","floor":10.0,"turns":6.0},{"damage":15.0,"enemies":"Gremlin Nob","floor":13.0,"turns":4.0},{"damage":0.0,"enemies":"2 Fungi Beasts","floor":14.0,"turns":2.0},{"damage":0.0,"enemies":"Fading Forest","floor":16.0,"turns":11.0},{"damage":0.0,"enemies":"Chosen","floor":18.0,"turns":4.0},{"damage":27.0,"enemies":"Shell Parasite","floor":20.0,"turns":7.0},{"damage":15.0,"enemies":"Slavers","floor":24.0,"turns":4.0},{"damage":0.0,"enemies":"3 Cultists","floor":25.0,"turns":4.0},{"damage":0.0,"enemies":"Masked Bandits","floor":27.0,"turns":3.0},{"damage":8.0,"enemies":"Snecko","floor":29.0,"turns":4.0},{"damage":21,"enemies":"Pondfish","floor":33,"turns":5},{"damage":36,"enemies":"3 Darklings","floor":35,"turns":5},{"damage":0,"enemies":"Orb Walker","floor":36,"turns":2},{"damage":0,"enemies":"Sphere and 2 Shapes","floor":38,"turns":5},{"damage":0,"enemies":"Writhing Mass","floor":39,"turns":1},{"damage":19,"enemies":"R_Hoarder","floor":40,"turns":4},{"damage":0,"enemies":"Maw","floor":41,"turns":3},{"damage":7,"enemies":"Giant Head","floor":44,"turns":6},{"damage":0,"enemies":"Jaw Worm Horde","floor":48,"turns":2},{"damage":80,"enemies":"Time Eater","floor":50,"turns":7}],"seed_played":"3434039070886197380","potions_obtained":[{"floor":6.0,"key":"Dexterity Potion"},{"floor":8.0,"key":"Ancient Potion"},{"floor":10.0,"key":"BlessingOfTheForge"},{"floor":13.0,"key":"Fire Potion"},{"floor":16.0,"key":"Fruit Juice"},{"floor":20.0,"key":"FairyPotion"},{"floor":24.0,"key":"Milkshake"},{"floor":25.0,"key":"Explosive Potion"},{"floor":35,"key":"SpeedPotion"},{"floor":38,"key":"BottledMiracle"},{"floor":39,"key":"Milkshake"},{"floor":44,"key":"Explosive Potion"}],"is_trial":false,"path_per_floor":["M","M","?","M","?","E","$","M","T","E","?","?","E","M","R","B",null,"M","$","M","?","AVR","R","E","M","T","?","?","M","?","$","R","B",null,"M","M","$","M","M","E","M","R","T","E","$","R","$","M","R","B",null],"character_chosen":"WATCHER","items_purchased":["Anchor","SandsOfTime+1","Crescendo","ReplayTheSpireMod:CursedCoin","Shuriken","FollowUp","Guide Book","Pray+1","Death Potion","BargainBundle","Ragnarok","Ancient Tea Set","Regen Potion","DuplicationPotion","Languid Potion","The Bomb+1","Halt+1","ThirdEye+1"],"campfire_rested":1,"item_purchase_floors":[7,7,7,19,19,19,31,31,31,37,37,37,37,37,37,37,45,47],"current_hp_per_floor":[72,65,65,65,65,49,49,47,47,16,34,34,19,19,40,48,77,77,77,52,52,52,52,41,45,45,49,49,43,43,43,43,28,77,43,45,60,76,76,59,61,61,61,64,77,77,77,77,77,7],"gold":91,"neow_bonus":"RANDOM_COMMON_RELIC","is_daily":false,"chose_seed":false,"campfire_upgraded":4,"win_rate":0.0,"timestamp":1608504714,"path_taken":["M","?","?","?","?","E","$","M","T","E","?","?","E","M","R","BOSS","M","$","M","?","AVR","R","E","M","T","?","?","?","?","$","R","BOSS","M","M","$","M","M","E","M","R","T","E","?","R","?","M","R","BOSS"],"items_purchased_type":["Relic","Card","Card","Relic","Relic","Card","Relic","Card","Potion","Relic","Card","Relic","Potion","Potion","Potion","Card","Card","Card"],"build_version":"2020-12-13","purchased_purges":4,"victory":true,"max_hp_per_floor":[72,72,72,72,72,72,72,72,72,72,72,72,72,72,72,72,77,77,77,77,77,77,77,77,77,77,77,77,77,77,77,77,77,77,77,77,77,77,77,77,77,77,77,77,77,77,77,77,77,77],"card_choices":[{"not_picked":["Indignation","FlyingSleeves"],"picked":"FollowUp","floor":1.0},{"not_picked":["Adaptation","ClearTheMind"],"picked":"BattleHymn","floor":2.0},{"not_picked":["Sanctity","Adaptation"],"picked":"CarveReality","floor":4.0},{"not_picked":["Vengeance","ClearTheMind"],"picked":"Prostrate","floor":6.0},{"not_picked":["Swivel","EmptyBody"],"picked":"Worship","floor":8.0},{"not_picked":["FlurryOfBlows","EmptyMind"],"picked":"Consecrate","floor":10.0},{"not_picked":["Meditate","WindmillStrike"],"picked":"MentalFortress","floor":13.0},{"not_picked":["PathToVictory","Perseverance"],"picked":"Evaluate","floor":14.0},{"not_picked":["Blasphemy","Vault"],"picked":"DevaForm","floor":16.0},{"not_picked":["AbeCurse","Replay:Hysterical Blindness"],"picked":"Hallucinations","floor":17.0},{"not_picked":["Parasite","Replay:Hysterical Blindness"],"picked":"Overencumbered","floor":17.0},{"not_picked":["Overencumbered","Parasite"],"picked":"Hallucinations","floor":17.0},{"not_picked":["ForeignInfluence","Consecrate"],"picked":"ClearTheMind","floor":18.0},{"not_picked":["Replay:Battleflow","LikeWater+1"],"picked":"Protect","floor":20.0},{"not_picked":["WheelKick","PathToVictory+1"],"picked":"EmptyFist","floor":24.0},{"not_picked":["Perseverance+1","CarveReality"],"picked":"Pray+1","floor":25.0},{"not_picked":["WaveOfTheHand+1","ClearTheMind+1"],"picked":"Evaluate+1","floor":27.0},{"not_picked":["Consecrate","Replay:ManipulateFuture+1"],"picked":"Prostrate+1","floor":29.0},{"not_picked":["Replay:AllIn+1","DeusExMachina+1"],"picked":"Establishment","floor":33},{"not_picked":["Crescendo+1","WheelKick+1"],"picked":"TalkToTheHand","floor":35},{"not_picked":["Replay:AtTheReady+1","Consecrate"],"picked":"FlurryOfBlows+1","floor":36},{"not_picked":["WheelKick","CutThroughFate"],"picked":"Conclude+1","floor":38},{"not_picked":["DeusExMachina+1","SandsOfTime+1"],"picked":"ReachHeaven+1","floor":39},{"not_picked":["MentalFortress","Replay:BluntJabs+1"],"picked":"FlyingSleeves+1","floor":40},{"not_picked":["FollowUp","WreathOfFlame+1"],"picked":"SashWhip+1","floor":41},{"not_picked":["FlyingSleeves+1","Replay:AtTheReady+1"],"picked":"BowlingBash","floor":44},{"not_picked":["JustLucky","Consecrate"],"picked":"Perseverance+1","floor":48}],"player_experience":144697,"relics_obtained":[{"floor":6.0,"key":"Potion Belt"},{"floor":9.0,"key":"Gremlin Horn"},{"floor":10.0,"key":"FossilizedHelix"},{"floor":13.0,"key":"InkBottle"},{"floor":24.0,"key":"Ginger"},{"floor":26.0,"key":"Replay:WaspNest"},{"floor":27.0,"key":"Red Mask"},{"floor":34,"key":"MealTicket"},{"floor":34,"key":"infinitespire:Bottled Soul"},{"floor":34,"key":"Old Coin"},{"floor":40,"key":"infinitespire:FocusingShard"},{"floor":43,"key":"Bottled Flame"},{"floor":44,"key":"Akabeko"}],"event_choices":[{"damage_healed":0.0,"max_hp_gain":0.0,"max_hp_loss":0.0,"gold_gain":0.0,"event_name":"Upgrade Shrine","player_choice":"Upgraded","floor":3.0,"gold_loss":0.0,"damage_taken":0.0,"cards_upgraded":["BattleHymn"]},{"damage_healed":0.0,"max_hp_gain":0.0,"max_hp_loss":0.0,"gold_gain":175.0,"event_name":"Liars Game","player_choice":"AGREE","floor":5.0,"gold_loss":0.0,"damage_taken":0.0,"cards_obtained":["Doubt"]},{"damage_healed":18.0,"max_hp_gain":0.0,"max_hp_loss":0.0,"gold_gain":0.0,"event_name":"The Cleric","player_choice":"Healed","floor":11.0,"gold_loss":35.0,"damage_taken":0.0},{"damage_healed":0.0,"max_hp_gain":0.0,"max_hp_loss":0.0,"gold_gain":0.0,"event_name":"Accursed Blacksmith","player_choice":"Forge","floor":12.0,"gold_loss":0.0,"damage_taken":0.0,"cards_upgraded":["Vigilance"]},{"damage_healed":0.0,"max_hp_gain":0.0,"max_hp_loss":0.0,"gold_gain":0.0,"event_name":"Drug Dealer","player_choice":"Inject Mutagens","floor":21.0,"gold_loss":0.0,"damage_taken":0.0,"relics_obtained":["MutagenicStrength"]},{"damage_healed":0.0,"max_hp_gain":0.0,"max_hp_loss":0.0,"gold_gain":0.0,"event_name":"Masked Bandits","player_choice":"Fought Bandits","floor":27.0,"gold_loss":0.0,"damage_taken":0.0},{"damage_healed":0.0,"max_hp_gain":0.0,"max_hp_loss":0.0,"gold_gain":100.0,"event_name":"The Joust","player_choice":"Bet on Murderer","floor":28.0,"gold_loss":50.0,"damage_taken":0.0},{"damage_healed":0.0,"max_hp_gain":0.0,"max_hp_loss":0.0,"gold_gain":275.0,"event_name":"Golden Shrine","player_choice":"Desecrate","floor":30.0,"gold_loss":0.0,"damage_taken":0.0,"cards_obtained":["Regret"]}],"is_beta":false,"boss_relics":[{"not_picked":["infinitespire:Cupcake","Velvet Choker"],"picked":"Replay:Ancient Bell"},{"not_picked":["Replay:Wax Seal","Bag of Preparation"],"picked":"War Paint"},{"not_picked":["Onion Ring","ReplayTheSpireMod:Shallot"],"picked":"Snack Pack"},{"not_picked":["Replay:PocketPolymizer","Durian"],"picked":"Replay:Kaleidoscope"},{"not_picked":["SacredBark","Runic Dome"],"picked":"Calling Bell"}],"items_purged_floors":[19,22,31,37],"is_endless":false,"potions_floor_spawned":[6,8,10,13,16,20,24,25,35,38,39,44],"ascension_level":4}}