{"host":"2461dio7vetlq1z3","time":1608502861,"event":{"mods":["2.2 Compatiblity","AchievementEnabler","BaseMod","Better Third Choice","Downfall","Hermit","Marisa????????","Minty Spire (QoL Compilation)","Relic Stats","Spicy Shops","StSLib","Waifu the Spire"],"gold_per_floor":[114,124,138,153,168,168,194,212,212,212,232,232,307,333,333,433,433,446,146,146,146,158,158,187,187,187,187,198,230,329,356,356,451,451,470,470,221,236,254,289,305,335,335,364,364,379,411,423,423,423,423,423,102,133,133],"floor_reached":56,"playtime":2730,"items_purged":["champ:Strike","champ:Strike","champ:Strike","champ:Strike"],"score":1713,"play_id":"cebc9454-0308-4863-9013-c25149e10cdd","local_time":"20201220232101","is_ascension_mode":true,"campfire_choices":[{"data":"champ:Taunt","floor":6,"key":"SMITH"},{"data":"champ:TornadoPunch","floor":10,"key":"SMITH"},{"data":"champ:TornadoPunch","floor":12,"key":"SMITH"},{"data":"champ:Lariat","floor":15,"key":"SMITH"},{"data":"champ:PerfectForm","floor":23,"key":"SMITH"},{"data":"champ:HoldFirm","floor":25,"key":"SMITH"},{"data":"champ:PerfectForm","floor":27,"key":"SMITH"},{"data":"champ:TornadoPunch","floor":32,"key":"SMITH"},{"floor":45,"key":"RECALL"},{"data":"champ:PerfectForm","floor":49,"key":"SMITH"},{"data":"champ:StrikeOfGenius","floor":52,"key":"SMITH"}],"circlet_count":0,"master_deck":["champ:Defend","champ:Defend","champ:Defend","champ:Defend+1","champ:Execute+1","champ:Taunt+1","champ:TornadoPunch+1","champ:RecklessLeap","champ:ShieldWall","champ:TornadoPunch+1","champ:TornadoPunch+1","champ:Lariat+1","champ:HeavySlash","champ:TornadoPunch+1","champ:PerfectForm+1","champ:StrikeOfGenius+1","champ:DefensiveShout+1","champ:EnGarde+1","champ:TornadoPunch+1","champ:DeathBlow+1","champ:IgnorePain+1","champ:PerfectForm+1","champ:HoldFirm+1","champ:HoldFirm+1","champ:Improvising","champ:ShieldSigil+1","champ:Lariat+1","champ:PerfectForm+1","champ:LastStand","champ:CrownThrow"],"relics":["Snecko Eye","Question Card","Pear","Oddly Smooth Stone","Sozu","Bag of Preparation","Orrery","StrikeDummy","Toxic Egg 2","Smiling Mask","Blue Candle","Runic Dome","champ:BerserkersGuideToSlaughter","Whetstone","Pen Nib","Toy Ornithopter","Potion Belt","War Paint","Vajra","Pantograph"],"acts_visited":["Exordium","TheCity","TheBeyond","TheEnding"],"potions_floor_usage":[55],"damage_taken":[{"damage":11,"enemies":"Cultist","floor":1,"turns":4},{"damage":9,"enemies":"Jaw Worm","floor":2,"turns":2},{"damage":20,"enemies":"Small Slimes","floor":3,"turns":2},{"damage":0,"enemies":"Exordium Wildlife","floor":4,"turns":1},{"damage":21,"enemies":"Lots of Slimes","floor":5,"turns":2},{"damage":29,"enemies":"Lagavulin","floor":7,"turns":4},{"damage":2,"enemies":"3 Louse","floor":8,"turns":2},{"damage":15,"enemies":"Exordium Wildlife","floor":11,"turns":2},{"damage":0,"enemies":"3 Sentries","floor":14,"turns":2},{"damage":28,"enemies":"Hexaghost","floor":16,"turns":5},{"damage":21,"enemies":"2 Thieves","floor":18,"turns":2},{"damage":0,"enemies":"Shell Parasite","floor":22,"turns":1},{"damage":43,"enemies":"Gremlin Leader","floor":24,"turns":4},{"damage":0,"enemies":"Shelled Parasite and Fungi","floor":28,"turns":2},{"damage":42,"enemies":"Book of Stabbing","floor":29,"turns":3},{"damage":38,"enemies":"Gremlin Leader","floor":31,"turns":4},{"damage":100,"enemies":"Collector","floor":33,"turns":5},{"damage":52,"enemies":"Orb Walker","floor":35,"turns":1},{"damage":8,"enemies":"3 Darklings","floor":38,"turns":3},{"damage":27,"enemies":"Sphere and 2 Shapes","floor":39,"turns":2},{"damage":84,"enemies":"Giant Head","floor":40,"turns":4},{"damage":41,"enemies":"Maw","floor":41,"turns":2},{"damage":37,"enemies":"Reptomancer","floor":42,"turns":4},{"damage":56,"enemies":"Giant Head","floor":44,"turns":3},{"damage":105,"enemies":"Transient","floor":46,"turns":5},{"damage":75,"enemies":"Reptomancer","floor":47,"turns":1},{"damage":20,"enemies":"3 Darklings","floor":48,"turns":2},{"damage":98,"enemies":"Awakened One","floor":50,"turns":5},{"damage":24,"enemies":"Shield and Spear","floor":54,"turns":3},{"damage":112,"enemies":"The Heart","floor":55,"turns":5}],"seed_played":"-486822641185481504","potions_obtained":[{"floor":4,"key":"Swift Potion"},{"floor":5,"key":"SkillPotion"},{"floor":7,"key":"Energy Potion"},{"floor":8,"key":"FearPotion"}],"is_trial":false,"path_per_floor":["M","M","M","M","M","R","E","M","T","R","M","R","?","E","R","B",null,"M","$","?","?","M","R","E","R","T","R","M","E","?","E","R","B",null,"M","?","$","M","M","E","M","E","T","E","R","M","E","M","R","B",null,"R","$","E","B",null],"character_chosen":"THE_CHAMP","items_purchased":["Bag of Preparation","Orrery","champ:BerserkersGuideToSlaughter","War Paint","Vajra"],"campfire_rested":0,"item_purchase_floors":[19,19,37,53,53],"current_hp_per_floor":[89,85,85,85,79,79,70,68,78,78,78,78,67,67,67,67,100,90,90,70,70,70,70,76,76,76,76,76,71,71,71,71,71,105,105,105,105,105,105,102,105,105,105,105,105,105,105,105,105,102,105,105,105,105,105],"gold":133,"neow_bonus":"BOSS_RELIC","is_daily":false,"chose_seed":false,"campfire_upgraded":10,"win_rate":0.0,"timestamp":1608502861,"path_taken":["M","?","M","M","M","R","E","M","T","R","M","R","?","E","R","BOSS","M","$","?","?","?","R","E","R","T","R","M","E","?","E","R","BOSS","M","?","$","M","M","E","M","E","T","E","R","?","E","M","R","BOSS","R","$","E","BOSS"],"items_purchased_type":["Relic","Relic","Relic","Relic","Relic"],"build_version":"2020-12-13","purchased_purges":4,"victory":true,"max_hp_per_floor":[90,90,90,90,90,90,90,90,100,100,100,100,100,100,100,100,100,100,100,105,105,105,105,105,105,105,105,105,105,105,105,105,105,105,105,105,105,105,105,105,105,105,105,105,105,105,105,105,105,105,105,105,105,105,105],"relic_stats":{"counters":[30,87],"Blue Candle":[0],"Pen Nib":[7],"Bag of Preparation":[38],"Whetstone":["champ:TornadoPunch","champ:Execute"],"War Paint":["champ:Defend","champ:IgnorePain"],"Question Card":27,"Smiling Mask":250,"Sozu":9,"Pantograph":0,"Snecko Eye":[221,207,204,200],"obtain_stats":[{"Potion Belt":47,"Pear":9,"Blue Candle":31,"Oddly Smooth Stone":14,"Vajra":53,"champ:ChampionCrown":0,"Pen Nib":42,"Bag of Preparation":19,"Whetstone":40,"War Paint":53,"Question Card":7,"Smiling Mask":29,"Sozu":17,"Runic Dome":34,"Pantograph":54,"Snecko Eye":0,"Orrery":19,"champ:BerserkersGuideToSlaughter":37,"Toxic Egg 2":26,"StrikeDummy":24,"Toy Ornithopter":44},{"Potion Belt":26,"Pear":7,"Blue Candle":16,"Oddly Smooth Stone":9,"Vajra":28,"champ:ChampionCrown":0,"Pen Nib":23,"Bag of Preparation":11,"Whetstone":21,"War Paint":28,"Question Card":6,"Smiling Mask":15,"Sozu":10,"Runic Dome":17,"Pantograph":29,"Snecko Eye":0,"Orrery":11,"champ:BerserkersGuideToSlaughter":18,"Toxic Egg 2":13,"StrikeDummy":13,"Toy Ornithopter":24},{"Potion Belt":72,"Pear":17,"Blue Candle":42,"Oddly Smooth Stone":21,"Vajra":79,"champ:ChampionCrown":0,"Pen Nib":63,"Bag of Preparation":28,"Whetstone":57,"War Paint":79,"Question Card":15,"Smiling Mask":38,"Sozu":26,"Runic Dome":47,"Pantograph":82,"Snecko Eye":0,"Orrery":28,"champ:BerserkersGuideToSlaughter":48,"Toxic Egg 2":33,"StrikeDummy":33,"Toy Ornithopter":66}],"Toy Ornithopter":0},"card_choices":[{"not_picked":["champ:Backstep","champ:EnGarde"],"picked":"champ:TornadoPunch","floor":1},{"not_picked":["champ:DefensiveShout","champ:FocusedBerserking"],"picked":"champ:RecklessLeap","floor":2},{"not_picked":["champ:RageSigil","champ:BladeFlurry"],"picked":"champ:ShieldWall","floor":3},{"not_picked":["champ:FanOfKnives","champ:Circumvent"],"picked":"champ:TornadoPunch","floor":4},{"not_picked":["champ:PreciseThrust","champ:DefensiveShout"],"picked":"champ:TornadoPunch","floor":5},{"not_picked":["champ:SkillfulDodge","champ:Encircle"],"picked":"champ:Lariat","floor":7},{"not_picked":["champ:DefensiveShout","champ:BringItOn","champ:GladiatorsShout"],"picked":"champ:HeavySlash","floor":8},{"not_picked":["champ:CrookedStrike","champ:GladiatorsShout","champ:FightOn"],"picked":"champ:TornadoPunch","floor":11},{"not_picked":["champ:DefensiveShout","champ:Riposte","champ:TornadoPunch"],"picked":"champ:PerfectForm","floor":14},{"not_picked":["champ:CrownThrow","champ:DancingMaster","champ:MurderStrike"],"picked":"champ:StrikeOfGenius","floor":16},{"not_picked":["champ:BerserkersShout","champ:Lariat","champ:Backstep+1"],"picked":"champ:DefensiveShout+1","floor":18},{"not_picked":["champ:FalseCounter","champ:DefensiveShout","champ:GladiatorsShout+1"],"picked":"champ:EnGarde+1","floor":19},{"not_picked":["champ:RecklessLeap","champ:SkillfulDodge+1","champ:FaceSlap"],"picked":"champ:TornadoPunch+1","floor":19},{"not_picked":["champ:IronFortress+1","champ:ArenaPreparation","champ:Encircle"],"picked":"champ:DeathBlow+1","floor":19},{"not_picked":["champ:DefensiveShout","champ:SwordSigil","champ:BringItOn+1"],"picked":"champ:IgnorePain","floor":19},{"not_picked":["champ:AdrenalArmor","champ:PreciseThrust","champ:SwordSigil","champ:TornadoPunch"],"picked":"SKIP","floor":22},{"not_picked":["champ:GladiatorsShout+1","champ:AdrenalArmor","champ:Backstep"],"picked":"champ:HoldFirm","floor":24},{"not_picked":["champ:DefensiveStyle","champ:FanOfKnives","champ:Shatter","champ:RageSigil+1"],"picked":"SKIP","floor":28},{"not_picked":["champ:SwordThrow","champ:ViciousMockery+1","champ:Shatter+1","champ:GladiatorsShout+1"],"picked":"SKIP","floor":29},{"not_picked":["champ:ViciousMockery+1","champ:EnGarde+1","champ:PerfectedStrike+1"],"picked":"champ:HoldFirm+1","floor":31},{"not_picked":["champ:Devastate","champ:StrikeOfGenius","champ:HeavySlash"],"picked":"champ:Improvising","floor":33},{"not_picked":["champ:BerserkerStyle+1","champ:SwordSigil+1","champ:Haymaker"],"picked":"champ:ShieldSigil+1","floor":35},{"not_picked":["champ:BladeFlurry","champ:GladiatorsShout+1","champ:CrookedStrike+1"],"picked":"champ:Lariat+1","floor":38},{"not_picked":["champ:RapidStrikes","champ:DefensiveShout+1","champ:PerfectedStrike","champ:BerserkerStyle+1"],"picked":"SKIP","floor":39},{"not_picked":["champ:BringItOn+1","champ:TornadoPunch","champ:Improvising"],"picked":"champ:PerfectForm","floor":40},{"not_picked":["champ:FightOn","champ:RageSigil+1","champ:FanOfKnives","champ:Haymaker+1"],"picked":"SKIP","floor":41},{"not_picked":["champ:FightOn","champ:RageSigil+1","champ:FanOfKnives","champ:Haymaker+1"],"picked":"SKIP","floor":41},{"not_picked":["champ:RageSigil+1","champ:CrookedStrike","champ:BladeFlurry"],"picked":"champ:LastStand","floor":42},{"not_picked":["champ:BladeFlurry","champ:BringItOn+1","champ:AdrenalArmor+1","champ:SwordSigil+1"],"picked":"SKIP","floor":44},{"not_picked":["champ:ArenaPreparation+1","champ:SkillfulDodge+1","champ:BladeFlurry+1","champ:FlashCut"],"picked":"SKIP","floor":46},{"not_picked":["champ:HeavySlash","champ:Control+1","champ:GladiatorsShout+1"],"picked":"champ:CrownThrow","floor":47},{"not_picked":["champ:ShieldSigil+1","champ:PerfectedStrike+1","champ:BerserkersShout+1","champ:Encircle"],"picked":"SKIP","floor":48},{"not_picked":["champ:ViciousMockery+1","champ:Encircle","champ:DancingMaster","champ:BladeFlurry+1"],"picked":"SKIP","floor":54}],"player_experience":958755,"relics_obtained":[{"floor":7,"key":"Question Card"},{"floor":9,"key":"Pear"},{"floor":14,"key":"Oddly Smooth Stone"},{"floor":24,"key":"StrikeDummy"},{"floor":26,"key":"Toxic Egg 2"},{"floor":29,"key":"Smiling Mask"},{"floor":31,"key":"Blue Candle"},{"floor":40,"key":"Whetstone"},{"floor":42,"key":"Pen Nib"},{"floor":44,"key":"Toy Ornithopter"},{"floor":47,"key":"Potion Belt"},{"floor":54,"key":"Pantograph"}],"event_choices":[{"damage_healed":0,"gold_gain":75,"player_choice":"Gold","damage_taken":11,"max_hp_gain":0,"max_hp_loss":0,"event_name":"betterThird:BetterGoop","floor":13,"gold_loss":0},{"damage_healed":0,"gold_gain":0,"player_choice":"Shed Blood","damage_taken":25,"max_hp_gain":5,"max_hp_loss":0,"event_name":"Forgotten Altar","floor":20,"gold_loss":0},{"damage_healed":0,"gold_gain":0,"player_choice":"Copied","damage_taken":0,"max_hp_gain":0,"max_hp_loss":0,"event_name":"Duplicator","floor":21,"gold_loss":0,"cards_obtained":["champ:PerfectForm"]},{"damage_healed":0,"gold_gain":99,"player_choice":"Steal","damage_taken":0,"max_hp_gain":0,"max_hp_loss":0,"event_name":"betterThird:BetterNest","floor":30,"gold_loss":0},{"damage_healed":0,"gold_gain":0,"player_choice":"Full Heal","damage_taken":0,"max_hp_gain":0,"max_hp_loss":0,"event_name":"Wheel of Change","floor":36,"gold_loss":0}],"is_beta":false,"boss_relics":[{"not_picked":["Fusion Hammer","Coffee Dripper"],"picked":"Sozu"},{"not_picked":["Runic Pyramid","SacredBark"],"picked":"Runic Dome"}],"items_purged_floors":[37,37,53,53],"is_endless":false,"potions_floor_spawned":[4,5,7,8,16,24,28,31,35,38,39,42,47,48],"ascension_level":2}}