{"host":"u2grshebrc5rdzdn","time":1608506513,"event":{"mods":["AchievementEnabler","BaseMod","Minty Spire (QoL Compilation)","StSLib"],"gold_per_floor":[17,27,40,51,51,86,86,115,115,115,390,390,116,134,134,239,239,256,274,18,36,53,53,82,82,82,82,19,19,51,151,151,151,151],"floor_reached":33,"playtime":4536,"items_purged":["Regret","Strike_B","Strike_B"],"score":429,"play_id":"8cf86c64-7917-4d75-aae8-6a0514d790b9","local_time":"20201221002153","is_ascension_mode":true,"campfire_choices":[{"data":"Zap","floor":7,"key":"SMITH"},{"data":"Dualcast","floor":12,"key":"SMITH"},{"data":"Electrodynamics","floor":15,"key":"SMITH"},{"data":"Go for the Eyes","floor":23,"key":"SMITH"},{"data":"Glacier","floor":25,"key":"SMITH"},{"data":"Genetic Algorithm","floor":27,"key":"SMITH"},{"data":"Creative AI","floor":32,"key":"SMITH"}],"circlet_count":0,"master_deck":["Strike_B","Defend_B","Defend_B","Defend_B","Defend_B","Zap+1","Dualcast+1","All For One","Hologram+1","Electrodynamics+1","Conserve Battery+1","Leap","Ball Lightning","Coolheaded","Rainbow","CurseOfTheBell","Go for the Eyes+1","Compile Driver","Glacier+1","Genetic Algorithm+1","Compile Driver","Creative AI+1","Coolheaded+1"],"relics":["Cracked Core","MealTicket","Pantograph","Singing Bowl","War Paint","Calling Bell","Nunchaku","Eternal Feather","Turnip","Membership Card","Bottled Lightning","Toxic Egg 2","StrikeDummy"],"acts_visited":["Exordium","TheCity"],"potions_floor_usage":[6,16,22,33],"damage_taken":[{"damage":1,"enemies":"Cultist","floor":1,"turns":3},{"damage":1,"enemies":"2 Louse","floor":2,"turns":4},{"damage":7,"enemies":"Small Slimes","floor":3,"turns":4},{"damage":3,"enemies":"2 Fungi Beasts","floor":4,"turns":4},{"damage":17,"enemies":"Gremlin Nob","floor":6,"turns":4},{"damage":4,"enemies":"3 Sentries","floor":8,"turns":3},{"damage":0,"enemies":"Lots of Slimes","floor":14,"turns":2},{"damage":0,"enemies":"Slime Boss","floor":16,"turns":5},{"damage":5,"enemies":"Spheric Guardian","floor":18,"turns":4},{"damage":0,"enemies":"2 Thieves","floor":19,"turns":1},{"damage":8,"enemies":"Chosen and Byrds","floor":21,"turns":3},{"damage":25,"enemies":"3 Cultists","floor":22,"turns":6},{"damage":27,"enemies":"Slavers","floor":24,"turns":4},{"damage":38,"enemies":"Gremlin Leader","floor":30,"turns":6},{"damage":137,"enemies":"Automaton","floor":33,"turns":12}],"seed_played":"-1179650894296979642","potions_obtained":[{"floor":2,"key":"Regen Potion"},{"floor":6,"key":"Strength Potion"},{"floor":8,"key":"SpeedPotion"},{"floor":16,"key":"AttackPotion"},{"floor":22,"key":"PotionOfCapacity"}],"is_trial":false,"path_per_floor":["M","M","M","M","?","E","R","E","T","?","?","R","$","M","R","B",null,"M","M","$","M","M","R","E","R","T","R","$","?","E","?","R","B"],"character_chosen":"DEFECT","items_purchased":["War Paint","Fire Potion","Membership Card","Compile Driver","Glacier"],"campfire_rested":0,"item_purchase_floors":[13,13,20,20,20],"current_hp_per_floor":[74,73,66,63,56,48,48,44,44,49,49,49,64,66,66,82,82,77,79,84,78,53,65,38,50,50,62,77,77,39,39,51,0,0],"gold":151,"neow_bonus":"THREE_RARE_CARDS","is_daily":false,"chose_seed":false,"campfire_upgraded":7,"win_rate":0.0,"timestamp":1608506513,"path_taken":["M","M","M","?","?","E","R","E","T","?","?","R","$","M","R","BOSS","M","M","$","M","M","R","E","R","T","R","?","?","E","?","R","BOSS"],"items_purchased_type":["Relic","Potion","Relic","Card","Card"],"build_version":"2020-12-13","purchased_purges":3,"victory":false,"max_hp_per_floor":[75,75,75,75,75,75,75,75,75,80,80,80,80,82,82,82,82,82,84,84,86,86,86,86,86,86,86,86,86,86,86,86,86,86],"card_choices":[{"not_picked":["Rainbow","Amplify"],"picked":"All For One","floor":0},{"not_picked":["Redo","Turbo"],"picked":"Hologram","floor":1},{"not_picked":["Darkness","Barrage"],"picked":"Electrodynamics","floor":2},{"not_picked":["Reinforced Body","Tempest"],"picked":"Conserve Battery","floor":3},{"not_picked":["Rebound","Steam"],"picked":"Leap","floor":4},{"not_picked":["Rebound","Meteor Strike"],"picked":"Ball Lightning","floor":6},{"not_picked":["Loop","Ball Lightning"],"picked":"Coolheaded","floor":8},{"not_picked":["Recycle","Gash","Steam"],"picked":"Singing Bowl","floor":14},{"not_picked":["Fission","Meteor Strike"],"picked":"Rainbow","floor":16},{"not_picked":["Darkness+1","Conserve Battery"],"picked":"Go for the Eyes","floor":18},{"not_picked":["Streamline+1","Steam+1","Beam Cell"],"picked":"Singing Bowl","floor":19},{"not_picked":["Amplify","Heatsinks+1","Beam Cell"],"picked":"Singing Bowl","floor":21},{"not_picked":["Beam Cell","Leap"],"picked":"Genetic Algorithm","floor":22},{"not_picked":["Sweeping Beam","Leap"],"picked":"Compile Driver","floor":24},{"not_picked":["Conserve Battery+1","White Noise+1"],"picked":"Coolheaded+1","floor":30}],"player_experience":326209,"relics_obtained":[{"floor":6,"key":"MealTicket"},{"floor":8,"key":"Pantograph"},{"floor":9,"key":"Singing Bowl"},{"floor":17,"key":"Nunchaku"},{"floor":17,"key":"Eternal Feather"},{"floor":17,"key":"Turnip"},{"floor":24,"key":"Bottled Lightning"},{"floor":26,"key":"Toxic Egg 2"},{"floor":30,"key":"StrikeDummy"}],"event_choices":[{"cards_removed":["Strike_B"],"damage_healed":0,"gold_gain":0,"player_choice":"Card Removal","damage_taken":7,"max_hp_gain":0,"max_hp_loss":0,"event_name":"Golden Wing","floor":5,"gold_loss":0},{"damage_healed":0,"gold_gain":0,"player_choice":"Donut","damage_taken":0,"max_hp_gain":5,"max_hp_loss":0,"event_name":"Big Fish","floor":10,"gold_loss":0},{"damage_healed":0,"gold_gain":275,"player_choice":"Desecrate","damage_taken":0,"max_hp_gain":0,"max_hp_loss":0,"event_name":"Golden Shrine","floor":11,"gold_loss":0,"cards_obtained":["Regret"]},{"damage_healed":0,"gold_gain":0,"player_choice":"Read","damage_taken":0,"max_hp_gain":0,"max_hp_loss":0,"event_name":"The Library","floor":29,"gold_loss":0,"cards_obtained":["Creative AI"]},{"damage_healed":0,"gold_gain":100,"player_choice":"Pray","damage_taken":0,"max_hp_gain":0,"max_hp_loss":0,"event_name":"Golden Shrine","floor":31,"gold_loss":0}],"is_beta":false,"boss_relics":[{"not_picked":["Ectoplasm","Cursed Key"],"picked":"Calling Bell"}],"items_purged_floors":[13,20,28],"is_endless":false,"potions_floor_spawned":[2,6,8,16,22,24],"killed_by":"Automaton","ascension_level":5}}