{"host":"oy4pyvr762z5n0bb","time":1608424729,"event":{"mods":["AchievementEnabler","BaseMod","Colored Map","Colored Powertips","Googly Eyes","Key Reminder","Minty Spire (QoL Compilation)","Quick Restart","Relic Sorter","StSLib","SuperFastMode","Unceasing Turn Reminder","slay the spire mod where everything is the same but ironclad has a cowboy hat"],"gold_per_floor":[113,113,113,42,62,62,116,145,169,10,35,35,35,50,50,153,153,166,166,178,22,35,35,45,45,45],"floor_reached":25,"playtime":483,"items_purged":[],"score":251,"play_id":"7623da81-938a-4191-926e-1220d921d400","local_time":"20201219163849","is_ascension_mode":true,"campfire_choices":[{"data":"Hemokinesis","floor":6,"key":"SMITH"},{"floor":15,"key":"REST"},{"data":"Inflame","floor":23,"key":"SMITH"}],"circlet_count":0,"master_deck":["Strike_R","Strike_R","Strike_R","Defend_R","Defend_R+1","Defend_R+1","Defend_R","Bash+1","Pummel","Headbutt","Hemokinesis+1","Searing Blow","Cleave","Inflame+1","Disarm","Shrug It Off","Hemokinesis","Offering","CurseOfTheBell","True Grit","True Grit+1"],"relics":["Burning Blood","Bag of Marbles","Anchor","PreservedInsect","Calling Bell","Lantern","Blue Candle","WingedGreaves","Lee\u0027s Waffle"],"acts_visited":["Exordium","TheCity"],"potions_floor_usage":[16,25],"damage_taken":[{"damage":7,"enemies":"Jaw Worm","floor":1,"turns":3},{"damage":2,"enemies":"2 Louse","floor":5,"turns":2},{"damage":41,"enemies":"3 Sentries","floor":8,"turns":8},{"damage":18,"enemies":"Gremlin Nob","floor":11,"turns":3},{"damage":0,"enemies":"Small Slimes","floor":14,"turns":2},{"damage":20,"enemies":"The Guardian","floor":16,"turns":12},{"damage":10,"enemies":"Shell Parasite","floor":18,"turns":2},{"damage":10,"enemies":"Chosen","floor":20,"turns":2},{"damage":33,"enemies":"Sentry and Sphere","floor":22,"turns":5},{"damage":43,"enemies":"Centurion and Healer","floor":24,"turns":5},{"damage":33,"enemies":"Gremlin Leader","floor":25,"turns":4}],"seed_played":"3671324360857770680","potions_obtained":[{"floor":1,"key":"ColorlessPotion"},{"floor":5,"key":"Ancient Potion"},{"floor":11,"key":"Strength Potion"},{"floor":20,"key":"EssenceOfSteel"}],"is_trial":false,"path_per_floor":["M","?","?","$","M","R","?","E","T","$","E","$","?","M","R","B",null,"M","?","M","$","M","R","M","E"],"character_chosen":"IRONCLAD","items_purchased":["Hemokinesis","Inflame","Disarm","Lee\u0027s Waffle"],"campfire_rested":1,"item_purchase_floors":[4,10,10,21],"current_hp_per_floor":[79,79,63,63,67,67,67,32,32,32,20,20,20,26,50,36,80,76,76,72,87,60,60,23,0,0],"gold":45,"neow_bonus":"TRANSFORM_CARD","is_daily":false,"chose_seed":false,"campfire_upgraded":2,"win_rate":0.0,"timestamp":1608424729,"path_taken":["M","?","?","$","M","R","?","E","T","$","E","?","?","M","R","BOSS","M","?","M","$","?","R","M","E"],"items_purchased_type":["Card","Card","Card","Relic"],"build_version":"2020-12-13","purchased_purges":0,"victory":false,"max_hp_per_floor":[80,80,80,80,80,80,80,80,80,80,80,80,80,80,80,80,80,80,80,80,87,87,87,87,87,87],"card_choices":[{"not_picked":["Ghostly Armor","Flame Barrier"],"picked":"Headbutt","floor":1},{"not_picked":["Infernal Blade","Pommel Strike"],"picked":"Searing Blow","floor":5},{"not_picked":["Exhume","Body Slam"],"picked":"Cleave","floor":8},{"not_picked":["Brutality","Perfected Strike"],"picked":"Shrug It Off","floor":11},{"not_picked":["Ghostly Armor","Pummel"],"picked":"Hemokinesis","floor":14},{"not_picked":["Exhume","Juggernaut"],"picked":"Offering","floor":16},{"not_picked":["Pommel Strike","Warcry"],"picked":"True Grit","floor":18},{"not_picked":["Body Slam+1","Sever Soul+1","Clothesline"],"picked":"SKIP","floor":20},{"not_picked":["Heavy Blade","Anger","Rampage"],"picked":"SKIP","floor":22},{"not_picked":["Flame Barrier+1","Body Slam"],"picked":"True Grit+1","floor":24}],"player_experience":548146,"relics_obtained":[{"floor":8,"key":"Bag of Marbles"},{"floor":9,"key":"Anchor"},{"floor":11,"key":"PreservedInsect"},{"floor":17,"key":"Lantern"},{"floor":17,"key":"Blue Candle"},{"floor":17,"key":"WingedGreaves"}],"event_choices":[{"damage_healed":0,"gold_gain":0,"player_choice":"Grow","damage_taken":0,"max_hp_gain":0,"max_hp_loss":0,"event_name":"Living Wall","floor":2,"gold_loss":0,"cards_upgraded":["Bash"]},{"damage_healed":0,"gold_gain":0,"player_choice":"Entered Light","damage_taken":16,"max_hp_gain":0,"max_hp_loss":0,"event_name":"Shining Light","floor":3,"gold_loss":0,"cards_upgraded":["Defend_R","Defend_R"]},{"damage_healed":0,"gold_gain":54,"player_choice":"Gained Gold","damage_taken":0,"max_hp_gain":0,"max_hp_loss":0,"event_name":"Golden Wing","floor":7,"gold_loss":0},{"damage_healed":0,"gold_gain":0,"player_choice":"0 cards matched","damage_taken":0,"max_hp_gain":0,"max_hp_loss":0,"event_name":"Match and Keep!","floor":13,"gold_loss":0,"cards_obtained":[]},{"cards_removed":["Strike_R"],"damage_healed":0,"gold_gain":0,"player_choice":"Purged","damage_taken":0,"max_hp_gain":0,"max_hp_loss":0,"event_name":"Purifier","floor":19,"gold_loss":0}],"is_beta":false,"boss_relics":[{"not_picked":["Empty Cage","Pandora\u0027s Box"],"picked":"Calling Bell"}],"items_purged_floors":[],"is_endless":false,"potions_floor_spawned":[1,5,11,20],"killed_by":"Gremlin Leader","ascension_level":4}}