{"host":"htqwg582tjjtn9p7","time":1608477505,"event":{"mods":["2.2 Compatiblity","AchievementEnabler","Act Like it!","Aspiration","BaseMod","Better Third Choice","Colored Map","Conspire","Curses Come First","Displayed Cursed Tome","Energized Spire","Force Act Four","GifTheSpireLib","Hermit","Highlight Path","JesterMod","Mad Scientist","Minty Spire (QoL Compilation)","Pale of the Ancients","Permanent Neow","Random Character Button","Relic Stats","Replay The Spire","Robot Space Explorer","Somnambulant","Spicy Shops","Spikes Relics","StSLib","Stuff the Spire","The Blue Laboratory","The Disciple","The Dragon Tamer","The Forsaken","The Gatherer","The Judge","The Jungle","The Runesmith","The Servant 0.9.4"],"gold_per_floor":[118,118,129,129,129,164,164,184,236,60,60,91,91,122,122,122,122],"floor_reached":16,"playtime":442,"items_purged":[],"score":247,"play_id":"ff8782c3-078f-49f1-bc95-cf3b032a8820","local_time":"20201220161825","is_ascension_mode":true,"campfire_choices":[{"data":"conspire:DoublingDagger","floor":7,"key":"SMITH"},{"data":"Poisoned Stab","floor":11,"key":"SMITH"},{"floor":15,"key":"REST"}],"circlet_count":0,"master_deck":["AscendersBane","Strike_G","Strike_G","Strike_G","Strike_G","Defend_G","Defend_G","Defend_G","Defend_G","Defend_G","Survivor","Neutralize","conspire:DoublingDagger+1","StuffTheSpire:BumpUp","Poisoned Stab+1","Acrobatics","StuffTheSpire:DoubleShiv","Well Laid Plans","Dagger Throw","Eviscerate"],"relics":["Ring of the Snake","NeowsBlessing","theForsaken:Lifeblossom","Bottled Lightning","Runesmith:AutoHammer","Blue Candle","MealTicket"],"acts_visited":["Exordium"],"potions_floor_usage":[14,16,16],"damage_taken":[{"damage":0,"enemies":"2 Louse","floor":1,"turns":2},{"damage":0,"enemies":"Cultist","floor":3,"turns":1},{"damage":0,"enemies":"3 Sentries","floor":6,"turns":1},{"damage":0,"enemies":"Jaw Worm","floor":8,"turns":4},{"damage":42,"enemies":"Lagavulin","floor":12,"turns":9},{"damage":27,"enemies":"Gremlin Nob","floor":14,"turns":4},{"damage":45,"enemies":"Hexaghost","floor":16,"turns":9}],"seed_played":"-2680133426402259205","potions_obtained":[{"floor":3,"key":"blueLaboratory:BottledHope"},{"floor":8,"key":"blueLaboratory:AbyssPotion"},{"floor":13,"key":"blueLaboratory:FruitPreserves"},{"floor":13,"key":"Fire Potion"},{"floor":14,"key":"AttackPotion"}],"is_trial":false,"path_per_floor":["M","?","M","?","?","E","R","M","T","$","R","E","?","E","R","B"],"character_chosen":"THE_SILENT","items_purchased":["Acrobatics","StuffTheSpire:DoubleShiv","Well Laid Plans"],"campfire_rested":1,"item_purchase_floors":[10,10,10],"current_hp_per_floor":[59,59,59,41,41,41,41,47,47,47,47,11,11,17,36,0,0],"gold":122,"neow_bonus":"THREE_ENEMY_KILL","is_daily":false,"chose_seed":false,"campfire_upgraded":2,"win_rate":0.0,"timestamp":1608477505,"path_taken":["M","?","?","?","?","E","R","M","T","$","R","E","?","E","R","BOSS"],"items_purchased_type":["Card","Card","Card"],"build_version":"2020-12-13","purchased_purges":0,"victory":false,"max_hp_per_floor":[66,66,66,66,66,66,66,66,66,66,66,66,66,66,66,66,66],"relic_stats":{"counters":[7,30],"Blue Candle":[0],"MealTicket":0,"obtain_stats":[{"NeowsBlessing":0,"Blue Candle":12,"theForsaken:Lifeblossom":4,"MealTicket":14,"Bottled Lightning":6,"Runesmith:AutoHammer":9,"Ring of the Snake":0},{"NeowsBlessing":0,"Blue Candle":5,"theForsaken:Lifeblossom":2,"MealTicket":6,"Bottled Lightning":3,"Runesmith:AutoHammer":4,"Ring of the Snake":0},{"NeowsBlessing":0,"Blue Candle":17,"theForsaken:Lifeblossom":3,"MealTicket":21,"Bottled Lightning":4,"Runesmith:AutoHammer":8,"Ring of the Snake":0}],"Ring of the Snake":[14]},"card_choices":[{"not_picked":["Dagger Throw","Sucker Punch"],"picked":"conspire:DoublingDagger","floor":1},{"not_picked":["ShadowRift","Pace"],"picked":"Poisoned Stab","floor":3},{"not_picked":["Slice","Quick Slash","Skewer"],"picked":"SKIP","floor":6},{"not_picked":["Slice","Pace","Expertise"],"picked":"SKIP","floor":8},{"not_picked":["Quick Slash","Heel Hook"],"picked":"Dagger Throw","floor":12},{"not_picked":["Deadly Poison","Cloak And Dagger"],"picked":"Eviscerate","floor":14}],"player_experience":1729548,"relics_obtained":[{"floor":6,"key":"Bottled Lightning"},{"floor":9,"key":"Runesmith:AutoHammer"},{"floor":12,"key":"Blue Candle"},{"floor":14,"key":"MealTicket"}],"event_choices":[{"damage_healed":0,"gold_gain":0,"cards_transformed":["Strike_G"],"player_choice":"Transformed","damage_taken":0,"max_hp_gain":0,"max_hp_loss":0,"event_name":"Transmorgrifier","floor":2,"gold_loss":0,"cards_obtained":["StuffTheSpire:BumpUp"]},{"damage_healed":0,"gold_gain":0,"player_choice":"Relic ","damage_taken":18,"max_hp_gain":0,"max_hp_loss":0,"event_name":"betterThird:BetterScrap","floor":4,"gold_loss":0,"cards_obtained":["Replay:Many Hands"]},{"damage_healed":0,"gold_gain":0,"player_choice":"Got Potions","damage_taken":0,"max_hp_gain":0,"max_hp_loss":0,"event_name":"Lab","floor":13,"gold_loss":0}],"is_beta":false,"boss_relics":[],"items_purged_floors":[],"is_endless":false,"potions_floor_spawned":[3,8,14],"killed_by":"Hexaghost","ascension_level":15}}