{"host":"wkcoec525dnrk4jw","time":1608450691,"event":{"mods":["BaseMod","Conspire","Minty Spire (QoL Compilation)","Quick Restart","Replay The Spire","Shop Mod","StSLib","TestMod","The Bug Knight","The Cursed","[IsaacMod]ÒÔÈö¼âËþ"],"gold_per_floor":[115,127,52,52,52,81,81,94,94,112,145,38,57,102,136,36,36,36,55,81,81,81,81,113,113,154,172,207,207,307,307,326,326,337,337,368,412,412,438,510,510,521,562,502,515,515,614,614,634,668,60,80,98,114,140,154,154,254,287,303,315,362,362,362,362,362,4,35,35,35],"floor_reached":55,"playtime":5202,"items_purged":["Strike_R","Strike_R"],"score":1528,"play_id":"6f039ae7-02ac-45b0-9f2c-6dbd233ad073","local_time":"20201220155131","is_ascension_mode":true,"campfire_choices":[{"data":"ReplayTheSpireMod:Limb From Limb","floor":7.0,"key":"SMITH"},{"floor":15.0,"key":"REST"},{"data":"Feed","floor":15.0,"key":"SMITH"},{"data":"Impervious","floor":24.0,"key":"SMITH"},{"data":"Immolate","floor":27.0,"key":"SMITH"},{"floor":32.0,"key":"RECALL"},{"floor":49,"key":"DIG"},{"floor":52,"key":"REST"}],"circlet_count":0,"master_deck":["Strike_R","Defend_R","Defend_R+1","Defend_R","Defend_R","Bash","Shrug It Off","ReplayTheSpireMod:Limb From Limb+1","Fire Breathing","ReplayTheSpireMod:Stacked","Spot Weakness+1","Wild Strike","Flex","BettingIsNotGood","Warcry","Body Slam","Wild Strike","Flex","Feed+1","ReplayTheSpireMod:Limb From Limb","ReplayTheSpireMod:Corrosion Curse","ReplayTheSpireMod:Corrosion Curse","Pommel Strike","Impervious+1","Immolate+1","Heavy Blade","Shame","Heavy Blade","Shrug It Off","Combust+1","Impervious","Metallicize+1","Bludgeon+1","Bludgeon+1","Double Tap","testmod-HeadAttack","Cleave+1","conspire:ExplosiveBarrier","Reaper+1","Inflame+1","Run Through+1","Heavy Blade+1","Ghostly Armor","Massacre+1","Rage","ReplayTheSpireMod:Strike From Hell+1","Body Slam+1","Entrench+1","Flex","Flex","testmod-DisillusionmentEcho+1","Armaments+1"],"relics":["Burning Blood","HushsDoor","testmod-TestBox","testmod-CrystalShield","YumHeart","D4","Red Skull","War Paint","Replay:Bottled Snecko","Replay:Bottled Snecko","Meat on the Bone","Letter Opener","conspire:Dentures","Happy Flower","MagicMushroom","MyShadow","Frozen Egg 2","Replay:Rubber Ducky","StoneCalendar","Molten Egg 2","Omamori","Fusion Hammer","Bottled Lightning","Habit","testmod-EqualTreatment","testmod-AssaultLearning","TheBean","Quantum Egg","Boot","testmod-IndustrialRevolution"],"acts_visited":["Exordium","TheCity","TheBeyond","TheEnding"],"potions_floor_usage":[55,55,55],"damage_taken":[{"damage":12.0,"enemies":"Small Slimes","floor":1.0,"turns":4.0},{"damage":6.0,"enemies":"2 Louse","floor":2.0,"turns":3.0},{"damage":44.0,"enemies":"3 Sentries","floor":6.0,"turns":11.0},{"damage":1.0,"enemies":"Jaw Worm","floor":8.0,"turns":4.0},{"damage":11.0,"enemies":"Looter","floor":10.0,"turns":4.0},{"damage":53.0,"enemies":"Lagavulin","floor":11.0,"turns":8.0},{"damage":15.0,"enemies":"Exordium Wildlife","floor":13.0,"turns":4.0},{"damage":14.0,"enemies":"3 Sentries","floor":14.0,"turns":3.0},{"damage":6.0,"enemies":"Cultist","floor":1.0,"turns":3.0},{"damage":3.0,"enemies":"Jaw Worm","floor":5.0,"turns":3.0},{"damage":14.0,"enemies":"Lagavulin","floor":6.0,"turns":5.0},{"damage":21.0,"enemies":"Lagavulin","floor":10.0,"turns":6.0},{"damage":27.0,"enemies":"Gremlin Nob","floor":12.0,"turns":4.0},{"damage":0.0,"enemies":"2 Louse","floor":13.0,"turns":3.0},{"damage":12.0,"enemies":"Blue Slaver","floor":14.0,"turns":3.0},{"damage":10.0,"enemies":"The Guardian","floor":16.0,"turns":8.0},{"damage":23.0,"enemies":"conspire:FuzzyDice","floor":18.0,"turns":5.0},{"damage":11.0,"enemies":"3 Byrds","floor":20.0,"turns":2.0},{"damage":13.0,"enemies":"Snake Plant","floor":22.0,"turns":3.0},{"damage":0.0,"enemies":"conspire:Head Lice","floor":23.0,"turns":4.0},{"damage":6.0,"enemies":"conspire:SneckoGhost","floor":25.0,"turns":4.0},{"damage":7.0,"enemies":"Centurion and Healer","floor":28.0,"turns":2.0},{"damage":56.0,"enemies":"Gremlin Leader","floor":29.0,"turns":6.0},{"damage":0.0,"enemies":"3 Cultists","floor":31.0,"turns":3.0},{"damage":8.0,"enemies":"Champ","floor":33.0,"turns":8.0},{"damage":24.0,"enemies":"3 Darklings","floor":35.0,"turns":4.0},{"damage":6.0,"enemies":"conspire:MimicChest","floor":36.0,"turns":5.0},{"damage":0,"enemies":"Orb Walker","floor":38,"turns":4},{"damage":0,"enemies":"4 Shapes","floor":39,"turns":3},{"damage":1,"enemies":"Maw","floor":40,"turns":7},{"damage":0,"enemies":"HollowMod:StalkingDevout","floor":41,"turns":5},{"damage":0,"enemies":"Spire Growth","floor":42,"turns":4},{"damage":0,"enemies":"Reptomancer","floor":45,"turns":4},{"damage":0,"enemies":"Writhing Mass","floor":46,"turns":4},{"damage":0,"enemies":"3 Darklings","floor":47,"turns":2},{"damage":0,"enemies":"Giant Head","floor":48,"turns":7},{"damage":26,"enemies":"Time Eater","floor":50,"turns":10},{"damage":0,"enemies":"Shield and Spear","floor":54,"turns":5},{"damage":468,"enemies":"Delirium","floor":55,"turns":34}],"seed_played":"-5240045052908486753","potions_obtained":[{"floor":2.0,"key":"DuplicationPotion"},{"floor":8.0,"key":"Explosive Potion"},{"floor":10.0,"key":"testmod-SpacePotion"},{"floor":14.0,"key":"PowerPotion"},{"floor":1.0,"key":"testmod-TestPotion"},{"floor":5.0,"key":"Block Potion"},{"floor":10.0,"key":"Strength Potion"},{"floor":12.0,"key":"Weak Potion"},{"floor":20.0,"key":"Venom Potion"},{"floor":28.0,"key":"Block Potion"},{"floor":31.0,"key":"Elixir"},{"floor":33.0,"key":"Toxic Potion"},{"floor":35.0,"key":"FairyPotion"},{"floor":39,"key":"Toxic Potion"},{"floor":41,"key":"ColorlessPotion"}],"is_trial":false,"path_per_floor":["M","M","$","?","?","E","R","M","T","M","E","$","M","E","R","M","$","?","?","M","E","?","E","T","E","T","E","M","M","R","B",null,"M","?","M","?","M","E","R","E","T","R","M","E","?","M","R","B",null,"M","?","$","M","M","M","E","M","T","?","E","M","M","E","R","B",null,"R","$","E","B"],"character_chosen":"IRONCLAD","items_purchased":["BettingIsNotGood","Warcry","Immolate","MyShadow","Bludgeon+1","Double Tap","testmod-HeadAttack","Habit","testmod-EqualTreatment","Reaper+1","Inflame+1","Boot","Flex","testmod-DisillusionmentEcho+1"],"campfire_rested":2,"item_purchase_floors":[12,12,17,17,34,34,34,37,37,37,37,53,53,53],"current_hp_per_floor":[74,74,74,74,74,61,61,66,66,61,39,39,30,22,78,78,78,75,78,88,88,90,90,78,78,57,68,90,90,86,88,71,71,67,67,86,88,88,88,88,88,87,63,63,79,79,82,85,68,69,69,86,86,86,86,86,86,86,86,86,86,86,86,86,86,86,86,86,0,0],"gold":35,"neow_bonus":"TEN_PERCENT_HP_BONUS","is_daily":false,"chose_seed":false,"campfire_upgraded":4,"win_rate":0.0,"timestamp":1608450691,"path_taken":["M","M","$","?","?","E","R","M","T","M","E","$","M","E","R","M","$","?","?","M","E","?","E","T","E","?","E","M","M","R","BOSS","M","?","?","?","M","E","R","E","T","R","?","E","?","M","R","BOSS","M","?","$","?","?","M","E","M","T","?","E","M","M","E","R","BOSS","R","$","E","BOSS"],"items_purchased_type":["Card","Card","Card","Relic","Card","Card","Card","Relic","Relic","Card","Card","Relic","Card","Card"],"build_version":"2020-12-13","purchased_purges":2,"victory":false,"max_hp_per_floor":[88,88,88,88,88,88,88,88,88,88,88,88,88,88,88,88,88,88,88,88,88,91,91,94,94,94,94,97,97,97,88,88,88,88,88,88,88,88,88,88,88,88,88,88,92,92,96,86,86,86,86,86,86,86,86,86,86,86,86,86,86,86,86,86,86,86,86,86,86,86],"card_choices":[{"not_picked":["Rampage","Replay:Undeath\u0027s Touch"],"picked":"Shrug It Off","floor":1.0},{"not_picked":["ReplayReversal","Perfected Strike"],"picked":"ReplayTheSpireMod:Limb From Limb","floor":2.0},{"not_picked":["Uppercut","Reckless Charge"],"picked":"ReplayTheSpireMod:Stacked","floor":6.0},{"not_picked":["Fire Breathing","conspire:Charge"],"picked":"Spot Weakness","floor":8.0},{"not_picked":["Perfected Strike","Twin Strike"],"picked":"Wild Strike","floor":10.0},{"not_picked":["Battle Trance","Searing Blow"],"picked":"Flex","floor":11.0},{"not_picked":["Eclipse","Sword Boomerang"],"picked":"Bomb","floor":13.0},{"not_picked":["Pommel Strike","Warcry"],"picked":"Body Slam","floor":14.0},{"not_picked":["ReplayTheSpireMod:Strike From Hell","Seeing Red"],"picked":"Wild Strike","floor":1.0},{"not_picked":["Thunderclap","Clash"],"picked":"Flex","floor":5.0},{"not_picked":["Offering","Sword Boomerang"],"picked":"Feed","floor":6.0},{"not_picked":["Shrug It Off","Heavy Blade"],"picked":"ReplayTheSpireMod:Limb From Limb","floor":10.0},{"not_picked":["Clothesline","Armaments"],"picked":"ReplayTheSpireMod:Corrosion Curse","floor":12.0},{"not_picked":["Searing Blow","True Grit"],"picked":"ReplayTheSpireMod:Corrosion Curse","floor":13.0},{"not_picked":["Havoc","Perfected Strike"],"picked":"Pommel Strike","floor":14.0},{"not_picked":["Offering","Demonic Infusion"],"picked":"Impervious","floor":16.0},{"not_picked":["Clash","ReplayTheSpireMod:Muscle Training"],"picked":"Heavy Blade","floor":18.0},{"not_picked":["Disarm","Clash+1","Havoc+1"],"picked":"SKIP","floor":20.0},{"not_picked":["Iron Wave","Defy Death","Perfected Strike+1"],"picked":"SKIP","floor":22.0},{"not_picked":["Headbutt","Warcry"],"picked":"Heavy Blade","floor":23.0},{"not_picked":["ReplayTheSpireMod:Strike From Hell","Burning Pact+1"],"picked":"Shrug It Off","floor":25.0},{"not_picked":["Rupture+1","Shockwave+1"],"picked":"Combust+1","floor":28.0},{"not_picked":["Perfected Strike+1","Heavy Blade+1"],"picked":"Impervious","floor":29.0},{"not_picked":["Replay:Undeath\u0027s Touch+1","Anger+1"],"picked":"Metallicize+1","floor":31.0},{"not_picked":["Demonic Infusion","Demon Form+1"],"picked":"Bludgeon+1","floor":33.0},{"not_picked":["Clothesline+1","Anger+1"],"picked":"Cleave+1","floor":35.0},{"not_picked":["Flex+1","Evolve+1"],"picked":"conspire:ExplosiveBarrier","floor":36},{"not_picked":["Heavy Blade+1","Replay:Undeath\u0027s Touch+1"],"picked":"Run Through+1","floor":38},{"not_picked":["Clash+1","Run Through+1"],"picked":"Heavy Blade+1","floor":39},{"not_picked":["Dropkick+1","Shrug It Off"],"picked":"Ghostly Armor","floor":40},{"not_picked":["Rupture+1","Burning Pact+1"],"picked":"Massacre+1","floor":41},{"not_picked":["Iron Wave+1","Pommel Strike+1","Evolve+1"],"picked":"SKIP","floor":42},{"not_picked":["Rampage+1","Searing Blow+1"],"picked":"Rage","floor":45},{"not_picked":["Disarm+1","Evolve+1"],"picked":"ReplayTheSpireMod:Strike From Hell+1","floor":46},{"not_picked":["Clash+1","ReplayTheSpireMod:Strike From Hell+1"],"picked":"Body Slam+1","floor":47},{"not_picked":["Clothesline+1","Clash+1"],"picked":"Entrench+1","floor":48},{"not_picked":["Run Through+1","Replay:Many Hands"],"picked":"Armaments+1","floor":54}],"player_experience":138344,"relics_obtained":[{"floor":6.0,"key":"D4"},{"floor":9.0,"key":"ForgetMeNow"},{"floor":11.0,"key":"Red Skull"},{"floor":14.0,"key":"Diplopia"},{"floor":6.0,"key":"Replay:Bottled Snecko"},{"floor":9.0,"key":"Meat on the Bone"},{"floor":10.0,"key":"Letter Opener"},{"floor":11.0,"key":"conspire:Dentures"},{"floor":12.0,"key":"Happy Flower"},{"floor":23.0,"key":"Replay:Rubber Ducky"},{"floor":25.0,"key":"StoneCalendar"},{"floor":26.0,"key":"Molten Egg 2"},{"floor":29.0,"key":"Omamori"},{"floor":36,"key":"Bottled Lightning"},{"floor":41,"key":"testmod-AssaultLearning"},{"floor":45,"key":"TheBean"},{"floor":48,"key":"Quantum Egg"},{"floor":54,"key":"testmod-IndustrialRevolution"}],"event_choices":[{"damage_healed":0.0,"max_hp_gain":0.0,"max_hp_loss":0.0,"gold_gain":0.0,"event_name":"conspire:LoneGhost","player_choice":"Disagree","floor":4.0,"gold_loss":0.0,"damage_taken":0.0},{"damage_healed":0.0,"max_hp_gain":0.0,"max_hp_loss":0.0,"gold_gain":0.0,"cards_transformed":["Strike_R"],"event_name":"Living Wall","player_choice":"Change","floor":5.0,"gold_loss":0.0,"damage_taken":0.0,"cards_obtained":["Fire Breathing"]},{"damage_healed":0.0,"max_hp_gain":0.0,"max_hp_loss":0.0,"gold_gain":0.0,"event_name":"conspire:Investor","player_choice":"Leave","floor":3.0,"gold_loss":0.0,"damage_taken":0.0},{"damage_healed":0.0,"max_hp_gain":0.0,"max_hp_loss":0.0,"gold_gain":0.0,"event_name":"Scrap Ooze","player_choice":"Success","floor":4.0,"gold_loss":0.0,"damage_taken":3.0,"relics_obtained":["War Paint"]},{"cards_removed":["Strike_R"],"damage_healed":0.0,"max_hp_gain":0.0,"max_hp_loss":0.0,"gold_gain":0.0,"event_name":"Purifier","player_choice":"Purged","floor":7.0,"gold_loss":0.0,"damage_taken":0.0},{"damage_healed":0.0,"max_hp_gain":0.0,"max_hp_loss":0.0,"gold_gain":0.0,"event_name":"Addict","player_choice":"Stole Relic","floor":19.0,"gold_loss":0.0,"damage_taken":0.0,"relics_obtained":["Frozen Egg 2"],"cards_obtained":["Shame"]},{"damage_healed":0.0,"max_hp_gain":0.0,"max_hp_loss":0.0,"gold_gain":0.0,"event_name":"Vampires","player_choice":"Ignored","floor":21.0,"gold_loss":0.0,"damage_taken":0.0},{"damage_healed":0,"gold_gain":0,"player_choice":"Ignored","damage_taken":0,"max_hp_gain":0,"max_hp_loss":0,"event_name":"Vampires","floor":36,"gold_loss":0},{"damage_healed":0,"gold_gain":100,"player_choice":"Pray","damage_taken":0,"max_hp_gain":0,"max_hp_loss":0,"event_name":"Golden Shrine","floor":44,"gold_loss":0}],"is_beta":false,"boss_relics":[{"not_picked":["conspire:SeveredTorchhead","Honey Jar"],"picked":"MagicMushroom"},{"not_picked":[]},{"not_picked":["conspire:SlowCooker","Busted Crown"],"picked":"Fusion Hammer"},{"not_picked":[]}],"items_purged_floors":[3,2],"is_endless":false,"potions_floor_spawned":[2,8,10,14,1,5,10,12,20,28,31,33,35,39,41,47,48],"killed_by":"Delirium","ascension_level":7}}