{"host":"k5dhp0bkccqfauyu","time":1608435147,"event":{"mods":["BaseMod","Better Note","Better Skull","Better Vampires","Colored Map","Colored Powertips","DeckTracker","Minty Spire (QoL Compilation)","Permanent Neow","StSLib","SuperFastMode"],"gold_per_floor":[119,131,145,156,169,195,195,214,214,57,57,7,36,36,36,127,127,147,147,158,158,30,30,47,47,47],"floor_reached":25,"playtime":1150,"items_purged":["Strike_R","Writhe"],"score":426,"play_id":"7fb226e7-07c5-4686-9a2f-9cf0552c1871","local_time":"20201220143227","is_ascension_mode":true,"campfire_choices":[{"data":"Offering","floor":7,"key":"SMITH"},{"data":"Spot Weakness","floor":11,"key":"SMITH"},{"data":"Shockwave","floor":15,"key":"SMITH"},{"data":"Flame Barrier","floor":23,"key":"SMITH"}],"circlet_count":0,"master_deck":["AscendersBane","Strike_R","Strike_R","Strike_R","Strike_R","Defend_R","Defend_R","Defend_R","Defend_R","Bash","Iron Wave","Pommel Strike","Shockwave+1","Spot Weakness+1","Headbutt","Offering+1","Flame Barrier+1","Fiend Fire","CurseOfTheBell","Evolve","Pommel Strike+1","Dual Wield","Metallicize"],"relics":["Burning Blood","Smiling Mask","Eternal Feather","Singing Bowl","ClockworkSouvenir","Bronze Scales","Bloody Idol","Calling Bell","Lantern","Mummified Hand","Turnip","Matryoshka"],"acts_visited":["Exordium","TheCity"],"potions_floor_usage":[4,6,13,20,20],"damage_taken":[{"damage":1,"enemies":"Cultist","floor":1,"turns":3},{"damage":10,"enemies":"Small Slimes","floor":2,"turns":4},{"damage":5,"enemies":"2 Louse","floor":3,"turns":3},{"damage":9,"enemies":"Blue Slaver","floor":4,"turns":5},{"damage":17,"enemies":"3 Louse","floor":5,"turns":4},{"damage":20,"enemies":"3 Sentries","floor":6,"turns":5},{"damage":28,"enemies":"Large Slime","floor":8,"turns":6},{"damage":26,"enemies":"Lagavulin","floor":13,"turns":5},{"damage":16,"enemies":"Hexaghost","floor":16,"turns":7},{"damage":5,"enemies":"Chosen","floor":18,"turns":6},{"damage":12,"enemies":"2 Thieves","floor":20,"turns":4},{"damage":30,"enemies":"Shelled Parasite and Fungi","floor":24,"turns":6},{"damage":53,"enemies":"Gremlin Leader","floor":25,"turns":4}],"seed_played":"5133045838053175707","potions_obtained":[{"floor":1,"key":"AttackPotion"},{"floor":2,"key":"SpeedPotion"},{"floor":6,"key":"Strength Potion"},{"floor":16,"key":"LiquidMemories"},{"floor":18,"key":"DuplicationPotion"}],"is_trial":false,"path_per_floor":["M","M","M","M","M","E","R","M","T","$","R","$","E","?","R","B",null,"M","?","M","?","$","R","M","E"],"character_chosen":"IRONCLAD","items_purchased":["ClockworkSouvenir","Dual Wield"],"campfire_rested":0,"item_purchase_floors":[10,22],"current_hp_per_floor":[73,69,70,67,56,42,51,29,29,29,38,38,18,18,27,17,55,56,56,60,60,60,68,49,0,0],"gold":47,"neow_bonus":"RANDOM_COMMON_RELIC","is_daily":false,"chose_seed":false,"campfire_upgraded":4,"win_rate":0.0,"timestamp":1608435147,"path_taken":["M","M","M","?","M","E","R","M","T","?","R","$","E","?","R","BOSS","M","?","M","?","$","R","M","E"],"items_purchased_type":["Relic","Card"],"build_version":"2020-12-13","purchased_purges":2,"victory":false,"max_hp_per_floor":[75,75,75,75,75,75,75,75,75,75,75,75,75,68,68,68,68,68,68,68,68,68,68,68,68,68],"card_choices":[{"not_picked":["Searing Blow","Combust"],"picked":"Iron Wave","floor":1},{"not_picked":["Rampage","Perfected Strike"],"picked":"Pommel Strike","floor":2},{"not_picked":["Feel No Pain","Bloodletting"],"picked":"Shockwave","floor":3},{"not_picked":["Clash","Evolve"],"picked":"Spot Weakness","floor":4},{"not_picked":["Iron Wave","Perfected Strike"],"picked":"Headbutt","floor":5},{"not_picked":["Corruption","Disarm"],"picked":"Offering","floor":6},{"not_picked":["Clash","Body Slam","Headbutt"],"picked":"SKIP","floor":8},{"not_picked":["Feed","Dual Wield"],"picked":"Flame Barrier","floor":13},{"not_picked":["Juggernaut","Berserk"],"picked":"Fiend Fire","floor":16},{"not_picked":["Iron Wave","Hemokinesis"],"picked":"Evolve","floor":18},{"not_picked":["Entrench+1","Perfected Strike"],"picked":"Pommel Strike+1","floor":20},{"not_picked":["Shrug It Off","Clash"],"picked":"Metallicize","floor":24}],"player_experience":1794011,"relics_obtained":[{"floor":6,"key":"Eternal Feather"},{"floor":9,"key":"Singing Bowl"},{"floor":13,"key":"Bronze Scales"},{"floor":17,"key":"Lantern"},{"floor":17,"key":"Mummified Hand"},{"floor":17,"key":"Turnip"}],"event_choices":[{"damage_healed":0,"gold_gain":0,"player_choice":"Lose Max HP","damage_taken":0,"relics_obtained":["Golden Idol"],"max_hp_gain":0,"max_hp_loss":7,"event_name":"Golden Idol","floor":14,"gold_loss":0},{"damage_healed":0,"gold_gain":0,"player_choice":"Gave Idol","damage_taken":0,"relics_obtained":["Bloody Idol"],"max_hp_gain":0,"max_hp_loss":0,"event_name":"Forgotten Altar","floor":19,"relics_lost":["Golden Idol"],"gold_loss":0},{"damage_healed":0,"gold_gain":0,"player_choice":"Opened","damage_taken":0,"relics_obtained":["Matryoshka"],"max_hp_gain":0,"max_hp_loss":0,"event_name":"The Mausoleum","floor":21,"gold_loss":0,"cards_obtained":["Writhe"]}],"is_beta":false,"boss_relics":[{"not_picked":["SlaversCollar","Black Star"],"picked":"Calling Bell"}],"items_purged_floors":[12,22],"is_endless":false,"potions_floor_spawned":[1,2,6,16,18],"killed_by":"Gremlin Leader","ascension_level":20}}