{"host":"4amcrcg6ktw8dbzk","time":1608449277,"event":{"mods":["ATMod(°¢èªMod)","BaseMod","Dota2Spire","Minty Spire (QoL Compilation)","MostiFishMod","Spicy Shops","StSLib","Waifu the Spire"],"gold_per_floor":[118,118,135,151,151,186,186,240,240,273,33,33,106,31,31,156,156,169,169,84,134,134,205,228,262,262,323,338,338,263,60,60,185,185,205,205,221,221,271,271,310,310,310,384,403,419,484,484,484,534,534,534,42,156,211],"floor_reached":56,"playtime":2326,"items_purged":["Strike_B","Strike_B"],"score":2861,"play_id":"c5e6406f-460f-4e2a-a98b-bdff0452b6f3","local_time":"20201220152757","is_ascension_mode":true,"campfire_choices":[{"data":"MostiFishMod:SephirahHod","floor":7.0,"key":"SMITH"},{"floor":12.0,"key":"REST"},{"floor":15.0,"key":"REST"},{"floor":32,"key":"REST"},{"floor":40,"key":"REST"},{"floor":42,"key":"RECALL"},{"floor":49,"key":"REST"},{"data":"AT_RightCognition","floor":52,"key":"SMITH"}],"circlet_count":0,"master_deck":["AscendersBane","Defend_B","Defend_B","Defend_B","Defend_B","Zap","Dualcast","MostiFishMod:SephirahHod+1","AT_ThunderBolt","AT_ThreeBodyProblem","Chill","Coolheaded","Chaos","Redo","MostiFishMod:STOP","Turbo","AT_RightCognition+1","MostiFishMod:TheEndOfMoonlight","MostiFishMod:SparklingWater","MostiFishMod:FantasySummer","MostiFishMod:NightSea","Defragment","Coolheaded","Skim","MostiFishMod:DawningShadow","Hologram","The Bomb","Defragment+1","Skim","AT_RightCognition+1","Conserve Battery","AT_EMC2","Coolheaded+1","AT_RobotInSpace","Madness","Madness","Static Discharge+1","Coolheaded+1"],"relics":["DaveBox","AT_ATBox","MostiFishMod:Hod","Black Star","Question Card","Golden Idol","Dota2Spire:HandOfMidas","Letter Opener","Dota2Spire:PowerTreads","Odd Mushroom","Vajra","SynthV:C4","ImportantClient","MoonlightInvasionPlan","Dota2Spire:ArmletOfMordiggian","AT_RedNoBalance","Tiny Chest","Juzu Bracelet","ThornShield","Frozen Egg 2","Dota2Spire:LinkenSphere","AT_BellowingDragoncrestRing","AT_SeraphEmbrace","Nuclear Battery","ImprovedEquipment","Meat on the Bone","Happy Flower","Dota2Spire:AssaultCuirass","StrikeDummy","AT_MibuBalloonWealth","Symbiotic Virus","AT_ForceNature","Oddly Smooth Stone","Mercury Hourglass"],"acts_visited":["Exordium","TheCity","TheBeyond","TheEnding"],"potions_floor_usage":[55,55],"damage_taken":[{"damage":2.0,"enemies":"Small Slimes","floor":1.0,"turns":3.0},{"damage":6.0,"enemies":"2 Louse","floor":3.0,"turns":3.0},{"damage":5.0,"enemies":"Jaw Worm","floor":4.0,"turns":4.0},{"damage":0.0,"enemies":"Gremlin Nob","floor":6.0,"turns":1.0},{"damage":2.0,"enemies":"3 Louse","floor":8.0,"turns":3.0},{"damage":1.0,"enemies":"The Mushroom Lair","floor":10.0,"turns":2.0},{"damage":3.0,"enemies":"Lagavulin","floor":13.0,"turns":4.0},{"damage":34.0,"enemies":"Slime Boss","floor":16.0,"turns":9.0},{"damage":0.0,"enemies":"Spheric Guardian","floor":18.0,"turns":2.0},{"damage":15.0,"enemies":"Gremlin Leader","floor":23.0,"turns":4.0},{"damage":0.0,"enemies":"3 Byrds","floor":24.0,"turns":1.0},{"damage":2.0,"enemies":"Slavers","floor":25.0,"turns":3.0},{"damage":0.0,"enemies":"Gremlin Leader","floor":27.0,"turns":4.0},{"damage":0.0,"enemies":"Centurion and Healer","floor":28.0,"turns":2.0},{"damage":0,"enemies":"Champ","floor":33,"turns":3},{"damage":0,"enemies":"3 Darklings","floor":35,"turns":2},{"damage":6,"enemies":"Orb Walker","floor":37,"turns":2},{"damage":0,"enemies":"Spire Growth","floor":39,"turns":2},{"damage":0,"enemies":"Nemesis","floor":41,"turns":3},{"damage":0,"enemies":"Giant Head","floor":44,"turns":4},{"damage":0,"enemies":"Writhing Mass","floor":45,"turns":2},{"damage":0,"enemies":"Sphere and 2 Shapes","floor":46,"turns":2},{"damage":0,"enemies":"Reptomancer","floor":47,"turns":2},{"damage":0,"enemies":"Donu and Deca","floor":50,"turns":3},{"damage":0,"enemies":"Shield and Spear","floor":54,"turns":2},{"damage":34,"enemies":"The Heart","floor":55,"turns":7}],"seed_played":"-8897589171550346577","potions_obtained":[{"floor":1.0,"key":"AttackPotion"},{"floor":8.0,"key":"Dota2Spire:Clarity"},{"floor":10.0,"key":"FocusPotion"},{"floor":13.0,"key":"FearPotion"},{"floor":35,"key":"Block Potion"}],"is_trial":false,"path_per_floor":["M","?","M","M","?","E","R","M","T","?","$","R","E","?","R","B",null,"M","?","?","?","?","E","M","E","T","E","M","?","?","$","R","B",null,"M","?","M","T","M","R","E","R","T","E","M","M","E","?","R","B",null,"R","$","E","B",null],"character_chosen":"DEFECT","items_purchased":["MostiFishMod:STOP","AT_ArchangelStaff","Skim","Static Discharge+1","AT_ForceNature"],"campfire_rested":5,"item_purchase_floors":[11,31,31,53,53],"current_hp_per_floor":[62,67,61,56,30,30,30,28,28,27,27,49,46,46,68,34,66,66,66,66,66,66,51,38,36,36,38,38,38,38,38,60,38,67,38,38,32,32,32,54,54,54,54,54,54,54,54,40,62,62,73,73,73,73,39],"gold":211,"neow_bonus":"BOSS_RELIC","is_daily":false,"chose_seed":false,"campfire_upgraded":2,"win_rate":0.0,"timestamp":1608449277,"path_taken":["M","?","M","M","?","E","R","M","T","?","?","R","E","?","R","BOSS","M","?","?","?","?","E","M","E","T","E","M","?","?","$","R","BOSS","M","?","M","?","M","R","E","R","T","E","M","M","E","?","R","BOSS","R","$","E","BOSS"],"items_purchased_type":["Card","Relic","Card","Card","Relic"],"build_version":"2020-12-13","purchased_purges":2,"victory":true,"max_hp_per_floor":[71,76,76,76,76,76,76,76,76,76,76,76,76,76,76,76,76,76,76,76,76,76,76,76,76,76,76,76,76,76,76,76,76,76,76,76,76,76,76,76,76,76,76,76,76,76,76,76,76,76,76,76,76,76,76],"card_choices":[{"not_picked":["Self Repair","AT_HeatAcrobatics"],"picked":"AT_ThreeBodyProblem","floor":1.0},{"not_picked":["Consume","Rebound","Redo"],"picked":"Chill","floor":3.0},{"not_picked":["Go for the Eyes","Stack","Aggregate"],"picked":"Consume","floor":4.0},{"not_picked":["Beam Cell","Stack","Force Field"],"picked":"Coolheaded","floor":6.0},{"not_picked":["Go for the Eyes","Cold Snap","Coolheaded"],"picked":"Chaos","floor":8.0},{"not_picked":["Force Field","Barrage","Go for the Eyes"],"picked":"Redo","floor":10.0},{"not_picked":["MostiFishMod:ReprogramOld","Stack","Consume"],"picked":"Turbo","floor":13.0},{"not_picked":["Machine Learning","MostiFishMod:FourSeasons","MostiFishMod:ReadyAimFire"],"picked":"AT_RightCognition","floor":16.0},{"not_picked":["Stack","BootSequence","Streamline"],"picked":"Defragment","floor":18.0},{"not_picked":["Steam","Static Discharge","Streamline","Go for the Eyes"],"picked":"SKIP","floor":23.0},{"not_picked":["Glacier","Genetic Algorithm","Chill+1"],"picked":"Skim","floor":24.0},{"not_picked":["MostiFishMod:GoodWordForIt","Steam Power","Storm"],"picked":"MostiFishMod:DawningShadow","floor":25.0},{"not_picked":["Cold Snap","AT_HeatAcrobatics","Rip and Tear","Steam"],"picked":"SKIP","floor":27.0},{"not_picked":["Redo","Ball Lightning+1","Beam Cell"],"picked":"Hologram","floor":28.0},{"not_picked":["Seek","Core Surge","MostiFishMod:UniBlue"],"picked":"AT_RightCognition+1","floor":33},{"not_picked":["Ball Lightning","Stack","Steam Power"],"picked":"Conserve Battery","floor":35},{"not_picked":["Defragment+1","Rebound+1","Gash"],"picked":"AT_EMC2","floor":37},{"not_picked":["Static Discharge+1","Cold Snap","Steam","Gash"],"picked":"SKIP","floor":39},{"not_picked":["MostiFishMod:Overload","Sweeping Beam","BootSequence+1","Barrage"],"picked":"SKIP","floor":41},{"not_picked":["Beam Cell+1","FTL+1","Ball Lightning"],"picked":"Coolheaded+1","floor":44},{"not_picked":["Self Repair+1","Static Discharge+1","MostiFishMod:SeaWaves+1"],"picked":"AT_RobotInSpace","floor":45},{"not_picked":["Sunder","Turbo","AT_HeatAcrobatics","Hello World+1"],"picked":"SKIP","floor":46},{"not_picked":["Aggregate+1","Sweeping Beam","MostiFishMod:Overload","Genetic Algorithm+1"],"picked":"SKIP","floor":47},{"not_picked":["Streamline","Ball Lightning","Compile Driver"],"picked":"Coolheaded+1","floor":54}],"player_experience":295360,"relics_obtained":[{"floor":1.0,"key":"Question Card"},{"floor":6.0,"key":"Dota2Spire:HandOfMidas"},{"floor":6.0,"key":"Letter Opener"},{"floor":9.0,"key":"Dota2Spire:PowerTreads"},{"floor":10.0,"key":"Odd Mushroom"},{"floor":13.0,"key":"Vajra"},{"floor":13.0,"key":"SynthV:C4"},{"floor":16.0,"key":"ImportantClient"},{"floor":23.0,"key":"AT_SilverBalance"},{"floor":23.0,"key":"Tiny Chest"},{"floor":25.0,"key":"Juzu Bracelet"},{"floor":25.0,"key":"ThornShield"},{"floor":26.0,"key":"Frozen Egg 2"},{"floor":27.0,"key":"Dota2Spire:LinkenSphere"},{"floor":27.0,"key":"AT_BellowingDragoncrestRing"},{"floor":38,"key":"ImprovedEquipment"},{"floor":41,"key":"Meat on the Bone"},{"floor":41,"key":"Happy Flower"},{"floor":44,"key":"Dota2Spire:AssaultCuirass"},{"floor":44,"key":"StrikeDummy"},{"floor":47,"key":"AT_MibuBalloonWealth"},{"floor":47,"key":"Symbiotic Virus"},{"floor":54,"key":"Oddly Smooth Stone"},{"floor":54,"key":"Mercury Hourglass"}],"event_choices":[{"damage_healed":0.0,"max_hp_gain":5.0,"max_hp_loss":0.0,"gold_gain":0.0,"event_name":"Big Fish","player_choice":"Donut","floor":2.0,"gold_loss":0.0,"damage_taken":0.0},{"damage_healed":0.0,"max_hp_gain":0.0,"max_hp_loss":0.0,"gold_gain":0.0,"event_name":"Golden Idol","player_choice":"Take Damage","floor":5.0,"gold_loss":0.0,"damage_taken":26.0,"relics_obtained":["Golden Idol"]},{"damage_healed":0.0,"max_hp_gain":0.0,"max_hp_loss":0.0,"gold_gain":0.0,"event_name":"Mushrooms","player_choice":"Fought Mushrooms","floor":10.0,"gold_loss":0.0,"damage_taken":0.0},{"cards_removed":["Strike_B"],"damage_healed":0.0,"max_hp_gain":0.0,"max_hp_loss":0.0,"gold_gain":0.0,"event_name":"The Cleric","player_choice":"Card Removal","floor":14.0,"gold_loss":75.0,"damage_taken":0.0},{"damage_healed":0.0,"max_hp_gain":0.0,"max_hp_loss":0.0,"gold_gain":0.0,"event_name":"The Library","player_choice":"Read","floor":19.0,"gold_loss":0.0,"damage_taken":0.0,"cards_obtained":["Coolheaded"]},{"damage_healed":0.0,"max_hp_gain":0.0,"max_hp_loss":0.0,"gold_gain":0.0,"event_name":"Addict","player_choice":"Obtained Relic","floor":20.0,"gold_loss":85.0,"damage_taken":0.0,"relics_obtained":["Dota2Spire:ArmletOfMordiggian"]},{"damage_healed":0.0,"max_hp_gain":0.0,"max_hp_loss":0.0,"gold_gain":50.0,"event_name":"Nest","player_choice":"Stole From Cult","floor":21.0,"gold_loss":0.0,"damage_taken":0.0},{"damage_healed":0.0,"max_hp_gain":0.0,"max_hp_loss":0.0,"gold_gain":0.0,"event_name":"The Mausoleum","player_choice":"Ignored","floor":22.0,"gold_loss":0.0,"damage_taken":0.0},{"damage_healed":0.0,"max_hp_gain":0.0,"max_hp_loss":0.0,"gold_gain":0.0,"event_name":"Cursed Tome","player_choice":"Ignored","floor":29.0,"gold_loss":0.0,"damage_taken":0.0},{"damage_healed":0.0,"max_hp_gain":0.0,"max_hp_loss":0.0,"gold_gain":0.0,"cards_transformed":["MostiFishMod:Neptune","Strike_B"],"event_name":"Designer","player_choice":"Transformed Cards","floor":30.0,"gold_loss":75.0,"damage_taken":0.0,"cards_obtained":["The Bomb","Defragment"]},{"cards_removed":["Consume"],"damage_healed":0,"gold_gain":0,"player_choice":"Removed Skill","damage_taken":0,"max_hp_gain":0,"max_hp_loss":0,"event_name":"Falling","floor":36,"gold_loss":0},{"damage_healed":0,"gold_gain":0,"player_choice":"Embrace Madness","damage_taken":14,"max_hp_gain":0,"max_hp_loss":0,"event_name":"Winding Halls","floor":48,"gold_loss":0,"cards_obtained":["Madness","Madness"]}],"is_beta":false,"boss_relics":[{"not_picked":["ExusiaiGun","Snecko Eye"],"picked":"MoonlightInvasionPlan"},{"not_picked":["JellyFishMachine","TimeKeys"],"picked":"Nuclear Battery"}],"items_purged_floors":[11,53],"is_endless":false,"potions_floor_spawned":[1,8,10,13,23,28,35,41,44,47],"ascension_level":19}}