{"host":"pcbz64t4k17ey4z1","time":1608469947,"event":{"mods":["2.2 Compatiblity","AchievementEnabler","Act Like it!","Aspiration","BaseMod","Beaked The Cultist","Better Match","BetterRewards","Card Forge","Colored Map","Colored Powertips","Conspire","Disable Question Mark Monsters","Fireblade Mod","Friendly Minions","GifTheSpireLib","Glutton Mod","Googly Eyes","Hermit","Hubris","Infinite Spire","Koishi","Marisa????????","Minty Spire (QoL Compilation)","Permanent Neow","Potionbrewer","Quick Restart","Random Character Button","Rare Cards Sparkle","Relic Filter","Replay The Spire","Shade Mod","Shop Mod","Small Relic Pack","StSLib","Stuff the Spire","SuperFastMode","The Animator","The Cursed","The Druid","The Gatherer","The Hierophant","The IronCluck","The Runesmith","Waifu the Spire","Wandering Minibosses","vexMod"],"gold_per_floor":[137,176,167,174,191,231,71,92,146,175,175,208,253,284,284,354,354,1161,1211,1486,1516,1516,1516,1551,1551,1551,1551,1600,1071,1105,1124,1124,1202,1202,1216,1216,1232,1232,1232,1232,1232,1246,1271,1271,1271],"floor_reached":44,"playtime":8265,"items_purged":[],"score":1660,"play_id":"8b7b878b-88f7-4d86-9c4f-77f38a90fdf5","local_time":"20201220131227","is_ascension_mode":true,"campfire_choices":[{"data":"Tantrum","floor":15,"key":"SMITH"},{"floor":23,"key":"REST"},{"floor":25,"key":"RECALL"},{"floor":32,"key":"REST"},{"floor":40,"key":"REST"}],"circlet_count":0,"master_deck":["AscendersBane","Eruption+1","Vigilance+1","Weave","Adaptation+1","Halt","Indignation","TalkToTheHand","Tantrum+1","Nirvana+1","infinitespire:Starlight+1","ThirdEye","Replay:ManipulateFuture","JustLucky+1","Scrawl+1","Wireheading+1","Nirvana+1","DeusExMachina+1","WheelKick","WheelKick+1"],"relics":["PureWater","Hammer of Thor","Seething Fire","Anvil of the Gods","potionbrewer:SalesContract","Garlic","Melange","infinitespire:Lucky Rock","Pen Nib","StuffTheSpire:Mouthbags","potionbrewer:ToyAutogyro","ClockworkSouvenir","Juzu Bracelet","Fusion Hammer","wanderingMiniBosses:MasterThiefsPresence","Toy Ornithopter","StuffTheSpire:Wildfire","WarpedTongs","StoneCalendar","hubris:CrystalStatue","Regal Pillow","Question Card","Replay:Grab Bag","vexMod:EndlessSickness","vexMod:CursedCompass","potionbrewer:BhaskarasWheel","SlaversCollar","StuffTheSpire:NeowsTribute","relicPack:DSword","Anchor"],"acts_visited":["Exordium","TheCity","TheBeyond"],"potions_floor_usage":[],"damage_taken":[{"damage":0.0,"enemies":"infinitespire:Voidling","floor":1.0,"turns":3.0},{"damage":6.0,"enemies":"conspire:RoseBush","floor":2.0,"turns":2.0},{"damage":2.0,"enemies":"Small Slimes","floor":3.0,"turns":7.0},{"damage":19.0,"enemies":"Gremlin Gang","floor":4.0,"turns":4.0},{"damage":0.0,"enemies":"Looter","floor":5.0,"turns":2.0},{"damage":1.0,"enemies":"Lagavulin","floor":6.0,"turns":6.0},{"damage":0.0,"enemies":"Replay:BlueRogue","floor":8.0,"turns":5.0},{"damage":2,"enemies":"Lagavulin","floor":10,"turns":5},{"damage":6,"enemies":"conspire:2 RoseBushes","floor":12,"turns":4},{"damage":38,"enemies":"Replay:BlueRogue","floor":13,"turns":8},{"damage":0,"enemies":"Exordium Thugs","floor":14,"turns":4},{"damage":0,"enemies":"Hexaghost","floor":16,"turns":6},{"damage":5,"enemies":"conspire:FuzzyDice","floor":18,"turns":6},{"damage":13,"enemies":"Shell Parasite","floor":21,"turns":2},{"damage":5,"enemies":"Slavers","floor":24,"turns":5},{"damage":0,"enemies":"Gremlin Leader","floor":28,"turns":4},{"damage":0,"enemies":"Nightmare","floor":30,"turns":2},{"damage":0,"enemies":"Shelled Parasite and Fungi","floor":31,"turns":2},{"damage":30,"enemies":"hubris:MusketHawk","floor":33,"turns":5},{"damage":0,"enemies":"3 Shapes","floor":35,"turns":1},{"damage":0,"enemies":"Orb Walker","floor":37,"turns":1},{"damage":0,"enemies":"Jaw Worm Horde","floor":42,"turns":2},{"damage":99,"enemies":"Nightmare","floor":44,"turns":4}],"seed_played":"-8542205686636359280","potions_obtained":[],"is_trial":false,"path_per_floor":["M","M","M","M","M","E","$","E","T","E","AVR","M","E","M","R","B",null,"M","?","?","M","?","R","E","R","T","?","E","$","NM","M","R","B",null,"M","?","M","AVR","?","R","?","M","T","NM"],"character_chosen":"WATCHER","items_purchased":["potionbrewer:SalesContract","Garlic","Melange","Pen Nib","hubris:CrystalStatue","Wireheading","Regal Pillow"],"campfire_rested":3,"item_purchase_floors":[0,0,0,7,29,29,29],"current_hp_per_floor":[61,55,53,34,34,33,33,33,33,31,31,40,17,32,32,47,63,68,68,68,55,36,57,67,67,67,67,73,73,73,73,73,54,68,68,68,73,73,38,73,73,73,73,0,0],"gold":1271,"neow_bonus":"","is_daily":false,"chose_seed":false,"campfire_upgraded":1,"win_rate":0.0,"timestamp":1608469947,"path_taken":["M","M","M","M","M","E","$","E","T","E","AVR","?","E","M","R","BOSS","M","?","?","M","?","R","E","R","T","?","E","$","NM","M","R","BOSS","M","?","M","AVR","?","R","?","M","T","NM"],"items_purchased_type":["Relic","Relic","Relic","Relic","Relic","Card","Relic"],"build_version":"2020-12-13","purchased_purges":0,"victory":false,"max_hp_per_floor":[68,68,68,68,68,68,68,68,68,68,68,68,68,68,68,68,68,68,68,68,68,73,73,73,73,73,73,73,73,73,73,73,73,73,73,73,73,73,73,73,73,73,73,73,73],"card_choices":[{"not_picked":["Replay:DivineShield","Vengeance"],"picked":"Tantrum","floor":1.0},{"not_picked":["ThirdEye","BattleHymn"],"picked":"Weave","floor":2.0},{"not_picked":["Replay:AtTheReady","Pray"],"picked":"Adaptation","floor":3.0},{"not_picked":["ClearTheMind","CrushJoints","Consecrate"],"picked":"SKIP","floor":4.0},{"not_picked":["WheelKick","EmptyMind"],"picked":"Halt","floor":5.0},{"not_picked":["Replay:Battleflow","ThirdEye"],"picked":"Indignation","floor":6.0},{"not_picked":["Prostrate","FlyingSleeves"],"picked":"TalkToTheHand","floor":8.0},{"not_picked":["JustLucky","ThirdEye"],"picked":"Nirvana","floor":10},{"not_picked":["ConjureBlade","Replay:BluntJabs"],"picked":"ThirdEye","floor":12},{"not_picked":["Replay:AtTheReady","FearNoEvil"],"picked":"Replay:ManipulateFuture","floor":13},{"not_picked":["Swivel","SashWhip"],"picked":"JustLucky","floor":14},{"not_picked":["FlyingSleeves","Consecrate","Crescendo"],"picked":"SKIP","floor":18},{"not_picked":["Crescendo","SashWhip+1"],"picked":"Scrawl","floor":21},{"not_picked":["SashWhip+1","Crescendo","CrushJoints"],"picked":"SKIP","floor":24},{"not_picked":["LikeWater","Prostrate","BattleHymn"],"picked":"SKIP","floor":28},{"not_picked":["Prostrate","Replay:BluntJabs","Replay:Vibes+1"],"picked":"SKIP","floor":30},{"not_picked":["Prostrate","Replay:BluntJabs","Replay:Vibes+1"],"picked":"SKIP","floor":30},{"not_picked":["Consecrate+1","Collect","FlyingSleeves"],"picked":"Nirvana","floor":31},{"not_picked":["MasterReality","LessonLearned","Brilliance"],"picked":"DeusExMachina","floor":33},{"not_picked":["BowlingBash","MentalFortress+1","ThirdEye","Evaluate"],"picked":"SKIP","floor":35},{"not_picked":["SignatureMove","WreathOfFlame","Evaluate"],"picked":"WheelKick","floor":37},{"not_picked":["BowlingBash","Replay:ManipulateFuture+1","SpiritShield"],"picked":"WheelKick+1","floor":42}],"player_experience":3731666,"relics_obtained":[{"floor":6.0,"key":"infinitespire:Lucky Rock"},{"floor":8.0,"key":"StuffTheSpire:Mouthbags"},{"floor":10,"key":"potionbrewer:ToyAutogyro"},{"floor":13,"key":"Juzu Bracelet"},{"floor":18,"key":"wanderingMiniBosses:MasterThiefsPresence"},{"floor":24,"key":"Toy Ornithopter"},{"floor":26,"key":"StuffTheSpire:Wildfire"},{"floor":28,"key":"StoneCalendar"},{"floor":30,"key":"Question Card"},{"floor":43,"key":"Anchor"}],"event_choices":[{"damage_healed":0,"gold_gain":100,"player_choice":"Bet on Murderer","damage_taken":0,"max_hp_gain":0,"max_hp_loss":0,"event_name":"The Joust","floor":19,"gold_loss":50},{"damage_healed":0,"gold_gain":275,"player_choice":"Desecrate","damage_taken":0,"max_hp_gain":0,"max_hp_loss":0,"event_name":"Golden Shrine","floor":20,"gold_loss":0,"cards_obtained":["Regret"]},{"damage_healed":0,"gold_gain":0,"player_choice":"Shed Blood","damage_taken":24,"max_hp_gain":5,"max_hp_loss":0,"event_name":"Forgotten Altar","floor":22,"gold_loss":0},{"damage_healed":0,"gold_gain":0,"player_choice":"Rummage","damage_taken":0,"relics_obtained":["WarpedTongs"],"max_hp_gain":0,"max_hp_loss":0,"event_name":"Accursed Blacksmith","floor":27,"gold_loss":0,"cards_obtained":["Pain"]},{"damage_healed":0,"gold_gain":0,"player_choice":"Bought 1 Potion","damage_taken":0,"max_hp_gain":0,"max_hp_loss":0,"event_name":"The Woman in Blue","floor":41,"gold_loss":0}],"is_beta":false,"boss_relics":[{"not_picked":["StuffTheSpire:RunicConfusion","vexMod:FluxCapacitor"],"picked":"Fusion Hammer"},{"not_picked":["hubris:ScarierMask","Black Star"],"picked":"Replay:Grab Bag"},{"not_picked":["Velvet Choker","beaked:MawFillet"],"picked":"vexMod:EndlessSickness"},{"not_picked":["conspire:RoyalGoblet","Abe\u0027s Treasure"],"picked":"vexMod:CursedCompass"},{"not_picked":["Snecko Heart","hubris:Backtick"],"picked":"potionbrewer:BhaskarasWheel"},{"not_picked":["conspire:SpecialSausage","vexMod:MysteryBossChallenge"],"picked":"SlaversCollar"}],"items_purged_floors":[],"is_endless":false,"potions_floor_spawned":[1,2,6,12,13,14,21,28],"killed_by":"Nightmare","ascension_level":18}}