{"host":"c95txy58ipbu969e","time":1608474999,"event":{"mods":["ATMod(°¢èªMod)","Act Like it!","BaseMod","Minty Spire (QoL Compilation)","StSLib"],"gold_per_floor":[116,134,149,160,160,160,180,180,180],"floor_reached":8,"playtime":315,"items_purged":[],"score":100,"play_id":"75eba9a8-57a6-4f4e-a160-b867870b55d0","local_time":"20201220223639","is_ascension_mode":true,"campfire_choices":[{"data":"Eruption","floor":6,"key":"SMITH"}],"circlet_count":0,"master_deck":["AscendersBane","Strike_P","Strike_P","Strike_P","Strike_P","Defend_P","Defend_P","Defend_P","Defend_P","Eruption+1","Vigilance","AT_ShrugMaster","SandsOfTime","AT_ChampionStep","CutThroughFate"],"relics":["AT_ATBox","Black Star","Golden Idol"],"acts_visited":["Exordium"],"potions_floor_usage":[],"damage_taken":[{"damage":9,"enemies":"2 Louse","floor":1,"turns":3},{"damage":7,"enemies":"Jaw Worm","floor":2,"turns":4},{"damage":2,"enemies":"Small Slimes","floor":3,"turns":5},{"damage":8,"enemies":"Exordium Wildlife","floor":4,"turns":4},{"damage":23,"enemies":"3 Louse","floor":7,"turns":4},{"damage":2,"enemies":"3 Sentries","floor":8,"turns":2}],"seed_played":"-8124989643769267479","potions_obtained":[{"floor":1,"key":"Energy Potion"},{"floor":3,"key":"StancePotion"}],"is_trial":false,"path_per_floor":["M","M","M","M","?","R","M","E"],"character_chosen":"WATCHER","items_purchased":[],"campfire_rested":0,"item_purchase_floors":[],"current_hp_per_floor":[52,45,43,35,35,35,12,10,10],"gold":180,"neow_bonus":"BOSS_RELIC","is_daily":false,"chose_seed":false,"campfire_upgraded":1,"win_rate":0.0,"timestamp":1608474999,"path_taken":["M","M","M","M","?","R","M","E"],"items_purchased_type":[],"build_version":"2020-12-13","purchased_purges":0,"victory":false,"max_hp_per_floor":[68,68,68,68,62,62,62,62,62],"card_choices":[{"not_picked":["Nirvana","PathToVictory"],"picked":"SandsOfTime","floor":1},{"not_picked":["Evaluate","MentalFortress","DeceiveReality"],"picked":"SKIP","floor":2},{"not_picked":["ClearTheMind","ThirdEye"],"picked":"AT_ChampionStep","floor":3},{"not_picked":["WaveOfTheHand","Protect"],"picked":"CutThroughFate","floor":4},{"not_picked":["Pray","EmptyBody","Crescendo"],"picked":"SKIP","floor":7}],"player_experience":250627,"relics_obtained":[],"event_choices":[{"damage_healed":0,"gold_gain":0,"player_choice":"Lose Max HP","damage_taken":0,"relics_obtained":["Golden Idol"],"max_hp_gain":0,"max_hp_loss":6,"event_name":"Golden Idol","floor":5,"gold_loss":0}],"is_beta":false,"boss_relics":[],"items_purged_floors":[],"is_endless":false,"potions_floor_spawned":[1,3],"killed_by":"3 Sentries","ascension_level":20}}