{"host":"fq1bpa5mgr3rtgnr","time":1608504885,"event":{"mods":["AchievementEnabler","BaseMod","Colored Map","Colored Powertips","Highlight Path","Minty Spire (QoL Compilation)","Relic Stats","StSLib"],"gold_per_floor":[113,113,113,134,149,183,207,222,246,294,310,23,46,11,11,140,140,126,142,142,162,11,11,11,11,80,80,105,128,168,168,168,168,168],"floor_reached":33,"playtime":1699,"items_purged":[],"score":417,"play_id":"20ccb070-ab56-45b1-9d4b-d664e680dd6e","local_time":"20201220175445","is_ascension_mode":true,"campfire_choices":[{"data":"Neutralize","floor":15.0,"key":"SMITH"},{"data":"Adrenaline","floor":23.0,"key":"SMITH"},{"data":"Footwork","floor":25.0,"key":"SMITH"},{"data":"Catalyst","floor":32.0,"key":"SMITH"}],"circlet_count":0,"master_deck":["AscendersBane","Strike_G","Strike_G","Strike_G","Strike_G+1","Defend_G","Defend_G+1","Defend_G","Defend_G","Defend_G","Survivor","Neutralize+1","Deadly Poison","Blur","Acrobatics","Footwork+1","Well Laid Plans","Skewer+1","Adrenaline+1","Catalyst+1","PiercingWail+1","Deadly Poison+1","Writhe","PiercingWail","Venomology","Unload"],"relics":["Ring of the Snake","TungstenRod","Golden Idol","Paper Crane","Centennial Puzzle","Akabeko","Mummified Hand","Coffee Dripper","Blood Vial","Pen Nib","Question Card","Vajra","Ice Cream"],"acts_visited":["Exordium","TheCity"],"potions_floor_usage":[33],"damage_taken":[{"damage":9.0,"enemies":"Cultist","floor":1.0,"turns":5.0},{"damage":6.0,"enemies":"Small Slimes","floor":4.0,"turns":4.0},{"damage":0.0,"enemies":"Jaw Worm","floor":5.0,"turns":4.0},{"damage":13.0,"enemies":"3 Sentries","floor":6.0,"turns":14.0},{"damage":0.0,"enemies":"Red Slaver","floor":7.0,"turns":6.0},{"damage":0.0,"enemies":"Looter","floor":8.0,"turns":3.0},{"damage":1.0,"enemies":"Exordium Wildlife","floor":11.0,"turns":4.0},{"damage":4.0,"enemies":"Exordium Thugs","floor":13.0,"turns":3.0},{"damage":7.0,"enemies":"Slime Boss","floor":16.0,"turns":14.0},{"damage":2.0,"enemies":"2 Thieves","floor":18.0,"turns":4.0},{"damage":8.0,"enemies":"3 Byrds","floor":19.0,"turns":5.0},{"damage":4.0,"enemies":"Snecko","floor":21.0,"turns":4.0},{"damage":26.0,"enemies":"3 Cultists","floor":28.0,"turns":6.0},{"damage":3.0,"enemies":"Shelled Parasite and Fungi","floor":29.0,"turns":5.0},{"damage":6.0,"enemies":"Book of Stabbing","floor":30.0,"turns":6.0},{"damage":0,"enemies":"Collector","floor":33,"turns":5}],"seed_played":"-1709813844633468019","potions_obtained":[{"floor":5.0,"key":"DuplicationPotion"},{"floor":6.0,"key":"Swift Potion"},{"floor":7.0,"key":"PowerPotion"},{"floor":19.0,"key":"Energy Potion"},{"floor":21.0,"key":"EssenceOfSteel"},{"floor":30.0,"key":"BlessingOfTheForge"}],"is_trial":false,"path_per_floor":["M","?","?","M","M","E","M","M","T","T","M","$","M","?","R","B",null,"M","M","?","M","$","R","?","R","T","?","M","M","E","T","R","B"],"character_chosen":"THE_SILENT","items_purchased":["Mummified Hand","Skewer","Blood Vial"],"campfire_rested":0,"item_purchase_floors":[12,12,22],"current_hp_per_floor":[54,42,28,22,22,9,9,9,9,9,8,8,4,19,19,12,50,48,40,40,36,36,36,36,36,36,36,12,11,7,7,7,9,9],"gold":168,"neow_bonus":"ONE_RARE_RELIC","is_daily":false,"chose_seed":false,"campfire_upgraded":4,"win_rate":0.0,"timestamp":1608504885,"path_taken":["M","?","?","M","M","E","M","M","T","?","M","$","?","?","R","BOSS","M","M","?","?","?","R","?","R","T","?","?","M","E","?","R","BOSS"],"items_purchased_type":["Relic","Card","Relic"],"build_version":"2020-12-13","purchased_purges":0,"victory":false,"max_hp_per_floor":[63,63,63,63,63,63,63,63,63,63,63,63,63,63,63,63,63,63,63,63,63,63,63,63,63,63,63,63,63,63,63,63,63,63],"relic_stats":{"Blood Vial":8,"Centennial Puzzle":[27],"counters":[16,92],"Golden Idol":84,"Mummified Hand":[21],"Pen Nib":[2],"Question Card":3,"obtain_stats":[{"Ice Cream":31,"Golden Idol":3,"Vajra":30,"Pen Nib":24,"Paper Crane":6,"Question Card":26,"Akabeko":10,"Blood Vial":22,"Centennial Puzzle":9,"Mummified Hand":12,"Coffee Dripper":17,"TungstenRod":0,"Ring of the Snake":0},{"Ice Cream":15,"Golden Idol":1,"Vajra":15,"Pen Nib":12,"Paper Crane":4,"Question Card":12,"Akabeko":6,"Blood Vial":12,"Centennial Puzzle":6,"Mummified Hand":7,"Coffee Dripper":9,"TungstenRod":0,"Ring of the Snake":0},{"Ice Cream":87,"Golden Idol":5,"Vajra":87,"Pen Nib":70,"Paper Crane":27,"Question Card":70,"Akabeko":36,"Blood Vial":70,"Centennial Puzzle":36,"Mummified Hand":40,"Coffee Dripper":57,"TungstenRod":0,"Ring of the Snake":0}],"TungstenRod":32,"Ring of the Snake":[32]},"card_choices":[{"not_picked":["Flying Knee","Blade Dance"],"picked":"Deadly Poison","floor":1.0},{"not_picked":["Distraction","Concentrate"],"picked":"Blur","floor":4.0},{"not_picked":["Predator","Quick Slash","Outmaneuver"],"picked":"SKIP","floor":5.0},{"not_picked":["Wraith Form v2","Blade Dance"],"picked":"Acrobatics","floor":6.0},{"not_picked":["Choke","Flying Knee"],"picked":"Footwork","floor":7.0},{"not_picked":["Slice","Prepared"],"picked":"Well Laid Plans","floor":8.0},{"not_picked":["Underhanded Strike","Heel Hook","Deflect"],"picked":"SKIP","floor":11.0},{"not_picked":["Eviscerate","Blade Dance","Flying Knee"],"picked":"SKIP","floor":13.0},{"not_picked":["Eviscerate","Blade Dance","Flying Knee"],"picked":"SKIP","floor":13.0},{"not_picked":["Eviscerate","Blade Dance","Flying Knee"],"picked":"SKIP","floor":13.0},{"not_picked":["Grand Finale","Die Die Die"],"picked":"Adrenaline","floor":16.0},{"not_picked":["Poisoned Stab","Quick Slash+1"],"picked":"Catalyst","floor":18.0},{"not_picked":["Quick Slash+1","Slice"],"picked":"PiercingWail+1","floor":19.0},{"not_picked":["Deflect","Slice"],"picked":"Deadly Poison+1","floor":21.0},{"not_picked":["Blade Dance","Slice","Underhanded Strike"],"picked":"PiercingWail","floor":28.0},{"not_picked":["Heel Hook","Backflip","Dagger Spray+1"],"picked":"Venomology","floor":29.0},{"not_picked":["Dodge and Roll","Adrenaline","Sucker Punch"],"picked":"Unload","floor":30.0}],"player_experience":378661,"relics_obtained":[{"floor":6.0,"key":"Paper Crane"},{"floor":9.0,"key":"Centennial Puzzle"},{"floor":10.0,"key":"Akabeko"},{"floor":26.0,"key":"Question Card"},{"floor":30.0,"key":"Vajra"},{"floor":31.0,"key":"Ice Cream"}],"event_choices":[{"damage_healed":0.0,"max_hp_gain":0.0,"max_hp_loss":0.0,"gold_gain":0.0,"event_name":"Shining Light","player_choice":"Entered Light","floor":2.0,"gold_loss":0.0,"damage_taken":13.0,"cards_upgraded":["Defend_G","Strike_G"]},{"damage_healed":0.0,"max_hp_gain":0.0,"max_hp_loss":0.0,"gold_gain":0.0,"event_name":"Golden Idol","player_choice":"Take Damage","floor":3.0,"gold_loss":0.0,"damage_taken":15.0,"relics_obtained":["Golden Idol"]},{"damage_healed":15.0,"max_hp_gain":0.0,"max_hp_loss":0.0,"gold_gain":0.0,"event_name":"The Cleric","player_choice":"Healed","floor":14.0,"gold_loss":35.0,"damage_taken":0.0},{"cards_removed":["Strike_G"],"damage_healed":0.0,"max_hp_gain":0.0,"max_hp_loss":0.0,"gold_gain":0.0,"event_name":"Purifier","player_choice":"Purged","floor":20.0,"gold_loss":0.0,"damage_taken":0.0},{"damage_healed":0.0,"max_hp_gain":0.0,"max_hp_loss":0.0,"gold_gain":0.0,"event_name":"The Mausoleum","player_choice":"Opened","floor":24.0,"gold_loss":0.0,"damage_taken":0.0,"relics_obtained":["Pen Nib"],"cards_obtained":["Writhe"]},{"damage_healed":0.0,"max_hp_gain":0.0,"max_hp_loss":0.0,"gold_gain":0.0,"event_name":"Upgrade Shrine","player_choice":"Upgraded","floor":27.0,"gold_loss":0.0,"damage_taken":0.0,"cards_upgraded":["Skewer"]}],"is_beta":false,"boss_relics":[{"not_picked":["Busted Crown","WristBlade"],"picked":"Coffee Dripper"}],"items_purged_floors":[],"is_endless":false,"potions_floor_spawned":[5,6,7,19,21,30],"killed_by":"Collector","ascension_level":11}}