{"host":"bxn2em57qlx5u4i0","time":1608487022,"event":{"mods":["BaseMod","Colored Map","Colored Powertips","Highlight Path","Minty Spire (QoL Compilation)","Random Character Button","Relic Sorter","Relic Stats","StSLib","SuperFastMode"],"gold_per_floor":[115,127,52,127,127,127,138,171,171,171,200,265,265,297,297,376,376,386,4,4,14,14,43,43,75,75,75,95,168,168,178,178,256,256,267,267,142,0,0,35,104,121,121,121,132,144,177,194,194,194,194,194],"floor_reached":51,"playtime":1744,"items_purged":["Strike_G","Strike_G","Writhe"],"score":1573,"play_id":"0e252dc8-7678-40a9-881b-30e35a3bf595","local_time":"20201220125702","is_ascension_mode":true,"campfire_choices":[{"data":"Survivor","floor":6.0,"key":"SMITH"},{"data":"Terror","floor":10.0,"key":"SMITH"},{"data":"Terror","floor":13.0,"key":"SMITH"},{"data":"Blade Dance","floor":15.0,"key":"SMITH"},{"data":"Apotheosis","floor":24.0,"key":"SMITH"},{"floor":30.0,"key":"REST"},{"data":"Wraith Form v2","floor":32.0,"key":"SMITH"},{"data":"Wraith Form v2","floor":44.0,"key":"SMITH"},{"floor":49.0,"key":"RECALL"}],"circlet_count":0,"master_deck":["AscendersBane","Strike_G","Defend_G+1","Defend_G","Defend_G","Defend_G","Defend_G+1","Survivor+1","Neutralize+1","Infinite Blades","Terror+1","Blade Dance+1","Terror+1","Wraith Form v2+1","Cloak And Dagger","Apotheosis+1","Backstab","Parasite","Burst","Adrenaline","Wraith Form v2+1","Shame","Infinite Blades","Normality","Crippling Poison+1","Blade Dance"],"relics":["Ring of the Snake","Dead Branch","Eternal Feather","Odd Mushroom","Tiny Chest","HornCleat","Cursed Key","MutagenicStrength","Pen Nib","Strawberry","Darkstone Periapt","WristBlade","Red Mask","Centennial Puzzle","Ninja Scroll","Du-Vu Doll","Juzu Bracelet"],"acts_visited":["Exordium","TheCity","TheBeyond"],"potions_floor_usage":[51],"damage_taken":[{"damage":3.0,"enemies":"Cultist","floor":1.0,"turns":6.0},{"damage":1.0,"enemies":"2 Louse","floor":2.0,"turns":3.0},{"damage":4.0,"enemies":"Small Slimes","floor":7.0,"turns":5.0},{"damage":16.0,"enemies":"Gremlin Nob","floor":8.0,"turns":4.0},{"damage":5.0,"enemies":"The Mushroom Lair","floor":11.0,"turns":2.0},{"damage":0.0,"enemies":"Gremlin Nob","floor":12.0,"turns":1.0},{"damage":6.0,"enemies":"3 Sentries","floor":14.0,"turns":5.0},{"damage":14.0,"enemies":"Slime Boss","floor":16.0,"turns":8.0},{"damage":0.0,"enemies":"Shell Parasite","floor":18.0,"turns":3.0},{"damage":10.0,"enemies":"Spheric Guardian","floor":21.0,"turns":4.0},{"damage":16.0,"enemies":"Gremlin Leader","floor":23.0,"turns":5.0},{"damage":3.0,"enemies":"Book of Stabbing","floor":25.0,"turns":5.0},{"damage":0.0,"enemies":"Centurion and Healer","floor":28.0,"turns":5.0},{"damage":0.0,"enemies":"Chosen and Byrds","floor":31.0,"turns":3.0},{"damage":7.0,"enemies":"Champ","floor":33.0,"turns":10.0},{"damage":2.0,"enemies":"3 Darklings","floor":35.0,"turns":3.0},{"damage":0.0,"enemies":"Giant Head","floor":40.0,"turns":1.0},{"damage":0.0,"enemies":"3 Shapes","floor":42.0,"turns":2.0},{"damage":0.0,"enemies":"Transient","floor":45.0,"turns":6.0},{"damage":0.0,"enemies":"Maw","floor":46.0,"turns":6.0},{"damage":0.0,"enemies":"Reptomancer","floor":47.0,"turns":3.0},{"damage":0.0,"enemies":"Sphere and 2 Shapes","floor":48.0,"turns":3.0},{"damage":27.0,"enemies":"Awakened One","floor":50.0,"turns":7.0},{"damage":54,"enemies":"Time Eater","floor":51,"turns":12}],"seed_played":"-2747925259855954951","potions_obtained":[{"floor":1.0,"key":"CunningPotion"},{"floor":8.0,"key":"GhostInAJar"},{"floor":12.0,"key":"Strength Potion"},{"floor":14.0,"key":"BlessingOfTheForge"},{"floor":33.0,"key":"DistilledChaos"}],"is_trial":false,"path_per_floor":["M","M","$","?","?","R","M","E","T","R","?","?","R","E","R","B",null,"M","$","?","M","?","E","R","E","T","?","M","T","R","M","R","B",null,"M","?","$","?","?","E","T","M","T","R","M","M","E","M","R","B","B"],"character_chosen":"THE_SILENT","items_purchased":["Apotheosis","Backstab","Strength Potion"],"campfire_rested":1,"item_purchase_floors":[19,19,19],"current_hp_per_floor":[56,55,55,44,24,24,20,4,4,10,5,5,14,8,17,3,50,50,50,50,40,40,24,33,37,37,16,16,16,51,51,63,56,73,71,71,71,71,71,71,77,77,83,90,90,90,90,90,90,63,9,9],"gold":194,"neow_bonus":"UPGRADE_CARD","is_daily":false,"chose_seed":false,"campfire_upgraded":7,"win_rate":0.0,"timestamp":1608487022,"path_taken":["M","M","?","?","?","R","M","E","T","R","?","?","R","E","R","BOSS","M","$","?","M","?","E","R","E","T","?","M","?","R","M","R","BOSS","M","?","$","?","?","E","?","M","T","R","?","M","E","M","R","BOSS","BOSS"],"items_purchased_type":["Card","Card","Potion"],"build_version":"2020-12-13","purchased_purges":3,"victory":false,"max_hp_per_floor":[66,66,66,66,66,66,66,66,66,66,66,66,66,66,66,66,66,66,66,66,66,66,66,66,73,73,78,78,78,78,78,78,78,78,78,78,78,78,78,78,84,84,90,90,90,90,90,90,90,90,90,90],"relic_stats":{"Darkstone Periapt":12,"Centennial Puzzle":[6],"counters":[24,112],"Dead Branch":[325],"Eternal Feather":64,"Tiny Chest":2,"Pen Nib":[25],"Juzu Bracelet":0,"Cursed Key":4,"obtain_stats":[{"Darkstone Periapt":29,"Dead Branch":8,"Eternal Feather":9,"Pen Nib":23,"Juzu Bracelet":47,"Odd Mushroom":11,"Cursed Key":17,"Du-Vu Doll":43,"Centennial Puzzle":40,"HornCleat":14,"WristBlade":34,"Ninja Scroll":41,"MutagenicStrength":22,"Strawberry":25,"Tiny Chest":12,"Red Mask":38,"Ring of the Snake":0},{"Darkstone Periapt":13,"Dead Branch":4,"Eternal Feather":4,"Pen Nib":11,"Juzu Bracelet":21,"Odd Mushroom":5,"Cursed Key":8,"Du-Vu Doll":18,"Centennial Puzzle":17,"HornCleat":7,"WristBlade":15,"Ninja Scroll":17,"MutagenicStrength":10,"Strawberry":12,"Tiny Chest":6,"Red Mask":16,"Ring of the Snake":0},{"Darkstone Periapt":56,"Dead Branch":18,"Eternal Feather":18,"Pen Nib":46,"Juzu Bracelet":90,"Odd Mushroom":20,"Cursed Key":34,"Du-Vu Doll":75,"Centennial Puzzle":73,"HornCleat":26,"WristBlade":69,"Ninja Scroll":73,"MutagenicStrength":41,"Strawberry":51,"Tiny Chest":21,"Red Mask":72,"Ring of the Snake":0}],"Ring of the Snake":[48]},"card_choices":[{"not_picked":["Catalyst","Slice"],"picked":"Infinite Blades","floor":1.0},{"not_picked":["Prepared","Masterful Stab","Acrobatics"],"picked":"SKIP","floor":2.0},{"not_picked":["Catalyst","Slice"],"picked":"Terror","floor":7.0},{"not_picked":["Outmaneuver","Dagger Throw","Poisoned Stab"],"picked":"SKIP","floor":8.0},{"not_picked":["Flying Knee","Slice"],"picked":"Blade Dance","floor":11.0},{"not_picked":["Dagger Throw","Poisoned Stab"],"picked":"Terror","floor":12.0},{"not_picked":["Quick Slash","Deflect","Poisoned Stab"],"picked":"SKIP","floor":14.0},{"not_picked":["Doppelganger","Night Terror"],"picked":"Wraith Form v2","floor":16.0},{"not_picked":["Poisoned Stab","Dagger Spray"],"picked":"Cloak And Dagger","floor":18.0},{"not_picked":["Backflip","Escape Plan","Skewer"],"picked":"SKIP","floor":21.0},{"not_picked":["Backflip","Flying Knee","Choke"],"picked":"SKIP","floor":23.0},{"not_picked":["All Out Attack","Doppelganger","Deadly Poison"],"picked":"SKIP","floor":25.0},{"not_picked":["Dash","All Out Attack","Choke"],"picked":"SKIP","floor":28.0},{"not_picked":["Slice","Choke","Quick Slash"],"picked":"SKIP","floor":31.0},{"not_picked":["Glass Knife","Die Die Die"],"picked":"Burst","floor":33.0},{"not_picked":["Tactician+1","Prepared+1","Sucker Punch"],"picked":"SKIP","floor":35.0},{"not_picked":["Acrobatics","Blur"],"picked":"Wraith Form v2","floor":40.0},{"not_picked":["Slice","Prepared+1"],"picked":"Infinite Blades","floor":42.0},{"not_picked":["Dodge and Roll","Sucker Punch","Concentrate"],"picked":"SKIP","floor":45.0},{"not_picked":["Quick Slash","Riddle With Holes","Cloak And Dagger"],"picked":"SKIP","floor":46.0},{"not_picked":["Catalyst","PiercingWail"],"picked":"Crippling Poison+1","floor":47.0},{"not_picked":["Leg Sweep","Dagger Throw"],"picked":"Blade Dance","floor":48.0}],"player_experience":2828752,"relics_obtained":[{"floor":8.0,"key":"Dead Branch"},{"floor":9.0,"key":"Eternal Feather"},{"floor":11.0,"key":"Odd Mushroom"},{"floor":12.0,"key":"Tiny Chest"},{"floor":14.0,"key":"HornCleat"},{"floor":23.0,"key":"Pen Nib"},{"floor":25.0,"key":"Strawberry"},{"floor":29.0,"key":"Darkstone Periapt"},{"floor":40.0,"key":"Centennial Puzzle"},{"floor":41.0,"key":"Ninja Scroll"},{"floor":43.0,"key":"Du-Vu Doll"},{"floor":47.0,"key":"Juzu Bracelet"}],"event_choices":[{"damage_healed":0.0,"max_hp_gain":0.0,"max_hp_loss":0.0,"gold_gain":75.0,"event_name":"World of Goop","player_choice":"Gather Gold","floor":4.0,"gold_loss":0.0,"damage_taken":11.0},{"damage_healed":0.0,"max_hp_gain":0.0,"max_hp_loss":0.0,"gold_gain":0.0,"event_name":"Shining Light","player_choice":"Entered Light","floor":5.0,"gold_loss":0.0,"damage_taken":20.0,"cards_upgraded":["Defend_G","Defend_G"]},{"damage_healed":0.0,"max_hp_gain":0.0,"max_hp_loss":0.0,"gold_gain":0.0,"event_name":"Mushrooms","player_choice":"Fought Mushrooms","floor":11.0,"gold_loss":0.0,"damage_taken":0.0},{"damage_healed":0.0,"max_hp_gain":0.0,"max_hp_loss":0.0,"gold_gain":0.0,"event_name":"Dead Adventurer","player_choice":"Searched \u00272\u0027 times","floor":12.0,"gold_loss":0.0,"damage_taken":0.0},{"damage_healed":0.0,"max_hp_gain":0.0,"max_hp_loss":0.0,"gold_gain":0.0,"event_name":"Drug Dealer","player_choice":"Inject Mutagens","floor":22.0,"gold_loss":0.0,"damage_taken":0.0,"relics_obtained":["MutagenicStrength"]},{"damage_healed":0.0,"max_hp_gain":5.0,"max_hp_loss":0.0,"gold_gain":0.0,"event_name":"Forgotten Altar","player_choice":"Shed Blood","floor":27.0,"gold_loss":0.0,"damage_taken":26.0},{"cards_removed":["Strike_G"],"damage_healed":0.0,"max_hp_gain":0.0,"max_hp_loss":0.0,"gold_gain":0.0,"event_name":"Falling","player_choice":"Removed Attack","floor":36.0,"gold_loss":0.0,"damage_taken":0.0},{"damage_healed":0.0,"max_hp_gain":0.0,"max_hp_loss":0.0,"gold_gain":0.0,"event_name":"Tomb of Lord Red Mask","player_choice":"Paid","floor":38.0,"gold_loss":142.0,"damage_taken":0.0,"relics_obtained":["Red Mask"]},{"damage_healed":0.0,"max_hp_gain":0.0,"max_hp_loss":0.0,"gold_gain":0.0,"cards_transformed":["Strike_G"],"event_name":"Transmorgrifier","player_choice":"Transformed","floor":39.0,"gold_loss":0.0,"damage_taken":0.0,"cards_obtained":["Adrenaline"]}],"is_beta":false,"boss_relics":[{"not_picked":["HoveringKite","Ectoplasm"],"picked":"Cursed Key"},{"not_picked":["Astrolabe","Tiny House"],"picked":"WristBlade"}],"items_purged_floors":[3,19,37],"is_endless":false,"potions_floor_spawned":[1,8,12,14,25,31,33,35,42,47],"killed_by":"Time Eater","ascension_level":20}}