{"host":"49c2zf0lajbcs427","time":1608440954,"event":{"mods":["AchievementEnabler","BaseMod","Colored Map","Colored Powertips","Highlight Path","Minty Spire (QoL Compilation)","Relic Stats","StSLib"],"gold_per_floor":[109,123,123,123,137,48,48,86,86,106,106,106,106,127,127,127,127],"floor_reached":16,"playtime":717,"items_purged":[],"score":190,"play_id":"a5bbf05c-fe67-43c9-9e0c-b2e5ee9078da","local_time":"20201220180914","is_ascension_mode":true,"campfire_choices":[{"data":"TalkToTheHand","floor":11.0,"key":"SMITH"},{"data":"Eruption","floor":13.0,"key":"SMITH"},{"data":"Consecrate","floor":15.0,"key":"SMITH"}],"circlet_count":0,"master_deck":["AscendersBane","Strike_P","Strike_P","Strike_P","Strike_P","Defend_P","Defend_P","Defend_P+1","Defend_P+1","Eruption+1","Vigilance","Consecrate+1","TalkToTheHand+1","FollowUp","TalkToTheHand+1","DeusExMachina","LikeWater","FlurryOfBlows"],"relics":["Coffee Dripper","Golden Idol","The Courier","Meat on the Bone"],"acts_visited":["Exordium"],"potions_floor_usage":[],"damage_taken":[{"damage":2.0,"enemies":"Small Slimes","floor":1.0,"turns":3.0},{"damage":2.0,"enemies":"Jaw Worm","floor":2.0,"turns":5.0},{"damage":1.0,"enemies":"2 Louse","floor":5.0,"turns":3.0},{"damage":29.0,"enemies":"3 Sentries","floor":8.0,"turns":12.0},{"damage":0.0,"enemies":"Large Slime","floor":10.0,"turns":4.0},{"damage":0.0,"enemies":"Looter","floor":14.0,"turns":3.0},{"damage":32,"enemies":"Slime Boss","floor":16,"turns":10}],"seed_played":"-4760629654869354617","potions_obtained":[{"floor":1.0,"key":"SteroidPotion"},{"floor":8.0,"key":"ColorlessPotion"}],"is_trial":false,"path_per_floor":["M","M","?","?","M","$","?","E","T","M","R","?","R","M","R","B"],"character_chosen":"WATCHER","items_purchased":["TalkToTheHand"],"campfire_rested":0,"item_purchase_floors":[6],"current_hp_per_floor":[59,57,37,37,36,36,36,7,7,19,19,19,19,31,31,0,0],"gold":127,"neow_bonus":"BOSS_RELIC","is_daily":false,"chose_seed":false,"campfire_upgraded":3,"win_rate":0.0,"timestamp":1608440954,"path_taken":["M","M","?","?","M","?","?","E","T","M","R","?","R","M","R","BOSS"],"items_purchased_type":["Card"],"build_version":"2020-12-13","purchased_purges":0,"victory":false,"max_hp_per_floor":[68,68,68,68,68,68,62,62,62,62,62,62,62,62,62,62,62],"relic_stats":{"counters":[7,40],"Golden Idol":16,"obtain_stats":[{"Golden Idol":7,"The Courier":8,"Coffee Dripper":0,"PureWater":0,"Meat on the Bone":9},{"Golden Idol":3,"The Courier":4,"Coffee Dripper":0,"PureWater":0,"Meat on the Bone":4},{"Golden Idol":11,"The Courier":23,"Coffee Dripper":0,"PureWater":0,"Meat on the Bone":23}],"Meat on the Bone":24},"card_choices":[{"not_picked":["Sanctity","PathToVictory"],"picked":"Consecrate","floor":1.0},{"not_picked":["ThirdEye","FlurryOfBlows"],"picked":"TalkToTheHand","floor":2.0},{"not_picked":["Evaluate","BowlingBash"],"picked":"FollowUp","floor":5.0},{"not_picked":["SashWhip","Swivel"],"picked":"DeusExMachina","floor":8.0},{"not_picked":["Vengeance","PathToVictory"],"picked":"LikeWater","floor":10.0},{"not_picked":["EmptyMind","Conclude"],"picked":"FlurryOfBlows","floor":14.0}],"player_experience":2130085,"relics_obtained":[{"floor":8.0,"key":"The Courier"},{"floor":9.0,"key":"Meat on the Bone"}],"event_choices":[{"damage_healed":0.0,"max_hp_gain":0.0,"max_hp_loss":0.0,"gold_gain":0.0,"event_name":"Shining Light","player_choice":"Entered Light","floor":3.0,"gold_loss":0.0,"damage_taken":20.0,"cards_upgraded":["Defend_P","Defend_P"]},{"damage_healed":0.0,"max_hp_gain":0.0,"max_hp_loss":0.0,"gold_gain":0.0,"event_name":"Golden Wing","player_choice":"Ignored","floor":4.0,"gold_loss":0.0,"damage_taken":0.0},{"damage_healed":0.0,"max_hp_gain":0.0,"max_hp_loss":6.0,"gold_gain":0.0,"event_name":"Golden Idol","player_choice":"Lose Max HP","floor":7.0,"gold_loss":0.0,"damage_taken":0.0,"relics_obtained":["Golden Idol"]},{"damage_healed":0.0,"max_hp_gain":0.0,"max_hp_loss":0.0,"gold_gain":0.0,"event_name":"Living Wall","player_choice":"Grow","floor":12.0,"gold_loss":0.0,"damage_taken":0.0,"cards_upgraded":["TalkToTheHand"]}],"is_beta":false,"boss_relics":[],"items_purged_floors":[],"is_endless":false,"potions_floor_spawned":[1,8],"killed_by":"Slime Boss","ascension_level":18}}