{"host":"Aysed","time":1608466432,"event":{"mods":["AchievementEnabler","BaseMod","Colored Powertips","Downfall","Faster Ascension Climbing","Minty Spire (QoL Compilation)","Quick Restart","StSLib","SuperFastMode"],"gold_per_floor":[118,70,20,20,20,60,84,100,100,123,0,0,41,64,64,64,64],"floor_reached":16,"playtime":346,"items_purged":["Strike_B"],"score":135,"play_id":"2ecca63d-d1c3-4b8b-99f4-b023568109d7","local_time":"20201220131352","is_ascension_mode":false,"campfire_choices":[{"data":"Gash","floor":15,"key":"SMITH"}],"circlet_count":0,"master_deck":["Strike_B","Strike_B","Defend_B","Defend_B","Defend_B","Defend_B","Zap","Dualcast","Gash+1","Gash","Gash+1"],"relics":["Cracked Core","NeowsBlessing","Golden Idol","Molten Egg 2","HornCleat","Vajra"],"acts_visited":["Exordium"],"potions_floor_usage":[],"damage_taken":[{"damage":0,"enemies":"Cultist","floor":1,"turns":1},{"damage":0,"enemies":"Gremlin Nob","floor":6,"turns":1},{"damage":0,"enemies":"Jaw Worm","floor":7,"turns":1},{"damage":6,"enemies":"2 Louse","floor":8,"turns":3},{"damage":0,"enemies":"2 Fungi Beasts","floor":10,"turns":3},{"damage":22,"enemies":"3 Sentries","floor":13,"turns":6},{"damage":12,"enemies":"Exordium Thugs","floor":14,"turns":4},{"damage":27,"enemies":"The Guardian","floor":16,"turns":7}],"seed_played":"4282851396763183214","potions_obtained":[{"floor":7,"key":"CultistPotion"},{"floor":10,"key":"SpeedPotion"},{"floor":14,"key":"SteroidPotion"}],"is_trial":false,"path_per_floor":["M","$","?","?","$","E","M","M","T","M","$","?","E","M","R","B"],"character_chosen":"DEFECT","items_purchased":["Gash","Gash+1"],"campfire_rested":0,"item_purchase_floors":[2,11],"current_hp_per_floor":[75,75,75,57,57,57,57,51,51,51,51,56,34,22,22,0,0],"gold":64,"neow_bonus":"THREE_ENEMY_KILL","is_daily":false,"chose_seed":false,"campfire_upgraded":1,"win_rate":0.0,"timestamp":1608466432,"path_taken":["M","?","?","?","?","E","M","?","T","M","$","?","E","M","R","BOSS"],"items_purchased_type":["Card","Card"],"build_version":"2020-12-18","purchased_purges":1,"victory":false,"max_hp_per_floor":[75,75,75,75,75,75,75,75,75,75,75,80,80,80,80,80,80],"card_choices":[{"not_picked":["Streamline","Lockon"],"picked":"Gash","floor":1},{"not_picked":["Double Energy","Auto Shields","Force Field"],"picked":"SKIP","floor":6},{"not_picked":["Static Discharge","Coolheaded","Cold Snap+1"],"picked":"SKIP","floor":7},{"not_picked":["Recycle","Streamline+1","Defragment"],"picked":"SKIP","floor":8},{"not_picked":["Compile Driver+1","Conserve Battery","Ball Lightning+1"],"picked":"SKIP","floor":10},{"not_picked":["Cold Snap+1","Tempest","Core Surge+1"],"picked":"SKIP","floor":13},{"not_picked":["Coolheaded","Rebound+1","Loop"],"picked":"SKIP","floor":14}],"player_experience":38110,"relics_obtained":[{"floor":6,"key":"Molten Egg 2"},{"floor":9,"key":"HornCleat"},{"floor":13,"key":"Vajra"}],"event_choices":[{"cards_removed":["Strike_B"],"damage_healed":0,"gold_gain":0,"player_choice":"Card Removal","damage_taken":0,"max_hp_gain":0,"max_hp_loss":0,"event_name":"The Cleric","floor":3,"gold_loss":50},{"damage_healed":0,"gold_gain":0,"player_choice":"Take Damage","damage_taken":18,"relics_obtained":["Golden Idol"],"max_hp_gain":0,"max_hp_loss":0,"event_name":"Golden Idol","floor":4,"gold_loss":0},{"damage_healed":0,"gold_gain":0,"player_choice":"Donut","damage_taken":0,"max_hp_gain":5,"max_hp_loss":0,"event_name":"Big Fish","floor":12,"gold_loss":0}],"is_beta":true,"boss_relics":[],"items_purged_floors":[11],"is_endless":false,"potions_floor_spawned":[7,10,14],"killed_by":"The Guardian","ascension_level":0}}