{"host":"ki5kvxn974a96omm","time":1608507242,"event":{"mods":["BaseMod","Better Altar","Better Match","Better Note","Better Sensory Stone","Better Skull","Colored Map","Colored Powertips","Highlight Path","Minty Spire (QoL Compilation)","Random Character Button","Relic Sorter","StSLib"],"gold_per_floor":[211,211,37,47,65,65,65,93,116,116,132,12,41,55,55,127,127,140,18,18,30,45,45,74,74,74,84,84,103,103,134,134,209,209,223,238,254,271,0,0,30,30,53,63,77,77,102,102,102,102,102,102,24,57,57],"floor_reached":56,"playtime":5035,"items_purged":["Regret","Writhe"],"score":1985,"play_id":"ecb193dc-8143-40e0-92cd-e5a0a4cc8fa4","local_time":"20201220183402","is_ascension_mode":true,"campfire_choices":[{"data":"Dagger Spray","floor":6,"key":"SMITH"},{"data":"Noxious Fumes","floor":10,"key":"SMITH"},{"data":"Leg Sweep","floor":15,"key":"SMITH"},{"data":"Corpse Explosion","floor":23,"key":"SMITH"},{"floor":25,"key":"REST"},{"data":"Catalyst","floor":30,"key":"SMITH"},{"data":"Footwork","floor":32,"key":"SMITH"},{"data":"Well Laid Plans","floor":40,"key":"SMITH"},{"floor":42,"key":"REST"},{"floor":46,"key":"RECALL"},{"data":"Malaise","floor":49,"key":"SMITH"},{"data":"Panacea","floor":52,"key":"SMITH"}],"circlet_count":0,"master_deck":["AscendersBane","Strike_G","Strike_G","Strike_G","Strike_G","Defend_G","Defend_G","Defend_G","Defend_G","Defend_G","Survivor","Neutralize","Dagger Spray+1","Noxious Fumes+1","Bane","Sucker Punch","Noxious Fumes","PiercingWail","Leg Sweep+1","Corpse Explosion+1","Unload","Leg Sweep","Adrenaline","Dodge and Roll+1","Footwork+1","Backflip","Well Laid Plans+1","Malaise+1","Catalyst+1","Dark Shackles","Panacea+1","Prepared+1","Acrobatics+1","Adrenaline","Reflex+1","Deflect","Caltrops+1","Clumsy","PiercingWail","Dodge and Roll+1","Backflip","Concentrate"],"relics":["Ring of the Snake","Blood Vial","Prayer Wheel","Dream Catcher","MealTicket","Cursed Key","StoneCalendar","Potion Belt","Bottled Flame","Black Star","Membership Card","Anchor","Ancient Tea Set","Lizard Tail","Unceasing Top","Strawberry","Happy Flower"],"acts_visited":["Exordium","TheCity","TheBeyond","TheEnding"],"potions_floor_usage":[8,13,31,33,35,41,50,54,55,55,55],"damage_taken":[{"damage":2,"enemies":"Cultist","floor":1,"turns":5},{"damage":0,"enemies":"Jaw Worm","floor":4,"turns":4},{"damage":0,"enemies":"2 Louse","floor":5,"turns":1},{"damage":23,"enemies":"3 Sentries","floor":8,"turns":6},{"damage":3,"enemies":"Looter","floor":11,"turns":4},{"damage":15,"enemies":"Gremlin Nob","floor":13,"turns":4},{"damage":0,"enemies":"Lots of Slimes","floor":14,"turns":1},{"damage":15,"enemies":"The Guardian","floor":16,"turns":9},{"damage":11,"enemies":"Shell Parasite","floor":18,"turns":8},{"damage":5,"enemies":"2 Thieves","floor":21,"turns":3},{"damage":19,"enemies":"Shelled Parasite and Fungi","floor":22,"turns":6},{"damage":21,"enemies":"Gremlin Leader","floor":24,"turns":7},{"damage":15,"enemies":"Centurion and Healer","floor":27,"turns":5},{"damage":2,"enemies":"Snake Plant","floor":29,"turns":4},{"damage":22,"enemies":"Slavers","floor":31,"turns":5},{"damage":0,"enemies":"Champ","floor":33,"turns":12},{"damage":22,"enemies":"3 Shapes","floor":35,"turns":2},{"damage":0,"enemies":"3 Darklings","floor":36,"turns":2},{"damage":27,"enemies":"Maw","floor":37,"turns":7},{"damage":17,"enemies":"Writhing Mass","floor":38,"turns":5},{"damage":28,"enemies":"Reptomancer","floor":41,"turns":8},{"damage":18,"enemies":"Sphere and 2 Shapes","floor":44,"turns":7},{"damage":13,"enemies":"Jaw Worm Horde","floor":45,"turns":3},{"damage":8,"enemies":"Mind Bloom Boss Battle","floor":47,"turns":7},{"damage":60,"enemies":"Donu and Deca","floor":50,"turns":8},{"damage":3,"enemies":"Shield and Spear","floor":54,"turns":7},{"damage":47,"enemies":"The Heart","floor":55,"turns":12}],"seed_played":"8106089831183643738","potions_obtained":[{"floor":5,"key":"BlessingOfTheForge"},{"floor":13,"key":"FairyPotion"},{"floor":18,"key":"SteroidPotion"},{"floor":24,"key":"BlessingOfTheForge"},{"floor":31,"key":"SpeedPotion"},{"floor":33,"key":"Dexterity Potion"},{"floor":36,"key":"FearPotion"},{"floor":45,"key":"Strength Potion"},{"floor":47,"key":"Weak Potion"},{"floor":54,"key":"Swift Potion"}],"is_trial":false,"path_per_floor":["M","?","$","M","M","R","?","E","T","R","M","$","E","M","R","B",null,"M","$","?","M","M","R","E","R","T","M","?","M","R","E","R","B",null,"M","M","M","M","$","R","E","R","T","M","M","R","?","?","R","B",null,"R","$","E","B",null],"character_chosen":"THE_SILENT","items_purchased":["Noxious Fumes","Bane","Corpse Explosion","Energy Potion","Footwork","Backflip","Membership Card","Anchor","FairyPotion","Energy Potion"],"campfire_rested":2,"item_purchase_floors":[3,3,12,12,19,19,39,39,53,53],"current_hp_per_floor":[57,57,57,59,61,61,61,40,40,40,39,39,26,28,28,15,53,44,59,59,56,39,39,20,39,39,26,26,26,26,6,6,8,52,32,34,9,19,34,34,8,27,27,11,33,33,27,66,66,6,51,51,66,70,25],"gold":57,"neow_bonus":"HUNDRED_GOLD","is_daily":false,"chose_seed":false,"campfire_upgraded":9,"win_rate":0.0,"timestamp":1608507242,"path_taken":["M","?","$","M","M","R","?","E","T","R","M","$","E","M","R","BOSS","M","$","?","M","M","R","E","R","T","M","?","M","R","E","R","BOSS","M","M","M","M","$","R","E","R","T","M","M","R","?","?","R","BOSS","R","$","E","BOSS"],"items_purchased_type":["Card","Card","Card","Potion","Card","Card","Relic","Relic","Potion","Potion"],"build_version":"2020-12-13","purchased_purges":2,"victory":true,"max_hp_per_floor":[66,66,66,66,66,66,66,66,66,66,66,66,66,66,66,66,66,66,66,66,66,66,66,66,66,66,66,66,66,66,66,66,66,66,66,66,66,66,66,66,66,66,66,66,66,66,66,66,66,66,66,66,66,73,73],"card_choices":[{"not_picked":["Dagger Throw","Sucker Punch"],"picked":"Dagger Spray","floor":1},{"not_picked":["Blade Dance","Finisher"],"picked":"Sucker Punch","floor":4},{"not_picked":["Deflect","Backflip"],"picked":"Escape Plan","floor":5},{"not_picked":["Escape Plan","Sucker Punch"],"picked":"PiercingWail","floor":8},{"not_picked":["Infinite Blades","Prepared"],"picked":"Leg Sweep","floor":11},{"not_picked":["Infinite Blades","Quick Slash","Cloak And Dagger"],"picked":"SKIP","floor":11},{"not_picked":["Bane","Riddle With Holes"],"picked":"Unload","floor":13},{"not_picked":["Calculated Gamble","Bane"],"picked":"Leg Sweep","floor":14},{"not_picked":["Cloak And Dagger","Prepared","Slice"],"picked":"SKIP","floor":14},{"not_picked":["Burst","Wraith Form v2"],"picked":"Adrenaline","floor":16},{"not_picked":["Distraction","Underhanded Strike"],"picked":"Dodge and Roll+1","floor":18},{"not_picked":["Predator","Terror","Quick Slash"],"picked":"SKIP","floor":18},{"not_picked":["Outmaneuver","Bane","Underhanded Strike"],"picked":"SKIP","floor":21},{"not_picked":["Backflip","Terror","Blade Dance"],"picked":"SKIP","floor":21},{"not_picked":["Quick Slash","Outmaneuver"],"picked":"Well Laid Plans","floor":22},{"not_picked":["Unload","Infinite Blades","Dagger Throw"],"picked":"SKIP","floor":22},{"not_picked":["Accuracy","Prepared","Dagger Spray"],"picked":"SKIP","floor":24},{"not_picked":["Cloak And Dagger","PiercingWail"],"picked":"Malaise","floor":25},{"not_picked":["Flying Knee","Escape Plan"],"picked":"Catalyst","floor":27},{"not_picked":["Choke","Masterful Stab","Backflip"],"picked":"SKIP","floor":27},{"not_picked":["Blind","Dramatic Entrance"],"picked":"Dark Shackles","floor":28},{"not_picked":["Madness","Violence"],"picked":"Panacea","floor":28},{"not_picked":["Dagger Spray","PiercingWail"],"picked":"Prepared+1","floor":29},{"not_picked":["Backflip","Flechettes"],"picked":"Acrobatics+1","floor":29},{"not_picked":["Dagger Throw","All Out Attack","Accuracy"],"picked":"SKIP","floor":31},{"not_picked":["After Image","Die Die Die"],"picked":"Adrenaline","floor":33},{"not_picked":["Underhanded Strike","Dagger Throw","Quick Slash"],"picked":"SKIP","floor":35},{"not_picked":["Flechettes","Accuracy","Dodge and Roll"],"picked":"SKIP","floor":35},{"not_picked":["Leg Sweep","Acrobatics","Dagger Spray+1"],"picked":"SKIP","floor":36},{"not_picked":["Sucker Punch","Leg Sweep","Outmaneuver+1"],"picked":"SKIP","floor":36},{"not_picked":["Dagger Spray","Underhanded Strike","Backflip"],"picked":"SKIP","floor":37},{"not_picked":["Sucker Punch+1","Deadly Poison","Choke"],"picked":"SKIP","floor":37},{"not_picked":["Dodge and Roll","Acrobatics"],"picked":"Reflex+1","floor":38},{"not_picked":["Backflip","Poisoned Stab","Flying Knee"],"picked":"SKIP","floor":38},{"not_picked":["Sucker Punch","Noxious Fumes"],"picked":"Deflect","floor":41},{"not_picked":["Bane+1","All Out Attack"],"picked":"Caltrops+1","floor":42},{"not_picked":["Doppelganger","Cloak And Dagger"],"picked":"PiercingWail","floor":44},{"not_picked":["Slice","Prepared","Bouncing Flask"],"picked":"SKIP","floor":44},{"not_picked":["Crippling Poison","Backstab"],"picked":"Dodge and Roll+1","floor":45},{"not_picked":["Flying Knee","Underhanded Strike"],"picked":"Backflip","floor":45},{"not_picked":["Phantasmal Killer","Slice"],"picked":"Concentrate","floor":54}],"player_experience":1624934,"relics_obtained":[{"floor":8,"key":"Prayer Wheel"},{"floor":9,"key":"Dream Catcher"},{"floor":13,"key":"MealTicket"},{"floor":24,"key":"Potion Belt"},{"floor":31,"key":"Bottled Flame"},{"floor":41,"key":"Ancient Tea Set"},{"floor":41,"key":"Lizard Tail"},{"floor":47,"key":"Unceasing Top"},{"floor":54,"key":"Strawberry"},{"floor":54,"key":"Happy Flower"}],"event_choices":[{"damage_healed":0,"gold_gain":0,"player_choice":"Box","damage_taken":0,"relics_obtained":["Blood Vial"],"max_hp_gain":0,"max_hp_loss":0,"event_name":"Big Fish","floor":2,"gold_loss":0,"cards_obtained":["Regret"]},{"damage_healed":0,"gold_gain":0,"cards_transformed":["Strike_G"],"player_choice":"Transformed","damage_taken":0,"max_hp_gain":0,"max_hp_loss":0,"event_name":"Transmorgrifier","floor":7,"gold_loss":0,"cards_obtained":["Noxious Fumes"]},{"damage_healed":0,"gold_gain":0,"player_choice":"Opened","damage_taken":0,"relics_obtained":["StoneCalendar"],"max_hp_gain":0,"max_hp_loss":0,"event_name":"The Mausoleum","floor":20,"gold_loss":0,"cards_obtained":["Writhe"]},{"damage_healed":0,"gold_gain":2,"player_choice":"1","damage_taken":0,"max_hp_gain":0,"max_hp_loss":0,"event_name":"betterStone:BetterStone","floor":28,"gold_loss":0},{"damage_healed":0,"gold_gain":0,"player_choice":"Fight","damage_taken":0,"max_hp_gain":0,"max_hp_loss":0,"event_name":"MindBloom","floor":47,"gold_loss":0},{"cards_removed":["Escape Plan"],"damage_healed":39,"gold_gain":0,"player_choice":"Offered Uncommon","damage_taken":0,"max_hp_gain":0,"max_hp_loss":0,"event_name":"Bonfire Elementals","floor":48,"gold_loss":0}],"is_beta":false,"boss_relics":[{"not_picked":["HoveringKite","Runic Dome"],"picked":"Cursed Key"},{"not_picked":["Busted Crown","Astrolabe"],"picked":"Black Star"}],"items_purged_floors":[3,39],"is_endless":false,"potions_floor_spawned":[5,13,18,24,31,33,36,45,47,54],"ascension_level":15}}