{"host":"5z7rhcocprldured","time":1608491445,"event":{"mods":["2.2 Compatiblity","AchievementEnabler","BaseMod","Best Route Mod","Better Altar","Better Match","Better Note","Better Sensory Stone","Better Skull","Better Third Choice","BetterRewards","Block Reminder","Colored Map","Colored Powertips","Emptier Cage","Googly Eyes","Hermit","Minty Spire (QoL Compilation)","Permanent Neow","Potionbrewer","Rare Cards Sparkle","StSLib","Synergy Search","The Hierophant","The Runesmith","Unceasing Turn Reminder"],"gold_per_floor":[116,191,207,282,292,317,317,317,317,346,357,377,377,327,327,424,424,444,544,555,555,555,555,555],"floor_reached":23,"playtime":890,"items_purged":[],"score":224,"play_id":"2ad6c696-3f7a-4c6f-bfa7-16b2f9eab56a","local_time":"20201220191045","is_ascension_mode":false,"campfire_choices":[{"data":"Chill","floor":7,"key":"SMITH"},{"floor":13,"key":"REST"},{"data":"Auto Shields","floor":15,"key":"SMITH"}],"circlet_count":0,"master_deck":["Strike_B","Strike_B","Strike_B","Defend_B","Defend_B","Defend_B","Defend_B","Zap+1","Dualcast","Leap","Auto Shields+1","Chill+1","Gash","Gash","Gash","Double Energy","Force Field+1"],"relics":["SlaversCollar","Torii","Mercury Hourglass","MealTicket","Sozu"],"acts_visited":["Exordium","TheCity"],"potions_floor_usage":[11,11],"damage_taken":[{"damage":0,"enemies":"Small Slimes","floor":1,"turns":3},{"damage":0,"enemies":"Cultist","floor":3,"turns":4},{"damage":3,"enemies":"2 Louse","floor":5,"turns":3},{"damage":35,"enemies":"Lagavulin","floor":6,"turns":10},{"damage":0,"enemies":"3 Sentries","floor":10,"turns":8},{"damage":0,"enemies":"Red Slaver","floor":11,"turns":3},{"damage":0,"enemies":"Looter","floor":12,"turns":4},{"damage":35,"enemies":"Slime Boss","floor":16,"turns":11},{"damage":17,"enemies":"Spheric Guardian","floor":18,"turns":6},{"damage":8,"enemies":"Chosen","floor":20,"turns":6},{"damage":85,"enemies":"Book of Stabbing","floor":23,"turns":9}],"seed_played":"181963953307940014","potions_obtained":[{"floor":3,"key":"DuplicationPotion"},{"floor":6,"key":"FocusPotion"},{"floor":10,"key":"PowerPotion"}],"is_trial":false,"path_per_floor":["M","?","M","?","M","E","R","?","T","E","M","M","R","?","R","B",null,"M","?","M","?","?","E"],"character_chosen":"DEFECT","items_purchased":[],"campfire_rested":1,"item_purchase_floors":[],"current_hp_per_floor":[75,68,68,57,54,19,19,19,19,19,19,19,41,41,41,6,75,58,58,50,85,85,0,0],"gold":555,"neow_bonus":"BOSS_RELIC","is_daily":false,"chose_seed":false,"campfire_upgraded":2,"win_rate":0.0,"timestamp":1608491445,"path_taken":["M","?","?","?","M","E","R","?","T","E","?","M","R","?","R","BOSS","M","?","M","?","?","E"],"items_purchased_type":[],"build_version":"2020-12-13","purchased_purges":0,"victory":false,"max_hp_per_floor":[75,75,75,75,75,75,75,75,75,75,75,75,75,75,75,75,75,75,75,75,85,85,85,85],"card_choices":[{"not_picked":["Redo","Reinforced Body"],"picked":"Leap","floor":1},{"not_picked":["Reinforced Body","Rebound"],"picked":"Auto Shields","floor":3},{"not_picked":["Reinforced Body","Fusion"],"picked":"Chill","floor":5},{"not_picked":["Reinforced Body","Turbo"],"picked":"Gash","floor":6},{"not_picked":["Glacier","Sweeping Beam"],"picked":"Gash","floor":10},{"not_picked":["Compile Driver","Go for the Eyes","Tempest"],"picked":"SKIP","floor":11},{"not_picked":["Hologram","Steam"],"picked":"Gash","floor":12},{"not_picked":["Creative AI","Thunder Strike"],"picked":"Reboot","floor":16},{"not_picked":["Recycle+1","Barrage"],"picked":"Double Energy","floor":18},{"not_picked":["Hello World","Compile Driver+1"],"picked":"Force Field+1","floor":20}],"player_experience":145644,"relics_obtained":[{"floor":6,"key":"Torii"},{"floor":9,"key":"Mercury Hourglass"},{"floor":10,"key":"MealTicket"}],"event_choices":[{"damage_healed":0,"gold_gain":75,"player_choice":"Touch","damage_taken":7,"max_hp_gain":0,"max_hp_loss":0,"event_name":"FaceTrader","floor":2,"gold_loss":0},{"damage_healed":0,"gold_gain":75,"player_choice":"Gold","damage_taken":11,"max_hp_gain":0,"max_hp_loss":0,"event_name":"betterThird:BetterGoop","floor":4,"gold_loss":0},{"damage_healed":0,"gold_gain":0,"player_choice":"Forge","damage_taken":0,"max_hp_gain":0,"max_hp_loss":0,"event_name":"Accursed Blacksmith","floor":8,"gold_loss":0,"cards_upgraded":["Zap"]},{"cards_removed":["Strike_B"],"damage_healed":0,"gold_gain":0,"player_choice":"Card Removal","damage_taken":0,"max_hp_gain":0,"max_hp_loss":0,"event_name":"The Cleric","floor":14,"gold_loss":50},{"damage_healed":0,"gold_gain":100,"player_choice":"Pray","damage_taken":0,"max_hp_gain":0,"max_hp_loss":0,"event_name":"Golden Shrine","floor":19,"gold_loss":0},{"cards_removed":["Reboot"],"damage_healed":25,"gold_gain":0,"player_choice":"Offered Rare","damage_taken":0,"max_hp_gain":10,"max_hp_loss":0,"event_name":"Bonfire Elementals","floor":21,"gold_loss":0},{"damage_healed":0,"gold_gain":0,"player_choice":"Ignored","damage_taken":0,"max_hp_gain":0,"max_hp_loss":0,"event_name":"betterNote:BetterNote","floor":22,"gold_loss":0,"cards_obtained":["Strike_R"]}],"is_beta":false,"boss_relics":[{"not_picked":["Velvet Choker","Philosopher\u0027s Stone"],"picked":"Sozu"}],"items_purged_floors":[],"is_endless":false,"potions_floor_spawned":[3,6,10,20],"killed_by":"Book of Stabbing","ascension_level":0}}