{"host":"Nazu","time":1608493493,"event":{"mods":["BaseMod","Downfall","Minty Spire (QoL Compilation)","StSLib"],"gold_per_floor":[99,99,99,129,129,229,252,102,129,54,69,54,14,14,26,26,26],"floor_reached":16,"playtime":1080,"items_purged":[],"score":129,"play_id":"efc23e23-8863-483b-ae46-0b32d832b63f","local_time":"20201220164453","is_ascension_mode":false,"campfire_choices":[{"floor":1,"key":"RECALL"},{"data":"champ:Riposte","floor":8,"key":"SMITH"},{"floor":10,"key":"REST"}],"circlet_count":0,"master_deck":["champ:Strike","champ:Strike","champ:Strike","champ:Strike+1","champ:Defend","champ:Defend","champ:Defend","champ:Defend","champ:Execute","champ:Taunt","champ:GladiatorStyle+1","champ:Riposte+1","champ:FalseCounter+1","Regret","champ:TornadoPunch","champ:Lariat+1","champ:BringItOn","champ:CheapShot"],"relics":["champ:ChampionCrown","downfall:HeartsMalice","Boot","downfall:HeartBlessingRed","downfall:HeartBlessingBlue","Lantern","downfall:HeartBlessingGreen"],"acts_visited":["Exordium"],"potions_floor_usage":[16],"damage_taken":[{"damage":0,"enemies":"Cultist","floor":2,"turns":1},{"damage":0,"enemies":"Jaw Worm","floor":3,"turns":1},{"damage":0,"enemies":"3 Sentries","floor":4,"turns":1},{"damage":67,"enemies":"Gremlin Nob","floor":9,"turns":5},{"damage":6,"enemies":"Small Slimes","floor":11,"turns":3},{"damage":16,"enemies":"downfall:FleeingMerchant","floor":12,"turns":4},{"damage":11,"enemies":"downfall:FleeingMerchant","floor":13,"turns":4},{"damage":17,"enemies":"Gremlin Gang","floor":15,"turns":5},{"damage":23,"enemies":"downfall:Silent","floor":16,"turns":5}],"seed_played":"3135410761266978497","potions_obtained":[{"floor":4,"key":"Weak Potion"},{"floor":9,"key":"PowerPotion"},{"floor":11,"key":"LiquidMemories"}],"is_trial":false,"path_per_floor":["R","M","M","E","?","?","T","R","E","R","M","$","$","?","M","B"],"character_chosen":"THE_CHAMP","items_purchased":["champ:BringItOn"],"campfire_rested":1,"item_purchase_floors":[13],"current_hp_per_floor":[90,90,90,90,90,90,90,100,38,68,67,61,50,50,38,15,15],"gold":26,"neow_bonus":"THREE_ENEMY_KILL","is_daily":false,"chose_seed":false,"campfire_upgraded":1,"win_rate":0.0,"timestamp":1608493493,"path_taken":["R","M","M","E","?","?","T","R","E","R","M","$","$","?","M","BOSS"],"items_purchased_type":["Card"],"build_version":"2020-12-18","purchased_purges":0,"victory":false,"max_hp_per_floor":[90,90,90,90,90,90,90,100,100,100,100,100,100,100,100,100,100],"card_choices":[{"not_picked":["champ:TornadoPunch","champ:SkillfulDodge"],"picked":"champ:GladiatorStyle","floor":2},{"not_picked":["champ:Encircle","champ:FocusedDefense"],"picked":"champ:Riposte","floor":3},{"not_picked":["champ:AdrenalArmor","champ:ArenaPreparation"],"picked":"champ:FalseCounter","floor":4},{"not_picked":["champ:PerfectForm","champ:DeathBlow","champ:IronFortress"],"picked":"SKIP","floor":9},{"not_picked":["champ:CrookedStrike","champ:FightOn"],"picked":"champ:TornadoPunch","floor":11},{"not_picked":["champ:FocusedBerserking","champ:RapidStrikes","champ:EnGarde"],"picked":"SKIP","floor":12},{"not_picked":["champ:Backstep","champ:Haymaker"],"picked":"champ:Lariat","floor":13},{"not_picked":["champ:Haymaker","champ:BladeFlurry"],"picked":"champ:CheapShot","floor":15}],"player_experience":703880,"relics_obtained":[{"floor":4,"key":"Boot"},{"floor":9,"key":"Lantern"}],"event_choices":[{"damage_healed":0,"gold_gain":0,"player_choice":"Forge","damage_taken":0,"max_hp_gain":0,"max_hp_loss":0,"event_name":"Accursed Blacksmith","floor":14,"gold_loss":0,"cards_upgraded":["champ:Lariat"]}],"is_beta":true,"boss_relics":[],"items_purged_floors":[],"is_endless":false,"potions_floor_spawned":[4,9,11],"killed_by":"downfall:Silent","ascension_level":0}}