{"host":"nx6ib2o6hmd449ys","time":1608472033,"event":{"mods":["2.2 Compatiblity","Act Like it!","Aspiration","BaseMod","Better Silent Start","Better Third Choice","BetterRewards","CCEM","Colored Powertips","Conjunction","Conspire","Downfall","Eldritch Tears","Energized Spire","Gensokyo","GifTheSpireLib","GungeonMod","Halation","Hallownest","Hubris","Infinite Spire","Jedi Mod","Lobotomy","LobotomyExtend","Marisa????????","Minty Spire (QoL Compilation)","MostiFishMod","Quick Restart","RRrroohrrRGHHhhh!!","Rare Cards Sparkle","RatMod","Replay The Spire","RumiaBox-????????","Shop Mod","Small Relic Pack","Spicy Shops","Spikes Relics","StSLib","Stuff the Spire","TestMod","The Blue Laboratory","The Dragon Tamer","The Exalted","The Jungle","TheWitcher","Wandering Minibosses","[IsaacMod]????","noobMod","vexMod","??????REMEMod"],"gold_per_floor":[114,18,18,34,0,34,44,56,56,86,97,116,116,136,136,235,235,235,247,259,101,101,101,118,150,150,150,164,175,193,204,222,222,222,327,327,345,364,381,396,409,437,487,505,505,505,905,916,44,60,60,60],"floor_reached":53,"playtime":2021,"items_purged":[],"score":1031,"play_id":"dba12853-ef1b-43c2-b7c9-631589b659c4","local_time":"20201220144713","is_ascension_mode":true,"campfire_choices":[{"data":"FIFO Queue","floor":13,"key":"SMITH"},{"floor":15,"key":"DIG"},{"data":"Zap","floor":51,"key":"SMITH"}],"circlet_count":0,"master_deck":["Strike_B","Strike_B","Strike_B","Strike_B","Defend_B","Defend_B","Defend_B","Defend_B","Zap+1","testmod-EternalityOfKhronos","rorgmod:Fusion+1","rorgmod:Leap","FIFO Queue+1","Loop","Sweeping Beam","Crystallizer","Mirror Shield+1","jedi:blockon+1","Ball Lightning","Glacier+1","Ball Lightning","Ball Lightning+1","Echo Form","Streamline","Cold Snap+1","DemoMod:Elimentaler","MostiFishMod:PushDownKick","MostiFishMod:SephirahHod","BasicCrystalCard+1","Doom and Gloom+1","ReplayRNGCard","ReplayTheSpireMod:Calculation Training+1","Writhe"],"relics":["Cracked Core","DaveBox","testmod-TestBox","ice","REME_ComplimentaryCards","SteamSale","The Courier","testmod-InjuryResistance","StuffTheSpire:Expresso","Damocles","BicycleWheel","Replay:Rubber Ducky","vexMod:FocusSash","hubris:AstralHammer","Emotion Chip","testmod-IntensifyImprint","jedi:shrinkray","Question Card","LetterFromLob","DemoMod:SerJunkan","Gensokyo:Justice","DemoMod:Junk","Bag of Marbles","Orichalcum","DemoMod:LamentConfigurum","DemoMod:GlassGuonStoneRelic","CCEMRelics:Pendulum","ImportantClient","testmod-Prudence","RottenBaby","Question Card","CCEMRelics:PorcelainBowl","testmod-MagicalMallet","CCEMRelics:WhiteRose","Oddly Smooth Stone","MutagenicStrength","testmod-Antiphasic","CCEMRelics:GrapeVine","StuffTheSpire:Mouthbags","DemoMod:Bottle","StuffTheSpire:Rhapsscallions","conspire:GiftBox","StuffTheSpire:HeavyRock","halation:AfternoonTea","DemoMod:RatBoots","DemoMod:ResourcefulSack","DemoMod:PartiallyEatenCheese","MostiFishMod:Hod","JellyFishMachine","Molten Egg 2","DeathBook","DemoMod:PoisonVial","hubris:BallOfYels","Bromod:ArcaneConsequence","Blue Doll","StrikeDummy","Bronze Scales","rorgmod:Data Disk","vexMod:Dragonfruit","infinitespire:Golems Mask","HandDrill","jedi:superconductor","testmod-TurbochargingSystem","ZombieArmy","War Paint","testmod-Justice","halation:PromiseList","ExplosiveVial","MerchantsRug","aspiration:Lifesprig"],"acts_visited":["Gensokyo:Gensokyo","TheCity","TheCity","TheBeyond"],"potions_floor_usage":[52,53],"damage_taken":[{"damage":0,"enemies":"Gensokyo:Python","floor":1,"turns":3},{"damage":0,"enemies":"Gensokyo:Gryphon","floor":4,"turns":3},{"damage":0,"enemies":"Gensokyo:Aya","floor":6,"turns":4},{"damage":0,"enemies":"Gensokyo:2_Kodama","floor":7,"turns":1},{"damage":0,"enemies":"Gensokyo:2_Rabbits","floor":8,"turns":3},{"damage":0,"enemies":"Gensokyo:Mamizou","floor":10,"turns":3},{"damage":0,"enemies":"Gensokyo:CorruptedTreant","floor":11,"turns":2},{"damage":0,"enemies":"Gensokyo:LivingMonolith","floor":12,"turns":1},{"damage":0,"enemies":"Gensokyo:2_Rabbits","floor":14,"turns":1},{"damage":0,"enemies":"Gensokyo:Reimu","floor":16,"turns":1},{"damage":0,"enemies":"3 Byrds","floor":19,"turns":1},{"damage":0,"enemies":"conspire:FuzzyDice","floor":20,"turns":1},{"damage":0,"enemies":"Shelled Parasite and Fungi","floor":24,"turns":1},{"damage":0,"enemies":"REME_1_Revenger","floor":25,"turns":1},{"damage":0,"enemies":"DemoMod:Veteran_shot_gun_kin_and_bullet_kin","floor":28,"turns":1},{"damage":0,"enemies":"DemoMod:4_Bullet_Kins","floor":29,"turns":1},{"damage":0,"enemies":"DemoMod:Red_and_blue_shotgun_kin_with_gunsinger","floor":30,"turns":1},{"damage":0,"enemies":"DemoMod:Veteran_shot_gun_kin_and_blue_shotgun_kin_with_gunsinger","floor":31,"turns":1},{"damage":0,"enemies":"DemoMod:Veteran_shot_gun_kin_and_red_shotgun_kin_with_gunsinger","floor":32,"turns":1},{"damage":0,"enemies":"DemoMod:ResourcefulRat","floor":35,"turns":5},{"damage":0,"enemies":"3 Shapes","floor":37,"turns":1},{"damage":0,"enemies":"Orb Walker","floor":38,"turns":1},{"damage":0,"enemies":"4 Shapes","floor":39,"turns":1},{"damage":0,"enemies":"Writhing Mass","floor":40,"turns":1},{"damage":0,"enemies":"Jaw Worm Horde","floor":41,"turns":1},{"damage":0,"enemies":"Giant Head","floor":42,"turns":1},{"damage":0,"enemies":"Hiden Room Battle","floor":43,"turns":1},{"damage":0,"enemies":"3 Darklings","floor":44,"turns":1},{"damage":0,"enemies":"Writhing Mass","floor":48,"turns":1},{"damage":0,"enemies":"4 Shapes","floor":50,"turns":1},{"damage":0,"enemies":"Replay:Hell Engine","floor":52,"turns":1},{"damage":0,"enemies":"Malkuth","floor":53,"turns":1},{"damage":0,"enemies":"Yesod","floor":53,"turns":3},{"damage":0,"enemies":"Chesed","floor":53,"turns":2},{"damage":0,"enemies":"Hokma","floor":53,"turns":3},{"damage":0,"enemies":"Angela","floor":53,"turns":3}],"seed_played":"1697031219383723496","potions_obtained":[{"floor":7,"key":"BlessingOfTheForge"},{"floor":8,"key":"blueLaboratory:TeslaPotion"},{"floor":10,"key":"DemoMod:LeadSkinPotion"},{"floor":30,"key":"Adrenaline Potion"}],"is_trial":false,"path_per_floor":["M","$","?","M","?","E","M","M","T","E","M","M","R","M","R","B",null,"M","M","M","$","?","R","M","E","T","R","M","M","M","M","M","R","B","B",null,"M","M","M","M","M","E","?","M","T","?","?","M","$","M","R","B",null],"character_chosen":"DEFECT","items_purchased":["DemoMod:GnawedKey","Replay:Rubber Ducky","vexMod:FocusSash","DemoMod:SerJunkan","RottenBaby","testmod-MagicalMallet","CCEMRelics:WhiteRose","Oddly Smooth Stone","infinitespire:Golems Mask","HandDrill","jedi:superconductor","testmod-TurbochargingSystem","ZombieArmy","War Paint","testmod-Justice","halation:PromiseList","ExplosiveVial","MerchantsRug"],"campfire_rested":0,"item_purchase_floors":[0,0,0,2,17,21,21,21,49,49,49,49,49,49,49,49,49,49],"current_hp_per_floor":[33,33,33,33,50,50,50,50,50,50,50,50,50,50,50,50,57,57,57,57,57,57,57,57,57,59,59,59,61,61,61,61,61,61,61,61,61,61,61,61,61,61,61,61,66,66,66,66,66,66,66,66],"gold":60,"neow_bonus":"","is_daily":false,"chose_seed":false,"campfire_upgraded":2,"win_rate":0.0,"timestamp":1608472033,"path_taken":["M","$","?","M","?","E","?","M","T","E","M","M","R","M","R","BOSS","M","M","M","$","?","R","?","E","T","R","M","M","M","M","M","R","BOSS","BOSS","M","M","M","M","M","E","?","M","T","?","?","?","$","M","R","BOSS"],"items_purchased_type":["Relic","Relic","Relic","Relic","Relic","Relic","Relic","Relic","Relic","Relic","Relic","Relic","Relic","Relic","Relic","Relic","Relic","Relic"],"build_version":"2020-12-13","purchased_purges":0,"victory":true,"max_hp_per_floor":[75,75,75,75,75,75,75,75,75,75,75,75,75,75,75,75,59,59,59,59,59,59,59,59,59,59,59,59,61,61,61,61,61,61,61,61,61,61,61,61,61,61,61,61,66,66,66,66,66,66,66,66],"card_choices":[{"not_picked":["StuffTheSpire:GlassShard","rorgmod:Refrigerate"],"picked":"rorgmod:Leap","floor":1},{"not_picked":["Stack","jedi:BurstFrost","Barrage","rorgmod:Leap"],"picked":"SKIP","floor":4},{"not_picked":["Turbo","Steam Power","Time Bomb"],"picked":"Ball Lightning","floor":6},{"not_picked":["Time Bomb","Coolheaded","Streamline"],"picked":"FIFO Queue","floor":7},{"not_picked":["Blizzard","StuffTheSpire:Plugnplay","jedi:blockon"],"picked":"Loop","floor":8},{"not_picked":["BasicCrystalCard","Cold Snap","Double Energy","MostiFishMod:PushDownKick"],"picked":"SKIP","floor":10},{"not_picked":["Panic Button","StuffTheSpire:GlassShard","jedi:BurstLightning","StuffTheSpire:LoadUp"],"picked":"SKIP","floor":11},{"not_picked":["Streamline","Redo","Stack"],"picked":"Sweeping Beam","floor":12},{"not_picked":["rorgmod:Hot Sockets","Barrage","rorgmod:Overheat"],"picked":"Crystallizer","floor":14},{"not_picked":["REME_Shoggoth","MostiFishMod:ReadyAimFire","MostiFishMod:IceShield"],"picked":"Mirror Shield","floor":16},{"not_picked":["Cancel","Barrage","ReplayTheSpireMod:Dual Polarity"],"picked":"jedi:blockon+1","floor":19},{"not_picked":["rorgmod:SQL Injection","rorgmod:Centralize","rorgmod:Loose Screws","Panic Button+1"],"picked":"Ball Lightning","floor":20},{"not_picked":["Reinforced Body","ReplayGash","Stack","rorgmod:Fragmentation"],"picked":"Glacier+1","floor":24},{"not_picked":["rorgmod:Claw+1","rorgmod:Go for the Eyes","Redo+1","Glacier+1","Sweeping Beam+1"],"picked":"SKIP","floor":25},{"not_picked":["rorgmod:SQL Injection","Hologram","rorgmod:Steady Aim","Reboot"],"picked":"Ball Lightning+1","floor":28},{"not_picked":["MostiFishMod:Overload","Coolheaded","rorgmod:Critical Section+1","rorgmod:LRU Cache+1","rorgmod:Claw+1"],"picked":"SKIP","floor":29},{"not_picked":["REME_ForAll","MostiFishMod:Distribution","Meteor Strike"],"picked":"Echo Form","floor":30},{"not_picked":["rorgmod:Overheat+1","Rebound","Stack+1","Coolheaded+1","Sweeping Beam"],"picked":"SKIP","floor":30},{"not_picked":["jedi:spotbugs","jedi:BurstFrost+1","rorgmod:Refrigerate","ReplaySort+1"],"picked":"Streamline","floor":31},{"not_picked":["Crystallizer+1","rorgmod:LRU Cache+1","Reprogram","Conserve Battery"],"picked":"Cold Snap+1","floor":32},{"not_picked":[],"picked":"DemoMod:Elimentaler","floor":35},{"not_picked":["Machine Learning","MostiFishMod:ATRI","ReplayTheSpireMod:Omega Cannon","Core Surge"],"picked":"MostiFishMod:PushDownKick","floor":35},{"not_picked":["Sweeping Beam+1","rorgmod:Fragmentation","Panic Button+1","ReplayTheSpireMod:Dual Polarity"],"picked":"BasicCrystalCard+1","floor":36},{"not_picked":["Conserve Battery+1","rorgmod:Fragmentation+1","rorgmod:Steady Aim","Rebound+1"],"picked":"Doom and Gloom+1","floor":37},{"not_picked":["Stack","Redo","MostiFishMod:Prepare","jedi:overflow","Cold Snap+1"],"picked":"SKIP","floor":38},{"not_picked":["rorgmod:Fragmentation+1","Conserve Battery+1","Barrage+1","jedi:BurstFrost+1","Ball Lightning+1"],"picked":"SKIP","floor":39},{"not_picked":["jedi:BurstFrost+1","Cancel+1","Crystallizer+1","ReplayTheSpireMod:System Scan","jedi:BurstLightning+1"],"picked":"SKIP","floor":40},{"not_picked":["rorgmod:Auto-Shields+1","jedi:markofdeath+1","Redo","REME_ForAll+1","rorgmod:Malware+1"],"picked":"SKIP","floor":41},{"not_picked":["Redo","rorgmod:Fusion","rorgmod:Fuse Blower","StuffTheSpire:Synthwave"],"picked":"ReplayRNGCard","floor":42},{"not_picked":["ReplaySort+1","FTL+1","rorgmod:Overcurrent+1","rorgmod:Auto-Shields+1"],"picked":"ReplayTheSpireMod:Calculation Training+1","floor":43},{"not_picked":["Hologram+1","ReplayTheSpireMod:System Scan","REME_Whirling","FIFO Queue","rorgmod:Claw+1"],"picked":"SKIP","floor":44},{"not_picked":["Mirror Shield","rorgmod:Leap","Skim+1","rorgmod:Overcurrent+1","StuffTheSpire:Coldhearted+1"],"picked":"SKIP","floor":48},{"not_picked":["StuffTheSpire:Plugnplay+1","rorgmod:Centralize+1","rorgmod:Overcurrent","Stack","ReplayTheSpireMod:Repulse"],"picked":"SKIP","floor":50}],"player_experience":290880,"relics_obtained":[{"floor":1,"key":"jedi:shrinkray"},{"floor":1,"key":"Question Card"},{"floor":1,"key":"LetterFromLob"},{"floor":4,"key":"DemoMod:Junk"},{"floor":6,"key":"DemoMod:Junk"},{"floor":6,"key":"DemoMod:Junk"},{"floor":7,"key":"DemoMod:Junk"},{"floor":8,"key":"Bag of Marbles"},{"floor":9,"key":"Orichalcum"},{"floor":10,"key":"DemoMod:Junk"},{"floor":10,"key":"DemoMod:Junk"},{"floor":11,"key":"DemoMod:LamentConfigurum"},{"floor":12,"key":"DemoMod:Junk"},{"floor":14,"key":"DemoMod:Junk"},{"floor":15,"key":"CCEMRelics:Pendulum"},{"floor":16,"key":"ImportantClient"},{"floor":19,"key":"Question Card"},{"floor":20,"key":"CCEMRelics:PorcelainBowl"},{"floor":24,"key":"testmod-Antiphasic"},{"floor":25,"key":"CCEMRelics:GrapeVine"},{"floor":25,"key":"StuffTheSpire:Mouthbags"},{"floor":28,"key":"DemoMod:Bottle"},{"floor":29,"key":"StuffTheSpire:Rhapsscallions"},{"floor":30,"key":"conspire:GiftBox"},{"floor":31,"key":"StuffTheSpire:HeavyRock"},{"floor":32,"key":"halation:AfternoonTea"},{"floor":36,"key":"DemoMod:RatBoots"},{"floor":36,"key":"DemoMod:ResourcefulSack"},{"floor":36,"key":"DemoMod:PartiallyEatenCheese"},{"floor":36,"key":"MostiFishMod:Hod"},{"floor":36,"key":"JellyFishMachine"},{"floor":37,"key":"Molten Egg 2"},{"floor":38,"key":"DeathBook"},{"floor":39,"key":"DemoMod:PoisonVial"},{"floor":40,"key":"hubris:BallOfYels"},{"floor":41,"key":"Bromod:ArcaneConsequence"},{"floor":42,"key":"DemoMod:Junk"},{"floor":42,"key":"Blue Doll"},{"floor":43,"key":"StrikeDummy"},{"floor":43,"key":"Bronze Scales"},{"floor":43,"key":"rorgmod:Data Disk"},{"floor":44,"key":"DemoMod:Junk"},{"floor":45,"key":"vexMod:Dragonfruit"},{"floor":48,"key":"DemoMod:Junk"},{"floor":50,"key":"aspiration:Lifesprig"}],"event_choices":[{"damage_healed":0,"gold_gain":0,"player_choice":"Inject Mutagens","damage_taken":0,"relics_obtained":["MutagenicStrength"],"max_hp_gain":0,"max_hp_loss":0,"event_name":"Drug Dealer","floor":22,"gold_loss":0},{"damage_healed":0,"gold_gain":0,"player_choice":"Fight","damage_taken":0,"max_hp_gain":0,"max_hp_loss":0,"event_name":"HidenRoomEvent","floor":43,"gold_loss":0},{"damage_healed":0,"gold_gain":400,"player_choice":"Sell","damage_taken":0,"max_hp_gain":0,"max_hp_loss":0,"event_name":"Plate Of N\u0027loth","floor":47,"relics_lost":["HushsDoor"],"gold_loss":0}],"is_beta":false,"boss_relics":[{"not_picked":["conspire:SeveredTorchhead","Runic Dome"],"picked":"testmod-Prudence"},{"not_picked":[]},{"not_picked":[]}],"items_purged_floors":[],"is_endless":false,"potions_floor_spawned":[7,8,10,20,24,30,35,37,39,44,50],"ascension_level":9}}