{"host":"1avlfzt2ijsqk7zk","time":1608482011,"event":{"mods":["AchievementEnabler","AlwaysNeverKeys","BaseMod","Better Altar","Better Note","Better Sensory Stone","Better Skull","Better Third Choice","Better-Laid Plans","BetterRewards","Block Reminder","Colored Powertips","Emptier Cage","Energized Spire","Gold Saver","Highlight Path","Minty Spire (QoL Compilation)","Permanent Neow","Quick Restart","Rare Cards Sparkle","Relic Sorter","Relic Stats","StSLib","SuperFastMode","Synergy Search","Transform Curses","Unceasing Turn Reminder"],"gold_per_floor":[117,117,127,142,159,159,185,201,201,230,230,257,274,38,38,112,112,132,151,165,182,194,194,194],"floor_reached":23,"playtime":2317,"items_purged":["Strike_P","Defend_P"],"score":412,"play_id":"39d714a4-cf9d-4a8b-ae5e-116bf2be8ca1","local_time":"20201220173331","is_ascension_mode":true,"campfire_choices":[{"floor":6.0,"key":"REST"},{"floor":11.0,"key":"REST"},{"data":"LikeWater","floor":15.0,"key":"SMITH"}],"circlet_count":0,"master_deck":["AscendersBane","Strike_P","Strike_P","Strike_P","Defend_P","Defend_P","Defend_P","Eruption","Vigilance","Wireheading","Perseverance","Meditate","JustLucky","LikeWater","BattleHymn","CutThroughFate","Omniscience","Nirvana","Nirvana","FollowUp","LikeWater+1","DevaForm","Protect","Crescendo","Perseverance","Protect"],"relics":["PureWater","Oddly Smooth Stone","Shuriken","Regal Pillow","Yang","Eternal Feather","Bottled Tornado","Anchor","energizedSpire:CrystalSphere"],"acts_visited":["Exordium","TheCity"],"potions_floor_usage":[23],"damage_taken":[{"damage":9.0,"enemies":"Jaw Worm","floor":1.0,"turns":4.0},{"damage":0.0,"enemies":"Cultist","floor":3.0,"turns":3.0},{"damage":0.0,"enemies":"2 Louse","floor":4.0,"turns":3.0},{"damage":18.0,"enemies":"Large Slime","floor":5.0,"turns":4.0},{"damage":15.0,"enemies":"Lagavulin","floor":7.0,"turns":7.0},{"damage":3.0,"enemies":"2 Fungi Beasts","floor":8.0,"turns":4.0},{"damage":4.0,"enemies":"3 Sentries","floor":10.0,"turns":5.0},{"damage":14.0,"enemies":"Gremlin Nob","floor":12.0,"turns":3.0},{"damage":0.0,"enemies":"Exordium Wildlife","floor":13.0,"turns":5.0},{"damage":24,"enemies":"The Guardian","floor":16,"turns":8},{"damage":6,"enemies":"Spheric Guardian","floor":18,"turns":6},{"damage":0,"enemies":"Chosen","floor":19,"turns":7},{"damage":5,"enemies":"Snecko","floor":20,"turns":6},{"damage":0,"enemies":"Centurion and Healer","floor":21,"turns":6},{"damage":3,"enemies":"Sentry and Sphere","floor":22,"turns":9},{"damage":51,"enemies":"Book of Stabbing","floor":23,"turns":9}],"seed_played":"6253371031182685719","potions_obtained":[{"floor":1.0,"key":"Weak Potion"},{"floor":3.0,"key":"SmokeBomb"},{"floor":4.0,"key":"PowerPotion"},{"floor":8.0,"key":"Fire Potion"},{"floor":13.0,"key":"Fire Potion"},{"floor":19,"key":"StancePotion"}],"is_trial":false,"path_per_floor":["M","?","M","M","M","R","E","M","T","E","R","E","M","$","R","B",null,"M","M","M","M","M","E"],"character_chosen":"WATCHER","items_purchased":["Oddly Smooth Stone","Shuriken","Wireheading","Perseverance","Meditate","JustLucky","LikeWater","Anchor"],"campfire_rested":2,"item_purchase_floors":[0,0,0,0,0,0,14,14],"current_hp_per_floor":[52,42,42,42,24,44,29,26,26,22,66,52,52,52,64,40,61,55,55,50,50,47,0,0],"gold":194,"neow_bonus":"","is_daily":false,"chose_seed":false,"campfire_upgraded":1,"win_rate":0.0,"timestamp":1608482011,"path_taken":["M","?","M","M","M","R","E","M","T","E","R","E","M","$","R","BOSS","M","?","M","M","M","E"],"items_purchased_type":["Relic","Relic","Card","Card","Card","Card","Card","Relic"],"build_version":"2020-12-13","purchased_purges":2,"victory":false,"max_hp_per_floor":[68,68,68,68,68,68,68,68,68,68,68,68,68,68,68,68,68,68,68,68,68,68,68,68],"relic_stats":{"Regal Pillow":15,"counters":[16,89],"Shuriken":[30],"Yang":[129],"Eternal Feather":21,"obtain_stats":[{"Runic Dome":0,"Regal Pillow":7,"Anchor":14,"Shuriken":0,"energizedSpire:CrystalSphere":17,"Oddly Smooth Stone":0,"Yang":9,"Eternal Feather":10,"PureWater":0,"Bottled Tornado":12},{"Runic Dome":0,"Regal Pillow":5,"Anchor":9,"Shuriken":0,"energizedSpire:CrystalSphere":10,"Oddly Smooth Stone":0,"Yang":6,"Eternal Feather":7,"PureWater":0,"Bottled Tornado":8},{"Runic Dome":0,"Regal Pillow":21,"Anchor":38,"Shuriken":0,"energizedSpire:CrystalSphere":46,"Oddly Smooth Stone":0,"Yang":25,"Eternal Feather":30,"PureWater":0,"Bottled Tornado":33}]},"card_choices":[{"not_picked":["Wireheading","Vengeance"],"picked":"LikeWater","floor":1.0},{"not_picked":["FollowUp","Protect"],"picked":"BattleHymn","floor":3.0},{"not_picked":["Wireheading","Prostrate","FlyingSleeves"],"picked":"SKIP","floor":4.0},{"not_picked":["MentalFortress","PathToVictory"],"picked":"CutThroughFate","floor":5.0},{"not_picked":["FollowUp","CrushJoints"],"picked":"Omniscience","floor":7.0},{"not_picked":["Protect","CutThroughFate"],"picked":"Nirvana","floor":8.0},{"not_picked":["BowlingBash","WindmillStrike"],"picked":"Nirvana","floor":10.0},{"not_picked":["Protect","JustLucky"],"picked":"FollowUp","floor":12.0},{"not_picked":["FlyingSleeves","EmptyBody","Fasting2"],"picked":"SKIP","floor":13.0},{"not_picked":["Omniscience","ConjureBlade"],"picked":"DevaForm","floor":16},{"not_picked":["Evaluate","EmptyFist"],"picked":"Protect","floor":18},{"not_picked":["Halt","InnerPeace","Evaluate"],"picked":"SKIP","floor":19},{"not_picked":["Pray","BowlingBash"],"picked":"Crescendo","floor":20},{"not_picked":["Ragnarok","Swivel"],"picked":"Perseverance","floor":21},{"not_picked":["Consecrate","Pray"],"picked":"Protect","floor":22}],"player_experience":395032,"relics_obtained":[{"floor":7.0,"key":"Regal Pillow"},{"floor":9.0,"key":"Yang"},{"floor":10.0,"key":"Eternal Feather"},{"floor":12.0,"key":"Bottled Tornado"}],"event_choices":[{"damage_healed":0.0,"max_hp_gain":0.0,"max_hp_loss":0.0,"gold_gain":0.0,"event_name":"Wheel of Change","player_choice":"Damaged","floor":2.0,"gold_loss":0.0,"damage_taken":10.0}],"is_beta":false,"boss_relics":[{"not_picked":["energizedSpire:DeadBattery","Runic Dome"],"picked":"energizedSpire:CrystalSphere"}],"items_purged_floors":[0,0],"is_endless":false,"potions_floor_spawned":[1,3,4,8,13,19,20,22],"killed_by":"Book of Stabbing","ascension_level":18}}