{"host":"pjgcdp3h1plnbocs","time":1608503878,"event":{"mods":["AchievementEnabler","BaseMod","Colored Map","Highlight Path","Minty Spire (QoL Compilation)"],"gold_per_floor":[116,127,138,138,138,138,172,203,272,297,170,190,190,90,90,209,209,230,245,245,245,258,301,314,334,334,357,391,410,410,410],"floor_reached":30,"playtime":970,"items_purged":["Strike_P","Defend_P"],"score":274,"play_id":"e1faacca-90f8-4bb7-a92e-f7263995ebfb","local_time":"20201220233758","is_ascension_mode":false,"campfire_choices":[{"floor":6,"key":"REST"},{"floor":13,"key":"REST"},{"data":"Vigilance","floor":15,"key":"SMITH"}],"circlet_count":0,"master_deck":["Strike_P","Strike_P","Strike_P","Defend_P","Defend_P+1","Defend_P","Eruption+1","Vigilance+1","Indignation","Consecrate","FollowUp","FollowUp","SashWhip","FollowUp","Vault+1","Protect","TalkToTheHand+1","Writhe","EmptyFist+1","Devotion+1","Halt+1"],"relics":["PureWater","Golden Idol","Tiny Chest","Odd Mushroom","HornCleat","Sozu","Frozen Egg 2","Mercury Hourglass","Calipers"],"acts_visited":["Exordium","TheCity"],"potions_floor_usage":[],"damage_taken":[{"damage":1,"enemies":"2 Louse","floor":1,"turns":4},{"damage":5,"enemies":"Small Slimes","floor":2,"turns":4},{"damage":3,"enemies":"Jaw Worm","floor":3,"turns":3},{"damage":36,"enemies":"3 Sentries","floor":7,"turns":5},{"damage":0,"enemies":"The Mushroom Lair","floor":8,"turns":2},{"damage":0,"enemies":"Large Slime","floor":10,"turns":2},{"damage":8,"enemies":"3 Louse","floor":12,"turns":2},{"damage":12,"enemies":"Hexaghost","floor":16,"turns":9},{"damage":20,"enemies":"Chosen","floor":18,"turns":4},{"damage":0,"enemies":"Shell Parasite","floor":19,"turns":4},{"damage":7,"enemies":"3 Cultists","floor":22,"turns":5},{"damage":2,"enemies":"Book of Stabbing","floor":23,"turns":7},{"damage":0,"enemies":"Snake Plant","floor":24,"turns":5},{"damage":0,"enemies":"Sentry and Sphere","floor":25,"turns":4},{"damage":0,"enemies":"Shelled Parasite and Fungi","floor":27,"turns":3},{"damage":21,"enemies":"Gremlin Leader","floor":28,"turns":6},{"damage":27,"enemies":"Snake Plant","floor":29,"turns":4},{"damage":7,"enemies":"Centurion and Healer","floor":30,"turns":1}],"seed_played":"4565112046544097959","potions_obtained":[{"floor":1,"key":"Weak Potion"},{"floor":12,"key":"CultistPotion"},{"floor":16,"key":"Ambrosia"}],"is_trial":false,"path_per_floor":["M","M","M","?","?","R","E","?","T","M","$","M","R","$","R","B",null,"M","M","?","?","M","E","M","M","T","M","E","M","M"],"character_chosen":"WATCHER","items_purchased":["FollowUp"],"campfire_rested":2,"item_purchase_floors":[11],"current_hp_per_floor":[78,73,70,54,35,58,22,22,22,22,22,14,37,37,37,25,79,59,59,59,59,52,50,50,50,50,50,29,2,0,0],"gold":410,"neow_bonus":"TEN_PERCENT_HP_BONUS","is_daily":false,"chose_seed":false,"campfire_upgraded":1,"win_rate":0.0,"timestamp":1608503878,"path_taken":["M","M","M","?","?","R","E","?","T","M","$","M","R","$","R","BOSS","M","M","?","?","M","E","M","M","T","M","E","M","M"],"items_purchased_type":["Card"],"build_version":"2020-12-13","purchased_purges":2,"victory":false,"max_hp_per_floor":[79,79,79,79,79,79,79,79,79,79,79,79,79,79,79,79,79,79,79,79,79,79,79,79,79,79,79,79,79,79,79],"card_choices":[{"not_picked":["ClearTheMind","FlyingSleeves"],"picked":"Indignation","floor":1},{"not_picked":["ClearTheMind","EmptyBody"],"picked":"Consecrate","floor":2},{"not_picked":["InnerPeace","Consecrate"],"picked":"FollowUp","floor":3},{"not_picked":["ClearTheMind","ReachHeaven"],"picked":"FollowUp","floor":7},{"not_picked":["Fasting2","Consecrate"],"picked":"SashWhip","floor":8},{"not_picked":["Indignation","Vengeance","Judgement"],"picked":"SKIP","floor":10},{"not_picked":["Evaluate","EmptyMind","Conclude"],"picked":"SKIP","floor":12},{"not_picked":["ConjureBlade","Brilliance"],"picked":"Vault","floor":16},{"not_picked":["BowlingBash+1","Tantrum+1"],"picked":"Protect","floor":18},{"not_picked":["Evaluate","EmptyBody"],"picked":"TalkToTheHand+1","floor":19},{"not_picked":["CutThroughFate","FlyingSleeves"],"picked":"EmptyFist+1","floor":22},{"not_picked":["LessonLearned","Evaluate+1","Perseverance"],"picked":"SKIP","floor":23},{"not_picked":["EmptyFist","Halt","Wallop+1"],"picked":"SKIP","floor":24},{"not_picked":["EmptyFist","Perseverance","Consecrate"],"picked":"SKIP","floor":25},{"not_picked":["Perseverance","Conclude","EmptyFist"],"picked":"SKIP","floor":27},{"not_picked":["EmptyFist","Pray+1"],"picked":"Devotion+1","floor":28},{"not_picked":["Indignation","CutThroughFate"],"picked":"Halt+1","floor":29}],"player_experience":127531,"relics_obtained":[{"floor":7,"key":"Tiny Chest"},{"floor":8,"key":"Odd Mushroom"},{"floor":9,"key":"HornCleat"},{"floor":23,"key":"Mercury Hourglass"},{"floor":28,"key":"Calipers"}],"event_choices":[{"damage_healed":0,"gold_gain":0,"player_choice":"Entered Light","damage_taken":16,"max_hp_gain":0,"max_hp_loss":0,"event_name":"Shining Light","floor":4,"gold_loss":0,"cards_upgraded":["Defend_P","Eruption"]},{"damage_healed":0,"gold_gain":0,"player_choice":"Take Damage","damage_taken":19,"relics_obtained":["Golden Idol"],"max_hp_gain":0,"max_hp_loss":0,"event_name":"Golden Idol","floor":5,"gold_loss":0},{"damage_healed":0,"gold_gain":0,"player_choice":"Fought Mushrooms","damage_taken":0,"max_hp_gain":0,"max_hp_loss":0,"event_name":"Mushrooms","floor":8,"gold_loss":0},{"damage_healed":0,"gold_gain":0,"player_choice":"Opened","damage_taken":0,"relics_obtained":["Frozen Egg 2"],"max_hp_gain":0,"max_hp_loss":0,"event_name":"The Mausoleum","floor":20,"gold_loss":0,"cards_obtained":["Writhe"]},{"damage_healed":0,"gold_gain":0,"player_choice":"Forge","damage_taken":0,"max_hp_gain":0,"max_hp_loss":0,"event_name":"Accursed Blacksmith","floor":21,"gold_loss":0,"cards_upgraded":["Vault"]}],"is_beta":false,"boss_relics":[{"not_picked":["SacredBark","Philosopher\u0027s Stone"],"picked":"Sozu"}],"items_purged_floors":[11,14],"is_endless":false,"potions_floor_spawned":[1,12,16,19,22,23,27,28,29],"killed_by":"Centurion and Healer","ascension_level":0}}