{"host":"mqhvlr3kpxebko0t","time":1608444149,"event":{"mods":["AchievementEnabler","BaseMod","Colored Map","Colored Powertips","Keyboard Shortcuts","Minty Spire (QoL Compilation)","StSLib","SuperFastMode"],"gold_per_floor":[115,133,152,227,152,152,179,179,179,214,214,233,158,158,158,232,232,247,147,147,159,169,169,169,169,169,184,234,234,246,246,246,322,322,334,348,373,81,81,81,96,2,2,27,27,45,63,63,63,63],"floor_reached":51,"playtime":1234,"items_purged":["Strike_P","Defend_P","Strike_P+1"],"score":1431,"play_id":"6c2edf61-9e03-42a6-a067-af50ea947bd3","local_time":"20201220150229","is_ascension_mode":true,"campfire_choices":[{"data":"Eruption","floor":6.0,"key":"SMITH"},{"data":"MentalFortress","floor":8.0,"key":"SMITH"},{"floor":15.0,"key":"REST"},{"data":"Tantrum","floor":23.0,"key":"SMITH"},{"floor":25.0,"key":"REST"},{"floor":29.0,"key":"REST"},{"data":"WheelKick","floor":32.0,"key":"SMITH"},{"floor":40.0,"key":"REST"},{"floor":49,"key":"REST"}],"circlet_count":0,"master_deck":["AscendersBane","Defend_P+1","Eruption+1","Vigilance+1","EmptyMind+1","MentalFortress+1","FearNoEvil+1","BattleHymn","Tantrum+1","LessonLearned+1","MentalFortress+1","WheelKick+1","Vault+1","InnerPeace+1","Adaptation","Flash of Steel+1","Secret Technique","Violence"],"relics":["PureWater","NeowsBlessing","Bottled Tornado","Bag of Marbles","Toy Ornithopter","Cursed Key","Fusion Hammer","Thread and Needle","Orrery","Incense Burner"],"acts_visited":["Exordium","TheCity","TheBeyond"],"potions_floor_usage":[50],"damage_taken":[{"damage":0.0,"enemies":"Cultist","floor":1.0,"turns":1.0},{"damage":0.0,"enemies":"Jaw Worm","floor":2.0,"turns":1.0},{"damage":0.0,"enemies":"2 Louse","floor":3.0,"turns":1.0},{"damage":18.0,"enemies":"Gremlin Nob","floor":7.0,"turns":4.0},{"damage":20.0,"enemies":"3 Sentries","floor":10.0,"turns":14.0},{"damage":4.0,"enemies":"Large Slime","floor":12.0,"turns":5.0},{"damage":21.0,"enemies":"The Guardian","floor":16.0,"turns":12.0},{"damage":19.0,"enemies":"Shell Parasite","floor":18.0,"turns":4.0},{"damage":0.0,"enemies":"3 Byrds","floor":21.0,"turns":4.0},{"damage":19.0,"enemies":"Centurion and Healer","floor":22.0,"turns":6.0},{"damage":18.0,"enemies":"Snake Plant","floor":27.0,"turns":4.0},{"damage":3.0,"enemies":"Shelled Parasite and Fungi","floor":30.0,"turns":4.0},{"damage":29.0,"enemies":"Collector","floor":33.0,"turns":9.0},{"damage":13.0,"enemies":"3 Darklings","floor":35.0,"turns":5.0},{"damage":0.0,"enemies":"Orb Walker","floor":36.0,"turns":3.0},{"damage":0.0,"enemies":"Mind Bloom Boss Battle","floor":37.0,"turns":8.0},{"damage":8.0,"enemies":"Sphere and 2 Shapes","floor":41.0,"turns":3.0},{"damage":0,"enemies":"Reptomancer","floor":44,"turns":4},{"damage":0,"enemies":"4 Shapes","floor":46,"turns":4},{"damage":0,"enemies":"Writhing Mass","floor":47,"turns":7},{"damage":0,"enemies":"Awakened One","floor":50,"turns":3}],"seed_played":"7503337154343974877","potions_obtained":[{"floor":2.0,"key":"SkillPotion"},{"floor":3.0,"key":"DuplicationPotion"},{"floor":10.0,"key":"Explosive Potion"},{"floor":16.0,"key":"BottledMiracle"},{"floor":18.0,"key":"Explosive Potion"},{"floor":31.0,"key":"Swift Potion"},{"floor":33.0,"key":"SkillPotion"},{"floor":37.0,"key":"SkillPotion"},{"floor":44,"key":"CultistPotion"},{"floor":46,"key":"SpeedPotion"}],"is_trial":false,"path_per_floor":["M","M","M","?","$","R","E","R","T","E","?","M","?","?","R","B",null,"M","$","?","M","M","R","?","R","T","M","?","R","M","?","R","B",null,"M","M","?","$","?","R","M","$","T","E","?","M","M","?","R","B",null],"character_chosen":"WATCHER","items_purchased":["Orrery","Flash of Steel"],"campfire_rested":5,"item_purchase_floors":[38,42],"current_hp_per_floor":[61,61,61,50,50,50,32,32,32,12,12,8,8,8,28,7,53,34,34,34,34,15,15,15,35,35,17,17,37,34,34,34,15,55,47,47,47,47,47,67,60,60,60,60,50,50,50,50,68,68],"gold":63,"neow_bonus":"THREE_ENEMY_KILL","is_daily":false,"chose_seed":false,"campfire_upgraded":4,"win_rate":0.0,"timestamp":1608444149,"path_taken":["M","M","?","?","$","R","E","R","T","E","?","M","?","?","R","BOSS","M","$","?","M","?","R","?","R","T","M","?","R","M","?","R","BOSS","M","M","?","$","?","R","M","?","T","E","?","M","M","?","R","BOSS"],"items_purchased_type":["Relic","Card"],"build_version":"2020-12-13","purchased_purges":3,"victory":true,"max_hp_per_floor":[68,68,68,68,68,68,68,68,68,68,68,68,68,68,68,68,68,68,68,68,68,68,68,68,68,68,68,68,68,68,68,68,68,68,68,68,68,68,68,68,68,68,68,68,68,68,68,68,68,68],"card_choices":[{"not_picked":["BowlingBash","Collect","FlyingSleeves"],"picked":"SKIP","floor":1.0},{"not_picked":["FlyingSleeves","Evaluate"],"picked":"EmptyMind","floor":2.0},{"not_picked":["PathToVictory","SandsOfTime"],"picked":"MentalFortress","floor":3.0},{"not_picked":["Indignation","Halt","Meditate"],"picked":"SKIP","floor":7.0},{"not_picked":["Conclude","Crescendo"],"picked":"FearNoEvil","floor":10.0},{"not_picked":["Consecrate","Prostrate"],"picked":"Tantrum","floor":12.0},{"not_picked":["Establishment","SpiritShield"],"picked":"LessonLearned","floor":16.0},{"not_picked":["Fasting2","CrushJoints","Worship"],"picked":"SKIP","floor":18.0},{"not_picked":["SashWhip+1","Fasting2","JustLucky"],"picked":"SKIP","floor":21.0},{"not_picked":["Pray","Weave"],"picked":"MentalFortress+1","floor":22.0},{"not_picked":["Evaluate","DeceiveReality","LikeWater"],"picked":"SKIP","floor":27.0},{"not_picked":["Pray","FlurryOfBlows"],"picked":"WheelKick","floor":30.0},{"not_picked":["Devotion","MasterReality"],"picked":"Vault","floor":33.0},{"not_picked":["Evaluate","Consecrate","FollowUp+1"],"picked":"SKIP","floor":35.0},{"not_picked":["WaveOfTheHand","Sanctity"],"picked":"InnerPeace+1","floor":36.0},{"not_picked":["Fasting2","Scrawl"],"picked":"Adaptation","floor":38.0},{"not_picked":["Meditate+1","FlurryOfBlows+1","CutThroughFate"],"picked":"SKIP","floor":41.0},{"not_picked":["Halt+1","MasterReality","Evaluate+1"],"picked":"SKIP","floor":44},{"not_picked":["Thinking Ahead","Madness"],"picked":"Secret Technique","floor":45},{"not_picked":["Discovery","Dark Shackles"],"picked":"Violence","floor":45},{"not_picked":["CrushJoints","EmptyFist","WheelKick"],"picked":"SKIP","floor":46},{"not_picked":["CarveReality+1","EmptyBody","Evaluate"],"picked":"SKIP","floor":47}],"player_experience":656046,"relics_obtained":[{"floor":7.0,"key":"Bottled Tornado"},{"floor":9.0,"key":"Bag of Marbles"},{"floor":10.0,"key":"Toy Ornithopter"},{"floor":37.0,"key":"Thread and Needle"},{"floor":44,"key":"Incense Burner"}],"event_choices":[{"damage_healed":0.0,"max_hp_gain":0.0,"max_hp_loss":0.0,"gold_gain":75.0,"event_name":"World of Goop","player_choice":"Gather Gold","floor":4.0,"gold_loss":0.0,"damage_taken":11.0},{"damage_healed":0.0,"max_hp_gain":0.0,"max_hp_loss":0.0,"gold_gain":0.0,"cards_transformed":["Strike_P"],"event_name":"Living Wall","player_choice":"Change","floor":11.0,"gold_loss":0.0,"damage_taken":0.0,"cards_obtained":["BattleHymn"]},{"cards_removed":["Defend_P"],"damage_healed":0.0,"max_hp_gain":0.0,"max_hp_loss":0.0,"gold_gain":0.0,"event_name":"The Cleric","player_choice":"Card Removal","floor":13.0,"gold_loss":75.0,"damage_taken":0.0},{"damage_healed":0.0,"max_hp_gain":0.0,"max_hp_loss":0.0,"gold_gain":0.0,"event_name":"Dead Adventurer","player_choice":"Searched \u00270\u0027 times","floor":14.0,"gold_loss":0.0,"damage_taken":0.0},{"cards_removed":["Strike_P"],"damage_healed":0.0,"max_hp_gain":0.0,"max_hp_loss":0.0,"gold_gain":0.0,"event_name":"Purifier","player_choice":"Purged","floor":20.0,"gold_loss":0.0,"damage_taken":0.0},{"damage_healed":0.0,"max_hp_gain":0.0,"max_hp_loss":0.0,"gold_gain":0.0,"event_name":"Ghosts","player_choice":"Ignored","floor":24.0,"gold_loss":0.0,"damage_taken":0.0},{"damage_healed":0.0,"max_hp_gain":0.0,"max_hp_loss":0.0,"gold_gain":50.0,"event_name":"Nest","player_choice":"Stole From Cult","floor":28.0,"gold_loss":0.0,"damage_taken":0.0},{"damage_healed":0.0,"max_hp_gain":0.0,"max_hp_loss":0.0,"gold_gain":0.0,"event_name":"Lab","player_choice":"Got Potions","floor":31.0,"gold_loss":0.0,"damage_taken":0.0},{"damage_healed":0.0,"max_hp_gain":0.0,"max_hp_loss":0.0,"gold_gain":0.0,"event_name":"MindBloom","player_choice":"Fight","floor":37.0,"gold_loss":0.0,"damage_taken":0.0},{"damage_healed":0.0,"max_hp_gain":0.0,"max_hp_loss":0.0,"gold_gain":0.0,"event_name":"Tomb of Lord Red Mask","player_choice":"Ignored","floor":39.0,"gold_loss":0.0,"damage_taken":0.0},{"damage_healed":0,"gold_gain":0,"player_choice":"Memory 3","damage_taken":10,"max_hp_gain":0,"max_hp_loss":0,"event_name":"SensoryStone","floor":45,"gold_loss":0},{"cards_removed":["Defend_P"],"damage_healed":0,"gold_gain":0,"player_choice":"Purged","damage_taken":0,"max_hp_gain":0,"max_hp_loss":0,"event_name":"Purifier","floor":48,"gold_loss":0}],"is_beta":false,"boss_relics":[{"not_picked":["Busted Crown","Runic Dome"],"picked":"Cursed Key"},{"not_picked":["Calling Bell","Snecko Eye"],"picked":"Fusion Hammer"}],"items_purged_floors":[5,19,38],"is_endless":false,"potions_floor_spawned":[2,3,10,16,18,30,33,37,44,46],"ascension_level":17}}