{"host":"i317trlt96c3w9hm","time":1608464351,"event":{"mods":["2.2 Compatiblity","AchievementEnabler","BaseMod","Better Note","CapriCore","Colored Powertips","GifTheSpireLib","Highlight Path","Minty Spire (QoL Compilation)","Reimu£®≤©¿ˆ¡È√Œ£©","StSLib"],"gold_per_floor":[116,116,116,131,131,164,16,16,42,80,80,5,51,51,51],"floor_reached":14,"playtime":396,"items_purged":["Strike_Lin:ReiMu"],"score":150,"play_id":"aed8814a-69c7-417f-9f03-10923729be8c","local_time":"20201220193911","is_ascension_mode":true,"campfire_choices":[{"data":"OctopathBindingBorder2:ReiMu","floor":11,"key":"SMITH"}],"circlet_count":0,"master_deck":["Strike_Lin:ReiMu","Strike_Lin:ReiMu","Strike_Lin:ReiMu","Defend_Lin:ReiMu","Defend_Lin:ReiMu","Defend_Lin:ReiMu","Defend_Lin:ReiMu","NB:ReiMu","Stagnation:ReiMu","UniversalSpiritual:ReiMu","OctopathBindingBorder2:ReiMu+1","SpreadBorder2:ReiMu","Shading:ReiMu","FantasyMoon:ReiMu"],"relics":["FlyPower:ReiMu","NeowsBlessing","Golden Idol","Happy Flower","Pear","Bow_fan:ReiMu","Matryoshka","Bronze Scales","Bag of Preparation"],"acts_visited":["Exordium"],"potions_floor_usage":[14],"damage_taken":[{"damage":0,"enemies":"Small Slimes","floor":1,"turns":1},{"damage":0,"enemies":"2 Louse","floor":4,"turns":1},{"damage":0,"enemies":"Lagavulin","floor":6,"turns":1},{"damage":30,"enemies":"3 Sentries","floor":10,"turns":7},{"damage":9,"enemies":"Gremlin Nob","floor":14,"turns":3}],"seed_played":"6026342270062244361","potions_obtained":[{"floor":1,"key":"MagicPotion:ReiMu"}],"is_trial":false,"path_per_floor":["M","?","?","M","?","E","$","?","T","E","R","$","T","E"],"character_chosen":"REIMU","items_purchased":["Shading:ReiMu"],"campfire_rested":0,"item_purchase_floors":[7],"current_hp_per_floor":[65,65,70,70,53,53,53,38,38,8,8,8,8,0,0],"gold":51,"neow_bonus":"THREE_ENEMY_KILL","is_daily":false,"chose_seed":false,"campfire_upgraded":1,"win_rate":0.0,"timestamp":1608464351,"path_taken":["M","?","?","M","?","E","$","?","T","E","R","?","?","E"],"items_purchased_type":["Card"],"build_version":"2020-12-13","purchased_purges":1,"victory":false,"max_hp_per_floor":[65,65,70,70,70,70,70,80,80,80,80,80,80,80,80],"card_choices":[{"not_picked":["TightArray:ReiMu","SpringWay:ReiMu"],"picked":"UniversalSpiritual:ReiMu","floor":1},{"not_picked":["CareerPray:ReiMu","EmergencyTakeOff:ReiMu"],"picked":"OctopathBindingBorder2:ReiMu","floor":4},{"not_picked":["BarrageOfMoneybags:ReiMu","PhosphorusFlame:ReiMu"],"picked":"SpreadBorder2:ReiMu","floor":6},{"not_picked":["Amulet:ReiMu","TakeOff:ReiMu"],"picked":"FantasyMoon:ReiMu","floor":10}],"player_experience":51786,"relics_obtained":[{"floor":6,"key":"Happy Flower"},{"floor":9,"key":"Bow_fan:ReiMu"},{"floor":10,"key":"Matryoshka"},{"floor":13,"key":"Bronze Scales"},{"floor":13,"key":"Bag of Preparation"}],"event_choices":[{"damage_healed":0,"gold_gain":0,"player_choice":"Ignored","damage_taken":0,"max_hp_gain":0,"max_hp_loss":0,"event_name":"Liars Game","floor":2,"gold_loss":0},{"damage_healed":0,"gold_gain":0,"player_choice":"Donut","damage_taken":0,"max_hp_gain":5,"max_hp_loss":0,"event_name":"Big Fish","floor":3,"gold_loss":0},{"damage_healed":0,"gold_gain":0,"player_choice":"Take Damage","damage_taken":17,"relics_obtained":["Golden Idol"],"max_hp_gain":0,"max_hp_loss":0,"event_name":"Golden Idol","floor":5,"gold_loss":0},{"damage_healed":0,"gold_gain":0,"player_choice":"Success","damage_taken":25,"relics_obtained":["Pear"],"max_hp_gain":0,"max_hp_loss":0,"event_name":"Scrap Ooze","floor":8,"gold_loss":0}],"is_beta":false,"boss_relics":[],"items_purged_floors":[12],"is_endless":false,"potions_floor_spawned":[1],"killed_by":"Gremlin Nob","ascension_level":1}}