{"host":"6txiqg4kpf6cux77","time":1608484572,"event":{"mods":["AchievementEnabler","Act Like it!","BaseMod","Better Third Choice","BetterRewards","Colored Map","Colored Powertips","Friendly Minions","GifTheSpireLib","Infinite Spire","Minty Spire (QoL Compilation)","Permanent Neow","Shop Mod","StSLib","Stuff the Spire","The Servant 0.9.4","vexMod"],"gold_per_floor":[117,117,42,55,79,79,108,128,151,0,27,27,72,99,111,220,232,262,291,303,328,340,352,384,426,491,518,530,530],"floor_reached":28,"playtime":2143,"items_purged":["Pain","Strike_G"],"score":271,"play_id":"053e931e-c935-455d-8c12-67f70a5e4343","local_time":"20201220191612","is_ascension_mode":true,"campfire_choices":[{"data":"StuffTheSpire:Python","floor":6,"key":"SMITH"},{"floor":15,"key":"REST"},{"floor":23,"key":"RECALL"}],"circlet_count":0,"master_deck":["Strike_G","Strike_G","Strike_G","Strike_G","Defend_G","Defend_G","Defend_G","Defend_G","Defend_G","Survivor","Neutralize+1","Blind+1","Masterful Stab","StuffTheSpire:Python+1","Accuracy","Distraction+1","StuffTheSpire:Python+1","Burst+1","Poisoned Stab+1","StuffTheSpire:ClusterCrunch+1","Cloak And Dagger+1","Noxious Fumes"],"relics":["Ring of the Snake","WarpedTongs","Snake Skull","Gambling Chip","Lee\u0027s Waffle","Potion Belt","MawBank","StuffTheSpire:GrapeVine","vexMod:CursedCompass","Prayer Wheel","vexMod:ImprovementManual","CultistMask","vexMod:ScavengeHelm","StuffTheSpire:Gunfinga"],"acts_visited":["Exordium","TheCity"],"potions_floor_usage":[11,11,25,25],"damage_taken":[{"damage":0,"enemies":"Cultist","floor":1,"turns":4},{"damage":3,"enemies":"Jaw Worm","floor":4,"turns":2},{"damage":10,"enemies":"Gremlin Nob","floor":7,"turns":4},{"damage":0,"enemies":"Small Slimes","floor":8,"turns":3},{"damage":13,"enemies":"Lagavulin","floor":11,"turns":6},{"damage":35,"enemies":"3 Sentries","floor":13,"turns":13},{"damage":0,"enemies":"Red Slaver","floor":14,"turns":2},{"damage":21,"enemies":"The Guardian","floor":16,"turns":9},{"damage":1,"enemies":"Chosen","floor":18,"turns":4},{"damage":10,"enemies":"3 Byrds","floor":19,"turns":6},{"damage":7,"enemies":"3 Cultists","floor":21,"turns":5},{"damage":8,"enemies":"Shelled Parasite and Fungi","floor":24,"turns":6},{"damage":24,"enemies":"Slavers","floor":25,"turns":4},{"damage":14,"enemies":"Snecko","floor":27,"turns":5},{"damage":14,"enemies":"Nightmare","floor":28,"turns":5}],"seed_played":"4926968524740444740","potions_obtained":[{"floor":4,"key":"Swift Potion"},{"floor":8,"key":"SkillPotion"},{"floor":14,"key":"SkillPotion"},{"floor":21,"key":"CunningPotion"},{"floor":25,"key":"SteroidPotion"}],"is_trial":false,"path_per_floor":["M","?","$","M","T","R","E","M","T","$","E","T","E","M","R","B",null,"M","M","AVR","M","?","R","M","E","T","M","NM"],"character_chosen":"THE_SILENT","items_purchased":["Lee\u0027s Waffle"],"campfire_rested":1,"item_purchase_floors":[10],"current_hp_per_floor":[70,70,70,67,67,67,57,57,57,77,64,64,29,29,52,31,77,76,66,66,59,59,59,51,27,27,13,0,0],"gold":530,"neow_bonus":"RANDOM_COLORLESS","is_daily":false,"chose_seed":false,"campfire_upgraded":1,"win_rate":0.0,"timestamp":1608484572,"path_taken":["M","?","?","?","?","R","E","M","T","$","E","?","E","M","R","BOSS","M","M","AVR","M","?","R","M","E","T","M","NM"],"items_purchased_type":["Relic"],"build_version":"2020-12-13","purchased_purges":2,"victory":false,"max_hp_per_floor":[70,70,70,70,70,70,70,70,70,77,77,77,77,77,77,77,77,77,77,77,77,77,77,77,77,77,77,77,77],"card_choices":[{"not_picked":["Impatience","Bandage Up"],"picked":"Blind","floor":0},{"not_picked":["Quick Slash","Deflect"],"picked":"Masterful Stab","floor":1},{"not_picked":["Cloak And Dagger","Masterful Stab"],"picked":"StuffTheSpire:Python","floor":4},{"not_picked":["Finisher","Concentrate"],"picked":"Accuracy","floor":7},{"not_picked":["Dagger Throw","Deadly Poison"],"picked":"Distraction","floor":8},{"not_picked":["Prepared","All Out Attack","Flechettes"],"picked":"SKIP","floor":11},{"not_picked":["Deflect","Underhanded Strike"],"picked":"StuffTheSpire:Python","floor":13},{"not_picked":["Dagger Throw","StuffTheSpire:Python","Well Laid Plans"],"picked":"SKIP","floor":14},{"not_picked":["Tools of the Trade","Bullet Time"],"picked":"Burst","floor":16},{"not_picked":["All Out Attack","Cloak And Dagger"],"picked":"Poisoned Stab+1","floor":18},{"not_picked":["Prepared","StuffTheSpire:Repulse+1","StuffTheSpire:ReptileScales"],"picked":"SKIP","floor":19},{"not_picked":["Sucker Punch","Quick Slash"],"picked":"StuffTheSpire:ClusterCrunch+1","floor":21},{"not_picked":["Quick Slash","Choke","Outmaneuver"],"picked":"SKIP","floor":21},{"not_picked":["Quick Slash","Choke","Outmaneuver"],"picked":"SKIP","floor":21},{"not_picked":["Deflect","Heel Hook"],"picked":"Cloak And Dagger+1","floor":24},{"not_picked":["Slice","Poisoned Stab","PiercingWail"],"picked":"SKIP","floor":24},{"not_picked":["Backstab+1","Dodge and Roll","Bullet Time"],"picked":"SKIP","floor":25},{"not_picked":["StuffTheSpire:ReptileScales","Acrobatics"],"picked":"Noxious Fumes","floor":27},{"not_picked":["StuffTheSpire:ClusterCrunch","Caltrops","Acrobatics"],"picked":"SKIP","floor":27}],"player_experience":167694,"relics_obtained":[{"floor":5,"key":"Snake Skull"},{"floor":7,"key":"Gambling Chip"},{"floor":11,"key":"Potion Belt"},{"floor":12,"key":"MawBank"},{"floor":13,"key":"StuffTheSpire:GrapeVine"},{"floor":25,"key":"vexMod:ScavengeHelm"},{"floor":26,"key":"StuffTheSpire:Gunfinga"}],"event_choices":[{"damage_healed":0,"gold_gain":0,"player_choice":"Rummage","damage_taken":0,"relics_obtained":["WarpedTongs"],"max_hp_gain":0,"max_hp_loss":0,"event_name":"Accursed Blacksmith","floor":2,"gold_loss":0,"cards_obtained":["Pain"]},{"damage_healed":0,"gold_gain":0,"player_choice":"Trade","damage_taken":0,"relics_obtained":["CultistMask"],"max_hp_gain":0,"max_hp_loss":0,"event_name":"FaceTrader","floor":22,"gold_loss":0}],"is_beta":false,"boss_relics":[{"not_picked":["Snecko Eye","Velvet Choker"],"picked":"vexMod:CursedCompass"}],"items_purged_floors":[3,20],"is_endless":false,"potions_floor_spawned":[4,8,14,21,25],"killed_by":"Nightmare","ascension_level":1}}