{"host":"uflv0e3ja7hvnij7","time":1608467703,"event":{"mods":["BaseMod","Conspire","Hubris","Minty Spire (QoL Compilation)","Replay The Spire","StSLib","The Bug Knight"],"gold_per_floor":[115,67,85,98,108,108,108,108,132,144,154,172,189,189,189,189,189],"floor_reached":16,"playtime":1017,"items_purged":[],"score":96,"play_id":"2912f986-6a61-4208-92b8-2e3521d751ab","local_time":"20201220073503","is_ascension_mode":false,"campfire_choices":[{"data":"HollowMod:DescendingDark","floor":6,"key":"SMITH"},{"data":"HollowMod:SiblingsSouls","floor":8,"key":"SMITH"},{"data":"HollowMod:theNailsmith","floor":15,"key":"SMITH"}],"circlet_count":0,"master_deck":["HollowMod:NailStrikeStart","HollowMod:NailStrikeStart","HollowMod:NailStrikeStart","HollowMod:NailStrikeStart","HollowMod:QuickDashStart","HollowMod:QuickDashStart","HollowMod:QuickDashStart","HollowMod:FocusHealStart","HollowMod:PogoStrike","HollowMod:ShadowDash","HollowMod:DescendingDark+1","HollowMod:MonarchWings","HollowMod:SiblingsSouls+1","HollowMod:theNailsmith+1"],"relics":["HollowMod:VesselMask","hubris:64BitClover","Frozen Egg 2"],"acts_visited":["Exordium"],"potions_floor_usage":[11,12,16],"damage_taken":[{"damage":1,"enemies":"Jaw Worm","floor":1,"turns":4},{"damage":0,"enemies":"2 Louse","floor":3,"turns":2},{"damage":2,"enemies":"Cultist","floor":4,"turns":3},{"damage":0,"enemies":"Lots of Slimes","floor":5,"turns":1},{"damage":8,"enemies":"Looter","floor":10,"turns":2},{"damage":4,"enemies":"Blue Slaver","floor":11,"turns":4},{"damage":23,"enemies":"Large Slime","floor":12,"turns":6},{"damage":0,"enemies":"Gremlin Gang","floor":13,"turns":1},{"damage":62,"enemies":"The Guardian","floor":16,"turns":9}],"seed_played":"2096704663321283452","potions_obtained":[{"floor":5,"key":"Languid Potion"},{"floor":10,"key":"SneckoOil"},{"floor":13,"key":"Explosive Potion"}],"is_trial":false,"path_per_floor":["M","$","M","M","M","R","?","R","T","M","M","M","M","?","R","B"],"character_chosen":"THE_BUGKNIGHT","items_purchased":["HollowMod:DescendingDark"],"campfire_rested":0,"item_purchase_floors":[2],"current_hp_per_floor":[68,68,68,66,66,66,66,66,66,58,64,41,41,46,46,0,0],"gold":189,"neow_bonus":"ONE_RARE_RELIC","is_daily":false,"chose_seed":false,"campfire_upgraded":3,"win_rate":0.0,"timestamp":1608467703,"path_taken":["M","$","M","M","M","R","?","R","T","M","M","M","M","?","R","BOSS"],"items_purchased_type":["Card"],"build_version":"2020-12-13","purchased_purges":0,"victory":false,"max_hp_per_floor":[68,68,68,68,68,68,68,68,68,68,68,68,68,73,73,73,73],"card_choices":[{"not_picked":["HollowMod:HowlingWraiths","HollowMod:CornifersMapStart"],"picked":"HollowMod:ShadowDash","floor":1},{"not_picked":["HollowMod:ShapeofUnn","HollowMod:HeavyBlow"],"picked":"HollowMod:MonarchWings","floor":3},{"not_picked":["HollowMod:InfectedCysts","HollowMod:DoubleDash"],"picked":"HollowMod:SiblingsSouls","floor":4},{"not_picked":["HollowMod:SoulStrike","HollowMod:CornifersMapStart","HollowMod:VengefulSpirit"],"picked":"SKIP","floor":5},{"not_picked":["HollowMod:SoulStrike","HollowMod:CornifersMapStart","HollowMod:VengefulSpirit"],"picked":"SKIP","floor":5},{"not_picked":["HollowMod:SoulStrike","HollowMod:CornifersMapStart","HollowMod:VengefulSpirit"],"picked":"SKIP","floor":5},{"not_picked":["HollowMod:NewJinnsSoul","HollowMod:CycloneSlash"],"picked":"HollowMod:theNailsmith","floor":10},{"not_picked":["HollowMod:CycloneSlash","HollowMod:Grubsong","HollowMod:GoodIntentions"],"picked":"SKIP","floor":11},{"not_picked":["HollowMod:InfectedAttack","HollowMod:ChannelNail","HollowMod:SiblingsSouls"],"picked":"SKIP","floor":12},{"not_picked":["HollowMod:NewJinnsSoul","HollowMod:SharpenedNail","HollowMod:FastStrike"],"picked":"SKIP","floor":13}],"player_experience":255070,"relics_obtained":[{"floor":12,"key":"Frozen Egg 2"}],"event_choices":[{"damage_healed":0,"gold_gain":0,"player_choice":"Donut","damage_taken":0,"max_hp_gain":5,"max_hp_loss":0,"event_name":"Big Fish","floor":14,"gold_loss":0}],"is_beta":false,"boss_relics":[],"items_purged_floors":[],"is_endless":false,"potions_floor_spawned":[5,10,13],"killed_by":"The Guardian","ascension_level":0}}