{"host":"knoo6yq0od847mqf","time":1608474466,"event":{"mods":["BaseMod","Bestiary","CatGirl Mod","Displayed Cursed Tome","Downfall","Hermit","Hubris","Marisa????????","Minty Spire (QoL Compilation)","Prisma Mod","Replay The Spire","StSLib","The Alterego","The Bug Knight","The Cursed","The Dragon Tamer","The Exalted","The Vixen"],"gold_per_floor":[117,150,150,150,170,170,205,205,205,205,205,242,242,283,283,406,406,423,435,435,474,492,492,492,492],"floor_reached":24,"playtime":972,"items_purged":[],"score":190,"play_id":"e1a3cf8d-31c8-4748-8ab6-1ee08a7ec1df","local_time":"20201220152746","is_ascension_mode":false,"campfire_choices":[{"data":"WitchOfGreed","floor":6,"key":"SMITH"},{"data":"AsteroidBelt","floor":8,"key":"SMITH"},{"data":"DeepEcoloBomb","floor":10,"key":"SMITH"},{"data":"JA","floor":15,"key":"SMITH"},{"floor":23,"key":"REST"}],"circlet_count":0,"master_deck":["Strike_MRS","Strike_MRS","Strike_MRS+1","Defend_MRS","Defend_MRS","Defend_MRS","Defend_MRS","MasterSpark+1","UpSweep","WitchOfGreed+1","AbsoluteMagnitude+1","PowerUp","DoubleSpark","Orbital","DeepEcoloBomb+1","AsteroidBelt+1","AlicesGift+1","SporeBomb","JA+1","TreasureHunter","IllusionStar+1","Writhe","CasketOfStar"],"relics":["MiniHakkero","hubris:TinFlute","Shovel","hubris:TerracottaHorce","Molten Egg 2"],"acts_visited":["Exordium","TheCity"],"potions_floor_usage":[13,18,19,24],"damage_taken":[{"damage":1,"enemies":"Cultist","floor":1,"turns":3},{"damage":6,"enemies":"Jaw Worm","floor":2,"turns":3},{"damage":0,"enemies":"2 Louse","floor":5,"turns":2},{"damage":4,"enemies":"Blue Slaver","floor":7,"turns":4},{"damage":0,"enemies":"Looter","floor":12,"turns":3},{"damage":4,"enemies":"Gremlin Gang","floor":14,"turns":4},{"damage":30,"enemies":"Slime Boss","floor":16,"turns":8},{"damage":6,"enemies":"2 Thieves","floor":18,"turns":2},{"damage":9,"enemies":"Chosen","floor":19,"turns":2},{"damage":11,"enemies":"3 Cultists","floor":21,"turns":4},{"damage":12,"enemies":"Chosen and Byrds","floor":22,"turns":3},{"damage":61,"enemies":"Gremlin Leader","floor":24,"turns":5}],"seed_played":"-8264985309698033115","potions_obtained":[{"floor":2,"key":"SpeedPotion"},{"floor":7,"key":"Regen Potion"},{"floor":7,"key":"Doom Potion"},{"floor":12,"key":"Fruit Juice"},{"floor":14,"key":"Swift Potion"},{"floor":16,"key":"Fire Potion"},{"floor":18,"key":"Elixir"},{"floor":21,"key":"FearPotion"}],"is_trial":false,"path_per_floor":["M","M","?","?","M","R","M","R","T","R","?","M","T","M","R","B",null,"M","M","?","M","M","R","E"],"character_chosen":"MARISA","items_purchased":[],"campfire_rested":1,"item_purchase_floors":[],"current_hp_per_floor":[74,68,68,68,68,68,64,64,64,64,49,49,54,50,50,20,65,59,55,55,44,32,56,0,0],"gold":492,"neow_bonus":"RANDOM_EVENT","is_daily":false,"chose_seed":false,"campfire_upgraded":4,"win_rate":0.0,"timestamp":1608474466,"path_taken":["M","M","?","?","M","R","M","R","T","R","?","M","?","M","R","BOSS","M","M","?","M","?","R","E"],"items_purchased_type":[],"build_version":"2020-12-13","purchased_purges":0,"victory":false,"max_hp_per_floor":[75,75,75,75,75,75,75,75,75,75,75,75,80,80,80,80,80,80,80,80,80,80,80,80,80],"card_choices":[{"not_picked":["ShootingEcho","DC"],"picked":"WitchOfGreed","floor":1},{"not_picked":["6A","Orbital","MilkyWay"],"picked":"SKIP","floor":2},{"not_picked":["OrrerysSun","BlazeAway"],"picked":"AlicesGift","floor":5},{"not_picked":["DeepEcoloBomb","MachineGunSpark"],"picked":"SporeBomb","floor":7},{"not_picked":["MagicAbsorber","OneTimeOff"],"picked":"JA","floor":12},{"not_picked":["WitchLeyline","IllusionStar","SporeBomb"],"picked":"SKIP","floor":14},{"not_picked":["CasketOfStar","EscapeVelocity"],"picked":"TreasureHunter","floor":16},{"not_picked":["GalacticHalo","GrandCross","AsteroidBelt"],"picked":"SKIP","floor":18},{"not_picked":["WitchLeyline","LuminesStrike"],"picked":"IllusionStar+1","floor":19},{"not_picked":["AlicesGift+1","Orbital"],"picked":"CasketOfStar","floor":21},{"not_picked":["DC+1","SporeBomb","OneTimeOff+1"],"picked":"SKIP","floor":22}],"player_experience":206471,"relics_obtained":[{"floor":9,"key":"hubris:TinFlute"},{"floor":13,"key":"Shovel"}],"event_choices":[{"damage_healed":0,"gold_gain":0,"player_choice":"Entered Light","damage_taken":15,"max_hp_gain":0,"max_hp_loss":0,"event_name":"Shining Light","floor":11,"gold_loss":0,"cards_upgraded":["Strike_MRS","AlicesGift"]},{"damage_healed":0,"gold_gain":0,"player_choice":"Opened","damage_taken":0,"relics_obtained":["Molten Egg 2"],"max_hp_gain":0,"max_hp_loss":0,"event_name":"The Mausoleum","floor":20,"gold_loss":0,"cards_obtained":["Writhe"]}],"is_beta":false,"boss_relics":[{"not_picked":["Ectoplasm","hubris:RunicObelisk"],"picked":"hubris:TerracottaHorce"}],"items_purged_floors":[],"is_endless":false,"potions_floor_spawned":[7,12,14,16,18,21],"killed_by":"Gremlin Leader","ascension_level":0}}