{"host":"mn5ze3eyhx81nlo2","time":1608493258,"event":{"mods":["BaseMod","Block Reminder","Challenge The Spire","Downfall","Hermit","Hubris","Infinite Spire","Minty Spire (QoL Compilation)","Quick Restart","Replay The Spire","Shade Mod","StSLib","The Cursed","The Druid","The Hierophant","The Runesmith","Unceasing Turn Reminder"],"gold_per_floor":[99,116,129,129,114,114,165,191,54,89,100,275,275,275,286,389,389,189,189,204,229,229,104,104,182,132,160,160,295,310,323,338,584,584,534,551,551,564,582,225,225,43,43,75,85,150,168,168,184,280,480,430,430,430],"floor_reached":53,"playtime":2462,"items_purged":["Regret","Decay","Slimebound:Strike_Slimebound+1"],"score":889,"play_id":"e7055a72-3c49-4c18-94c9-360acc2a9477","local_time":"20201220194058","is_ascension_mode":true,"campfire_choices":[{"data":"Slimebound:SlimeSlap","floor":1.0,"key":"SMITH"},{"floor":18,"key":"RECALL"},{"floor":23,"key":"REST"},{"data":"Slimebound:SamplingLick","floor":26,"key":"SMITH"},{"data":"Slimebound:DuplicatedForm","floor":35,"key":"SMITH"},{"data":"Slimebound:TongueLash","floor":43,"key":"SMITH"},{"floor":52,"key":"DIG"}],"circlet_count":0,"master_deck":["Slimebound:Strike_Slimebound+1","Slimebound:Strike_Slimebound+1","Slimebound:Tackle","Slimebound:Defend_Slimebound+1","Slimebound:Defend_Slimebound+1","Slimebound:Defend_Slimebound+1","Slimebound:Defend_Slimebound+1","Slimebound:Split+1","Slimebound:CorrosiveSpit+1","Slimebound:SlimeSlap+1","Slimebound:Schlurp+1","Slimebound:SamplingLick+1","Slimebound:ViciousTackle","Slimebound:SplitMire+1","Slimebound:Repurpose","Slimebound:RejuvenatingLick","Slimebound:TongueLash+1","Slimebound:Gluttony","Slimebound:FirmFortitude","Slimebound:DuplicatedForm+1","Slimebound:SlimeSlap+1","Slimebound:AcidTongue+1","ReplayTheSpireMod:Faulty Equipment","Slimebound:GoopSpray","Slimebound:LivingWall+1","ReplayTheSpireMod:Splinters","CurseOfTheBell"],"relics":["Slimebound:AbsorbEndCombat","War Paint","infinitespire:Bottled Soul","Smiling Mask","Slimebound:GreedOozeRelic","Empty Cage","downfall:HeartBlessingGreen","downfall:HeartBlessingBlue","Cursed Key","Calipers","downfall:HeartBlessingRed","hubris:MobiusCoin","Singing Bowl","Strawberry","Guardian:PocketSentry","Busted Crown","hubris:MysteriousPyramids","Iron Hammer","Gremlin Food","Blue Doll","Slimebound:AbsorbEndCombatUpgraded","Replay:Grab Bag","ChewingGum","Replay:Bronze Core","hubris:Backtick","Magic Flower","Calling Bell","Pen Nib","Pantograph","CaptainsWheel","Pet Ghost"],"acts_visited":["Exordium","TheCity","TheBeyond","Exordium"],"potions_floor_usage":[8,16,16,25],"damage_taken":[{"damage":18.0,"enemies":"infinitespire:Voidling","floor":2.0,"turns":4.0},{"damage":9.0,"enemies":"Jaw Worm","floor":3.0,"turns":3.0},{"damage":21.0,"enemies":"downfall:FleeingMerchant","floor":5.0,"turns":4.0},{"damage":24,"enemies":"Lagavulin","floor":8,"turns":6},{"damage":29,"enemies":"downfall:FleeingMerchant","floor":9,"turns":4},{"damage":21,"enemies":"3 Sentries","floor":10,"turns":5},{"damage":7,"enemies":"2 Louse","floor":11,"turns":2},{"damage":25,"enemies":"Blue Slaver","floor":15,"turns":3},{"damage":72,"enemies":"downfall:Silent","floor":16,"turns":6},{"damage":41,"enemies":"Spheric Guardian","floor":20,"turns":4},{"damage":29,"enemies":"Replay:Snechameleon","floor":21,"turns":4},{"damage":51,"enemies":"Nightmare","floor":25,"turns":6},{"damage":44,"enemies":"Slavers","floor":27,"turns":4},{"damage":35,"enemies":"downfall:FleeingMerchant","floor":29,"turns":4},{"damage":12,"enemies":"3 Byrds","floor":30,"turns":3},{"damage":27,"enemies":"Centurion and Healer","floor":31,"turns":4},{"damage":8,"enemies":"Chosen and Byrds","floor":32,"turns":4},{"damage":37,"enemies":"downfall:Watcher","floor":33,"turns":6},{"damage":30,"enemies":"3 Shapes","floor":36,"turns":3},{"damage":34,"enemies":"3 Darklings","floor":38,"turns":4},{"damage":20,"enemies":"Jaw Worm Horde","floor":39,"turns":4},{"damage":42,"enemies":"Reptomancer","floor":44,"turns":5},{"damage":39,"enemies":"4 Shapes","floor":45,"turns":4},{"damage":44,"enemies":"Sphere and 2 Shapes","floor":47,"turns":5},{"damage":12,"enemies":"3 Darklings","floor":49,"turns":5},{"damage":26,"enemies":"downfall:Defect","floor":50,"turns":6},{"damage":18,"enemies":"Gremlin Nob","floor":53,"turns":2}],"seed_played":"807323457424809627","potions_obtained":[{"floor":2.0,"key":"Slimebound:SlimyTonguePotion"},{"floor":3.0,"key":"SpeedPotion"},{"floor":8,"key":"LifebloodPotion"},{"floor":10,"key":"Adrenaline Potion"},{"floor":21,"key":"Flashbang"},{"floor":30,"key":"Slimebound:SlimyTonguePotion"},{"floor":32,"key":"Slimebound:SlimyTonguePotion"},{"floor":49,"key":"Elixir"},{"floor":50,"key":"PowerPotion"}],"is_trial":false,"path_per_floor":["R","M","M","?","$","?","T","E","$","E","M","?","?","?","M","B",null,"R","AVR","M","E","?","R","T","NM","R","E","?","$","M","M","M","B",null,"R","M","?","M","M","$","T","$","R","E","M","?","M","AVR","M","B",null,"R","E"],"character_chosen":"SLIMEBOUND","items_purchased":["Slimebound:SplitMire","Slimebound:TongueLash","Slimebound:Gluttony","Slimebound:AcidTongue+1","hubris:MysteriousPyramids","Slimebound:GoopSpray","Gremlin Food"],"campfire_rested":1,"item_purchase_floors":[9,29,29,40,40,42,42],"current_hp_per_floor":[60,54,60,60,60,60,60,56,47,58,60,60,60,60,43,21,60,70,70,45,42,42,63,63,56,56,65,65,72,85,87,87,78,87,87,81,81,91,93,93,93,93,93,79,88,90,90,90,101,103,103,103,88,88],"gold":430,"neow_bonus":"ONE_RANDOM_RARE_CARD","is_daily":false,"chose_seed":false,"campfire_upgraded":4,"win_rate":0.0,"timestamp":1608493258,"path_taken":["R","M","?","?","$","?","T","E","$","E","M","?","?","?","M","BOSS","R","AVR","M","E","?","R","T","NM","R","E","?","$","?","?","M","BOSS","R","M","?","M","M","$","T","?","R","E","?","?","M","AVR","M","BOSS","R","E"],"items_purchased_type":["Card","Card","Card","Card","Relic","Card","Relic"],"build_version":"2020-12-13","purchased_purges":3,"victory":false,"max_hp_per_floor":[60,60,60,60,60,60,60,60,60,60,60,60,60,60,60,60,60,70,70,70,70,70,70,70,72,72,81,81,83,85,87,87,87,87,87,89,89,91,93,93,93,93,93,95,95,97,99,99,101,103,103,103,103,103],"card_choices":[{"not_picked":["Slimebound:SlimeSpikes","Slimebound:SplitAcid","Slimebound:LeechEnergy"],"picked":"SKIP","floor":2.0},{"not_picked":["Slimebound:DisruptingSlam","Slimebound:SplitBruiser"],"picked":"Slimebound:Schlurp","floor":3.0},{"not_picked":["Slimebound:SlimeBarrage","Slimebound:FinishingTackle"],"picked":"Slimebound:SamplingLick","floor":5},{"not_picked":["Slimebound:BestDefense","Slimebound:MassFeed"],"picked":"Slimebound:ViciousTackle","floor":8},{"not_picked":["Slimebound:ProtectTheBoss","Slimebound:ComboTackle","Slimebound:SplitLeeching"],"picked":"SKIP","floor":9},{"not_picked":["Slimebound:Dissolve","Slimebound:Schlurp","Slimebound:FlameTackle"],"picked":"SKIP","floor":10},{"not_picked":["Slimebound:ViciousTackle","Slimebound:DisruptingSlam","Slimebound:Schlurp"],"picked":"SKIP","floor":11},{"not_picked":["Slimebound:Grow","Slimebound:FinishingTackle"],"picked":"Slimebound:Repurpose","floor":15},{"not_picked":["Slimebound:RollThrough+1","Slimebound:FinishingTackle","Slimebound:FormOfPuddle"],"picked":"SKIP","floor":20},{"not_picked":["Slimebound:PressTheAttack","Slimebound:SplitAcid"],"picked":"Slimebound:RejuvenatingLick","floor":21},{"not_picked":["ReplayTheSpireMod:Haul","infinitespire:TheBestDefense","Replay:Fractal Strike"],"picked":"Singing Bowl","floor":25},{"not_picked":["Slimebound:SplitMire","Slimebound:Prepare+1","Slimebound:SplitLeeching"],"picked":"SKIP","floor":25},{"not_picked":["Slimebound:Dissolve","Slimebound:SlimeTap","Slimebound:GoopSpray"],"picked":"Singing Bowl","floor":27},{"not_picked":["Slimebound:SplitLeeching","Slimebound:Teamwork","Slimebound:Chomp+1"],"picked":"Singing Bowl","floor":29},{"not_picked":["Slimebound:ViciousTackle","Slimebound:LeechEnergy+1","Slimebound:SplitAcid+1"],"picked":"Singing Bowl","floor":30},{"not_picked":["Slimebound:SlimeSpikes+1","Slimebound:RollThrough","Slimebound:ProtectTheBoss"],"picked":"Singing Bowl","floor":31},{"not_picked":["Slimebound:GoopSpray","Slimebound:TongueLash"],"picked":"Slimebound:FirmFortitude","floor":32},{"not_picked":["Slimebound:SlimeSlap","Slimebound:LeechLife"],"picked":"Slimebound:DuplicatedForm","floor":33},{"not_picked":["Slimebound:GrowthPunch"],"picked":"Singing Bowl","floor":36},{"not_picked":["Slimebound:SplitBruiser"],"picked":"Singing Bowl","floor":38},{"not_picked":["Slimebound:GoopTackle+1"],"picked":"Singing Bowl","floor":39},{"not_picked":["Slimebound:SplitAcid"],"picked":"Singing Bowl","floor":44},{"not_picked":[],"picked":"Slimebound:LivingWall+1","floor":45},{"not_picked":["Slimebound:Grow"],"picked":"Singing Bowl","floor":46},{"not_picked":["Slimebound:SlimeBrawl+1"],"picked":"Singing Bowl","floor":47},{"not_picked":["Slimebound:GoopSpray+1"],"picked":"Singing Bowl","floor":49},{"not_picked":["Slimebound:PrepareCrush"],"picked":"Singing Bowl","floor":50}],"player_experience":912616,"relics_obtained":[{"floor":8,"key":"infinitespire:Bottled Soul"},{"floor":10,"key":"Smiling Mask"},{"floor":21,"key":"Calipers"},{"floor":24,"key":"hubris:MobiusCoin"},{"floor":25,"key":"Singing Bowl"},{"floor":27,"key":"Strawberry"},{"floor":28,"key":"Guardian:PocketSentry"},{"floor":41,"key":"Iron Hammer"},{"floor":44,"key":"Blue Doll"},{"floor":51,"key":"Pen Nib"},{"floor":51,"key":"Pantograph"},{"floor":51,"key":"CaptainsWheel"},{"floor":52,"key":"Pet Ghost"}],"event_choices":[{"damage_healed":0,"gold_gain":0,"player_choice":"Box","damage_taken":0,"relics_obtained":["War Paint"],"max_hp_gain":0,"max_hp_loss":0,"event_name":"Big Fish","floor":6,"gold_loss":0,"cards_obtained":["Regret"]},{"damage_healed":0,"gold_gain":0,"player_choice":"Simplicity","damage_taken":0,"max_hp_gain":0,"max_hp_loss":0,"event_name":"Back to Basics","floor":22,"gold_loss":0,"cards_upgraded":["Slimebound:Strike_Slimebound","Slimebound:Strike_Slimebound","Slimebound:Strike_Slimebound","Slimebound:Defend_Slimebound","Slimebound:Defend_Slimebound"]},{"damage_healed":0,"gold_gain":0,"player_choice":"Relic","damage_taken":0,"max_hp_gain":0,"max_hp_loss":0,"event_name":"Wheel of Change","floor":28,"gold_loss":0},{"damage_healed":0,"gold_gain":0,"player_choice":"Copied","damage_taken":0,"max_hp_gain":0,"max_hp_loss":0,"event_name":"Duplicator","floor":37,"gold_loss":0,"cards_obtained":["Slimebound:SlimeSlap"]}],"is_beta":false,"boss_relics":[{"not_picked":["Tiny House","Pandora\u0027s Box"],"picked":"Empty Cage"},{"not_picked":["Kintsugi","hubris:BlackHole"],"picked":"Busted Crown"},{"not_picked":["hubris:CrackedHourglass","Black Star"],"picked":"Replay:Grab Bag"},{"not_picked":["ReplayTheSpireMod:DimensionalGlitch","Slimebound:TarBlob"],"picked":"ChewingGum"},{"not_picked":["hubris:GrandSneckoEye","Velvet Choker"],"picked":"Replay:Bronze Core"},{"not_picked":["Replay:Drink Me","Runic Pyramid"],"picked":"hubris:Backtick"},{"not_picked":["Astrolabe","hubris:HollowSoul"],"picked":"Calling Bell"}],"items_purged_floors":[9,29,40],"is_endless":true,"potions_floor_spawned":[2,3,8,10,21,30,32,45,47,49,50],"killed_by":"Gremlin Nob","ascension_level":1}}