{"host":"e1ezmaebp4k769tb","time":1608454645,"event":{"mods":["2.2 Compatiblity","AchievementEnabler","AlwaysNeverKeys","BaseMod","CapriCore","Card Filter","Colored Powertips","Curses Come First","DeckTracker","Friendly Minions","Highlight Path","HololiveMod","Keyboard Shortcuts","Koishi","Minty Spire (QoL Compilation)","Permanent Neow","Quick Restart","Red Circlet Mod","Replay The Spire","StSLib","WarShipGirlsR/??á´Ò³R mod"],"gold_per_floor":[113,38,80,93,105,138,138,154,223,255,0,16,16,16,16,94,94,104,104,29,43,43,72,72,106,133,133,133,133,160,180,180,172,172,209,229,229,257,257,292,292,631,658,658,704,735,735,735,735,751,757,757],"floor_reached":51,"playtime":2189,"items_purged":["CommonCold","rmod:strick"],"score":1527,"play_id":"53231c11-9a43-401b-9a71-7a75ef0be227","local_time":"20201220175725","is_ascension_mode":true,"campfire_choices":[{"data":"rmod:diamondstrike","floor":7.0,"key":"SMITH"},{"data":"rmod:chargemoney","floor":13.0,"key":"SMITH"},{"data":"rmod:steelsupply","floor":15.0,"key":"SMITH"},{"data":"1","floor":24.0,"key":"LIFT"},{"data":"2","floor":27.0,"key":"LIFT"},{"floor":32.0,"key":"REST"},{"data":"3","floor":41.0,"key":"LIFT"},{"floor":44.0,"key":"REST"},{"floor":47.0,"key":"REST"}],"circlet_count":1,"master_deck":["AscendersBane","rmod:strick+1","rmod:strick","rmod:defend","rmod:defend","rmod:defend","rmod:defend+1","rmod:basicallowance","rmod:maingunfire","rmod:diamondstrike+1","rmod:firesupport","rmod:overbreakdown","rmod:tearstotiara","rmod:diamondstrike","rmod:diaomin","rmod:selfconfidence","rmod:acesubmarine+1","rmod:chargemoney+1","rmod:steelsupply+1","rmod:highspeedmaneuver","ReplayTheSpireMod:Doomed","rmod:circuitoustactics","rmod:supportescort","rmod:firesupport+1","rmod:mineteam+1","rmod:ammunitionsupply+1","rmod:guardianhero","rmod:highspeedmaneuver","rmod:tearstotiara+1","rmod:selfconfidence+1","rmod:circuitoustactics","rmod:goodfighter","Madness","Madness"],"relics":["rmod:firstchargereward","Smiling Mask","ReplayTheSpireMod:CursedCoin","Circlet","Matryoshka","Simple Rune","Ring of Fury","Replay:Ancient Bell","Vajra","Replay:Ringing Soul","Ginger","MutagenicStrength","Girya","Blood Vial","Replay:Bandana","Potion Belt","Philosopher\u0027s Stone","Centennial Puzzle","Lizard Tail","ReplayTheSpireMod:Ninjato","Old Coin","Regal Pillow","Dream Catcher"],"acts_visited":["Exordium","TheCity","TheBeyond"],"potions_floor_usage":[50,50,50],"damage_taken":[{"damage":5.0,"enemies":"Small Slimes","floor":1.0,"turns":4.0},{"damage":0.0,"enemies":"2 Louse","floor":4.0,"turns":2.0},{"damage":5.0,"enemies":"Jaw Worm","floor":5.0,"turns":2.0},{"damage":20.0,"enemies":"Lagavulin","floor":6.0,"turns":6.0},{"damage":0.0,"enemies":"2 Fungi Beasts","floor":8.0,"turns":6.0},{"damage":13.0,"enemies":"3 Sentries","floor":10.0,"turns":5.0},{"damage":0.0,"enemies":"3 Louse","floor":12.0,"turns":1.0},{"damage":18.0,"enemies":"Hexaghost","floor":16.0,"turns":6.0},{"damage":25.0,"enemies":"Shell Parasite","floor":18.0,"turns":5.0},{"damage":0.0,"enemies":"Spheric Guardian","floor":21.0,"turns":1.0},{"damage":0.0,"enemies":"Gremlin Leader","floor":23.0,"turns":4.0},{"damage":29.0,"enemies":"Slavers","floor":25.0,"turns":3.0},{"damage":24.0,"enemies":"Shelled Parasite and Fungi","floor":30.0,"turns":3.0},{"damage":10.0,"enemies":"Snecko","floor":31.0,"turns":3.0},{"damage":14.0,"enemies":"Automaton","floor":33.0,"turns":8.0},{"damage":0.0,"enemies":"3 Darklings","floor":35.0,"turns":2.0},{"damage":2.0,"enemies":"Orb Walker","floor":36.0,"turns":2.0},{"damage":0.0,"enemies":"Spire Growth","floor":38.0,"turns":2.0},{"damage":44.0,"enemies":"Nemesis","floor":40.0,"turns":5.0},{"damage":26.0,"enemies":"Mind Bloom Boss Battle","floor":42.0,"turns":4.0},{"damage":9.0,"enemies":"R_Hoarder","floor":45.0,"turns":5.0},{"damage":15.0,"enemies":"4 Shapes","floor":46.0,"turns":2.0},{"damage":81,"enemies":"Awakened One","floor":50,"turns":7},{"damage":7,"enemies":"Time Eater","floor":51,"turns":2}],"seed_played":"-4674598600635513038","potions_obtained":[{"floor":4.0,"key":"Cursed Concoction"},{"floor":5.0,"key":"SteroidPotion"},{"floor":8.0,"key":"Explosive Potion"},{"floor":10.0,"key":"Languid Potion"},{"floor":21.0,"key":"SteroidPotion"},{"floor":23.0,"key":"Strength Potion"},{"floor":30.0,"key":"Fire Potion"},{"floor":33.0,"key":"DistilledChaos"},{"floor":36.0,"key":"Swift Potion"},{"floor":38.0,"key":"SpeedPotion"},{"floor":46.0,"key":"PowerPotion"},{"floor":49.0,"key":"Fire Potion"},{"floor":49.0,"key":"Languid Potion"}],"is_trial":false,"path_per_floor":["M","?","$","M","M","E","R","M","T","E","$","M","R","?","R","B",null,"M","?","?","M","$","E","R","E","T","R","?","?","M","M","R","B",null,"M","M","?","M","T","E","R","?","T","R","E","M","R","?","R","B","B"],"character_chosen":"PRAEFECT","items_purchased":["ReplayTheSpireMod:CursedCoin","rmod:firesupport","rmod:acesubmarine+1","rmod:chargemoney"],"campfire_rested":3,"item_purchase_floors":[3,3,11,11],"current_hp_per_floor":[58,58,58,58,53,33,33,48,48,35,35,35,35,35,35,32,64,42,42,42,45,45,48,48,31,31,31,31,31,21,16,43,34,79,81,84,84,89,89,50,50,29,29,75,68,55,101,85,85,6,1,1],"gold":757,"neow_bonus":"RANDOM_COMMON_RELIC","is_daily":false,"chose_seed":false,"campfire_upgraded":3,"win_rate":0.0,"timestamp":1608454645,"path_taken":["M","?","$","M","M","E","R","M","T","E","$","M","R","?","R","BOSS","M","?","?","M","$","E","R","E","T","R","?","?","M","M","R","BOSS","M","M","?","?","?","E","R","?","T","R","E","M","R","?","R","BOSS","BOSS"],"items_purchased_type":["Relic","Card","Card","Card"],"build_version":"2020-12-13","purchased_purges":2,"victory":false,"max_hp_per_floor":[70,70,70,70,70,70,70,70,70,70,70,70,70,70,70,70,73,76,76,76,79,79,82,82,85,85,85,85,85,88,91,91,94,94,94,97,97,100,100,103,103,106,106,106,106,106,106,109,109,109,109,109],"card_choices":[{"not_picked":["rmod:aviationdawn","rmod:garrisonisland"],"picked":"rmod:diamondstrike","floor":1.0},{"not_picked":["rmod:unsinkable","rmod:intelligenceanalysis"],"picked":"rmod:overbreakdown","floor":4.0},{"not_picked":["rmod:goodfighter","rmod:luckystar"],"picked":"rmod:tearstotiara","floor":5.0},{"not_picked":["rmod:heivgo","rmod:supportescort"],"picked":"rmod:diamondstrike","floor":6.0},{"not_picked":["rmod:fletcherpendant","rmod:aggressivemary"],"picked":"rmod:diaomin","floor":8.0},{"not_picked":["rmod:overbreakdown","rmod:luckystar"],"picked":"rmod:selfconfidence","floor":10.0},{"not_picked":["rmod:selfconfidence","rmod:openingtorpedo"],"picked":"rmod:steelsupply","floor":12.0},{"not_picked":["rmod:windflower","rmod:fletcher"],"picked":"rmod:highspeedmaneuver","floor":16.0},{"not_picked":["Languid","Parasite"],"picked":"ReplayTheSpireMod:IOU","floor":17.0},{"not_picked":["Decay","Voices"],"picked":"ReplayTheSpireMod:Doomed","floor":17.0},{"not_picked":["Spreading Infection","Pain"],"picked":"Hallucinations","floor":17.0},{"not_picked":["rmod:garrisonisland","rmod:heivgo"],"picked":"rmod:circuitoustactics","floor":18.0},{"not_picked":["rmod:luckystar","rmod:rockthrower"],"picked":"rmod:supportescort","floor":21.0},{"not_picked":["rmod:supportescort","rmod:advancebysurprise"],"picked":"rmod:firesupport+1","floor":23.0},{"not_picked":["rmod:concentratefire","rmod:victimresponsibility"],"picked":"rmod:mineteam","floor":25.0},{"not_picked":["rmod:intelligenceanalysis+1","rmod:firesupport+1"],"picked":"rmod:ammunitionsupply+1","floor":30.0},{"not_picked":["rmod:fletcherpendant","rmod:unsinkable"],"picked":"rmod:guardianhero","floor":31.0},{"not_picked":["rmod:fletcher","rmod:u235"],"picked":"rmod:highspeedmaneuver","floor":33.0},{"not_picked":["rmod:combined","rmod:goodsister+1","rmod:rockthrower"],"picked":"SKIP","floor":35.0},{"not_picked":["rmod:aluminumsupply+1","rmod:combined"],"picked":"rmod:tearstotiara+1","floor":36.0},{"not_picked":["rmod:windflower","rmod:spoils+1"],"picked":"rmod:selfconfidence+1","floor":38.0},{"not_picked":["rmod:aggressivemary","rmod:mineteam"],"picked":"rmod:circuitoustactics","floor":40.0},{"not_picked":["rmod:supportaircraftcarrier","rmod:openingtorpedo"],"picked":"rmod:goodfighter","floor":42.0},{"not_picked":["rmod:slowdown","rmod:highspeedshooting","rmod:capitalist"],"picked":"SKIP","floor":45.0},{"not_picked":["rmod:supportescort","rmod:combined","rmod:wasp"],"picked":"SKIP","floor":46.0}],"player_experience":146311,"relics_obtained":[{"floor":6.0,"key":"Dead Branch"},{"floor":9.0,"key":"Matryoshka"},{"floor":10.0,"key":"Simple Rune"},{"floor":14.0,"key":"Ring of Fury"},{"floor":23.0,"key":"Girya"},{"floor":25.0,"key":"Blood Vial"},{"floor":26.0,"key":"Replay:Bandana"},{"floor":26.0,"key":"Potion Belt"},{"floor":39.0,"key":"Centennial Puzzle"},{"floor":39.0,"key":"Lizard Tail"},{"floor":40.0,"key":"ReplayTheSpireMod:Ninjato"},{"floor":42.0,"key":"Old Coin"},{"floor":43.0,"key":"Regal Pillow"},{"floor":45.0,"key":"Dream Catcher"}],"event_choices":[{"cards_removed":["rmod:strick"],"damage_healed":0.0,"max_hp_gain":0.0,"max_hp_loss":0.0,"gold_gain":0.0,"event_name":"The Cleric","player_choice":"Card Removal","floor":2.0,"gold_loss":75.0,"damage_taken":0.0},{"damage_healed":0.0,"max_hp_gain":0.0,"max_hp_loss":0.0,"gold_gain":0.0,"event_name":"Drug Dealer","player_choice":"Inject Mutagens","floor":19.0,"gold_loss":0.0,"damage_taken":0.0,"relics_obtained":["MutagenicStrength"]},{"cards_removed":["Hallucinations"],"damage_healed":0.0,"max_hp_gain":0.0,"max_hp_loss":0.0,"gold_gain":0.0,"event_name":"Beggar","player_choice":"Gave Gold","floor":20.0,"gold_loss":75.0,"damage_taken":0.0},{"damage_healed":0.0,"max_hp_gain":0.0,"max_hp_loss":0.0,"gold_gain":0.0,"event_name":"Vampires","player_choice":"Ignored","floor":29.0,"gold_loss":0.0,"damage_taken":0.0},{"damage_healed":0.0,"max_hp_gain":0.0,"max_hp_loss":0.0,"gold_gain":0.0,"event_name":"Accursed Blacksmith","player_choice":"Forge","floor":37.0,"gold_loss":0.0,"damage_taken":0.0,"cards_upgraded":["rmod:mineteam"]},{"damage_healed":0.0,"max_hp_gain":0.0,"max_hp_loss":0.0,"gold_gain":0.0,"event_name":"MindBloom","player_choice":"Fight","floor":42.0,"gold_loss":0.0,"damage_taken":0.0},{"damage_healed":0.0,"max_hp_gain":0.0,"max_hp_loss":0.0,"gold_gain":0.0,"event_name":"Winding Halls","player_choice":"Embrace Madness","floor":48.0,"gold_loss":0.0,"damage_taken":19.0,"cards_obtained":["Madness","Madness"]}],"is_beta":false,"boss_relics":[{"not_picked":["Runic Pyramid","Velvet Choker"],"picked":"Replay:Ancient Bell"},{"not_picked":["Blue Doll","Ancient Tea Set"],"picked":"Vajra"},{"not_picked":["Meat on the Bone","Sundial"],"picked":"Replay:Ringing Soul"},{"not_picked":["Mango","WingedGreaves"],"picked":"Ginger"},{"not_picked":["Abe\u0027s Treasure","Runic Dome"],"picked":"Philosopher\u0027s Stone"}],"items_purged_floors":[3,11],"is_endless":false,"potions_floor_spawned":[4,5,8,10,21,23,30,33,36,38,46],"killed_by":"Time Eater","ascension_level":20}}