{"host":"e87rn453naquue3h","time":1608504419,"event":{"mods":["AchievementEnabler","BaseMod","Downfall","Minty Spire (QoL Compilation)","StSLib"],"gold_per_floor":[99,99,134,143,143,167,167,197,207,207,216,57,157,185,202,311,311,311,331,331,346,355,33,33,33,47,47,75,95,95,114,133,247,247,247,247,247],"floor_reached":36,"playtime":2912,"items_purged":["Regret"],"score":447,"play_id":"be4e2972-a1a7-4fcd-9061-19cc472aa850","local_time":"20201220174659","is_ascension_mode":false,"campfire_choices":[{"data":"champ:Taunt","floor":1,"key":"SMITH"},{"data":"champ:Duel","floor":5,"key":"SMITH"},{"floor":10,"key":"REST"},{"data":"champ:BerserkerStyle","floor":18,"key":"SMITH"},{"data":"champ:Lariat","floor":25,"key":"SMITH"},{"floor":27,"key":"REST"},{"data":"champ:SwordThrow","floor":35,"key":"SMITH"}],"circlet_count":0,"master_deck":["champ:Strike+1","champ:Strike","champ:Strike","champ:Strike","champ:Defend","champ:Defend","champ:Defend+1","champ:Defend+1","champ:Execute","champ:Taunt+1","champ:Duel+1","champ:SwordThrow+1","champ:BerserkersShout","champ:Shatter","champ:BerserkerStyle+1","champ:Lariat+1","champ:LastStand","champ:Duel+1","champ:RisingSlash+1","champ:DeathBlow+1","champ:CheapShot+1"],"relics":["champ:ChampionCrown","downfall:HeartsMalice","CeramicFish","Letter Opener","InkBottle","champ:ChampionCrownUpgraded","Molten Egg 2","The Courier","Philosopher\u0027s Stone"],"acts_visited":["Exordium","TheCity","TheBeyond"],"potions_floor_usage":[12,16,16,19,33,33,33],"damage_taken":[{"damage":0,"enemies":"Cultist","floor":2,"turns":1},{"damage":0,"enemies":"Lagavulin","floor":3,"turns":1},{"damage":0,"enemies":"2 Louse","floor":4,"turns":1},{"damage":13,"enemies":"Jaw Worm","floor":6,"turns":2},{"damage":44,"enemies":"3 Sentries","floor":8,"turns":7},{"damage":8,"enemies":"3 Louse","floor":9,"turns":3},{"damage":16,"enemies":"downfall:FleeingMerchant","floor":12,"turns":4},{"damage":8,"enemies":"Blue Slaver","floor":14,"turns":2},{"damage":3,"enemies":"Red Slaver","floor":15,"turns":3},{"damage":67,"enemies":"downfall:Silent","floor":16,"turns":8},{"damage":39,"enemies":"3 Byrds","floor":19,"turns":4},{"damage":30,"enemies":"Snecko","floor":21,"turns":3},{"damage":21,"enemies":"downfall:FleeingMerchant","floor":23,"turns":4},{"damage":63,"enemies":"3 Cultists","floor":26,"turns":7},{"damage":54,"enemies":"Sentry and Sphere","floor":28,"turns":5},{"damage":41,"enemies":"Snake Plant","floor":29,"turns":4},{"damage":30,"enemies":"Snecko","floor":31,"turns":4},{"damage":33,"enemies":"Shelled Parasite and Fungi","floor":32,"turns":5},{"damage":41,"enemies":"downfall:Ironclad","floor":33,"turns":5}],"seed_played":"-3467155660539451142","potions_obtained":[{"floor":6,"key":"FearPotion"},{"floor":8,"key":"hexamod:EctoCoolerPotion"},{"floor":9,"key":"Explosive Potion"},{"floor":16,"key":"Fire Potion"},{"floor":26,"key":"Energy Potion"},{"floor":29,"key":"champ:CounterPotion"},{"floor":32,"key":"Guardian:BlockOnCardUsePotion"},{"floor":33,"key":"Fruit Juice"}],"is_trial":false,"path_per_floor":["R","M","E","M","R","M","T","E","M","R","?","$","?","M","M","B",null,"R","M","?","M","?","$","T","R","M","R","M","M","?","M","M","B",null,"R","M"],"character_chosen":"THE_CHAMP","items_purchased":["champ:BerserkerStyle","Molten Egg 2","champ:RisingSlash+1"],"campfire_rested":2,"item_purchase_floors":[12,23,23],"current_hp_per_floor":[90,90,90,90,90,82,82,51,48,75,75,68,68,68,68,56,90,90,79,79,79,79,76,76,76,42,69,51,43,43,43,39,39,90,90,0,0],"gold":247,"neow_bonus":"THREE_ENEMY_KILL","is_daily":false,"chose_seed":false,"campfire_upgraded":5,"win_rate":0.0,"timestamp":1608504419,"path_taken":["R","?","E","M","R","M","T","E","M","R","?","$","?","M","M","BOSS","R","M","?","M","?","$","T","R","?","R","M","M","?","?","M","BOSS","R","M"],"items_purchased_type":["Card","Relic","Card"],"build_version":"2020-12-13","purchased_purges":1,"victory":false,"max_hp_per_floor":[90,90,90,90,90,90,90,90,90,90,90,90,90,90,90,90,90,90,90,90,90,90,90,90,90,90,90,90,90,90,90,90,90,90,90,90,90],"card_choices":[{"not_picked":["champ:Encircle","champ:BerserkersShout"],"picked":"champ:Duel","floor":2},{"not_picked":["champ:FlashCut","champ:StanceDance"],"picked":"champ:SwordThrow","floor":3},{"not_picked":["champ:Circumvent","champ:Haymaker"],"picked":"champ:BerserkersShout","floor":4},{"not_picked":["champ:FanOfKnives","champ:Backstep"],"picked":"champ:Shatter","floor":6},{"not_picked":["champ:BerserkersShout","champ:TornadoPunch","champ:CrownThrow"],"picked":"SKIP","floor":8},{"not_picked":["champ:FlashCut","champ:GladiatorStyle","champ:Encircle"],"picked":"SKIP","floor":9},{"not_picked":["champ:BladeFlurry","champ:Backstep","champ:CalledShot"],"picked":"SKIP","floor":12},{"not_picked":["champ:EnGarde","champ:Backstep"],"picked":"champ:Lariat","floor":14},{"not_picked":["champ:PerfectedStrike","champ:FalseCounter","champ:IronFortress"],"picked":"SKIP","floor":15},{"not_picked":["champ:ShieldThrow","champ:SteelEdge"],"picked":"champ:LastStand","floor":16},{"not_picked":["champ:FaceSlap","champ:FocusedDefense","champ:Circumvent+1"],"picked":"SKIP","floor":19},{"not_picked":["champ:Backstep","champ:StanceDance","champ:BringItOn"],"picked":"SKIP","floor":21},{"not_picked":["champ:GladiatorStyle","champ:BladeFlurry+1","champ:Backstep"],"picked":"SKIP","floor":23},{"not_picked":["champ:GladiatorsShout","champ:EndlessRage","champ:EnGarde"],"picked":"SKIP","floor":26},{"not_picked":["champ:StanceDance","champ:IronFortress"],"picked":"champ:DeathBlow+1","floor":28},{"not_picked":["champ:BladeFlurry+1","champ:BerserkersShout","champ:Haymaker+1"],"picked":"SKIP","floor":29},{"not_picked":["champ:Lariat","champ:FalseCounter","champ:DefensiveShout"],"picked":"SKIP","floor":31},{"not_picked":["champ:PerfectedStrike+1","champ:Riposte","champ:BerserkersShout+1"],"picked":"SKIP","floor":32},{"not_picked":["champ:HoldFirm","champ:SteelEdge+1"],"picked":"champ:CheapShot+1","floor":33}],"player_experience":2320340,"relics_obtained":[{"floor":3,"key":"CeramicFish"},{"floor":7,"key":"Letter Opener"},{"floor":8,"key":"InkBottle"},{"floor":24,"key":"The Courier"}],"event_choices":[{"damage_healed":0,"gold_gain":0,"player_choice":"Ignored","damage_taken":0,"max_hp_gain":0,"max_hp_loss":0,"event_name":"Vampires","floor":20,"gold_loss":0},{"damage_healed":0,"gold_gain":0,"player_choice":"Copied","damage_taken":0,"max_hp_gain":0,"max_hp_loss":0,"event_name":"Duplicator","floor":22,"gold_loss":0,"cards_obtained":["champ:Duel"]},{"damage_healed":0,"gold_gain":0,"player_choice":"Ignored","damage_taken":0,"max_hp_gain":0,"max_hp_loss":0,"event_name":"NoteForYourself","floor":30,"gold_loss":0}],"is_beta":false,"boss_relics":[{"not_picked":["Black Star","Sozu"],"picked":"champ:ChampionCrownUpgraded"},{"not_picked":["Snecko Eye","Pandora\u0027s Box"],"picked":"Philosopher\u0027s Stone"}],"items_purged_floors":[12],"is_endless":false,"potions_floor_spawned":[6,8,9,16,26,29,32,33],"killed_by":"3 Shapes","ascension_level":0}}