{"host":"k4e6oxvdzzmkrew5","time":1608432725,"event":{"mods":["AchievementEnabler","BaseMod","BetterRewards","Clawfect","Colored Map","Custom Start","Highlight Path","Minty Spire (QoL Compilation)","Permanent Neow","Remove Card Discount Mod","Replay The Spire","Shop Mod","StSLib","Unceasing Turn Reminder"],"gold_per_floor":[117,5216,5181,5196,5216,5216,5247,5259,5283,5294,5329,5329,4844,4844,4844,4947,5047,5061,4569,4583,4599,4514,4543,4557,4497,4497,4457,4128,4140,4140,4157,4157,4254,4254,4269,4285,3973,3986,4006,4006,4006],"floor_reached":40,"playtime":7631,"items_purged":["Strike_P","Defend_P","Strike_P","Fasting2","Strike_P","Defend_P","Eruption","WaveOfTheHand","Strike_P+1","Tantrum","WindmillStrike","FlyingSleeves+1","SandsOfTime","Adaptation+1","Flash of Steel"],"score":545,"play_id":"285d1880-9927-4091-8b67-aafa5ed0878c","local_time":"20201219205205","is_ascension_mode":false,"campfire_choices":[{"data":"ReplayTheSpireMod:Brewmster","floor":6,"key":"SMITH"},{"floor":15,"key":"REST"},{"floor":32,"key":"REST"}],"circlet_count":0,"master_deck":["Defend_P","Defend_P","Vigilance","Replay:Anticipation","ReplayTheSpireMod:Brewmster+1","Fasting2","Collect","JustLucky","DevaForm+1","Prostrate","Discovery","Study","Replay:LoomingThreat","Pray","Nirvana","Replay:DivineShield","Replay:ManipulateFuture","PathToVictory","Vault","PathToVictory","PathToVictory+1","PathToVictory","ThirdEye","CutThroughFate","DeceiveReality+1","Worship","Nirvana","Finesse","Replay:DivineShield","Prostrate","Replay:Vibes+1","Brilliance","Replay:ManipulateFuture+1","Evaluate+1","Meditate+1"],"relics":["HolyWater","Shovel","Bag of Marbles","PreservedInsect","Membership Card","MerchantsRug","Omamori","Boot","Replay:Arrowhead","Toolbox","Potion Belt","Prayer Wheel","Replay:Wanted Poster","Sundial","ReplayTheSpireMod:Ninjato","Strange Spoon","Anchor","Ancient Tea Set","Lantern","Simple Rune","Orrery","Matryoshka","Replay:Baseball","Replay:PocketPolymizer","TheAbacus"],"acts_visited":["Exordium","TheCity","TheBeyond"],"potions_floor_usage":[7,8,8,11,11,11,16,16,16,16,16,16,18,18,18,20,20,20,20,21,21,21,23,23,23,24,24,24,24,24,29,29,29,31,31,33,33,33,33,33,33,35,35,36,36,38,39,39,39,39,40,40,40,40],"damage_taken":[{"damage":0,"enemies":"Small Slimes","floor":1,"turns":2},{"damage":0,"enemies":"2 Louse","floor":4,"turns":2},{"damage":12,"enemies":"Cultist","floor":5,"turns":3},{"damage":2,"enemies":"Replay:BlueRogue","floor":7,"turns":5},{"damage":25,"enemies":"Exordium Wildlife","floor":8,"turns":5},{"damage":10,"enemies":"Exordium Thugs","floor":10,"turns":6},{"damage":0,"enemies":"Lagavulin","floor":11,"turns":6},{"damage":10,"enemies":"The Guardian","floor":16,"turns":12},{"damage":20,"enemies":"2 Thieves","floor":18,"turns":6},{"damage":12,"enemies":"3 Byrds","floor":20,"turns":5},{"damage":20,"enemies":"Centurion and Healer","floor":21,"turns":6},{"damage":30,"enemies":"Slavers","floor":23,"turns":4},{"damage":0,"enemies":"Snake Plant","floor":24,"turns":6},{"damage":0,"enemies":"3 Cultists","floor":29,"turns":6},{"damage":0,"enemies":"Cultist and Chosen","floor":31,"turns":6},{"damage":41,"enemies":"Collector","floor":33,"turns":9},{"damage":0,"enemies":"Orb Walker","floor":35,"turns":5},{"damage":6,"enemies":"3 Shapes","floor":36,"turns":8},{"damage":24,"enemies":"Spire Growth","floor":38,"turns":6},{"damage":0,"enemies":"3 Darklings","floor":39,"turns":6},{"damage":44,"enemies":"Maw","floor":40,"turns":10}],"seed_played":"-1040744599722601660","potions_obtained":[{"floor":4,"key":"LiquidMemories"},{"floor":7,"key":"Toxic Potion"},{"floor":8,"key":"GamblersBrew"},{"floor":18,"key":"LifebloodPotion"},{"floor":27,"key":"Strength Potion"},{"floor":27,"key":"Languid Potion"},{"floor":27,"key":"Regen Potion"},{"floor":29,"key":"Weak Potion"},{"floor":31,"key":"Energy Potion"}],"is_trial":false,"path_per_floor":["M","$","?","M","M","R","E","M","T","M","E","?","$","?","R","B",null,"M","$","M","M","?","E","M","?","T","?","$","M","T","M","R","B",null,"M","M","$","M","M","M"],"character_chosen":"WATCHER","items_purchased":["ReplayTheSpireMod:Brewmster","Bag of Marbles","PreservedInsect","Membership Card","Fasting2","Tantrum","AttackPotion","MerchantsRug","Toolbox","Potion Belt","Prayer Wheel","BottledMiracle","DuplicationPotion","Discovery","Study","WindmillStrike","Sundial","ReplayTheSpireMod:Ninjato","Strange Spoon","GamblersBrew","Nirvana","Replay:DivineShield","SandsOfTime","Flash of Steel","Lantern","Simple Rune","Orrery","Nirvana","Finesse","Replay:Baseball","Replay:PocketPolymizer","TheAbacus","GamblersBrew","AttackPotion"],"campfire_rested":2,"item_purchase_floors":[2,2,2,2,2,2,2,2,13,13,13,13,13,13,13,13,19,19,19,19,19,19,19,19,28,28,28,28,28,37,37,37,37,37],"current_hp_per_floor":[51,51,69,69,57,57,55,30,30,20,20,20,20,20,41,31,72,52,52,40,20,20,13,13,13,13,13,13,28,28,28,49,8,72,72,66,66,42,42,0,0],"gold":4006,"neow_bonus":"ONE_RARE_RELIC","is_daily":false,"chose_seed":false,"campfire_upgraded":1,"win_rate":0.0,"timestamp":1608432725,"path_taken":["M","$","?","M","M","R","E","M","T","M","E","?","$","?","R","BOSS","M","$","M","M","?","E","M","?","T","?","$","?","?","M","R","BOSS","M","M","$","M","M","M"],"items_purchased_type":["Card","Relic","Relic","Relic","Card","Card","Potion","Relic","Relic","Relic","Relic","Potion","Potion","Card","Card","Card","Relic","Relic","Relic","Potion","Card","Card","Card","Card","Relic","Relic","Relic","Card","Card","Relic","Relic","Relic","Potion","Potion"],"build_version":"2020-12-13","purchased_purges":15,"victory":false,"max_hp_per_floor":[72,72,72,72,72,72,72,72,72,72,72,72,72,72,72,72,72,72,72,72,72,72,72,72,72,72,72,72,72,72,72,72,72,72,72,72,72,72,72,72,72],"card_choices":[{"not_picked":["EmptyBody","Replay:AtTheReady"],"picked":"Replay:Anticipation","floor":1},{"not_picked":["Replay:AtTheReady","EmptyFist","EmptyBody"],"picked":"SKIP","floor":4},{"not_picked":["BowlingBash","EmptyFist"],"picked":"Collect","floor":5},{"not_picked":["SashWhip","ClearTheMind"],"picked":"JustLucky","floor":7},{"not_picked":["Replay:AtTheReady","EmptyFist"],"picked":"WaveOfTheHand","floor":8},{"not_picked":["SashWhip","EmptyFist"],"picked":"DevaForm","floor":10},{"not_picked":["SignatureMove","WindmillStrike"],"picked":"Prostrate","floor":11},{"not_picked":["Scrawl","Ragnarok"],"picked":"Replay:LoomingThreat","floor":16},{"not_picked":["Evaluate","ThirdEye+1"],"picked":"Pray","floor":18},{"not_picked":["TalkToTheHand","WaveOfTheHand"],"picked":"FlyingSleeves+1","floor":18},{"not_picked":["CrushJoints","JustLucky"],"picked":"Replay:ManipulateFuture","floor":20},{"not_picked":["Wallop","ClearTheMind+1","LikeWater"],"picked":"SKIP","floor":20},{"not_picked":["CutThroughFate+1","Consecrate"],"picked":"PathToVictory","floor":21},{"not_picked":["Study","WindmillStrike"],"picked":"Adaptation+1","floor":21},{"not_picked":["WindmillStrike","Prostrate"],"picked":"Vault","floor":23},{"not_picked":["Wallop","ClearTheMind"],"picked":"PathToVictory","floor":24},{"not_picked":["Consecrate+1","SashWhip"],"picked":"PathToVictory+1","floor":24},{"not_picked":["Brilliance","BowlingBash"],"picked":"PathToVictory","floor":28},{"not_picked":["DevaForm","Crescendo"],"picked":"ThirdEye","floor":28},{"not_picked":["FlurryOfBlows","WindmillStrike+1"],"picked":"CutThroughFate","floor":28},{"not_picked":["Indignation","ClearTheMind"],"picked":"DeceiveReality+1","floor":28},{"not_picked":["Consecrate","EmptyBody"],"picked":"Worship","floor":28},{"not_picked":["SashWhip","Weave+1"],"picked":"Replay:DivineShield","floor":29},{"not_picked":["Replay:Hum+1","FearNoEvil+1"],"picked":"Prostrate","floor":29},{"not_picked":["PathToVictory","TalkToTheHand"],"picked":"Replay:Vibes+1","floor":31},{"not_picked":["BowlingBash","Tantrum","FlurryOfBlows"],"picked":"SKIP","floor":31},{"not_picked":["Replay:AllIn","Judgement"],"picked":"Brilliance","floor":33},{"not_picked":["ReachHeaven","Conclude+1"],"picked":"Replay:ManipulateFuture+1","floor":35},{"not_picked":["FlyingSleeves","Replay:Battleflow","Halt+1"],"picked":"SKIP","floor":35},{"not_picked":["CrushJoints+1","Replay:AtTheReady","ClearTheMind"],"picked":"SKIP","floor":36},{"not_picked":["FlyingSleeves","BattleHymn+1","Replay:BluntJabs"],"picked":"SKIP","floor":36},{"not_picked":["Crescendo","EmptyFist"],"picked":"Evaluate+1","floor":38},{"not_picked":["PathToVictory","Weave"],"picked":"Meditate+1","floor":38},{"not_picked":["WaveOfTheHand+1","ThirdEye","Replay:BluntJabs"],"picked":"SKIP","floor":39},{"not_picked":["ClearTheMind+1","Crescendo+1","Evaluate+1"],"picked":"SKIP","floor":39}],"player_experience":162819,"relics_obtained":[{"floor":7,"key":"Omamori"},{"floor":9,"key":"Boot"},{"floor":11,"key":"Replay:Arrowhead"},{"floor":23,"key":"Ancient Tea Set"},{"floor":30,"key":"Matryoshka"}],"event_choices":[{"damage_healed":18,"gold_gain":0,"player_choice":"Healed","damage_taken":0,"max_hp_gain":0,"max_hp_loss":0,"event_name":"The Cleric","floor":3,"gold_loss":35},{"damage_healed":0,"gold_gain":0,"player_choice":"Ignored","damage_taken":0,"max_hp_gain":0,"max_hp_loss":0,"event_name":"Golden Idol","floor":12,"gold_loss":0},{"damage_healed":0,"gold_gain":0,"player_choice":"Grow","damage_taken":0,"max_hp_gain":0,"max_hp_loss":0,"event_name":"Living Wall","floor":14,"gold_loss":0,"cards_upgraded":["DevaForm"]},{"damage_healed":0,"gold_gain":0,"player_choice":"Obtained Relic","damage_taken":0,"relics_obtained":["Anchor"],"max_hp_gain":0,"max_hp_loss":0,"event_name":"Addict","floor":22,"gold_loss":85},{"damage_healed":0,"gold_gain":0,"player_choice":"Bought 3 Potions","damage_taken":0,"max_hp_gain":0,"max_hp_loss":0,"event_name":"The Woman in Blue","floor":27,"gold_loss":0}],"is_beta":false,"boss_relics":[{"not_picked":["VioletLotus","Fusion Hammer"],"picked":"Replay:Wanted Poster"},{"not_picked":["Replay:Grab Bag","Abe\u0027s Treasure"],"picked":"HolyWater"}],"items_purged_floors":[2,13,13,19,19,19,28,28,28,28,28,28,28,28,28],"is_endless":false,"potions_floor_spawned":[4,7,8,18,29,31,38],"killed_by":"Maw","ascension_level":0}}