{"host":"Fredi","time":1608451475,"event":{"mods":["AchievementEnabler","Act Like it!","BaseMod","Better Altar","Better Match","Better Note","Better Sensory Stone","Better Skull","Better Third Choice","Block Reminder","Colored Map","Colored Powertips","Custom Start","Downfall","Gensokyo","Hallownest","Hermit","Highlight Path","Mimic Mod","Minty Spire (QoL Compilation)","Permanent Neow","Quick Restart","Rare Cards Sparkle","Relic Stats","Shop Mod","StSLib","The Cursed","The Runesmith","Transform Curses","Wandering Minibosses","everything is the same but u backflip on backflip"],"gold_per_floor":[116,129,54,67,294,326,326,356,389,389,219,144,19,53,53,158,158,178,198,198,48,48,48,74,74,114,114,114],"floor_reached":27,"playtime":1701,"items_purged":["Strike_B","Defend_B","Strike_B","Defend_B"],"score":282,"play_id":"a6458e8e-6e9c-407b-8ea4-f1867e96a39a","local_time":"20201220000435","is_ascension_mode":true,"campfire_choices":[{"floor":7,"key":"RECALL"},{"floor":10,"key":"REST"},{"data":"Chaos","floor":15,"key":"SMITH"},{"data":"White Noise","floor":23,"key":"SMITH"},{"data":"Machine Learning","floor":25,"key":"SMITH"}],"circlet_count":0,"master_deck":["Strike_B","Strike_B","Defend_B","Defend_B","Zap","Dualcast","Beam Cell","White Noise+1","Redo","Ball Lightning","Thunder Strike","Conserve Battery","Rainbow","Loop","Lockon+1","expansioncontent:ManipulateTime+1","Chaos+1","Machine Learning+1","Necronomicurse","Hologram+1","Rebound+1"],"relics":["Cracked Core","Lantern","Blue Candle","Bottled Lightning","Mercury Hourglass","SlaversCollar","Necronomicon","Bird Faced Urn","Kunai"],"acts_visited":["Hallownest:Greenpath","TheCity"],"potions_floor_usage":[7,14,24,27,27,27],"damage_taken":[{"damage":2,"enemies":"Hallownest:monsterHuskWarrior","floor":1,"turns":4},{"damage":3,"enemies":"Hallownest:monsterHuskGuard","floor":2,"turns":5},{"damage":1,"enemies":"2_ Uuma","floor":4,"turns":5},{"damage":3,"enemies":"Hallownest:eliteVengeflyKing","floor":6,"turns":7},{"damage":35,"enemies":"Hallownest:eliteCrystalGuardian","floor":8,"turns":8},{"damage":0,"enemies":"Hallownest:1_Ooma_and_2_Uuma","floor":9,"turns":3},{"damage":0,"enemies":"Hallownest:eliteMossKnight","floor":14,"turns":4},{"damage":17,"enemies":"Hallownest:BossBrokenVessel","floor":16,"turns":7},{"damage":0,"enemies":"Spheric Guardian","floor":18,"turns":3},{"damage":14,"enemies":"2 Thieves","floor":19,"turns":4},{"damage":23,"enemies":"Book of Stabbing","floor":24,"turns":4},{"damage":11,"enemies":"Snake Plant","floor":26,"turns":5},{"damage":32,"enemies":"Slavers","floor":27,"turns":2}],"seed_played":"-1996939061160086975","potions_obtained":[{"floor":6,"key":"Fruit Juice"},{"floor":14,"key":"Fruit Juice"},{"floor":18,"key":"champ:CounterPotion"},{"floor":19,"key":"EntropicBrew"}],"is_trial":false,"path_per_floor":["M","M","$","M","?","E","R","E","MIM","R","$","?","$","E","R","B",null,"M","M","?","$","?","R","E","R","MIM","E"],"character_chosen":"DEFECT","items_purchased":["Loop"],"campfire_rested":1,"item_purchase_floors":[11],"current_hp_per_floor":[73,70,70,69,37,34,39,4,4,28,28,28,28,33,33,16,85,85,71,55,55,55,55,32,32,27,0,0],"gold":114,"neow_bonus":"THREE_CARDS","is_daily":false,"chose_seed":false,"campfire_upgraded":3,"win_rate":0.0,"timestamp":1608451475,"path_taken":["M","M","$","M","?","E","R","E","MIM","R","$","?","$","E","R","BOSS","M","M","?","$","?","R","E","R","MIM","E"],"items_purchased_type":["Card"],"build_version":"2020-12-18","purchased_purges":4,"victory":false,"max_hp_per_floor":[75,75,75,75,75,75,80,80,80,80,80,80,80,85,85,85,85,85,85,85,85,85,85,85,85,85,85,85],"relic_stats":{"counters":[13,61],"Blue Candle":[1],"Bird Faced Urn":[10],"Necronomicon":[1],"Kunai":[1],"obtain_stats":[{"SlaversCollar":17,"Lantern":5,"Blue Candle":6,"Bird Faced Urn":24,"Necronomicon":20,"Bottled Lightning":8,"Kunai":26,"Cracked Core":0,"Mercury Hourglass":14},{"SlaversCollar":8,"Lantern":3,"Blue Candle":4,"Bird Faced Urn":11,"Necronomicon":10,"Bottled Lightning":5,"Kunai":12,"Cracked Core":0,"Mercury Hourglass":7},{"SlaversCollar":43,"Lantern":14,"Blue Candle":21,"Bird Faced Urn":54,"Necronomicon":50,"Bottled Lightning":29,"Kunai":59,"Cracked Core":0,"Mercury Hourglass":36}],"Mercury Hourglass":[100]},"card_choices":[{"not_picked":["Compile Driver","Stack"],"picked":"Beam Cell","floor":0},{"not_picked":["Sweeping Beam","Compile Driver"],"picked":"White Noise","floor":1},{"not_picked":["Stack","Steam"],"picked":"Redo","floor":2},{"not_picked":["Compile Driver","Redo"],"picked":"Ball Lightning","floor":4},{"not_picked":["Redo","Beam Cell"],"picked":"Thunder Strike","floor":6},{"not_picked":["Stack","Hello World"],"picked":"Conserve Battery","floor":8},{"not_picked":["Steam Power","Compile Driver"],"picked":"Rainbow","floor":9},{"not_picked":["Hello World+1","Sunder+1"],"picked":"Lockon+1","floor":12},{"not_picked":["expansioncontent:Hexaburn+1","expansioncontent:DecasProtection+1"],"picked":"expansioncontent:ManipulateTime+1","floor":12},{"not_picked":["Storm","Go for the Eyes"],"picked":"Chaos","floor":14},{"not_picked":["Rainbow","Seek"],"picked":"Machine Learning","floor":16},{"not_picked":["Streamline","Heatsinks","Chaos"],"picked":"SKIP","floor":18},{"not_picked":["Hologram","Gash","Steam"],"picked":"SKIP","floor":19},{"not_picked":["Rebound","Creative AI"],"picked":"Hologram+1","floor":24},{"not_picked":["Go for the Eyes","White Noise"],"picked":"Rebound+1","floor":26}],"player_experience":245171,"relics_obtained":[{"floor":6,"key":"Blue Candle"},{"floor":8,"key":"Bottled Lightning"},{"floor":14,"key":"Mercury Hourglass"},{"floor":20,"key":"Necronomicon"},{"floor":24,"key":"Bird Faced Urn"},{"floor":26,"key":"Kunai"}],"event_choices":[{"damage_healed":0,"gold_gain":227,"player_choice":"GO RE GO ","damage_taken":36,"relics_obtained":["Lantern"],"max_hp_gain":0,"max_hp_loss":0,"event_name":"betterSkull:BetterSkull","floor":5,"gold_loss":0,"cards_upgraded":[]},{"damage_healed":0,"gold_gain":0,"player_choice":"2","damage_taken":0,"max_hp_gain":0,"max_hp_loss":0,"event_name":"betterMatch:BetterMatch","floor":12,"gold_loss":0,"cards_obtained":["betterMatch:UncommonCard","betterMatch:ColorlessUncommonCard"]},{"damage_healed":0,"gold_gain":0,"player_choice":"Obtained Book","damage_taken":16,"max_hp_gain":0,"max_hp_loss":0,"event_name":"Cursed Tome","floor":20,"gold_loss":0},{"damage_healed":0,"gold_gain":0,"player_choice":"Ignored","damage_taken":0,"max_hp_gain":0,"max_hp_loss":0,"event_name":"The Mausoleum","floor":22,"gold_loss":0}],"is_beta":true,"boss_relics":[{"not_picked":["Sozu","Runic Dome"],"picked":"SlaversCollar"}],"items_purged_floors":[3,11,13,21],"is_endless":false,"potions_floor_spawned":[6,14,18,19],"killed_by":"Slavers","ascension_level":1}}