{"host":"y76clbnovzmw9ubx","time":1608472748,"event":{"mods":["AchievementEnabler","BaseMod","Minty Spire (QoL Compilation)","Permanent Neow","Relic Stats"],"gold_per_floor":[115,40,40,58,74,109,109,134,160,160,160,160,160],"floor_reached":12,"playtime":540,"items_purged":[],"score":172,"play_id":"0aea0695-7669-4564-a0a0-74bf36e498c0","local_time":"20201220085908","is_ascension_mode":true,"campfire_choices":[{"floor":7,"key":"REST"},{"data":"Fission","floor":11,"key":"SMITH"}],"circlet_count":0,"master_deck":["AscendersBane","Strike_B","Strike_B","Defend_B","Defend_B","Defend_B","Defend_B","Zap","Dualcast","Creative AI","Go for the Eyes","Reinforced Body","Fission+1"],"relics":["Cracked Core","DataDisk","Strawberry","Omamori","Golden Idol"],"acts_visited":["Exordium"],"potions_floor_usage":[6,12],"damage_taken":[{"damage":1,"enemies":"Cultist","floor":1,"turns":3},{"damage":10,"enemies":"Small Slimes","floor":4,"turns":6},{"damage":0,"enemies":"2 Louse","floor":5,"turns":2},{"damage":37,"enemies":"Gremlin Nob","floor":6,"turns":6},{"damage":9,"enemies":"Lagavulin","floor":8,"turns":9},{"damage":54,"enemies":"Gremlin Nob","floor":12,"turns":4}],"seed_played":"55250080257712209","potions_obtained":[{"floor":4,"key":"Weak Potion"},{"floor":6,"key":"ColorlessPotion"}],"is_trial":false,"path_per_floor":["M","?","?","M","M","E","R","E","T","?","R","E"],"character_chosen":"DEFECT","items_purchased":[],"campfire_rested":1,"item_purchase_floors":[],"current_hp_per_floor":[63,63,63,53,53,16,37,35,35,35,35,0,0],"gold":160,"neow_bonus":"TRANSFORM_CARD","is_daily":false,"chose_seed":false,"campfire_upgraded":1,"win_rate":0.0,"timestamp":1608472748,"path_taken":["M","?","?","M","M","E","R","E","T","?","R","E"],"items_purchased_type":[],"build_version":"2020-12-13","purchased_purges":0,"victory":false,"max_hp_per_floor":[71,71,71,71,71,71,71,78,78,78,78,78,78],"relic_stats":{"counters":[6,30],"Golden Idol":0,"obtain_stats":[{"DataDisk":6,"Golden Idol":10,"Strawberry":8,"Omamori":9,"Cracked Core":0},{"DataDisk":4,"Golden Idol":5,"Strawberry":5,"Omamori":5,"Cracked Core":0},{"DataDisk":17,"Golden Idol":26,"Strawberry":26,"Omamori":26,"Cracked Core":0}]},"card_choices":[{"not_picked":["Gash","Static Discharge"],"picked":"Go for the Eyes","floor":1},{"not_picked":["Turbo","Steam"],"picked":"Reinforced Body","floor":4},{"not_picked":["Hello World","Hologram","Redo"],"picked":"SKIP","floor":5},{"not_picked":["Gash","Doom and Gloom"],"picked":"Fission","floor":6},{"not_picked":["Gash","Steam","Redo"],"picked":"SKIP","floor":8}],"player_experience":2923400,"relics_obtained":[{"floor":6,"key":"DataDisk"},{"floor":8,"key":"Strawberry"},{"floor":9,"key":"Omamori"}],"event_choices":[{"cards_removed":["Strike_B"],"damage_healed":0,"gold_gain":0,"player_choice":"Card Removal","damage_taken":0,"max_hp_gain":0,"max_hp_loss":0,"event_name":"The Cleric","floor":2,"gold_loss":75},{"damage_healed":0,"gold_gain":0,"player_choice":"Ignored","damage_taken":0,"max_hp_gain":0,"max_hp_loss":0,"event_name":"Liars Game","floor":3,"gold_loss":0},{"damage_healed":0,"gold_gain":0,"player_choice":"Take Wound","damage_taken":0,"relics_obtained":["Golden Idol"],"max_hp_gain":0,"max_hp_loss":0,"event_name":"Golden Idol","floor":10,"gold_loss":0,"cards_obtained":["Injury"]}],"is_beta":false,"boss_relics":[],"items_purged_floors":[],"is_endless":false,"potions_floor_spawned":[4,6],"killed_by":"Gremlin Nob","ascension_level":20}}