{"host":"j4tm1fhkymdbe3p9","time":1608433945,"event":{"mods":["A Magickal Journey","BaseMod","Better Third Choice","BetterRewards","Chen","Downfall","Hermit","Hubris","Infinite Spire","Koishi","Luminous","Marisa????????","Mimic Mod","Minty Spire (QoL Compilation)","Reimu??????","Remilia??????","Replay The Spire","Shade Mod","Shop Mod","StSLib","The Administrix","The Animator","The Blackbeard","The Bladedancer","The Construct","The Cursed","The Disciple","The Druid","The Exalted","The Gatherer","The Hierophant","The Mystic","The Necromancer","The Runesmith","The Servant 0.9.4","The Spell Scribe","TheSwordswoman","??????REMEMod"],"gold_per_floor":[118,118,136,136,153,185,5,16,16,27,27,47,58,90,90,195,195,213,213,232,190,208,536,553,567,567,567,580,595,606,526,526,627,627,641,641,689,689,614,614,627,664,691,704,704,704,722,750,750,750],"floor_reached":51,"playtime":4840,"items_purged":["AdministrixMod:Strike_Administrix"],"score":763,"play_id":"e1aec302-8049-4968-b827-703edd039900","local_time":"20201219221225","is_ascension_mode":false,"campfire_choices":[{"data":"AdministrixMod:ShadowPlay","floor":11.0,"key":"SMITH"},{"floor":15.0,"key":"REST"},{"data":"REME_Flogging","floor":32,"key":"SMITH"},{"floor":40,"key":"REST"},{"floor":46,"key":"REST"},{"floor":49,"key":"REST"}],"circlet_count":0,"master_deck":["AdministrixMod:Strike_Administrix","AdministrixMod:Strike_Administrix","AdministrixMod:Strike_Administrix","AdministrixMod:RedCloak","AdministrixMod:Defend_Administrix","AdministrixMod:Defend_Administrix","AdministrixMod:Defend_Administrix","AdministrixMod:Defend_Administrix","AdministrixMod:BlueCloak","AdministrixMod:CenturiesAscent","AdministrixMod:CenturiesAscent","AdministrixMod:SyncreticPlunge","REME_Flogging+1","AdministrixMod:ShadowPlay+1","AdministrixMod:JustRewards","AdministrixMod:SyncreticSurge","AdministrixMod:HarmonicReverence","AdministrixMod:HaveItAll","REME_Flogging","AdministrixMod:BegetEternity+1","AdministrixMod:Convergence","AdministrixMod:Convergence","AdministrixMod:CenturiesAscent"],"relics":["AdministrixMod:ConductorRitualBaton","REME_ComplimentaryCards","Blue Doll","infinitespire:CheckeredPen","hubris:Spice","MawBank","Shuriken","Replay:Baseball","Old Coin","Dead Branch","Replay:Arrowhead","hubris:SlimyHat","Replay:Towering Pillar of Hats"],"acts_visited":["Exordium","TheCity","TheBeyond"],"potions_floor_usage":[33,33,50],"damage_taken":[{"damage":0.0,"enemies":"2 Louse","floor":1.0,"turns":3.0},{"damage":0.0,"enemies":"Cultist","floor":3.0,"turns":2.0},{"damage":0.0,"enemies":"Small Slimes","floor":5.0,"turns":2.0},{"damage":4.0,"enemies":"Gremlin Nob","floor":6.0,"turns":3.0},{"damage":0.0,"enemies":"Exordium Wildlife","floor":8.0,"turns":2.0},{"damage":0.0,"enemies":"Gremlin Gang","floor":10.0,"turns":2.0},{"damage":0.0,"enemies":"Looter","floor":12.0,"turns":1.0},{"damage":0.0,"enemies":"Exordium Wildlife","floor":13.0,"turns":2.0},{"damage":3.0,"enemies":"3 Sentries","floor":14.0,"turns":2.0},{"damage":6.0,"enemies":"The Guardian","floor":16.0,"turns":5.0},{"damage":0.0,"enemies":"Spheric Guardian","floor":18.0,"turns":3.0},{"damage":0,"enemies":"Shell Parasite","floor":20,"turns":1},{"damage":0,"enemies":"Sentry and Sphere","floor":22,"turns":1},{"damage":0,"enemies":"Book of Stabbing","floor":23,"turns":3},{"damage":13,"enemies":"Shelled Parasite and Fungi","floor":24,"turns":3},{"damage":0,"enemies":"3 Cultists","floor":25,"turns":3},{"damage":0,"enemies":"Snake Plant","floor":28,"turns":2},{"damage":0,"enemies":"Shelled Parasite and Fungi","floor":29,"turns":1},{"damage":0,"enemies":"Centurion and Healer","floor":30,"turns":2},{"damage":8,"enemies":"Collector","floor":33,"turns":4},{"damage":11,"enemies":"3 Darklings","floor":35,"turns":3},{"damage":17,"enemies":"2 Orb Walkers","floor":37,"turns":3},{"damage":9,"enemies":"3 Shapes","floor":41,"turns":3},{"damage":2,"enemies":"Spire Growth","floor":42,"turns":4},{"damage":0,"enemies":"Spire Growth","floor":44,"turns":2},{"damage":0,"enemies":"Transient","floor":47,"turns":5},{"damage":38,"enemies":"Nemesis","floor":48,"turns":5},{"damage":9,"enemies":"Awakened One","floor":50,"turns":6}],"seed_played":"1766735001626673410","potions_obtained":[{"floor":3.0,"key":"Languid Potion"},{"floor":8.0,"key":"PowerPotion"},{"floor":10.0,"key":"Ancient Potion"},{"floor":18.0,"key":"Block Potion"},{"floor":25,"key":"Elixir"},{"floor":33,"key":"ZuzhouPotion:ReiMu"},{"floor":44,"key":"SmokeBomb"},{"floor":48,"key":"LiquidMemories"}],"is_trial":false,"path_per_floor":["M","?","M","?","M","E","$","M","T","M","R","M","M","E","R","B",null,"M","?","M","$","M","E","M","M","T","?","M","M","M","?","R","B",null,"M","?","?","?","$","R","M","MIM","T","M","$","R","M","E","R","B",null],"character_chosen":"TheAdministrix","items_purchased":["REME_Flogging","AdministrixMod:Convergence"],"campfire_rested":4,"item_purchase_floors":[7,21],"current_hp_per_floor":[65,65,65,70,70,66,66,66,66,66,66,66,66,63,73,67,81,81,81,81,81,81,81,68,68,65,65,65,65,65,57,57,49,57,46,46,29,29,29,46,37,35,35,35,35,52,52,14,31,22],"gold":750,"neow_bonus":"RANDOM_COMMON_RELIC","is_daily":false,"chose_seed":false,"campfire_upgraded":2,"win_rate":0.0,"timestamp":1608433945,"path_taken":["M","?","?","?","M","E","?","?","T","M","R","M","M","E","R","BOSS","M","?","M","$","?","E","M","M","T","?","M","M","M","?","R","BOSS","M","?","?","?","$","R","?","?","T","M","$","R","M","E","R","BOSS"],"items_purchased_type":["Card","Card"],"build_version":"2020-12-13","purchased_purges":1,"victory":true,"max_hp_per_floor":[65,65,65,73,73,73,73,73,73,73,73,73,73,73,73,73,81,81,81,81,81,81,81,73,73,65,65,65,65,65,57,57,57,57,57,57,57,57,57,57,57,57,57,57,57,57,57,57,57,57],"card_choices":[{"not_picked":["AdministrixMod:HarmonicReverence","AdministrixMod:TrickOfTheLight","AdministrixMod:ImmortalGrace"],"picked":"SKIP","floor":1.0},{"not_picked":["AdministrixMod:HarmonicReverence","AdministrixMod:TrickOfTheLight","AdministrixMod:ImmortalGrace"],"picked":"SKIP","floor":1.0},{"not_picked":["AdministrixMod:SeventeenArticleLaser","AdministrixMod:ImmortalPurity"],"picked":"AdministrixMod:CenturiesAscent","floor":3.0},{"not_picked":["AdministrixMod:TrickOfTheLight","AdministrixMod:PassageOfAges"],"picked":"AdministrixMod:CenturiesAscent","floor":5.0},{"not_picked":["AdministrixMod:TrickOfTheLight","AdministrixMod:ChooseYourEnd"],"picked":"AdministrixMod:SyncreticPlunge","floor":6.0},{"not_picked":["AdministrixMod:Katabasis","AdministrixMod:RebukeDesires"],"picked":"AdministrixMod:ShadowPlay","floor":8.0},{"not_picked":["AdministrixMod:RebukeDesires","AdministrixMod:ImmortalPurity"],"picked":"AdministrixMod:JustRewards","floor":10.0},{"not_picked":["AdministrixMod:RegentEdict","AdministrixMod:NoblePath"],"picked":"AdministrixMod:SyncreticSurge","floor":12.0},{"not_picked":["AdministrixMod:BrewingCloister","AdministrixMod:Transition","AdministrixMod:NoblePath"],"picked":"SKIP","floor":13.0},{"not_picked":["AdministrixMod:CastOffRegrets","AdministrixMod:Untouchable"],"picked":"AdministrixMod:HarmonicReverence","floor":14.0},{"not_picked":["AdministrixMod:LifeforceNet","AdministrixMod:HopeInTheDark"],"picked":"AdministrixMod:HaveItAll","floor":16.0},{"not_picked":["AdministrixMod:RebukeDesires+1","AdministrixMod:BegetEternity","AdministrixMod:Transition"],"picked":"SKIP","floor":18.0},{"not_picked":["AdministrixMod:NoblePath+1","AdministrixMod:PassageOfAges"],"picked":"AdministrixMod:BegetEternity+1","floor":20},{"not_picked":["AdministrixMod:TouchOfCinnabar+1","AdministrixMod:LightOfYourLife","AdministrixMod:NoblePath"],"picked":"SKIP","floor":22},{"not_picked":["AdministrixMod:SipOfSparks","AdministrixMod:TenDesires","AdministrixMod:BloodlessSapphire+1"],"picked":"SKIP","floor":23},{"not_picked":["AdministrixMod:ExtolVirtue","AdministrixMod:SealAway"],"picked":"hubris:SpiceAddiction","floor":24},{"not_picked":["AdministrixMod:UnstableVigor","AdministrixMod:RebukeDesires","AdministrixMod:PassageOfAges"],"picked":"SKIP","floor":25},{"not_picked":["AdministrixMod:Transition+1","hubris:SpiceAddiction","AdministrixMod:CrackingPangu"],"picked":"SKIP","floor":28},{"not_picked":["AdministrixMod:GuanyinBlessing","AdministrixMod:PassageOfAges"],"picked":"AdministrixMod:CenturiesAscent","floor":29},{"not_picked":["AdministrixMod:XianArts","AdministrixMod:SyncreticPlunge","AdministrixMod:SipOfSparks"],"picked":"SKIP","floor":30},{"not_picked":["AdministrixMod:TenDesires","AdministrixMod:FalseDeath"],"picked":"AdministrixMod:StarSwordSoul","floor":33},{"not_picked":["AdministrixMod:NewWardrobe","AdministrixMod:ExtolVirtue","AdministrixMod:QuietConspiracy"],"picked":"SKIP","floor":35},{"not_picked":["AdministrixMod:ReachToHeaven+1","AdministrixMod:TouchOfCinnabar+1","AdministrixMod:Katabasis+1"],"picked":"SKIP","floor":41},{"not_picked":["AdministrixMod:ReachToHeaven+1","AdministrixMod:ImmortalGrace","AdministrixMod:BloodlessSapphire+1"],"picked":"SKIP","floor":44},{"not_picked":["AdministrixMod:ExtolVirtue+1","AdministrixMod:Metempsychosis+1","AdministrixMod:NewWardrobe"],"picked":"SKIP","floor":47},{"not_picked":["AdministrixMod:SeventeenArticleLaser","AdministrixMod:HarmonicReverence","AdministrixMod:ExtolVirtue+1"],"picked":"SKIP","floor":48}],"player_experience":571646,"relics_obtained":[{"floor":6.0,"key":"MawBank"},{"floor":9.0,"key":"Shuriken"},{"floor":14.0,"key":"Replay:Baseball"},{"floor":23,"key":"Old Coin"},{"floor":26,"key":"hubris:Spice"},{"floor":37,"key":"Dead Branch"},{"floor":42,"key":"Replay:Arrowhead"},{"floor":43,"key":"hubris:SlimyHat"},{"floor":48,"key":"Replay:Towering Pillar of Hats"}],"event_choices":[{"cards_removed":["sneckomod:UnknownRarePower"],"damage_healed":0.0,"max_hp_gain":0.0,"max_hp_loss":0.0,"gold_gain":0.0,"event_name":"WeMeetAgain","player_choice":"Gave Card","floor":2.0,"gold_loss":0.0,"damage_taken":0.0,"relics_obtained":["infinitespire:CheckeredPen"]},{"damage_healed":0.0,"max_hp_gain":0.0,"max_hp_loss":0.0,"gold_gain":0.0,"event_name":"betterThird:BetterScrap","player_choice":"Relic ","floor":4.0,"gold_loss":0.0,"damage_taken":3.0,"cards_obtained":["Heel Hook"]},{"damage_healed":0,"gold_gain":0,"player_choice":"Copied","damage_taken":0,"max_hp_gain":0,"max_hp_loss":0,"event_name":"Duplicator","floor":19,"gold_loss":0,"cards_obtained":["REME_Flogging"]},{"damage_healed":0,"gold_gain":0,"player_choice":"Ignored","damage_taken":0,"max_hp_gain":0,"max_hp_loss":0,"event_name":"Beggar","floor":27,"gold_loss":0},{"damage_healed":0,"gold_gain":0,"player_choice":"Fight","damage_taken":0,"max_hp_gain":0,"max_hp_loss":0,"event_name":"Mysterious Sphere","floor":37,"gold_loss":0},{"cards_removed":["AdministrixMod:StarSwordSoul"],"damage_healed":0,"gold_gain":0,"player_choice":"Purged","damage_taken":0,"max_hp_gain":0,"max_hp_loss":0,"event_name":"Purifier","floor":38,"gold_loss":0}],"is_beta":false,"boss_relics":[{"not_picked":["Astrolabe","hubris:Spice"],"picked":"hubris:Spice"},{"not_picked":["Kintsugi","hubris:TerracottaHorce","hubris:Spice"]}],"items_purged_floors":[39],"is_endless":false,"potions_floor_spawned":[3,8,10,13,18,25,29,30,33,44,48],"ascension_level":0}}