{"host":"hgkb2zpbo2dcws21","time":1608449412,"event":{"mods":["AchievementEnabler","BaseMod","Colored Map","Colored Powertips","Custom Start","DeckTracker","KOR Keyword Fix","Minty Spire (QoL Compilation)","StSLib","SuperFastMode"],"gold_per_floor":[367,251,261,276,10,35,35,35,35,35,54,83,100,115,115,115,115],"floor_reached":16,"playtime":355,"items_purged":["Shame"],"score":213,"play_id":"f63e82a3-0fe1-4dbe-a065-ab3a539227be","local_time":"20201220163012","is_ascension_mode":true,"campfire_choices":[{"data":"Neutralize","floor":7,"key":"SMITH"},{"floor":10,"key":"REST"},{"floor":15,"key":"REST"}],"circlet_count":0,"master_deck":["AscendersBane","Strike_G","Strike_G","Strike_G","Strike_G","Strike_G","Defend_G","Defend_G","Defend_G","Defend_G","Defend_G","Survivor","Neutralize+1","Blade Dance","Footwork","Prepared","Finisher","PiercingWail","Well Laid Plans+1","Acrobatics","Underhanded Strike","Reflex"],"relics":["Ring of the Snake","Ninja Scroll","Tingsha","TungstenRod","Frozen Egg 2","Tough Bandages"],"acts_visited":["Exordium"],"potions_floor_usage":[],"damage_taken":[{"damage":7,"enemies":"Small Slimes","floor":1,"turns":4},{"damage":0,"enemies":"Cultist","floor":3,"turns":5},{"damage":3,"enemies":"2 Louse","floor":4,"turns":2},{"damage":30,"enemies":"Gremlin Nob","floor":6,"turns":4},{"damage":0,"enemies":"2 Fungi Beasts","floor":11,"turns":1},{"damage":33,"enemies":"Lagavulin","floor":12,"turns":8},{"damage":3,"enemies":"3 Louse","floor":13,"turns":2},{"damage":0,"enemies":"Looter","floor":14,"turns":1},{"damage":22,"enemies":"Slime Boss","floor":16,"turns":8}],"seed_played":"3638983089965376544","potions_obtained":[{"floor":3,"key":"DuplicationPotion"},{"floor":12,"key":"DuplicationPotion"}],"is_trial":false,"path_per_floor":["M","$","M","M","$","E","R","?","T","R","M","E","M","M","R","B"],"character_chosen":"THE_SILENT","items_purchased":["Footwork","Ninja Scroll"],"campfire_rested":2,"item_purchase_floors":[2,5],"current_hp_per_floor":[52,52,52,49,49,19,19,19,19,38,38,5,2,2,21,0,0],"gold":115,"neow_bonus":"TWO_FIFTY_GOLD","is_daily":false,"chose_seed":false,"campfire_upgraded":1,"win_rate":0.0,"timestamp":1608449412,"path_taken":["M","$","M","M","$","E","R","?","T","R","M","E","M","?","R","BOSS"],"items_purchased_type":["Card","Relic"],"build_version":"2020-12-13","purchased_purges":1,"victory":false,"max_hp_per_floor":[66,66,66,66,66,66,66,66,66,66,66,66,66,66,66,66,66],"card_choices":[{"not_picked":["Terror","Deflect"],"picked":"Blade Dance","floor":1},{"not_picked":["Deflect","PiercingWail"],"picked":"Prepared","floor":3},{"not_picked":["Terror","Predator"],"picked":"Finisher","floor":4},{"not_picked":["Bane","Heel Hook"],"picked":"PiercingWail","floor":6},{"not_picked":["Reflex","Dagger Throw"],"picked":"Well Laid Plans+1","floor":11},{"not_picked":["Poisoned Stab","Underhanded Strike"],"picked":"Acrobatics","floor":12},{"not_picked":["Predator","Sucker Punch"],"picked":"Underhanded Strike","floor":13},{"not_picked":["Dagger Throw","Finisher"],"picked":"Reflex","floor":14}],"player_experience":1092852,"relics_obtained":[{"floor":6,"key":"Tingsha"},{"floor":8,"key":"TungstenRod"},{"floor":9,"key":"Frozen Egg 2"},{"floor":12,"key":"Tough Bandages"}],"event_choices":[{"damage_healed":0,"gold_gain":0,"player_choice":"Relic","damage_taken":0,"max_hp_gain":0,"max_hp_loss":0,"event_name":"Wheel of Change","floor":8,"gold_loss":0}],"is_beta":false,"boss_relics":[],"items_purged_floors":[2],"is_endless":false,"potions_floor_spawned":[3,12,13,14],"killed_by":"Slime Boss","ascension_level":18}}