{"host":"x039aayur7qovk2d","time":1608490906,"event":{"mods":["BaseMod","Colored Map","Minty Spire (QoL Compilation)"],"gold_per_floor":[115,115,115,115,132,164,164,139,139,157,157,187,198,1,1,102,102,119,137,155,155,175,175,191,77,77,38,63,63,63],"floor_reached":29,"playtime":2029,"items_purged":[],"score":278,"play_id":"18370ae1-c50c-479f-8fb5-28a96037a6f7","local_time":"20201220110146","is_ascension_mode":false,"campfire_choices":[{"floor":11,"key":"REST"},{"floor":15,"key":"RECALL"},{"floor":23,"key":"REST"}],"circlet_count":0,"master_deck":["Strike_R","Strike_R","Strike_R","Strike_R","Strike_R","Defend_R","Defend_R","Defend_R","Defend_R","Bash","Iron Wave","Demon Form","Armaments","Pommel Strike","Seeing Red","Clothesline","Limit Break","Uppercut+1","Pommel Strike","Perfected Strike","Dual Wield","Twin Strike+1","Reckless Charge","Ghostly Armor","Wild Strike"],"relics":["Black Blood","Boot","Bird Faced Urn","TheAbacus","Toy Ornithopter","Oddly Smooth Stone"],"acts_visited":["Exordium","TheCity"],"potions_floor_usage":[12,12,12,16,20,28,28],"damage_taken":[{"damage":6,"enemies":"Cultist","floor":1,"turns":3},{"damage":10,"enemies":"Jaw Worm","floor":5,"turns":4},{"damage":44,"enemies":"Gremlin Nob","floor":6,"turns":7},{"damage":0,"enemies":"Small Slimes","floor":10,"turns":3},{"damage":0,"enemies":"Lagavulin","floor":12,"turns":5},{"damage":3,"enemies":"Red Slaver","floor":13,"turns":6},{"damage":36,"enemies":"The Guardian","floor":16,"turns":13},{"damage":26,"enemies":"Spheric Guardian","floor":18,"turns":7},{"damage":48,"enemies":"3 Byrds","floor":19,"turns":10},{"damage":28,"enemies":"Snake Plant","floor":20,"turns":5},{"damage":65,"enemies":"Sentry and Sphere","floor":22,"turns":8},{"damage":28,"enemies":"Snecko","floor":24,"turns":6},{"damage":98,"enemies":"Slavers","floor":28,"turns":9},{"damage":31,"enemies":"Centurion and Healer","floor":29,"turns":6}],"seed_played":"4306129771632839783","potions_obtained":[{"floor":1,"key":"SneckoOil"},{"floor":7,"key":"Energy Potion"},{"floor":7,"key":"DistilledChaos"},{"floor":12,"key":"FairyPotion"},{"floor":18,"key":"BloodPotion"},{"floor":24,"key":"LiquidBronze"}],"is_trial":false,"path_per_floor":["M","$","?","$","M","E","?","$","T","M","R","E","M","$","R","B",null,"M","M","M","?","M","R","M","$","T","$","E","M"],"character_chosen":"IRONCLAD","items_purchased":["Armaments","SteroidPotion","TheAbacus","Regen Potion","Reckless Charge","Ghostly Armor"],"campfire_rested":2,"item_purchase_floors":[8,14,14,25,25,27],"current_hp_per_floor":[88,88,88,88,84,46,46,46,46,52,78,84,88,88,88,60,88,74,38,41,88,37,63,49,49,49,49,31,0,0],"gold":63,"neow_bonus":"TEN_PERCENT_HP_BONUS","is_daily":false,"chose_seed":false,"campfire_upgraded":0,"win_rate":0.0,"timestamp":1608490906,"path_taken":["M","?","?","$","?","E","?","$","T","M","R","E","?","?","R","BOSS","M","M","M","?","M","R","?","$","T","?","E","M"],"items_purchased_type":["Card","Potion","Relic","Potion","Card","Card"],"build_version":"2020-12-13","purchased_purges":0,"victory":false,"max_hp_per_floor":[88,88,88,88,88,88,88,88,88,88,88,88,88,88,88,88,88,88,88,88,88,88,88,88,88,88,88,88,88,88],"card_choices":[{"not_picked":["Heavy Blade","Body Slam"],"picked":"Iron Wave","floor":1},{"not_picked":["Whirlwind","Hemokinesis"],"picked":"Power Through","floor":5},{"not_picked":["Pommel Strike","Twin Strike"],"picked":"Demon Form","floor":6},{"not_picked":["Feel No Pain","Cleave"],"picked":"Pommel Strike","floor":10},{"not_picked":["Burning Pact","Iron Wave"],"picked":"Seeing Red","floor":12},{"not_picked":["Headbutt","Perfected Strike"],"picked":"Clothesline","floor":13},{"not_picked":["Double Tap","Brutality"],"picked":"Limit Break","floor":16},{"not_picked":["Pommel Strike+1","Clash"],"picked":"Uppercut+1","floor":18},{"not_picked":["Armaments","True Grit"],"picked":"Pommel Strike","floor":19},{"not_picked":["Cleave","Reckless Charge"],"picked":"Perfected Strike","floor":20},{"not_picked":["Uppercut","Clothesline"],"picked":"Dual Wield","floor":22},{"not_picked":["Sword Boomerang","True Grit+1"],"picked":"Twin Strike+1","floor":24},{"not_picked":["Twin Strike","Clash"],"picked":"Wild Strike","floor":28}],"player_experience":171436,"relics_obtained":[{"floor":6,"key":"Boot"},{"floor":12,"key":"Bird Faced Urn"},{"floor":26,"key":"Toy Ornithopter"},{"floor":28,"key":"Oddly Smooth Stone"}],"event_choices":[{"damage_healed":0,"gold_gain":0,"player_choice":"Ignored","damage_taken":0,"max_hp_gain":0,"max_hp_loss":0,"event_name":"NoteForYourself","floor":3,"gold_loss":0},{"damage_healed":0,"gold_gain":0,"player_choice":"Got Potions","damage_taken":0,"max_hp_gain":0,"max_hp_loss":0,"event_name":"Lab","floor":7,"gold_loss":0},{"cards_removed":["Power Through"],"damage_healed":47,"gold_gain":0,"player_choice":"Offered Uncommon","damage_taken":0,"max_hp_gain":0,"max_hp_loss":0,"event_name":"Bonfire Elementals","floor":21,"gold_loss":0}],"is_beta":false,"boss_relics":[{"not_picked":["Coffee Dripper","SacredBark"],"picked":"Black Blood"}],"items_purged_floors":[],"is_endless":false,"potions_floor_spawned":[1,10,12,18,24],"killed_by":"Centurion and Healer","ascension_level":0}}