{"host":"ny0ruk04d4jvzm3a","time":1608426378,"event":{"mods":["BaseMod","Better Match","Better Sensory Stone","Better Skull","BetterRewards","Colored Map","Colored Powertips","GifTheSpireLib","Hermit","Minty Spire (QoL Compilation)","Quick Restart","Relic Stats","StSLib","Transform Curses"],"gold_per_floor":[111,186,410,424,441,474,474],"floor_reached":6,"playtime":207,"items_purged":[],"score":46,"play_id":"bd894283-16c9-467a-9583-f612bfd019d5","local_time":"20201219200618","is_ascension_mode":false,"campfire_choices":[],"circlet_count":0,"master_deck":["Strike_P","Strike_P","Strike_P","Strike_P","Defend_P","Defend_P","Defend_P","Defend_P","Eruption","Vigilance","FlyingSleeves","Worship","PathToVictory","InnerPeace"],"relics":["PureWater","NeowsBlessing","Vajra"],"acts_visited":["Exordium"],"potions_floor_usage":[6],"damage_taken":[{"damage":0,"enemies":"Jaw Worm","floor":1,"turns":1},{"damage":0,"enemies":"Cultist","floor":4,"turns":1},{"damage":0,"enemies":"2 Louse","floor":5,"turns":1},{"damage":41,"enemies":"Lagavulin","floor":6,"turns":6}],"seed_played":"-5442829421628607124","potions_obtained":[{"floor":4,"key":"FearPotion"},{"floor":5,"key":"Swift Potion"}],"is_trial":false,"path_per_floor":["M","?","?","M","M","E"],"character_chosen":"WATCHER","items_purchased":[],"campfire_rested":0,"item_purchase_floors":[],"current_hp_per_floor":[72,61,45,45,45,4,4],"gold":474,"neow_bonus":"THREE_ENEMY_KILL","is_daily":false,"chose_seed":false,"campfire_upgraded":0,"win_rate":0.0,"timestamp":1608426378,"path_taken":["M","?","?","?","M","E"],"items_purchased_type":[],"build_version":"2020-12-13","purchased_purges":0,"victory":false,"max_hp_per_floor":[72,72,72,72,72,72,72],"relic_stats":{"counters":[4,9],"obtain_stats":[{"NeowsBlessing":0,"Vajra":6,"PureWater":0},{"NeowsBlessing":0,"Vajra":4,"PureWater":0},{"NeowsBlessing":0,"Vajra":9,"PureWater":0}]},"card_choices":[{"not_picked":["Evaluate","Protect"],"picked":"FlyingSleeves","floor":1},{"not_picked":["BattleHymn","EmptyBody"],"picked":"Worship","floor":4},{"not_picked":["Wallop","CutThroughFate"],"picked":"PathToVictory","floor":5},{"not_picked":["Tantrum","CrushJoints"],"picked":"InnerPeace","floor":6}],"player_experience":2053766,"relics_obtained":[{"floor":6,"key":"Vajra"}],"event_choices":[{"damage_healed":0,"gold_gain":75,"player_choice":"Gather Gold","damage_taken":11,"max_hp_gain":0,"max_hp_loss":0,"event_name":"World of Goop","floor":2,"gold_loss":0},{"damage_healed":0,"gold_gain":224,"player_choice":"GO GO ","damage_taken":18,"relics_obtained":[],"max_hp_gain":0,"max_hp_loss":0,"event_name":"betterSkull:BetterSkull","floor":3,"gold_loss":0,"cards_upgraded":[]}],"is_beta":false,"boss_relics":[],"items_purged_floors":[],"is_endless":false,"potions_floor_spawned":[4,5],"killed_by":"Lagavulin","ascension_level":0}}