{"host":"a4s27ghlnr83kbqz","time":1608453121,"event":{"mods":["AchievementEnabler","BaseMod","Colored Map","Minty Spire (QoL Compilation)","Permanent Neow","SuperFastMode"],"gold_per_floor":[114,128,147,167,167,187,187,216,216,241,268,268,268,46,62,62,62,62],"floor_reached":17,"playtime":297,"items_purged":["Strike_B"],"score":187,"play_id":"6688db84-83e3-427f-b637-61fbf7ff9da7","local_time":"20201220163201","is_ascension_mode":true,"campfire_choices":[{"data":"Hyperbeam","floor":7.0,"key":"SMITH"},{"data":"Beam Cell","floor":9,"key":"SMITH"},{"floor":13,"key":"REST"},{"data":"Buffer","floor":16,"key":"SMITH"}],"circlet_count":0,"master_deck":["AscendersBane","Strike_B","Strike_B","Strike_B","Defend_B+1","Defend_B","Defend_B","Defend_B","Zap+1","Dualcast","Injury","Hyperbeam+1","Streamline","Leap","Reboot","Beam Cell+1","Buffer+1","Steam Power"],"relics":["Cracked Core","War Paint","DataDisk","Vajra","Omamori"],"acts_visited":["Exordium"],"potions_floor_usage":[8,17],"damage_taken":[{"damage":1.0,"enemies":"Cultist","floor":1.0,"turns":3.0},{"damage":1.0,"enemies":"2 Louse","floor":2.0,"turns":2.0},{"damage":0.0,"enemies":"Small Slimes","floor":3.0,"turns":1.0},{"damage":11.0,"enemies":"Looter","floor":4.0,"turns":2.0},{"damage":0.0,"enemies":"Gremlin Gang","floor":6.0,"turns":1.0},{"damage":9,"enemies":"Gremlin Nob","floor":8,"turns":3},{"damage":14,"enemies":"3 Sentries","floor":11,"turns":5},{"damage":8,"enemies":"Lots of Slimes","floor":15,"turns":2},{"damage":22,"enemies":"The Guardian","floor":17,"turns":4}],"seed_played":"5069658099137349075","potions_obtained":[{"floor":1.0,"key":"Ancient Potion"},{"floor":4.0,"key":"FearPotion"},{"floor":15,"key":"LiquidMemories"}],"is_trial":false,"path_per_floor":["M","M","M","M","M","M","R","E","R","T","E","?","R","$","M","R","B"],"character_chosen":"DEFECT","items_purchased":["Buffer"],"campfire_rested":1,"item_purchase_floors":[14],"current_hp_per_floor":[67,66,66,55,55,55,55,46,46,46,32,7,29,29,21,21,0,0],"gold":62,"neow_bonus":"THREE_RARE_CARDS","is_daily":false,"chose_seed":false,"campfire_upgraded":3,"win_rate":0.0,"timestamp":1608453121,"path_taken":["M","M","M","M","M","M","R","E","R","T","E","?","R","$","M","R","BOSS"],"items_purchased_type":["Card"],"build_version":"2020-12-13","purchased_purges":1,"victory":false,"max_hp_per_floor":[75,75,75,75,75,75,75,75,75,75,75,75,75,75,75,75,75,75],"card_choices":[{"not_picked":["Seek","Meteor Strike"],"picked":"Hyperbeam","floor":0.0},{"not_picked":["Stack","Aggregate"],"picked":"Streamline","floor":1.0},{"not_picked":["Compile Driver","Capacitor"],"picked":"Leap","floor":2.0},{"not_picked":["Streamline","Beam Cell"],"picked":"Reboot","floor":3.0},{"not_picked":["Darkness","Ball Lightning","Reinforced Body"],"picked":"SKIP","floor":4.0},{"not_picked":["Turbo","Consume","Chaos"],"picked":"SKIP","floor":6.0},{"not_picked":["Consume","Turbo"],"picked":"Beam Cell","floor":8},{"not_picked":["Amplify","Hyperbeam","Sweeping Beam"],"picked":"SKIP","floor":11},{"not_picked":["Cold Snap","Streamline"],"picked":"Steam Power","floor":15}],"player_experience":1033601,"relics_obtained":[{"floor":8,"key":"War Paint"},{"floor":10,"key":"DataDisk"},{"floor":11,"key":"Vajra"}],"event_choices":[{"damage_healed":0,"gold_gain":0,"player_choice":"Success","damage_taken":25,"relics_obtained":["Omamori"],"max_hp_gain":0,"max_hp_loss":0,"event_name":"Scrap Ooze","floor":12,"gold_loss":0}],"is_beta":false,"boss_relics":[],"items_purged_floors":[14],"is_endless":false,"potions_floor_spawned":[1,4,15],"killed_by":"The Guardian","ascension_level":12}}