{"host":"8e3sp1tozjyrh64l","time":1608486645,"event":{"mods":["BaseMod","Better Altar","Better Match","Better Sensory Stone","Better Silent Start","Better Skull","Better Third Choice","BetterRewards","Defuse TimeMaze Blight","Infinite Spire","Minty Spire (QoL Compilation)","Permanent Neow","Rare Cards Sparkle","Relic Sorter","Replay The Spire","Shop Mod","Spicy Shops","StSLib","SuperFastMode"],"gold_per_floor":[137,192,60,60,60,60,120,120,120,146,195,234,341,341,341,438,438,450,20,20,22,22,22,22,22,94,132,193,251,291,327,327,449,449,524,601,601,625,706,809,809,887,887,980,355,411,411,411,411,534,534,609,609],"floor_reached":52,"playtime":1964,"items_purged":["Normality","Shame"],"score":1126,"play_id":"e8801a38-7c29-4285-8e24-842a7a08b893","local_time":"20201220105045","is_ascension_mode":true,"campfire_choices":[{"data":"Neutralize","floor":6,"key":"SMITH"},{"data":"Dagger Spray","floor":6,"key":"SMITH"},{"floor":8,"key":"REST"},{"data":"Cloak And Dagger","floor":15,"key":"SMITH"},{"data":"Blade Dance","floor":15,"key":"SMITH"},{"data":"Sadistic Nature","floor":23,"key":"SMITH"},{"data":"Phantasmal Killer","floor":23,"key":"SMITH"},{"data":"Choke","floor":25,"key":"SMITH"},{"data":"Survivor","floor":25,"key":"SMITH"},{"data":"Noxious Fumes","floor":32,"key":"SMITH"},{"data":"Prepared","floor":32,"key":"SMITH"},{"data":"Cloak And Dagger","floor":41,"key":"SMITH"},{"data":"Burst","floor":41,"key":"SMITH"},{"data":"ReplayTheSpireMod:Brewmster","floor":47,"key":"SMITH"},{"data":"Accuracy","floor":47,"key":"SMITH"},{"data":"Specialist","floor":49,"key":"SMITH"},{"data":"Infinite Blades","floor":49,"key":"SMITH"}],"circlet_count":0,"master_deck":["Strike_G","Strike_G","Strike_G","Defend_G","Defend_G","Defend_G","Defend_G+1","Survivor+1","Neutralize+1","HandOfGreed+1","Blade Dance+1","Dagger Spray+1","Cloak And Dagger+1","Phantasmal Killer+1","Choke+1","Sadistic Nature+1","Prepared+1","Noxious Fumes+1","Burst+1","Cloak And Dagger+1","Tactician+1","Infinite Blades+1","Accuracy+1","ReplayTheSpireMod:Brewmster+1","Specialist+1","Draining Mist+1","Envenom"],"relics":["Ring of the Snake","infinitespire:EmpoweringShard","Replay:Arrowhead","MerchantsRug","Vampiric Spirits","Vajra","Quantum Egg","Bottled Flame","Odd Mushroom","Oddly Smooth Stone","Runic Pyramid","Snack Pack","Tough Bandages","infinitespire:EvilPickle","Black Star","WingedGreaves","SacredBark","Snake Skull","Replay:Mystery Machine","Ornamental Fan","infinitespire:Beetle Shell","Letter Opener","StrikeDummy","Toy Ornithopter","Omamori","ReplayTheSpireMod:ShopPack","Blue Doll","PreservedInsect","infinitespire:Cupcake"],"acts_visited":["Exordium","TheCity","TheBeyond","Exordium"],"potions_floor_usage":[29,42,46,46,50,50,50],"damage_taken":[{"damage":2,"enemies":"Jaw Worm","floor":1,"turns":4},{"damage":8,"enemies":"Small Slimes","floor":2,"turns":4},{"damage":14,"enemies":"Gremlin Nob","floor":7,"turns":4},{"damage":2,"enemies":"Replay:BlueRogue","floor":10,"turns":6},{"damage":6,"enemies":"The Mushroom Lair","floor":11,"turns":2},{"damage":0,"enemies":"2 Louse","floor":12,"turns":1},{"damage":7,"enemies":"3 Sentries","floor":13,"turns":7},{"damage":12,"enemies":"Fading Forest","floor":16,"turns":11},{"damage":0,"enemies":"Spheric Guardian","floor":18,"turns":3},{"damage":10,"enemies":"Shell Parasite","floor":27,"turns":5},{"damage":0,"enemies":"Chosen and Byrds","floor":28,"turns":4},{"damage":0,"enemies":"Book of Stabbing","floor":29,"turns":5},{"damage":0,"enemies":"Snake Plant","floor":30,"turns":4},{"damage":0,"enemies":"Sentry and Sphere","floor":31,"turns":3},{"damage":18,"enemies":"Pondfish","floor":33,"turns":5},{"damage":0,"enemies":"3 Darklings","floor":35,"turns":3},{"damage":12,"enemies":"2 Orb Walkers","floor":36,"turns":4},{"damage":6,"enemies":"3 Shapes","floor":39,"turns":3},{"damage":28,"enemies":"Nightmare","floor":40,"turns":9},{"damage":5,"enemies":"Reptomancer","floor":42,"turns":5},{"damage":3,"enemies":"R_Hoarder","floor":44,"turns":5},{"damage":18,"enemies":"Reptomancer","floor":46,"turns":4},{"damage":43,"enemies":"Time Eater","floor":50,"turns":6},{"damage":0,"enemies":"Cultist","floor":52,"turns":2}],"seed_played":"8187092586740218935","potions_obtained":[{"floor":1,"key":"BlessingOfTheForge"},{"floor":7,"key":"Venom Potion"},{"floor":18,"key":"FearPotion"},{"floor":27,"key":"Explosive Potion"},{"floor":28,"key":"Flashbang"},{"floor":30,"key":"SteroidPotion"},{"floor":35,"key":"Explosive Potion"},{"floor":44,"key":"Strength Potion"},{"floor":46,"key":"GamblersBrew"}],"is_trial":false,"path_per_floor":["M","M","$","?","?","R","E","R","T","E","?","M","E","?","R","B",null,"M","$","?","$","?","R","?","R","T","M","M","E","M","M","R","B",null,"M","?","AVR","T","M","NM","R","E","T","E","$","E","R","?","R","B",null,"M"],"character_chosen":"THE_SILENT","items_purchased":["Replay:Arrowhead","MerchantsRug","HandOfGreed","Replay:Rubber Ducky","Vajra","infinitespire:EmpoweringShard","Snack Pack","Sadistic Nature","Accuracy","StrikeDummy","Toy Ornithopter","Omamori","ReplayTheSpireMod:ShopPack"],"campfire_rested":1,"item_purchase_floors":[0,0,0,0,3,19,19,21,45,45,45,45,45],"current_hp_per_floor":[37,30,30,30,16,16,10,31,31,31,36,44,46,46,46,69,70,70,70,70,70,70,70,70,70,70,60,70,70,70,70,70,62,70,70,58,65,65,71,53,53,72,72,84,84,80,80,80,80,62,84,84,84],"gold":609,"neow_bonus":"","is_daily":false,"chose_seed":false,"campfire_upgraded":16,"win_rate":0.0,"timestamp":1608486645,"path_taken":["M","M","$","?","?","R","E","R","T","E","?","M","E","?","R","BOSS","M","?","?","$","?","R","?","R","T","M","M","E","M","M","R","BOSS","M","?","AVR","?","M","NM","R","E","T","E","$","E","R","?","R","BOSS","M"],"items_purchased_type":["Relic","Relic","Card","Relic","Relic","Relic","Relic","Card","Card","Relic","Relic","Relic","Relic"],"build_version":"2020-12-13","purchased_purges":2,"victory":false,"max_hp_per_floor":[70,70,70,70,70,70,70,70,70,70,70,70,70,70,70,70,70,70,70,70,70,70,70,70,70,70,70,70,70,70,70,70,70,70,70,70,77,77,77,77,77,77,77,84,84,84,84,84,84,84,84,84,84],"card_choices":[{"not_picked":["Dagger Spray","Masterful Stab"],"picked":"Blade Dance","floor":1},{"not_picked":["Flechettes","Flying Knee"],"picked":"Dagger Spray","floor":2},{"not_picked":["PiercingWail","Bouncing Flask","Toxin Wave"],"picked":"SKIP","floor":7},{"not_picked":["Tools of the Trade","Catalyst","Well Laid Plans"],"picked":"SKIP","floor":10},{"not_picked":["Acrobatics","Masterful Stab"],"picked":"Cloak And Dagger","floor":12},{"not_picked":["Quick Slash","Sneak Up","Draining Mist"],"picked":"SKIP","floor":13},{"not_picked":["Storm of Steel","Corpse Explosion"],"picked":"Phantasmal Killer","floor":16},{"not_picked":["Concentrate+1","Catalyst"],"picked":"Choke","floor":18},{"not_picked":["Footwork","Bane","Dodge and Roll+1"],"picked":"SKIP","floor":27},{"not_picked":["Escape Plan","Dodge and Roll"],"picked":"Prepared","floor":28},{"not_picked":["Dodge and Roll","Underhanded Strike","Riddle With Holes"],"picked":"SKIP","floor":29},{"not_picked":["Deadly Poison","Flying Knee","ReplayTheSpireMod:Speed Training"],"picked":"SKIP","floor":30},{"not_picked":["Prepared+1","Bouncing Flask"],"picked":"Noxious Fumes","floor":31},{"not_picked":["Wraith Form v2","Night Terror"],"picked":"Burst","floor":33},{"not_picked":["Deadly Poison","Dodge and Roll","PiercingWail"],"picked":"SKIP","floor":35},{"not_picked":["Outmaneuver+1","All Out Attack"],"picked":"Cloak And Dagger","floor":36},{"not_picked":["Dagger Spray","Masterful Stab+1","Endless Agony"],"picked":"SKIP","floor":39},{"not_picked":["PiercingWail+1","Quick Slash","Slice"],"picked":"SKIP","floor":40},{"not_picked":["ReplayTheSpireMod:Necrosis","Outmaneuver+1"],"picked":"Tactician+1","floor":42},{"not_picked":["Underhanded Strike+1","Sucker Punch"],"picked":"Infinite Blades","floor":44},{"not_picked":["Violence","Midas Touch"],"picked":"ReplayTheSpireMod:Brewmster","floor":45},{"not_picked":["Deep Breath","Secret Technique"],"picked":"Specialist","floor":45},{"not_picked":["Dagger Spray+1","All Out Attack+1"],"picked":"Draining Mist+1","floor":46},{"not_picked":["Night Terror","Storm of Steel"],"picked":"Envenom","floor":50},{"not_picked":["Blade Dance","Bane","Cloak And Dagger"],"picked":"SKIP","floor":52},{"not_picked":["Blade Dance","Bane","Cloak And Dagger"],"picked":"SKIP","floor":52}],"player_experience":888693,"relics_obtained":[{"floor":7,"key":"Gambling Chip"},{"floor":9,"key":"Quantum Egg"},{"floor":10,"key":"Bottled Flame"},{"floor":11,"key":"Odd Mushroom"},{"floor":13,"key":"Oddly Smooth Stone"},{"floor":29,"key":"Tough Bandages"},{"floor":36,"key":"WingedGreaves"},{"floor":38,"key":"Snake Skull"},{"floor":40,"key":"Replay:Mystery Machine"},{"floor":40,"key":"ReplayTheSpireMod:TigerMarble"},{"floor":42,"key":"Ornamental Fan"},{"floor":43,"key":"infinitespire:Beetle Shell"},{"floor":44,"key":"Strawberry"},{"floor":44,"key":"Letter Opener"},{"floor":46,"key":"Blue Doll"},{"floor":46,"key":"PreservedInsect"}],"event_choices":[{"damage_healed":30,"gold_gain":0,"player_choice":"Upgrade","damage_taken":14,"max_hp_gain":0,"max_hp_loss":70,"event_name":"betterThird:BetterShining","floor":5,"gold_loss":0,"cards_upgraded":["HandOfGreed","Defend_G"]},{"damage_healed":0,"gold_gain":0,"player_choice":"Fought Mushrooms","damage_taken":0,"max_hp_gain":0,"max_hp_loss":0,"event_name":"Mushrooms","floor":11,"gold_loss":0},{"cards_removed":["Strike_G"],"damage_healed":0,"gold_gain":0,"player_choice":"Offered Basic","damage_taken":0,"max_hp_gain":0,"max_hp_loss":0,"event_name":"Bonfire Elementals","floor":14,"gold_loss":0},{"damage_healed":0,"gold_gain":0,"player_choice":"Ignored","damage_taken":0,"max_hp_gain":0,"max_hp_loss":0,"event_name":"Ghosts","floor":22,"gold_loss":0},{"damage_healed":0,"gold_gain":0,"player_choice":"Fight","damage_taken":0,"max_hp_gain":0,"max_hp_loss":0,"event_name":"Mysterious Sphere","floor":36,"gold_loss":0},{"damage_healed":0,"gold_gain":0,"player_choice":"Ignored","damage_taken":0,"max_hp_gain":0,"max_hp_loss":0,"event_name":"Purifier","floor":48,"gold_loss":0}],"is_beta":false,"boss_relics":[{"not_picked":["Velvet Choker","Kintsugi"],"picked":"Runic Pyramid"},{"not_picked":["Honey Jar","Replay:Bronze Core"],"picked":"Black Star"},{"not_picked":["Ring of the Serpent","Snecko Eye"],"picked":"infinitespire:Cupcake"}],"items_purged_floors":[0,19],"is_endless":true,"potions_floor_spawned":[1,7,18,27,28,30,35,44,46,52],"killed_by":"Cultist","ascension_level":1}}