{"host":"f14d6hm2349s9jse","time":1608431369,"event":{"mods":["2.2 Compatiblity","BaseMod","Minty Spire (QoL Compilation)","StSLib","The Death Knight"],"gold_per_floor":[117,0,0,75,75,93,127,127,199,239,239,239,262,283,283,404,404,404],"floor_reached":17,"playtime":829,"items_purged":[],"score":171,"play_id":"20166b02-8be0-452b-8060-cb4cf751c6d9","local_time":"20201219212929","is_ascension_mode":true,"campfire_choices":[{"floor":8,"key":"REST"},{"floor":11,"key":"REST"},{"data":"DeathKnight:FesteringStrike","floor":15,"key":"SMITH"}],"circlet_count":0,"master_deck":["DeathKnight:Strike_DeathKnight+1","DeathKnight:Strike_DeathKnight","DeathKnight:Strike_DeathKnight","DeathKnight:Strike_DeathKnight","DeathKnight:Strike_DeathKnight","DeathKnight:Defend_DeathKnight","DeathKnight:Defend_DeathKnight","DeathKnight:Defend_DeathKnight","DeathKnight:Defend_DeathKnight+1","DeathKnight:Defend_DeathKnight","DeathKnight:RuneTap","DeathKnight:RuneStrike","CurseOfTheBell","DeathKnight:Culling","DeathKnight:FesteringStrike+1","DeathKnight:Contagion","Injury","DeathKnight:FesteringStrike","DeathKnight:SindragosasBreath+1","DeathKnight:FoulBulwark+1","DeathKnight:Frostscythe+1"],"relics":["Calling Bell","Centennial Puzzle","Meat on the Bone","Ice Cream","Golden Idol","DeathKnight:TomeOfFrostSpecialization","Toxic Egg 2","Singing Bowl","Coffee Dripper"],"acts_visited":["Exordium","TheCity"],"potions_floor_usage":[16,16,16],"damage_taken":[{"damage":1,"enemies":"Jaw Worm","floor":1,"turns":6},{"damage":5,"enemies":"Small Slimes","floor":6,"turns":4},{"damage":18,"enemies":"Lagavulin","floor":7,"turns":5},{"damage":45,"enemies":"3 Sentries","floor":10,"turns":9},{"damage":1,"enemies":"2 Louse","floor":13,"turns":3},{"damage":0,"enemies":"Exordium Wildlife","floor":14,"turns":3},{"damage":29,"enemies":"Slime Boss","floor":16,"turns":10}],"seed_played":"-6833817368992209576","potions_obtained":[{"floor":10,"key":"SteroidPotion"},{"floor":14,"key":"EntropicBrew"},{"floor":16,"key":"EssenceOfSteel"}],"is_trial":false,"path_per_floor":["M","$","?","?","?","M","E","R","T","E","R","$","M","M","R","B",null],"character_chosen":"DEATH_KNIGHT","items_purchased":["DeathKnight:FesteringStrike","DeathKnight:Contagion"],"campfire_rested":2,"item_purchase_floors":[2,2],"current_hp_per_floor":[74,74,59,48,48,43,37,59,59,28,51,51,50,52,52,35,79,79],"gold":404,"neow_bonus":"BOSS_RELIC","is_daily":false,"chose_seed":false,"campfire_upgraded":1,"win_rate":0.0,"timestamp":1608431369,"path_taken":["M","$","?","?","?","M","E","R","T","E","R","$","M","?","R","BOSS"],"items_purchased_type":["Card","Card"],"build_version":"2020-12-13","purchased_purges":0,"victory":false,"max_hp_per_floor":[75,75,75,75,75,75,75,75,75,77,77,77,77,79,79,79,79,79],"card_choices":[{"not_picked":["DeathKnight:DeathAndDecay","DeathKnight:DeathRune"],"picked":"DeathKnight:Culling","floor":1},{"not_picked":["DeathKnight:RuneShock","DeathKnight:DeathCoil"],"picked":"DeathKnight:FesteringStrike","floor":6},{"not_picked":["DeathKnight:FrostStrike","DeathKnight:PathOfFrost"],"picked":"DeathKnight:SindragosasBreath","floor":7},{"not_picked":["DeathKnight:PillarOfFrost+1","DeathKnight:HornOfWinter+1","DeathKnight:ChainsOfIce+1"],"picked":"Singing Bowl","floor":10},{"not_picked":["DeathKnight:Parry+1","DeathKnight:Rot"],"picked":"DeathKnight:FoulBulwark+1","floor":13},{"not_picked":["DeathKnight:BoneSpear","DeathKnight:BoneShield+1","DeathKnight:BloodTap+1"],"picked":"Singing Bowl","floor":14},{"not_picked":["DeathKnight:ArmyOfTheDead+1","DeathKnight:RunicDetonation"],"picked":"DeathKnight:Frostscythe+1","floor":16}],"player_experience":2477093,"relics_obtained":[{"floor":0,"key":"Centennial Puzzle"},{"floor":0,"key":"Meat on the Bone"},{"floor":0,"key":"Ice Cream"},{"floor":7,"key":"DeathKnight:TomeOfFrostSpecialization"},{"floor":9,"key":"Toxic Egg 2"},{"floor":10,"key":"Singing Bowl"}],"event_choices":[{"damage_healed":0,"gold_gain":0,"player_choice":"Entered Light","damage_taken":15,"max_hp_gain":0,"max_hp_loss":0,"event_name":"Shining Light","floor":3,"gold_loss":0,"cards_upgraded":["DeathKnight:Strike_DeathKnight","DeathKnight:Defend_DeathKnight"]},{"damage_healed":0,"gold_gain":75,"player_choice":"Gather Gold","damage_taken":11,"max_hp_gain":0,"max_hp_loss":0,"event_name":"World of Goop","floor":4,"gold_loss":0},{"damage_healed":0,"gold_gain":0,"player_choice":"Take Wound","damage_taken":0,"relics_obtained":["Golden Idol"],"max_hp_gain":0,"max_hp_loss":0,"event_name":"Golden Idol","floor":5,"gold_loss":0,"cards_obtained":["Injury"]}],"is_beta":false,"boss_relics":[{"not_picked":["Empty Cage","Busted Crown"],"picked":"Coffee Dripper"}],"items_purged_floors":[],"is_endless":false,"potions_floor_spawned":[10,14,16],"ascension_level":1}}