{"host":"08sn1703g14rasc1","time":1608456003,"event":{"mods":["AchievementEnabler","BaseMod","Colored Map","Colored Powertips","Hermit","Minty Spire (QoL Compilation)","StSLib"],"gold_per_floor":[114,114,20,0,0,0,40,15,15,53,53,53,71,90,90,214,214,234,159,175,191,42,42,42,42],"floor_reached":24,"playtime":454,"items_purged":[],"score":340,"play_id":"d320f54f-35ae-43e6-92fc-58d9183339c7","local_time":"20201220012003","is_ascension_mode":true,"campfire_choices":[{"data":"Defragment","floor":6.0,"key":"SMITH"},{"floor":11.0,"key":"REST"},{"floor":15,"key":"REST"},{"floor":23,"key":"REST"}],"circlet_count":0,"master_deck":["Strike_B","Strike_B","Defend_B","Defend_B","Defend_B","Defend_B","Zap","Dualcast","Beam Cell","Defragment+1","Sweeping Beam","Consume","Stack","Core Surge","Melter","Self Repair","Electrodynamics","White Noise+1","BootSequence+1","White Noise+1"],"relics":["Cracked Core","Toy Ornithopter","Golden Idol","Lantern","Cables","Black Star","Strange Spoon"],"acts_visited":["Exordium","TheCity"],"potions_floor_usage":[24],"damage_taken":[{"damage":0.0,"enemies":"Small Slimes","floor":1.0,"turns":2.0},{"damage":25.0,"enemies":"Lagavulin","floor":7.0,"turns":6.0},{"damage":20.0,"enemies":"3 Sentries","floor":10.0,"turns":7.0},{"damage":0,"enemies":"Cultist","floor":13,"turns":2},{"damage":0,"enemies":"2 Louse","floor":14,"turns":2},{"damage":0,"enemies":"Slime Boss","floor":16,"turns":5},{"damage":44,"enemies":"Shell Parasite","floor":18,"turns":5},{"damage":0,"enemies":"Spheric Guardian","floor":20,"turns":1},{"damage":25,"enemies":"Snake Plant","floor":21,"turns":3},{"damage":45,"enemies":"Slavers","floor":24,"turns":3}],"seed_played":"8234090112102095348","potions_obtained":[{"floor":14,"key":"FearPotion"},{"floor":16,"key":"FocusPotion"}],"is_trial":false,"path_per_floor":["M","?","$","?","?","R","E","$","T","E","R","?","M","M","R","B",null,"M","?","M","M","$","R","E"],"character_chosen":"DEFECT","items_purchased":["Defragment","Sweeping Beam","Stack","Strange Spoon"],"campfire_rested":3,"item_purchase_floors":[3,3,8,22],"current_hp_per_floor":[68,50,50,50,55,55,30,30,30,10,34,34,34,34,58,58,75,38,38,38,13,13,37,0,0],"gold":42,"neow_bonus":"RANDOM_COMMON_RELIC","is_daily":false,"chose_seed":false,"campfire_upgraded":1,"win_rate":0.0,"timestamp":1608456003,"path_taken":["M","?","$","?","?","R","E","$","T","E","R","?","M","?","R","BOSS","M","?","M","M","$","R","E"],"items_purchased_type":["Card","Card","Card","Relic"],"build_version":"2020-12-13","purchased_purges":0,"victory":false,"max_hp_per_floor":[75,75,75,75,80,80,80,80,80,80,80,80,80,80,80,80,80,80,80,80,80,80,80,80,80],"card_choices":[{"not_picked":["Rebound","Leap"],"picked":"Beam Cell","floor":1.0},{"not_picked":["Streamline","Beam Cell"],"picked":"Consume","floor":7.0},{"not_picked":["Stack","Rip and Tear"],"picked":"Core Surge","floor":10.0},{"not_picked":["Compile Driver","Redo"],"picked":"Melter","floor":13},{"not_picked":["Compile Driver","Storm"],"picked":"Self Repair","floor":14},{"not_picked":["Thunder Strike","Reboot"],"picked":"Electrodynamics","floor":16},{"not_picked":["Reprogram","Streamline"],"picked":"White Noise+1","floor":18},{"not_picked":["Double Energy+1","Beam Cell"],"picked":"BootSequence+1","floor":20},{"not_picked":["Aggregate","Rebound"],"picked":"White Noise+1","floor":21}],"player_experience":411725,"relics_obtained":[{"floor":7.0,"key":"Lantern"},{"floor":10.0,"key":"Cables"}],"event_choices":[{"damage_healed":0.0,"max_hp_gain":0.0,"max_hp_loss":0.0,"gold_gain":0.0,"event_name":"Golden Idol","player_choice":"Take Damage","floor":2.0,"gold_loss":0.0,"damage_taken":18.0,"relics_obtained":["Golden Idol"]},{"damage_healed":0.0,"max_hp_gain":0.0,"max_hp_loss":0.0,"gold_gain":0.0,"event_name":"World of Goop","player_choice":"Left Gold","floor":4.0,"gold_loss":20.0,"damage_taken":0.0},{"damage_healed":0.0,"max_hp_gain":5.0,"max_hp_loss":0.0,"gold_gain":0.0,"event_name":"Big Fish","player_choice":"Donut","floor":5.0,"gold_loss":0.0,"damage_taken":0.0},{"cards_removed":["Strike_B"],"damage_healed":0.0,"max_hp_gain":0.0,"max_hp_loss":0.0,"gold_gain":0.0,"event_name":"Wheel of Change","player_choice":"Card Removal","floor":12.0,"gold_loss":0.0,"damage_taken":0.0},{"cards_removed":["Strike_B"],"damage_healed":0,"gold_gain":0,"player_choice":"Gave Gold","damage_taken":0,"max_hp_gain":0,"max_hp_loss":0,"event_name":"Beggar","floor":19,"gold_loss":75}],"is_beta":false,"boss_relics":[{"not_picked":["Busted Crown","Philosopher\u0027s Stone"],"picked":"Black Star"}],"items_purged_floors":[],"is_endless":false,"potions_floor_spawned":[14,16],"killed_by":"Slavers","ascension_level":7}}