{"host":"69rply1jf2d1wbmp","time":1608435445,"event":{"mods":["BaseMod","Minty Spire (QoL Compilation)","Quick Restart"],"gold_per_floor":[114,39,56,231,250,250,285,285,309,339,339,21,40,40,40,144,144,125,139,139,150,15,49,49,49,49,84,104,104,114,133,133,234,234,248,295,313,313,7,7,34,34,34,67,67,31,50,0,0,0],"floor_reached":51,"playtime":1600,"items_purged":["Strike_R","Doubt","Defend_R","Strike_R"],"score":766,"play_id":"94c88a4a-dda2-462c-90e8-234ea135f5dd","local_time":"20201219223725","is_ascension_mode":false,"campfire_choices":[{"floor":6,"key":"RECALL"},{"floor":8,"key":"REST"},{"data":"Armaments","floor":15,"key":"SMITH"},{"data":"Inflame","floor":25,"key":"SMITH"},{"floor":29,"key":"REST"},{"data":"Metallicize","floor":32,"key":"SMITH"},{"data":"Limit Break","floor":40,"key":"SMITH"},{"data":"Inflame","floor":42,"key":"SMITH"},{"floor":45,"key":"REST"},{"data":"Metallicize","floor":49,"key":"SMITH"}],"circlet_count":0,"master_deck":["Strike_R","Strike_R","Defend_R+1","Defend_R","Defend_R","Bash+1","Anger","Sword Boomerang+1","Inflame+1","Shrug It Off","Armaments+1","Shrug It Off+1","Metallicize+1","Flame Barrier","Cleave","Thunderclap+1","Carnage","Feed","Inflame+1","Limit Break+1","Writhe","Metallicize+1"],"relics":["Burning Blood","Omamori","Dream Catcher","Potion Belt","Membership Card","Cursed Key","Brimstone","InkBottle","Shuriken","Eternal Feather","Mark of Pain","Du-Vu Doll","Whetstone","MealTicket","Bottled Flame","Oddly Smooth Stone","Lantern","Red Mask"],"acts_visited":["Exordium","TheCity","TheBeyond"],"potions_floor_usage":[16,16,23,23,27,36,41,41,41,44,50],"damage_taken":[{"damage":2,"enemies":"2 Louse","floor":1,"turns":3},{"damage":3,"enemies":"Small Slimes","floor":3,"turns":3},{"damage":6,"enemies":"Jaw Worm","floor":5,"turns":3},{"damage":47,"enemies":"3 Sentries","floor":7,"turns":10},{"damage":12,"enemies":"3 Louse","floor":13,"turns":4},{"damage":57,"enemies":"The Guardian","floor":16,"turns":11},{"damage":14,"enemies":"2 Thieves","floor":18,"turns":4},{"damage":0,"enemies":"Chosen","floor":19,"turns":4},{"damage":13,"enemies":"Snecko","floor":21,"turns":6},{"damage":0,"enemies":"Gremlin Leader","floor":23,"turns":5},{"damage":38,"enemies":"Slavers","floor":27,"turns":5},{"damage":1,"enemies":"3 Cultists","floor":28,"turns":3},{"damage":19,"enemies":"Chosen and Byrds","floor":30,"turns":3},{"damage":3,"enemies":"Cultist and Chosen","floor":31,"turns":4},{"damage":44,"enemies":"Automaton","floor":33,"turns":7},{"damage":10,"enemies":"3 Darklings","floor":35,"turns":4},{"damage":39,"enemies":"2 Orb Walkers","floor":36,"turns":4},{"damage":0,"enemies":"Orb Walker","floor":37,"turns":3},{"damage":16,"enemies":"Nemesis","floor":41,"turns":3},{"damage":32,"enemies":"Reptomancer","floor":44,"turns":4},{"damage":18,"enemies":"3 Darklings","floor":47,"turns":4},{"damage":61,"enemies":"Donu and Deca","floor":50,"turns":6}],"seed_played":"3102335712938514431","potions_obtained":[{"floor":5,"key":"Weak Potion"},{"floor":16,"key":"Block Potion"},{"floor":19,"key":"LiquidMemories"},{"floor":21,"key":"Weak Potion"},{"floor":27,"key":"BlessingOfTheForge"},{"floor":30,"key":"Dexterity Potion"},{"floor":33,"key":"EssenceOfSteel"},{"floor":35,"key":"DistilledChaos"},{"floor":41,"key":"DistilledChaos"},{"floor":44,"key":"Swift Potion"}],"is_trial":false,"path_per_floor":["M","$","M","?","M","R","E","R","T","?","?","$","M","?","R","B",null,"M","M","?","M","$","E","?","R","T","E","M","R","M","M","R","B",null,"M","?","M","?","$","R","E","R","T","E","R","$","M","?","R","B",null],"character_chosen":"IRONCLAD","items_purchased":["Membership Card","Inflame","Shrug It Off","SkillPotion","SkillPotion","Brimstone","Whetstone","MealTicket","Limit Break","Metallicize"],"campfire_rested":3,"item_purchase_floors":[12,12,12,12,12,22,39,39,39,46],"current_hp_per_floor":[80,80,80,80,80,80,39,63,63,63,47,47,41,67,67,16,80,72,78,78,71,71,77,77,77,77,45,50,80,67,70,79,41,80,76,43,52,73,73,83,73,83,83,57,83,83,71,71,83,28],"gold":0,"neow_bonus":"REMOVE_CARD","is_daily":false,"chose_seed":false,"campfire_upgraded":6,"win_rate":0.0,"timestamp":1608435445,"path_taken":["M","$","M","?","M","R","E","R","T","?","?","$","?","?","R","BOSS","M","M","?","M","$","E","?","R","T","E","M","R","M","M","R","BOSS","M","?","M","?","$","R","E","R","T","E","R","$","M","?","R","BOSS"],"items_purchased_type":["Relic","Card","Card","Potion","Potion","Relic","Relic","Relic","Card","Card"],"build_version":"2020-12-13","purchased_purges":4,"victory":true,"max_hp_per_floor":[80,80,80,80,80,80,80,80,80,80,80,80,80,80,80,80,80,80,80,80,80,80,80,80,80,80,80,80,80,80,80,80,80,80,80,80,83,83,83,83,83,83,83,83,83,83,83,83,83,83],"card_choices":[{"not_picked":["Pummel","Sentinel"],"picked":"Anger","floor":1},{"not_picked":["Intimidate","Entrench","Searing Blow"],"picked":"SKIP","floor":3},{"not_picked":["Anger","Wild Strike"],"picked":"Sword Boomerang","floor":5},{"not_picked":["Clash","Second Wind","Immolate"],"picked":"SKIP","floor":7},{"not_picked":["True Grit","Clothesline"],"picked":"Armaments","floor":13},{"not_picked":["Headbutt","True Grit"],"picked":"Shrug It Off+1","floor":18},{"not_picked":["Body Slam","Headbutt"],"picked":"Metallicize","floor":19},{"not_picked":["Wild Strike","Anger"],"picked":"Cleave","floor":21},{"not_picked":["Havoc","Fiend Fire"],"picked":"Thunderclap","floor":23},{"not_picked":["True Grit","Evolve","Body Slam"],"picked":"SKIP","floor":27},{"not_picked":["Warcry+1","Dropkick","Evolve+1"],"picked":"SKIP","floor":28},{"not_picked":["True Grit+1","Bloodletting"],"picked":"Carnage","floor":29},{"not_picked":["Carnage","Iron Wave","Entrench"],"picked":"SKIP","floor":30},{"not_picked":["Iron Wave","Thunderclap"],"picked":"Feed","floor":31},{"not_picked":["Disarm","Pommel Strike","Hemokinesis"],"picked":"SKIP","floor":35},{"not_picked":["Rupture+1","Headbutt"],"picked":"Inflame","floor":36},{"not_picked":["Thunderclap","Hemokinesis","Clash"],"picked":"SKIP","floor":37},{"not_picked":["Clash+1","Reckless Charge+1","Warcry+1"],"picked":"SKIP","floor":41},{"not_picked":["Havoc+1","Clash+1","Warcry"],"picked":"SKIP","floor":44},{"not_picked":["Pommel Strike","Shockwave","Wild Strike+1"],"picked":"SKIP","floor":47}],"player_experience":358807,"relics_obtained":[{"floor":7,"key":"Omamori"},{"floor":9,"key":"Dream Catcher"},{"floor":23,"key":"InkBottle"},{"floor":26,"key":"Shuriken"},{"floor":27,"key":"Eternal Feather"},{"floor":36,"key":"Du-Vu Doll"},{"floor":41,"key":"Bottled Flame"},{"floor":43,"key":"Oddly Smooth Stone"},{"floor":44,"key":"Lantern"}],"event_choices":[{"damage_healed":0,"gold_gain":175,"player_choice":"AGREE","damage_taken":0,"max_hp_gain":0,"max_hp_loss":0,"event_name":"Liars Game","floor":4,"gold_loss":0,"cards_obtained":["Doubt"]},{"damage_healed":0,"gold_gain":30,"player_choice":"Searched \u00272\u0027 times","damage_taken":0,"relics_obtained":["Potion Belt"],"max_hp_gain":0,"max_hp_loss":0,"event_name":"Dead Adventurer","floor":10,"gold_loss":0},{"damage_healed":0,"gold_gain":0,"player_choice":"Entered Light","damage_taken":16,"max_hp_gain":0,"max_hp_loss":0,"event_name":"Shining Light","floor":11,"gold_loss":0,"cards_upgraded":["Defend_R","Sword Boomerang"]},{"damage_healed":26,"gold_gain":0,"player_choice":"Banana","damage_taken":0,"max_hp_gain":0,"max_hp_loss":0,"event_name":"Big Fish","floor":14,"gold_loss":0},{"damage_healed":0,"gold_gain":0,"player_choice":"Read","damage_taken":0,"max_hp_gain":0,"max_hp_loss":0,"event_name":"The Library","floor":20,"gold_loss":0,"cards_obtained":["Flame Barrier"]},{"damage_healed":0,"gold_gain":0,"player_choice":"Ignored","damage_taken":0,"max_hp_gain":0,"max_hp_loss":0,"event_name":"Vampires","floor":24,"gold_loss":0},{"damage_healed":0,"gold_gain":0,"player_choice":"Fight","damage_taken":0,"max_hp_gain":0,"max_hp_loss":0,"event_name":"Mysterious Sphere","floor":36,"gold_loss":0},{"damage_healed":21,"gold_gain":0,"player_choice":"Writhe","damage_taken":0,"max_hp_gain":0,"max_hp_loss":0,"event_name":"Winding Halls","floor":38,"gold_loss":0,"cards_obtained":["Writhe"]},{"damage_healed":0,"gold_gain":0,"player_choice":"Paid","damage_taken":0,"relics_obtained":["Red Mask"],"max_hp_gain":0,"max_hp_loss":0,"event_name":"Tomb of Lord Red Mask","floor":48,"gold_loss":50}],"is_beta":false,"boss_relics":[{"not_picked":["Tiny House","Coffee Dripper"],"picked":"Cursed Key"},{"not_picked":["Snecko Eye","Runic Pyramid"],"picked":"Mark of Pain"}],"items_purged_floors":[2,12,22,39],"is_endless":false,"potions_floor_spawned":[5,16,19,21,27,30,33,35,41,44],"ascension_level":0}}