{"host":"r0ye8pdzuq6zwfvs","time":1608450771,"event":{"mods":["AchievementEnabler","BaseMod","BetterRewards","CapriCore","Card Forge","Colored Map","Colored Powertips","Custom Start","DeckTracker","Luminous","Minty Spire (QoL Compilation)","Permanent Neow","Prisma Mod","Quick Restart","Relic Stats","Robot Space Explorer","Shop Mod","Spicy Shops","StSLib","SuperFastMode","Swap Starting Deck Mod","The Alterego","The Immortal","Uncapped"],"gold_per_floor":[118,136,88,99,109,109,126,159,185,201,201,232,251,261,261,360,360,373,391,391,409,423,423,451,451,451,465,494,511,526,526,526,625,625,640,659,678,693,711,737,737,753,753,771,871,905,922,936,936,936,936,936,71,97,97],"floor_reached":56,"playtime":1792,"items_purged":[],"score":1698,"play_id":"e68a473a-74f0-4a09-8593-8cc4dc59932b","local_time":"20201220005251","is_ascension_mode":false,"campfire_choices":[{"floor":6,"key":"RECALL"},{"floor":11,"key":"REST"},{"floor":15,"key":"REST"},{"floor":23,"key":"REST"},{"floor":25,"key":"REST"},{"floor":32,"key":"REST"},{"floor":41,"key":"REST"},{"floor":49,"key":"REST"},{"floor":52,"key":"REST"}],"circlet_count":0,"master_deck":["RobotSpaceExplorer:PowerGlove+1","RobotSpaceExplorer:MiniBoosters+1","RobotSpaceExplorer:MiniLasers+1","RobotSpaceExplorer:ScrapToss+1","RobotSpaceExplorer:MiniLasers+1","RobotSpaceExplorer:PowerGlove+1","RobotSpaceExplorer:MiniBoosters+1","RobotSpaceExplorer:FranticSearch+1","RobotSpaceExplorer:MiniLasers+1","RobotSpaceExplorer:FranticSearch+1"],"relics":["RobotSpaceExplorer:TurboCore","Hammer of Thor","Seething Fire","Anvil of the Gods","PreservedInsect","Smiling Mask","Eternal Feather","Happy Flower","PureWater","Cursed Key","RobotSpaceExplorer:ToughPlating","Anchor","Strawberry","Bottled Lightning","Lantern","Kunai","Toolbox","Bottled Tornado"],"acts_visited":["Exordium","TheCity","TheBeyond","TheEnding"],"potions_floor_usage":[55],"damage_taken":[{"damage":0,"enemies":"Cultist","floor":1,"turns":4},{"damage":0,"enemies":"2 Louse","floor":2,"turns":3},{"damage":0,"enemies":"Small Slimes","floor":4,"turns":1},{"damage":1,"enemies":"3 Louse","floor":5,"turns":2},{"damage":0,"enemies":"Red Slaver","floor":7,"turns":1},{"damage":0,"enemies":"Gremlin Nob","floor":8,"turns":1},{"damage":0,"enemies":"Blue Slaver","floor":10,"turns":1},{"damage":0,"enemies":"3 Sentries","floor":12,"turns":2},{"damage":1,"enemies":"3 Louse","floor":13,"turns":2},{"damage":0,"enemies":"Exordium Wildlife","floor":14,"turns":1},{"damage":0,"enemies":"Slime Boss","floor":16,"turns":2},{"damage":0,"enemies":"Shell Parasite","floor":18,"turns":1},{"damage":0,"enemies":"3 Byrds","floor":19,"turns":1},{"damage":0,"enemies":"Sentry and Sphere","floor":21,"turns":1},{"damage":0,"enemies":"Centurion and Healer","floor":22,"turns":1},{"damage":0,"enemies":"Gremlin Leader","floor":24,"turns":1},{"damage":0,"enemies":"Shelled Parasite and Fungi","floor":27,"turns":1},{"damage":0,"enemies":"Slavers","floor":28,"turns":1},{"damage":0,"enemies":"Snake Plant","floor":29,"turns":1},{"damage":0,"enemies":"Chosen and Byrds","floor":30,"turns":1},{"damage":0,"enemies":"Collector","floor":33,"turns":2},{"damage":0,"enemies":"3 Shapes","floor":35,"turns":1},{"damage":0,"enemies":"Orb Walker","floor":36,"turns":1},{"damage":0,"enemies":"Spire Growth","floor":37,"turns":1},{"damage":0,"enemies":"Writhing Mass","floor":38,"turns":1},{"damage":0,"enemies":"4 Shapes","floor":39,"turns":1},{"damage":0,"enemies":"Reptomancer","floor":40,"turns":1},{"damage":0,"enemies":"Sphere and 2 Shapes","floor":42,"turns":1},{"damage":0,"enemies":"Transient","floor":44,"turns":2},{"damage":0,"enemies":"Giant Head","floor":46,"turns":2},{"damage":0,"enemies":"Jaw Worm Horde","floor":47,"turns":1},{"damage":0,"enemies":"3 Darklings","floor":48,"turns":1},{"damage":0,"enemies":"Donu and Deca","floor":50,"turns":2},{"damage":0,"enemies":"Shield and Spear","floor":54,"turns":1},{"damage":29,"enemies":"The Heart","floor":55,"turns":3}],"seed_played":"-7714816544880925118","potions_obtained":[{"floor":2,"key":"Ancient Potion"},{"floor":4,"key":"Block Potion"},{"floor":7,"key":"Fire Potion"}],"is_trial":false,"path_per_floor":["M","M","?","M","M","R","M","E","T","M","R","E","M","M","R","B",null,"M","M","?","M","M","R","E","R","T","M","E","M","M","?","R","B",null,"M","M","M","M","M","E","R","M","T","M","?","E","M","M","R","B",null,"R","$","E","B",null],"character_chosen":"RobotSpaceExplorer","items_purchased":["Strawberry","Bottled Lightning","Lantern","Kunai","Toolbox"],"campfire_rested":8,"item_purchase_floors":[53,53,53,53,53],"current_hp_per_floor":[82,82,82,82,81,81,81,81,81,81,82,82,81,81,82,82,82,82,82,82,82,82,82,82,82,82,82,82,82,82,82,82,82,82,82,82,82,82,82,82,82,82,82,82,82,82,82,82,82,82,82,82,89,89,60],"gold":97,"neow_bonus":"TEN_PERCENT_HP_BONUS","is_daily":false,"chose_seed":false,"campfire_upgraded":0,"win_rate":0.0,"timestamp":1608450771,"path_taken":["M","M","?","M","M","R","M","E","T","M","R","E","M","M","R","BOSS","M","M","?","M","M","R","E","R","T","M","E","M","M","?","R","BOSS","M","M","M","M","M","E","R","M","T","M","?","E","M","M","R","BOSS","R","$","E","BOSS"],"items_purchased_type":["Relic","Relic","Relic","Relic","Relic"],"build_version":"2020-12-13","purchased_purges":0,"victory":true,"max_hp_per_floor":[82,82,82,82,82,82,82,82,82,82,82,82,82,82,82,82,82,82,82,82,82,82,82,82,82,82,82,82,82,82,82,82,82,82,82,82,82,82,82,82,82,82,82,82,82,82,82,82,82,82,82,82,89,89,89],"relic_stats":{"Happy Flower":[7],"counters":[35,50],"Eternal Feather":0,"PreservedInsect":331,"Kunai":[8],"Smiling Mask":0,"Cursed Key":0,"obtain_stats":[{"Lantern":53,"Happy Flower":28,"RobotSpaceExplorer:RoboCore":0,"Eternal Feather":26,"Hammer of Thor":0,"PreservedInsect":12,"Seething Fire":0,"Bottled Tornado":54,"Smiling Mask":24,"Cursed Key":34,"RobotSpaceExplorer:TurboCore":17,"Anchor":46,"Anvil of the Gods":0,"RobotSpaceExplorer:ToughPlating":40,"Strawberry":53,"Toolbox":53,"Bottled Lightning":53,"Kunai":53,"PureWater":31},{"Lantern":33,"Happy Flower":18,"RobotSpaceExplorer:RoboCore":0,"Eternal Feather":16,"Hammer of Thor":0,"PreservedInsect":8,"Seething Fire":0,"Bottled Tornado":34,"Smiling Mask":16,"Cursed Key":21,"RobotSpaceExplorer:TurboCore":11,"Anchor":30,"Anvil of the Gods":0,"RobotSpaceExplorer:ToughPlating":27,"Strawberry":33,"Toolbox":33,"Bottled Lightning":33,"Kunai":33,"PureWater":20},{"Lantern":46,"Happy Flower":27,"RobotSpaceExplorer:RoboCore":0,"Eternal Feather":25,"Hammer of Thor":0,"PreservedInsect":15,"Seething Fire":0,"Bottled Tornado":47,"Smiling Mask":25,"Cursed Key":31,"RobotSpaceExplorer:TurboCore":20,"Anchor":42,"Anvil of the Gods":0,"RobotSpaceExplorer:ToughPlating":37,"Strawberry":46,"Toolbox":46,"Bottled Lightning":46,"Kunai":46,"PureWater":29}]},"card_choices":[{"not_picked":["RobotSpaceExplorer:Calculate","RobotSpaceExplorer:DualCore"],"picked":"RobotSpaceExplorer:FreezingShield","floor":1},{"not_picked":["RobotSpaceExplorer:BigMissile","RobotSpaceExplorer:StunGrenade"],"picked":"RobotSpaceExplorer:ExhaustFan","floor":2},{"not_picked":["RobotSpaceExplorer:Probe","RobotSpaceExplorer:MiniDrones","RobotSpaceExplorer:MetalStrike"],"picked":"SKIP","floor":4},{"not_picked":["RobotSpaceExplorer:ScrapMissile","RobotSpaceExplorer:MiniDrones","RobotSpaceExplorer:Reload"],"picked":"SKIP","floor":5},{"not_picked":["RobotSpaceExplorer:ShockKick","RobotSpaceExplorer:Smokescreen","RobotSpaceExplorer:StarLightning"],"picked":"SKIP","floor":7},{"not_picked":["RobotSpaceExplorer:GlueShot","RobotSpaceExplorer:Counterblock","RobotSpaceExplorer:Exploration"],"picked":"SKIP","floor":8},{"not_picked":["RobotSpaceExplorer:Probe","RobotSpaceExplorer:Electroshield","RobotSpaceExplorer:TurboDodge"],"picked":"SKIP","floor":10},{"not_picked":["RobotSpaceExplorer:Reload","RobotSpaceExplorer:MakeshiftVolley","RobotSpaceExplorer:RigExplosive"],"picked":"SKIP","floor":12},{"not_picked":["RobotSpaceExplorer:Jetpack","RobotSpaceExplorer:FreezingShield","RobotSpaceExplorer:FranticSearch"],"picked":"SKIP","floor":13},{"not_picked":["RobotSpaceExplorer:Pulsar","RobotSpaceExplorer:ShockKick","RobotSpaceExplorer:SurgingStrike"],"picked":"SKIP","floor":14},{"not_picked":["RobotSpaceExplorer:SurgingShield","RobotSpaceExplorer:ShockKick","RobotSpaceExplorer:DualCore"],"picked":"SKIP","floor":18},{"not_picked":["RobotSpaceExplorer:FranticSearch","RobotSpaceExplorer:Ammunition+1","RobotSpaceExplorer:ScrapShield"],"picked":"SKIP","floor":19},{"not_picked":["RobotSpaceExplorer:PowerGlove+1","RobotSpaceExplorer:SlimeMissile+1","RobotSpaceExplorer:Smokescreen+1"],"picked":"SKIP","floor":21},{"not_picked":["RobotSpaceExplorer:Fix","RobotSpaceExplorer:TurboDodge","RobotSpaceExplorer:BigMissile"],"picked":"SKIP","floor":22},{"not_picked":["RobotSpaceExplorer:Probe","RobotSpaceExplorer:ScrapShield","RobotSpaceExplorer:Smokescreen"],"picked":"SKIP","floor":24},{"not_picked":["RobotSpaceExplorer:Electropulse+1","RobotSpaceExplorer:ScrapMissile","RobotSpaceExplorer:ScrapShield"],"picked":"SKIP","floor":27},{"not_picked":["RobotSpaceExplorer:ShockKick+1","RobotSpaceExplorer:IronShell+1","RobotSpaceExplorer:DoubleBlock"],"picked":"SKIP","floor":28},{"not_picked":["RobotSpaceExplorer:FrostMissile","RobotSpaceExplorer:HighVoltage","RobotSpaceExplorer:Fix"],"picked":"SKIP","floor":29},{"not_picked":["RobotSpaceExplorer:Calculate","RobotSpaceExplorer:ShovelStrike","RobotSpaceExplorer:MakeshiftVolley"],"picked":"SKIP","floor":30},{"not_picked":["RobotSpaceExplorer:MiniBoosters+1","RobotSpaceExplorer:Ammunition","RobotSpaceExplorer:Probe"],"picked":"SKIP","floor":35},{"not_picked":["RobotSpaceExplorer:Counterblock","RobotSpaceExplorer:StarLightning","RobotSpaceExplorer:FranticSearch+1"],"picked":"SKIP","floor":36},{"not_picked":["RobotSpaceExplorer:SlimeMissile+1","RobotSpaceExplorer:ImprovisedAttack","RobotSpaceExplorer:PowerGlove"],"picked":"SKIP","floor":37},{"not_picked":["RobotSpaceExplorer:LaserBurst+1","RobotSpaceExplorer:StarDust","RobotSpaceExplorer:BigMissile+1"],"picked":"SKIP","floor":38},{"not_picked":["RobotSpaceExplorer:GlueShot+1","RobotSpaceExplorer:SurgingShield+1","RobotSpaceExplorer:PlasmaMissile+1"],"picked":"SKIP","floor":39},{"not_picked":["RobotSpaceExplorer:SurgingShield+1","RobotSpaceExplorer:FrostMissile+1","RobotSpaceExplorer:Pulsar"],"picked":"SKIP","floor":40},{"not_picked":["RobotSpaceExplorer:DoubleBlock","RobotSpaceExplorer:ShockKick","RobotSpaceExplorer:JunkDive"],"picked":"SKIP","floor":42},{"not_picked":["RobotSpaceExplorer:FrostMissile+1","RobotSpaceExplorer:ExhaustFan+1","RobotSpaceExplorer:FranticSearch+1"],"picked":"SKIP","floor":44},{"not_picked":["RobotSpaceExplorer:DoubleFind+1","RobotSpaceExplorer:SurgingStrike","RobotSpaceExplorer:MakeshiftVolley+1"],"picked":"SKIP","floor":46},{"not_picked":["RobotSpaceExplorer:ShockKick+1","RobotSpaceExplorer:ImprovisedAttack","RobotSpaceExplorer:IronShell"],"picked":"SKIP","floor":47},{"not_picked":["RobotSpaceExplorer:StarDust+1","RobotSpaceExplorer:ScrapMissile","RobotSpaceExplorer:SelfCleaning"],"picked":"SKIP","floor":48},{"not_picked":["RobotSpaceExplorer:SurgingStrike+1","RobotSpaceExplorer:Wormhole","RobotSpaceExplorer:DoubleBlock"],"picked":"SKIP","floor":54}],"player_experience":210977,"relics_obtained":[{"floor":12,"key":"PreservedInsect"},{"floor":24,"key":"Smiling Mask"},{"floor":26,"key":"Eternal Feather"},{"floor":28,"key":"Happy Flower"},{"floor":40,"key":"RobotSpaceExplorer:ToughPlating"},{"floor":46,"key":"Anchor"},{"floor":54,"key":"Bottled Tornado"}],"event_choices":[{"damage_healed":0,"gold_gain":0,"player_choice":"Left Gold","damage_taken":0,"max_hp_gain":0,"max_hp_loss":0,"event_name":"World of Goop","floor":3,"gold_loss":48},{"damage_healed":0,"gold_gain":0,"player_choice":"Ignored","damage_taken":0,"max_hp_gain":0,"max_hp_loss":0,"event_name":"The Mausoleum","floor":20,"gold_loss":0},{"damage_healed":0,"gold_gain":100,"player_choice":"Pray","damage_taken":0,"max_hp_gain":0,"max_hp_loss":0,"event_name":"Golden Shrine","floor":45,"gold_loss":0}],"is_beta":false,"boss_relics":[{"not_picked":["Pandora\u0027s Box","Snecko Eye"],"picked":"RobotSpaceExplorer:TurboCore"},{"not_picked":["RobotSpaceExplorer:Reprocessor","SacredBark"],"picked":"Cursed Key"}],"items_purged_floors":[],"is_endless":false,"potions_floor_spawned":[2,4,7,10,13,14,19,21,22,28,29,35,38,42,44,46],"ascension_level":0}}