{"host":"j4nfyhit1dl35m08","time":1608438230,"event":{"mods":["BaseMod","Highlight Path","Minty Spire (QoL Compilation)","StSLib"],"gold_per_floor":[109,119,136,150,168,199,211,240,240,267,280,55,55,71,71,176,176,195,195,215,229,244,244,204,237,308,155,170,195,210,16,16,114,114,130,142,142,158,178,209,209,236,236,283,283,309,327,661,661,661,661,661,41,75,75],"floor_reached":56,"playtime":8226,"items_purged":["Swivel"],"score":1570,"play_id":"528263ee-81b5-41fb-95a7-daa5ece0f13c","local_time":"20201219222350","is_ascension_mode":true,"campfire_choices":[{"data":"Nirvana","floor":15.0,"key":"SMITH"},{"data":"Omniscience","floor":23.0,"key":"SMITH"},{"floor":32.0,"key":"RECALL"},{"data":"CrushJoints","floor":41,"key":"SMITH"},{"data":"Devotion","floor":49,"key":"SMITH"},{"data":"Perseverance","floor":52,"key":"SMITH"}],"circlet_count":0,"master_deck":["Vigilance","DevaForm","Perseverance+1","Tantrum","ThirdEye","WindmillStrike","CrushJoints+1","Tantrum","SandsOfTime","Consecrate","ThirdEye+1","CutThroughFate","EmptyFist","FollowUp","FlurryOfBlows","Nirvana+1","CutThroughFate","Scrawl+1","Adaptation","Wallop","Omniscience+1","ThirdEye+1","Devotion+1","EmptyMind+1","EmptyBody+1","FlurryOfBlows","InnerPeace","Omniscience+1","Meditate","WheelKick+1","Meditate+1","WheelKick+1","WaveOfTheHand+1"],"relics":["Pandora\u0027s Box","Gambling Chip","MealTicket","Omamori","Oddly Smooth Stone","Orichalcum","Cursed Key","Dream Catcher","Bottled Lightning","Anchor","Frozen Egg 2","Bronze Scales","Coffee Dripper","Smiling Mask","Peace Pipe","Shuriken","StoneCalendar","PreservedInsect","Old Coin","Mango","Pen Nib","War Paint"],"acts_visited":["Exordium","TheCity","TheBeyond","TheEnding"],"potions_floor_usage":[44,46,46,50,50,55],"damage_taken":[{"damage":0.0,"enemies":"Cultist","floor":1.0,"turns":3.0},{"damage":0.0,"enemies":"Small Slimes","floor":2.0,"turns":2.0},{"damage":3.0,"enemies":"Jaw Worm","floor":3.0,"turns":3.0},{"damage":0.0,"enemies":"Exordium Thugs","floor":4.0,"turns":3.0},{"damage":19.0,"enemies":"Exordium Wildlife","floor":5.0,"turns":3.0},{"damage":18.0,"enemies":"3 Sentries","floor":6.0,"turns":4.0},{"damage":0.0,"enemies":"Gremlin Gang","floor":7.0,"turns":3.0},{"damage":0.0,"enemies":"Gremlin Nob","floor":8.0,"turns":2.0},{"damage":0.0,"enemies":"Lagavulin","floor":10.0,"turns":5.0},{"damage":0.0,"enemies":"Exordium Thugs","floor":11.0,"turns":2.0},{"damage":12.0,"enemies":"Blue Slaver","floor":14.0,"turns":3.0},{"damage":7.0,"enemies":"Slime Boss","floor":16.0,"turns":5.0},{"damage":11.0,"enemies":"2 Thieves","floor":18.0,"turns":5.0},{"damage":2.0,"enemies":"Chosen","floor":20.0,"turns":4.0},{"damage":0.0,"enemies":"Snecko","floor":21.0,"turns":5.0},{"damage":14.0,"enemies":"Centurion and Healer","floor":22.0,"turns":5.0},{"damage":12.0,"enemies":"Book of Stabbing","floor":25.0,"turns":5.0},{"damage":0.0,"enemies":"Shelled Parasite and Fungi","floor":28.0,"turns":4.0},{"damage":6.0,"enemies":"Slavers","floor":29.0,"turns":6.0},{"damage":0.0,"enemies":"Snecko","floor":30.0,"turns":2.0},{"damage":0.0,"enemies":"Automaton","floor":33.0,"turns":5.0},{"damage":0.0,"enemies":"3 Shapes","floor":35.0,"turns":4.0},{"damage":12.0,"enemies":"3 Darklings","floor":36.0,"turns":3.0},{"damage":10.0,"enemies":"Jaw Worm Horde","floor":38.0,"turns":3.0},{"damage":0.0,"enemies":"Sphere and 2 Shapes","floor":39.0,"turns":2.0},{"damage":6,"enemies":"Nemesis","floor":40,"turns":5},{"damage":0,"enemies":"Reptomancer","floor":42,"turns":4},{"damage":11,"enemies":"2 Orb Walkers","floor":44,"turns":3},{"damage":0,"enemies":"Nemesis","floor":46,"turns":3},{"damage":0,"enemies":"Spire Growth","floor":47,"turns":4},{"damage":3,"enemies":"Giant Head","floor":48,"turns":4},{"damage":12,"enemies":"Awakened One","floor":50,"turns":5},{"damage":0,"enemies":"Shield and Spear","floor":54,"turns":3},{"damage":62,"enemies":"The Heart","floor":55,"turns":5}],"seed_played":"-7306646423795605117","potions_obtained":[{"floor":1.0,"key":"Fire Potion"},{"floor":5.0,"key":"Explosive Potion"},{"floor":6.0,"key":"DistilledChaos"},{"floor":8.0,"key":"LiquidBronze"},{"floor":10.0,"key":"Strength Potion"},{"floor":21.0,"key":"Ancient Potion"},{"floor":22.0,"key":"LiquidMemories"},{"floor":25.0,"key":"BottledMiracle"},{"floor":30.0,"key":"PowerPotion"},{"floor":33.0,"key":"ColorlessPotion"},{"floor":36.0,"key":"Weak Potion"},{"floor":39.0,"key":"BottledMiracle"},{"floor":44,"key":"Swift Potion"},{"floor":46,"key":"FairyPotion"},{"floor":48,"key":"Strength Potion"}],"is_trial":false,"path_per_floor":["M","M","M","M","M","E","M","E","T","E","M","$","T","M","R","B",null,"M","?","M","M","M","R","?","E","T","$","M","E","M","$","R","B",null,"M","M","?","M","M","E","R","E","T","?","?","E","M","E","R","B",null,"R","$","E","B",null],"character_chosen":"WATCHER","items_purchased":["Orichalcum","Adaptation","Anchor","Bronze Scales","Meditate","Mango","Pen Nib","WaveOfTheHand","LiquidBronze"],"campfire_rested":0,"item_purchase_floors":[12,12,27,31,31,53,53,53,53],"current_hp_per_floor":[72,72,69,69,50,32,32,32,32,32,32,47,47,35,35,28,72,61,61,59,59,45,45,45,33,33,48,48,42,42,57,57,57,72,72,60,60,50,50,44,44,44,44,33,33,33,33,30,30,18,72,72,86,86,24],"gold":75,"neow_bonus":"BOSS_RELIC","is_daily":false,"chose_seed":false,"campfire_upgraded":5,"win_rate":0.0,"timestamp":1608438230,"path_taken":["M","?","M","M","M","E","?","E","T","E","M","$","?","M","R","BOSS","M","?","?","M","M","R","?","E","T","$","M","E","M","?","R","BOSS","M","M","?","M","?","E","R","E","T","?","?","E","M","E","R","BOSS","R","$","E","BOSS"],"items_purchased_type":["Relic","Card","Relic","Relic","Card","Relic","Relic","Card","Potion"],"build_version":"2020-12-13","purchased_purges":1,"victory":true,"max_hp_per_floor":[72,72,72,72,72,72,72,72,72,72,72,72,72,72,72,72,72,72,72,72,72,72,72,72,72,72,72,72,72,72,72,72,72,72,72,72,72,72,72,72,72,72,72,72,72,72,72,72,72,72,72,72,86,86,86],"card_choices":[{"not_picked":["Halt","PathToVictory"],"picked":"SandsOfTime","floor":1.0},{"not_picked":["CutThroughFate","SashWhip"],"picked":"Consecrate","floor":2.0},{"not_picked":["WreathOfFlame","Scrawl"],"picked":"ThirdEye","floor":3.0},{"not_picked":["Halt","TalkToTheHand"],"picked":"CutThroughFate","floor":4.0},{"not_picked":["Crescendo","BowlingBash"],"picked":"EmptyFist","floor":5.0},{"not_picked":["Indignation","CutThroughFate"],"picked":"FollowUp","floor":6.0},{"not_picked":["Sanctity","ClearTheMind"],"picked":"FlurryOfBlows","floor":7.0},{"not_picked":["InnerPeace","FollowUp"],"picked":"Nirvana","floor":8.0},{"not_picked":["Perseverance","WaveOfTheHand"],"picked":"CutThroughFate","floor":10.0},{"not_picked":["LikeWater","CrushJoints"],"picked":"Scrawl","floor":11.0},{"not_picked":["BowlingBash","Prostrate"],"picked":"Wallop","floor":14.0},{"not_picked":["Scrawl","Establishment"],"picked":"Omniscience","floor":16.0},{"not_picked":["CrushJoints","Halt"],"picked":"ThirdEye+1","floor":18.0},{"not_picked":["PathToVictory+1","Tantrum","CutThroughFate"],"picked":"SKIP","floor":20.0},{"not_picked":["EmptyBody","WreathOfFlame","JustLucky"],"picked":"SKIP","floor":21.0},{"not_picked":["Brilliance","BowlingBash"],"picked":"EmptyMind+1","floor":22.0},{"not_picked":["Wallop","BowlingBash"],"picked":"EmptyBody+1","floor":25.0},{"not_picked":["Crescendo+1","TalkToTheHand"],"picked":"FlurryOfBlows","floor":28.0},{"not_picked":["Evaluate","JustLucky"],"picked":"InnerPeace","floor":29.0},{"not_picked":["EmptyFist","BattleHymn+1"],"picked":"Omniscience","floor":30.0},{"not_picked":["Prostrate","DeceiveReality+1"],"picked":"WheelKick+1","floor":35.0},{"not_picked":["Wallop","PathToVictory+1","ThirdEye"],"picked":"SKIP","floor":36.0},{"not_picked":["Halt","Protect+1"],"picked":"Meditate+1","floor":38.0},{"not_picked":["ThirdEye","FollowUp","ReachHeaven"],"picked":"SKIP","floor":39.0},{"not_picked":["PathToVictory+1","Vengeance","WindmillStrike+1"],"picked":"SKIP","floor":40},{"not_picked":["Evaluate","PathToVictory+1","CarveReality+1"],"picked":"SKIP","floor":42},{"not_picked":["Blasphemy","PathToVictory+1","Swivel+1"],"picked":"SKIP","floor":46},{"not_picked":["Protect","CrushJoints"],"picked":"WheelKick+1","floor":47},{"not_picked":["EmptyMind","Worship","FlurryOfBlows+1"],"picked":"SKIP","floor":48},{"not_picked":["WreathOfFlame+1","LessonLearned","Collect+1"],"picked":"SKIP","floor":54}],"player_experience":287742,"relics_obtained":[{"floor":6.0,"key":"Gambling Chip"},{"floor":8.0,"key":"MealTicket"},{"floor":9.0,"key":"Omamori"},{"floor":10.0,"key":"Oddly Smooth Stone"},{"floor":25.0,"key":"Dream Catcher"},{"floor":26.0,"key":"Bottled Lightning"},{"floor":29.0,"key":"Frozen Egg 2"},{"floor":40,"key":"Smiling Mask"},{"floor":42,"key":"Peace Pipe"},{"floor":43,"key":"Shuriken"},{"floor":44,"key":"StoneCalendar"},{"floor":46,"key":"PreservedInsect"},{"floor":48,"key":"Old Coin"},{"floor":54,"key":"War Paint"}],"event_choices":[{"damage_healed":0.0,"max_hp_gain":0.0,"max_hp_loss":0.0,"gold_gain":0.0,"cards_transformed":["Eruption"],"event_name":"Transmorgrifier","player_choice":"Transformed","floor":19.0,"gold_loss":0.0,"damage_taken":0.0,"cards_obtained":["Devotion"]},{"damage_healed":0.0,"max_hp_gain":0.0,"max_hp_loss":0.0,"gold_gain":0.0,"event_name":"Designer","player_choice":"Upgrade","floor":24.0,"gold_loss":40.0,"damage_taken":0.0,"cards_upgraded":["Scrawl"]},{"damage_healed":0.0,"max_hp_gain":0.0,"max_hp_loss":0.0,"gold_gain":0.0,"event_name":"Accursed Blacksmith","player_choice":"Forge","floor":37.0,"gold_loss":0.0,"damage_taken":0.0,"cards_upgraded":["Omniscience"]},{"damage_healed":0,"gold_gain":0,"player_choice":"Fight","damage_taken":0,"max_hp_gain":0,"max_hp_loss":0,"event_name":"Mysterious Sphere","floor":44,"gold_loss":0},{"damage_healed":0,"gold_gain":0,"player_choice":"Ignored","damage_taken":0,"max_hp_gain":0,"max_hp_loss":0,"event_name":"Tomb of Lord Red Mask","floor":45,"gold_loss":0}],"is_beta":false,"boss_relics":[{"not_picked":["Tiny House","SacredBark"],"picked":"Cursed Key"},{"not_picked":["Runic Pyramid","Empty Cage"],"picked":"Coffee Dripper"}],"items_purged_floors":[53],"is_endless":false,"potions_floor_spawned":[1,5,6,8,10,21,22,25,30,33,36,39,44,46,48],"ascension_level":1}}