{"host":"fne7yx97fnz7kq05","time":1608435954,"event":{"mods":["BaseMod","Colored Map","Colored Powertips","Highlight Path","Minty Spire (QoL Compilation)","Relic Stats"],"gold_per_floor":[12,32,32,56,69,69,79,104,104,104,122,137,153,172,172,273,273,285,275,200,48,68,68,68,68],"floor_reached":24,"playtime":1029,"items_purged":[],"score":348,"play_id":"f5fb342b-9833-4893-89be-be0f3293f75f","local_time":"20201219214554","is_ascension_mode":true,"campfire_choices":[{"data":"Pommel Strike","floor":6,"key":"SMITH"},{"data":"Shrug It Off","floor":10,"key":"SMITH"},{"floor":15,"key":"REST"},{"floor":23,"key":"REST"}],"circlet_count":0,"master_deck":["AscendersBane","Strike_R+1","Strike_R","Strike_R","Strike_R","Defend_R","Defend_R","Defend_R","Defend_R","Bash+1","Impervious","Shrug It Off+1","Inflame","Pommel Strike+1","Shrug It Off","Inflame","Second Wind","Twin Strike","True Grit","Impervious","Inflame+1","Heavy Blade","Twin Strike+1","Corruption+1","Shrug It Off","Shrug It Off"],"relics":["Burning Blood","Potion Belt","Omamori","Blood Vial","Calling Bell","Ancient Tea Set","Frozen Egg 2","Ginger","Orrery"],"acts_visited":["Exordium","TheCity"],"potions_floor_usage":[8,12,13,16],"damage_taken":[{"damage":11,"enemies":"Cultist","floor":1,"turns":4},{"damage":0,"enemies":"Small Slimes","floor":2,"turns":5},{"damage":2,"enemies":"Jaw Worm","floor":5,"turns":4},{"damage":32,"enemies":"Exordium Thugs","floor":7,"turns":6},{"damage":12,"enemies":"Lagavulin","floor":8,"turns":6},{"damage":3,"enemies":"Blue Slaver","floor":11,"turns":5},{"damage":5,"enemies":"3 Louse","floor":12,"turns":4},{"damage":15,"enemies":"Exordium Thugs","floor":13,"turns":5},{"damage":12,"enemies":"Exordium Wildlife","floor":14,"turns":4},{"damage":22,"enemies":"Slime Boss","floor":16,"turns":10},{"damage":32,"enemies":"Shell Parasite","floor":18,"turns":8},{"damage":24,"enemies":"2 Thieves","floor":19,"turns":4},{"damage":13,"enemies":"Snake Plant","floor":22,"turns":5},{"damage":58,"enemies":"3 Cultists","floor":24,"turns":4}],"seed_played":"-4970979430363307449","potions_obtained":[{"floor":1,"key":"AttackPotion"},{"floor":8,"key":"Energy Potion"},{"floor":11,"key":"HeartOfIron"},{"floor":12,"key":"BlessingOfTheForge"},{"floor":16,"key":"ElixirPotion"},{"floor":22,"key":"FearPotion"}],"is_trial":false,"path_per_floor":["M","M","?","T","M","R","M","E","T","R","M","M","M","M","R","B",null,"M","M","?","$","M","R","M"],"character_chosen":"IRONCLAD","items_purchased":["Orrery"],"campfire_rested":2,"item_purchase_floors":[21],"current_hp_per_floor":[67,73,57,57,61,61,35,29,29,29,34,37,30,26,50,36,69,45,29,29,29,24,48,0,0],"gold":68,"neow_bonus":"THREE_RARE_CARDS","is_daily":false,"chose_seed":false,"campfire_upgraded":2,"win_rate":0.0,"timestamp":1608435954,"path_taken":["M","?","?","?","?","R","M","E","T","R","M","M","M","M","R","BOSS","M","M","?","$","M","R","M"],"items_purchased_type":["Relic"],"build_version":"2020-12-13","purchased_purges":0,"victory":false,"max_hp_per_floor":[80,80,80,80,80,80,80,80,80,80,80,80,80,80,80,80,80,80,80,80,80,80,80,80,80],"relic_stats":{"Blood Vial":18,"counters":[14,74],"Ginger":[2],"obtain_stats":[{"Potion Belt":4,"Blood Vial":9,"Calling Bell":17,"Orrery":21,"Omamori":8,"Ginger":17,"Frozen Egg 2":17,"Ancient Tea Set":17,"Burning Blood":0},{"Potion Belt":2,"Blood Vial":5,"Calling Bell":10,"Orrery":12,"Omamori":5,"Ginger":10,"Frozen Egg 2":10,"Ancient Tea Set":10,"Burning Blood":0},{"Potion Belt":9,"Blood Vial":25,"Calling Bell":53,"Orrery":65,"Omamori":25,"Ginger":53,"Frozen Egg 2":53,"Ancient Tea Set":53,"Burning Blood":0}],"Burning Blood":78},"card_choices":[{"not_picked":["Corruption","Fiend Fire"],"picked":"Impervious","floor":0},{"not_picked":["Burning Pact","Sever Soul"],"picked":"Shrug It Off","floor":1},{"not_picked":["Havoc","Heavy Blade"],"picked":"Inflame","floor":2},{"not_picked":["Havoc","Sever Soul"],"picked":"Pommel Strike","floor":5},{"not_picked":["Inflame","Sentinel"],"picked":"Shrug It Off","floor":7},{"not_picked":["Reckless Charge","Warcry"],"picked":"Inflame","floor":8},{"not_picked":["Pommel Strike","Pummel"],"picked":"Second Wind","floor":11},{"not_picked":["Warcry","Headbutt"],"picked":"Twin Strike","floor":12},{"not_picked":["Double Tap","Armaments","Clash"],"picked":"SKIP","floor":13},{"not_picked":["Warcry","Hemokinesis"],"picked":"True Grit","floor":14},{"not_picked":["Reaper","Exhume"],"picked":"Impervious","floor":16},{"not_picked":["Carnage","Flame Barrier"],"picked":"Inflame+1","floor":18},{"not_picked":["Perfected Strike","Combust+1","Infernal Blade"],"picked":"SKIP","floor":19},{"not_picked":["Fiend Fire","Pummel"],"picked":"Heavy Blade","floor":21},{"not_picked":["Heavy Blade","Headbutt"],"picked":"Twin Strike+1","floor":21},{"not_picked":["Thunderclap","Sentinel"],"picked":"Corruption+1","floor":21},{"not_picked":["Rampage","Uppercut"],"picked":"Shrug It Off","floor":21},{"not_picked":["Perfected Strike+1","Burning Pact"],"picked":"Shrug It Off","floor":22}],"player_experience":61227,"relics_obtained":[{"floor":4,"key":"Potion Belt"},{"floor":8,"key":"Omamori"},{"floor":9,"key":"Blood Vial"},{"floor":17,"key":"Ancient Tea Set"},{"floor":17,"key":"Frozen Egg 2"},{"floor":17,"key":"Ginger"}],"event_choices":[{"damage_healed":0,"gold_gain":0,"player_choice":"Entered Light","damage_taken":16,"max_hp_gain":0,"max_hp_loss":0,"event_name":"Shining Light","floor":3,"gold_loss":0,"cards_upgraded":["Bash","Strike_R"]},{"cards_removed":["Strike_R"],"damage_healed":0,"gold_gain":0,"player_choice":"Gave Gold","damage_taken":0,"max_hp_gain":0,"max_hp_loss":0,"event_name":"Beggar","floor":20,"gold_loss":75}],"is_beta":false,"boss_relics":[{"not_picked":["Astrolabe","Philosopher\u0027s Stone"],"picked":"Calling Bell"}],"items_purged_floors":[],"is_endless":false,"potions_floor_spawned":[1,8,11,12,16,22],"killed_by":"3 Cultists","ascension_level":12}}