{"host":"fhq3k2nq5elnbks3","time":1608461659,"event":{"mods":["2.2 Compatiblity","AchievementEnabler","Act Like it!","AlwaysNeverKeys","BaseMod","Better Altar","Better Skull","Better Vampires","Better-Laid Plans","Block Reminder","CapriCore","Card Filter","CatGirl Mod","Chen","Colored Powertips","Displayed Cursed Tome","Eldritch Tears","Elementarium","Fiend Mod","Fireblade Mod","Friendly Minions","FutureSeer","GifTheSpireLib","Gremlin Skip","Hermit","JesterMod","Koishi","Marisa????????","Menagerie","Minty Spire (QoL Compilation)","Onozuka Komachi Mod","Permanent Neow","QueenMod","Quick Restart","Reimu??????","Relic Filter","Remilia??????","Ruin Mod","Shop Mod","StSLib","SuperFastMode","The Administrix","The Cursed","The Fake Hero","The Immortal","The Necromancer","The Servant 0.9.4","Trackpad","Transform Curses","Uncapped","Unknown Chances","Wandering Minibosses","WarShipGirlsR/????R mod","Yuri Mod","thorton","vexMod"],"gold_per_floor":[113,113,126,143,143,143,143],"floor_reached":6,"playtime":487,"items_purged":[],"score":36,"play_id":"5038fdb3-eaff-4491-b647-7be0cb08086e","local_time":"20201220045419","is_ascension_mode":false,"campfire_choices":[],"circlet_count":0,"master_deck":["rmod:strick","rmod:strick","rmod:strick","rmod:strick","rmod:defend","rmod:defend","rmod:defend","rmod:defend","rmod:basicallowance","rmod:maingunfire","rmod:lonelyqueen","rmod:intelligenceanalysis"],"relics":["rmod:firstchargereward","Strawberry","vexMod:MemoryStick","vexMod:BarristanHead","Regal Pillow"],"acts_visited":["Menagerie:Menagerie"],"potions_floor_usage":[],"damage_taken":[{"damage":0,"enemies":"Menagerie:WhisperingWraith","floor":1,"turns":4},{"damage":0,"enemies":"Menagerie:StygianBoar","floor":3,"turns":3},{"damage":0,"enemies":"Menagerie:2_RABBITS","floor":4,"turns":3},{"damage":0,"enemies":"Menagerie:VoidReaper","floor":6,"turns":3}],"seed_played":"7825721249701045280","potions_obtained":[{"floor":3,"key":"LiquidBronze"}],"is_trial":false,"path_per_floor":["M","?","M","M","?","E"],"character_chosen":"PRAEFECT","items_purchased":[],"campfire_rested":0,"item_purchase_floors":[],"current_hp_per_floor":[82,8,8,8,8,8,8],"gold":143,"neow_bonus":"TEN_PERCENT_HP_BONUS","is_daily":false,"chose_seed":false,"campfire_upgraded":0,"win_rate":0.0,"timestamp":1608461659,"path_taken":["M","?","?","?","?","E"],"items_purchased_type":[],"build_version":"2020-12-13","purchased_purges":0,"victory":false,"max_hp_per_floor":[82,89,89,89,89,89,89],"card_choices":[{"not_picked":["rmod:victimresponsibility","rmod:steelsupply"],"picked":"rmod:lonelyqueen","floor":1},{"not_picked":["rmod:ammunitionsupply","rmod:tearstotiara","rmod:gendarmerie"],"picked":"SKIP","floor":3},{"not_picked":["rmod:victimresponsibility","rmod:fuelsupply"],"picked":"rmod:intelligenceanalysis","floor":4}],"player_experience":281804,"relics_obtained":[],"event_choices":[{"damage_healed":0,"gold_gain":0,"player_choice":"RE RE RE RE ","damage_taken":89,"relics_obtained":["Strawberry","vexMod:MemoryStick","vexMod:BarristanHead","Regal Pillow"],"max_hp_gain":0,"max_hp_loss":0,"event_name":"betterSkull:BetterSkull","floor":2,"gold_loss":0,"cards_upgraded":[]},{"damage_healed":0,"gold_gain":0,"player_choice":"Ignored","damage_taken":0,"max_hp_gain":0,"max_hp_loss":0,"event_name":"Menagerie:SpiderNest","floor":5,"gold_loss":0}],"is_beta":false,"boss_relics":[],"items_purged_floors":[],"is_endless":false,"potions_floor_spawned":[3],"killed_by":"Menagerie:VoidReaper","ascension_level":0}}