{"host":"vzugls1u57eppbds","time":1608482957,"event":{"mods":["AchievementEnabler","BaseMod","Better Third Choice","Minty Spire (QoL Compilation)","Relic Stats","Shop Mod","StSLib","The IronCluck"],"gold_per_floor":[109,22,197,209,284,323,352,70,96,130,167,194,223,259,259,370,370,370,370,384,384,266,266,266],"floor_reached":23,"playtime":521,"items_purged":[],"score":351,"play_id":"ec8a0452-93c1-47b5-9188-2af1115b3a5a","local_time":"20201220174917","is_ascension_mode":true,"campfire_choices":[{"floor":15.0,"key":"REST"}],"circlet_count":0,"master_deck":["Strike_R","Strike_R","Strike_R","Strike_R","Strike_R","Defend_R","Defend_R","Defend_R","Defend_R","Bash","Clothesline","Fire Breathing","True Grit","Doubt","Wild Strike","Fire Breathing","Warcry","Fire Breathing","Fiend Fire","Iron Wave","Evolve","Wild Strike","Immolate","Burning Pact"],"relics":["Burning Blood","NeowsBlessing","CeramicFish","Mummified Hand","Regal Pillow","Vajra","Odd Mushroom","Tiny Chest","Question Card","SacredBark"],"acts_visited":["Exordium","TheCity"],"potions_floor_usage":[23,23],"damage_taken":[{"damage":0.0,"enemies":"2 Louse","floor":1.0,"turns":1.0},{"damage":0.0,"enemies":"Jaw Worm","floor":4.0,"turns":1.0},{"damage":0.0,"enemies":"Lagavulin","floor":6.0,"turns":1.0},{"damage":5.0,"enemies":"Cultist","floor":7.0,"turns":4.0},{"damage":18.0,"enemies":"3 Sentries","floor":10.0,"turns":4.0},{"damage":22.0,"enemies":"The Mushroom Lair","floor":11.0,"turns":4.0},{"damage":5.0,"enemies":"Lagavulin","floor":12.0,"turns":3.0},{"damage":2.0,"enemies":"3 Louse","floor":13.0,"turns":2.0},{"damage":29.0,"enemies":"Gremlin Nob","floor":14.0,"turns":5.0},{"damage":37.0,"enemies":"The Guardian","floor":16.0,"turns":9.0},{"damage":0.0,"enemies":"3 Byrds","floor":18.0,"turns":1.0},{"damage":57.0,"enemies":"2 Thieves","floor":20.0,"turns":4.0},{"damage":20,"enemies":"Slavers","floor":23,"turns":3}],"seed_played":"-4204767848268416351","potions_obtained":[{"floor":11.0,"key":"SneckoOil"},{"floor":12.0,"key":"SmokeBomb"},{"floor":13.0,"key":"LiquidBronze"},{"floor":14.0,"key":"BlessingOfTheForge"},{"floor":16.0,"key":"Strength Potion"}],"is_trial":false,"path_per_floor":["M","$","?","M","?","E","M","$","T","E","?","E","M","E","R","B",null,"M","?","M","?","$","E"],"character_chosen":"IRONCLAD","items_purchased":["Fire Breathing","True Grit","Mummified Hand","Fire Breathing","Burning Pact","Weak Potion"],"campfire_rested":1,"item_purchase_floors":[2,2,8,8,22,22],"current_hp_per_floor":[78,78,78,80,69,75,76,76,76,64,48,49,53,30,69,38,70,76,76,25,25,25,5,5],"gold":266,"neow_bonus":"THREE_ENEMY_KILL","is_daily":false,"chose_seed":false,"campfire_upgraded":0,"win_rate":0.0,"timestamp":1608482957,"path_taken":["M","$","?","M","?","E","?","?","T","E","?","E","M","E","R","BOSS","M","?","M","?","?","E"],"items_purchased_type":["Card","Card","Relic","Card","Card","Potion"],"build_version":"2020-12-13","purchased_purges":0,"victory":false,"max_hp_per_floor":[80,80,80,80,80,80,80,80,80,80,80,80,80,80,80,80,80,80,80,80,80,80,80,80],"relic_stats":{"Regal Pillow":15,"counters":[13,42],"Mummified Hand":[29],"CeramicFish":81,"Tiny Chest":0,"Question Card":2,"obtain_stats":[{"Regal Pillow":9,"NeowsBlessing":0,"Mummified Hand":8,"CeramicFish":6,"SacredBark":17,"Vajra":10,"Tiny Chest":12,"Odd Mushroom":11,"Question Card":14,"Burning Blood":0},{"Regal Pillow":4,"NeowsBlessing":0,"Mummified Hand":4,"CeramicFish":3,"SacredBark":10,"Vajra":5,"Tiny Chest":7,"Odd Mushroom":6,"Question Card":9,"Burning Blood":0},{"Regal Pillow":7,"NeowsBlessing":0,"Mummified Hand":7,"CeramicFish":3,"SacredBark":34,"Vajra":11,"Tiny Chest":18,"Odd Mushroom":15,"Question Card":25,"Burning Blood":0}],"Burning Blood":68},"card_choices":[{"not_picked":["Anger","Iron Wave"],"picked":"Clothesline","floor":1.0},{"not_picked":["True Grit","Thunderclap"],"picked":"Wild Strike","floor":4.0},{"not_picked":["Pummel","Anger"],"picked":"Fire Breathing","floor":6.0},{"not_picked":["Sever Soul","Thunderclap"],"picked":"Warcry","floor":7.0},{"not_picked":["Havoc","Armaments"],"picked":"Fiend Fire","floor":10.0},{"not_picked":["Body Slam","Seeing Red"],"picked":"Iron Wave","floor":11.0},{"not_picked":["Headbutt","True Grit","Sword Boomerang"],"picked":"SKIP","floor":12.0},{"not_picked":["Twin Strike","Flex"],"picked":"Evolve","floor":13.0},{"not_picked":["Rupture","True Grit"],"picked":"Wild Strike","floor":14.0},{"not_picked":["Corruption","Brutality","Demon Form"],"picked":"Immolate","floor":16.0},{"not_picked":["Sword Boomerang+1","Cleave","Heavy Blade","Shockwave"],"picked":"SKIP","floor":20.0}],"player_experience":221490,"relics_obtained":[{"floor":6.0,"key":"CeramicFish"},{"floor":9.0,"key":"Regal Pillow"},{"floor":10.0,"key":"Vajra"},{"floor":11.0,"key":"Odd Mushroom"},{"floor":12.0,"key":"Tiny Chest"},{"floor":14.0,"key":"Question Card"}],"event_choices":[{"damage_healed":0.0,"max_hp_gain":0.0,"max_hp_loss":0.0,"gold_gain":175.0,"event_name":"betterThird:BetterSerpent","player_choice":"AGREE","floor":3.0,"gold_loss":0.0,"damage_taken":22.0},{"damage_healed":0.0,"max_hp_gain":0.0,"max_hp_loss":0.0,"gold_gain":75.0,"event_name":"betterThird:BetterGoop","player_choice":"Gold","floor":5.0,"gold_loss":0.0,"damage_taken":11.0},{"damage_healed":0.0,"max_hp_gain":0.0,"max_hp_loss":0.0,"gold_gain":0.0,"event_name":"Mushrooms","player_choice":"Fought Mushrooms","floor":11.0,"gold_loss":0.0,"damage_taken":0.0},{"damage_healed":0.0,"max_hp_gain":0.0,"max_hp_loss":0.0,"gold_gain":0.0,"event_name":"Beggar","player_choice":"Ignored","floor":19.0,"gold_loss":0.0,"damage_taken":0.0},{"damage_healed":0.0,"max_hp_gain":0.0,"max_hp_loss":0.0,"gold_gain":0.0,"event_name":"Cursed Tome","player_choice":"Ignored","floor":21.0,"gold_loss":0.0,"damage_taken":0.0}],"is_beta":false,"boss_relics":[{"not_picked":["Runic Dome","Velvet Choker"],"picked":"SacredBark"}],"items_purged_floors":[],"is_endless":false,"potions_floor_spawned":[11,12,13,14,16,18],"killed_by":"Slavers","ascension_level":9}}