{"host":"k4e6oxvdzzmkrew5","time":1608423537,"event":{"mods":["AchievementEnabler","BaseMod","BetterRewards","Clawfect","Colored Map","Custom Start","Highlight Path","Minty Spire (QoL Compilation)","Permanent Neow","Remove Card Discount Mod","Replay The Spire","Shop Mod","StSLib","Unceasing Turn Reminder"],"gold_per_floor":[112,4868,4882,4892,4904,4904,4930,4930,4930,4961,4971,5006,4976,4989,4989,5089,5089,5106,5124,5141,5157,5157,5157,5167,5167,5167,5167,3689,3703,2769,2803,2803,2901,2901,2914,2963,2963,2980,2047,2077,2089,2089,2115,2165,2182,1594,1628,1638,1638,1638,1638,1638,994,1019,1019],"floor_reached":56,"playtime":5532,"items_purged":["Strike_R","Strike_R","Defend_R","Strike_R","Defend_R","Strike_R","Strike_R","Defend_R","Defend_R","Bash","Pot Of Greed","Pot Of Greed"],"score":1240,"play_id":"0b889b07-b258-446c-ab4f-1ac3c37e6abb","local_time":"20201219181857","is_ascension_mode":true,"campfire_choices":[{"floor":6,"key":"RECALL"},{"data":"Demonic Infusion","floor":8,"key":"SMITH"},{"data":"Heavy Blade","floor":23,"key":"SMITH"},{"floor":25,"key":"REST"},{"data":"Armaments","floor":27,"key":"SMITH"},{"data":"Seeing Red","floor":32,"key":"SMITH"},{"data":"Pot Of Greed","floor":42,"key":"SMITH"},{"floor":49,"key":"REST"},{"data":"Disarm","floor":52,"key":"SMITH"}],"circlet_count":0,"master_deck":["Run Through","Pot Of Greed+1","Poisoned Strike","Inflame+1","Shrug It Off","Armaments+1","Carnage","Pommel Strike","Armaments+1","Disarm+1","Demonic Infusion+1","Clash","Thunderclap","Iron Wave","Demon Form+1","Metallicize+1","Heavy Blade+1","Run Through+1","Life Link+1","Inflame+1","Double Tap","Seeing Red+1","Headbutt+1","ReplayUltimateDefense+1","Specialist+1","Double Tap+1","Double Tap+1","Pot Of Greed+1","ReplayTheSpireMod:Brewmster+1","AbeCurse","Inflame+1","ReplayTheSpireMod:Private Reserves+1","Dark Embrace+1","ReplayTheSpireMod:Limb From Limb+1","Seeing Red","Metallicize+1","Finesse+1","Cleave+1","The Bomb+1","Panacea+1","Pot Of Greed+1","Brutality+1"],"relics":["Philosopher\u0027s Stone","Grinning Jar","Frozen Egg 2","TheAbacus","Peace Pipe","Darkstone Periapt","Happy Flower","Painkiller Herb","Gremlin Horn","Onion Ring","MerchantsRug","Kunai","Lantern","Lee\u0027s Waffle","OrangePellets","Toy Ornithopter","Golden Egg","Letter Opener","Busted Crown","CaptainsWheel","Sling","Replay:Ringing Soul","Ginger","Omamori","Gremlin Food","Replay:Multitool","ReplayTheSpireMod:CursedCoin","Pantograph","Quantum Egg","TungstenRod","Orichalcum","BargainBundle","ReplayTheSpireMod:Lightbulb","Mercury Hourglass"],"acts_visited":["Exordium","TheCity","TheBeyond","TheEnding"],"potions_floor_usage":[4,7,12,12,13,14,16,20,21,29,31,31,31,33,33,33,33,35,35,38,38,40,40,40,44,44,44,45,45,47,47,50,50,50,50,50,50,54,54,55,55,55,55],"damage_taken":[{"damage":0,"enemies":"Small Slimes","floor":1,"turns":3},{"damage":0,"enemies":"Cultist","floor":3,"turns":2},{"damage":0,"enemies":"Jaw Worm","floor":4,"turns":2},{"damage":0,"enemies":"3 Louse","floor":5,"turns":2},{"damage":0,"enemies":"3 Sentries","floor":7,"turns":5},{"damage":2,"enemies":"Replay:BlueRogue","floor":10,"turns":4},{"damage":0,"enemies":"2 Fungi Beasts","floor":11,"turns":4},{"damage":12,"enemies":"3 Sentries","floor":12,"turns":6},{"damage":1,"enemies":"Exordium Wildlife","floor":14,"turns":4},{"damage":26,"enemies":"Hexaghost","floor":16,"turns":6},{"damage":0,"enemies":"Spheric Guardian","floor":18,"turns":3},{"damage":14,"enemies":"Shell Parasite","floor":19,"turns":4},{"damage":0,"enemies":"Cultist and Chosen","floor":20,"turns":4},{"damage":0,"enemies":"Sentry and Sphere","floor":21,"turns":3},{"damage":22,"enemies":"Snake Plant","floor":24,"turns":3},{"damage":8,"enemies":"Shelled Parasite and Fungi","floor":29,"turns":2},{"damage":0,"enemies":"Book of Stabbing","floor":31,"turns":2},{"damage":6,"enemies":"Pondfish","floor":33,"turns":7},{"damage":3,"enemies":"3 Shapes","floor":35,"turns":4},{"damage":6,"enemies":"2 Orb Walkers","floor":36,"turns":3},{"damage":18,"enemies":"3 Darklings","floor":38,"turns":3},{"damage":11,"enemies":"Nemesis","floor":40,"turns":3},{"damage":7,"enemies":"Writhing Mass","floor":41,"turns":3},{"damage":36,"enemies":"Mind Bloom Boss Battle","floor":44,"turns":5},{"damage":11,"enemies":"Transient","floor":45,"turns":5},{"damage":16,"enemies":"Giant Head","floor":47,"turns":5},{"damage":10,"enemies":"Jaw Worm Horde","floor":48,"turns":2},{"damage":40,"enemies":"Time Eater","floor":50,"turns":7},{"damage":45,"enemies":"Shield and Spear","floor":54,"turns":3},{"damage":48,"enemies":"The Heart","floor":55,"turns":5}],"seed_played":"6196229001682380350","potions_obtained":[{"floor":5,"key":"Elixir"},{"floor":7,"key":"Venom Potion"},{"floor":13,"key":"SpeedPotion"},{"floor":13,"key":"Fruit Juice"},{"floor":16,"key":"FearPotion"},{"floor":19,"key":"SneckoOil"},{"floor":20,"key":"Strength Potion"},{"floor":29,"key":"ElixirPotion"},{"floor":35,"key":"Elixir"},{"floor":40,"key":"SteroidPotion"},{"floor":44,"key":"Ancient Potion"},{"floor":47,"key":"BloodPotion"},{"floor":54,"key":"Milkshake"}],"is_trial":false,"path_per_floor":["M","$","M","M","M","R","E","R","T","E","M","E","?","M","R_BF","B",null,"?","?","?","?","T","T","?","T","T","T","T","?","T","E","T","B",null,"?","?","?","?","T","E","?","T","T","?","?","T","E","?","T","B",null,"T","T","E","B",null],"character_chosen":"IRONCLAD","items_purchased":["Grinning Jar","Frozen Egg 2","TheAbacus","Poisoned Strike","Reflective Coating","AttackPotion","Adrenaline Potion","Inflame+1","Shrug It Off","Armaments","Carnage","MerchantsRug","Kunai","Lantern","Lee\u0027s Waffle","SkillPotion","Block Potion","Inflame+1","Heavy Blade","Double Tap","Seeing Red","Headbutt+1","ReplayUltimateDefense+1","Specialist+1","OrangePellets","Toy Ornithopter","Golden Egg","PowerPotion","Adrenaline Potion","Double Tap","ReplayTheSpireMod:Brewmster+1","Sling","Replay:Ringing Soul","Ginger","LiquidBronze","Inflame+1","ReplayTheSpireMod:Private Reserves","ReplayTheSpireMod:CursedCoin","Pantograph","Quantum Egg","Metallicize+1","Finesse","PowerPotion","ColorlessPotion","Orichalcum","BargainBundle","ReplayTheSpireMod:Lightbulb","SkillPotion","The Bomb","Panacea"],"campfire_rested":2,"item_purchase_floors":[2,2,2,2,2,2,2,2,2,2,2,28,28,28,28,28,28,28,28,28,28,28,28,28,30,30,30,30,30,30,30,39,39,39,39,39,39,46,46,46,46,46,46,46,53,53,53,53,53,53],"current_hp_per_floor":[80,80,80,80,80,80,80,80,80,78,78,66,71,70,85,59,85,85,71,71,71,71,71,49,74,74,74,92,84,84,92,92,95,98,98,92,92,80,83,90,86,86,86,65,67,70,64,57,91,116,116,116,119,77,98],"gold":1019,"neow_bonus":"BOSS_RELIC","is_daily":false,"chose_seed":false,"campfire_upgraded":6,"win_rate":0.0,"timestamp":1608423537,"path_taken":["M","$","M","M","M","R","E","R","T","E","M","E","?","?","R_BF","BOSS","?","?","?","?","?","T","?","T","T","T","T","?","T","E","T","BOSS","?","?","?","?","T","E","?","T","T","?","?","T","E","?","T","BOSS","T","T","E","BOSS"],"items_purchased_type":["Relic","Relic","Relic","Card","Potion","Potion","Potion","Card","Card","Card","Card","Relic","Relic","Relic","Relic","Potion","Potion","Card","Card","Card","Card","Card","Card","Card","Relic","Relic","Relic","Potion","Potion","Card","Card","Relic","Relic","Relic","Potion","Card","Card","Relic","Relic","Relic","Card","Card","Potion","Potion","Relic","Relic","Relic","Potion","Card","Card"],"build_version":"2020-12-13","purchased_purges":12,"victory":true,"max_hp_per_floor":[80,80,80,80,80,80,80,80,80,80,80,80,85,85,85,85,85,85,85,85,85,85,85,85,85,85,85,92,92,92,92,92,98,98,98,98,98,98,101,104,107,107,107,107,110,113,113,116,116,116,116,116,119,122,122],"card_choices":[{"not_picked":["Anger","Wild Strike"],"picked":"Run Through","floor":1},{"not_picked":["Battle Trance","ReplayTheSpireMod:LeadingStrike"],"picked":"Pommel Strike","floor":3},{"not_picked":["Searing Blow","Bloodletting"],"picked":"Armaments","floor":4},{"not_picked":["Hemokinesis","Defy Death"],"picked":"Disarm","floor":5},{"not_picked":["Headbutt","ReplayTheSpireMod:Stacked"],"picked":"Demonic Infusion","floor":7},{"not_picked":["Rage","Battle Trance"],"picked":"Clash","floor":10},{"not_picked":["Flex","Warcry"],"picked":"Thunderclap","floor":11},{"not_picked":["ReplayTheSpireMod:LeadingStrike","Bloodletting"],"picked":"Iron Wave","floor":12},{"not_picked":["Shrug It Off","Clothesline","Bludgeon"],"picked":"SKIP","floor":14},{"not_picked":["Demonic Infusion","Impervious"],"picked":"Demon Form+1","floor":16},{"not_picked":["Pommel Strike","Thunderclap+1"],"picked":"Metallicize+1","floor":18},{"not_picked":["Flex","Combust+1"],"picked":"Heavy Blade","floor":19},{"not_picked":["Armaments","Dual Wield"],"picked":"Run Through+1","floor":20},{"not_picked":["Pummel+1","Sword Boomerang","Body Slam+1"],"picked":"SKIP","floor":21},{"not_picked":["Clothesline","Pummel"],"picked":"Life Link+1","floor":24},{"not_picked":["Headbutt","Rage","Bludgeon"],"picked":"SKIP","floor":29},{"not_picked":["Anger","Armaments","Replay:Undeath\u0027s Touch"],"picked":"SKIP","floor":31},{"not_picked":["Clash"],"picked":"SKIP","floor":35},{"not_picked":["Anger"],"picked":"SKIP","floor":38},{"not_picked":[],"picked":"Dark Embrace+1","floor":40},{"not_picked":[],"picked":"ReplayTheSpireMod:Limb From Limb","floor":41},{"not_picked":[],"picked":"Seeing Red","floor":45},{"not_picked":["Run Through+1"],"picked":"SKIP","floor":47},{"not_picked":[],"picked":"Cleave+1","floor":48},{"not_picked":[],"picked":"Brutality+1","floor":54}],"player_experience":157287,"relics_obtained":[{"floor":7,"key":"Peace Pipe"},{"floor":10,"key":"Darkstone Periapt"},{"floor":12,"key":"Happy Flower"},{"floor":22,"key":"Gremlin Horn"},{"floor":26,"key":"Onion Ring"},{"floor":31,"key":"Letter Opener"},{"floor":36,"key":"CaptainsWheel"},{"floor":40,"key":"Omamori"},{"floor":43,"key":"Gremlin Food"},{"floor":44,"key":"Replay:Multitool"},{"floor":47,"key":"TungstenRod"},{"floor":54,"key":"Mercury Hourglass"}],"event_choices":[{"damage_healed":0,"gold_gain":0,"player_choice":"Bought 2 Potions","damage_taken":0,"max_hp_gain":0,"max_hp_loss":0,"event_name":"The Woman in Blue","floor":13,"gold_loss":0},{"damage_healed":0,"gold_gain":0,"player_choice":"Fight","damage_taken":0,"max_hp_gain":0,"max_hp_loss":0,"event_name":"Mysterious Sphere","floor":36,"gold_loss":0},{"cards_removed":["Heavy Blade"],"damage_healed":0,"gold_gain":0,"player_choice":"Removed Attack","damage_taken":0,"max_hp_gain":0,"max_hp_loss":0,"event_name":"Falling","floor":37,"gold_loss":0},{"damage_healed":0,"gold_gain":0,"player_choice":"Fight","damage_taken":0,"max_hp_gain":0,"max_hp_loss":0,"event_name":"MindBloom","floor":44,"gold_loss":0}],"is_beta":false,"boss_relics":[{"not_picked":["Astrolabe","Empty Cage"],"picked":"Painkiller Herb"},{"not_picked":["ReplayTheSpireMod:DimensionalGlitch","Runic Cube"],"picked":"Busted Crown"}],"items_purged_floors":[2,2,2,2,2,28,28,28,28,28,30,30],"is_endless":false,"potions_floor_spawned":[5,7,10,16,19,20,29,35,40,44,47,54],"ascension_level":1}}