{"host":"n23juj4d9qam5hh1","time":1608438575,"event":{"mods":["BaseMod","Better Note","BetterRewards","Infinite Spire","Minty Spire (QoL Compilation)","Relic Stats","StSLib"],"gold_per_floor":[118,45,61,61,61,61,78,78,160,178,178,178,188,200,200,302,302,314,345,362,362,213,213,231,248,274,289,289,65,65,75,75,173,173,191,241,141,151,373,373,384,384,384,397,408,368,381,399,399,399],"floor_reached":51,"playtime":2457,"items_purged":["Decay","Strike_B"],"score":757,"play_id":"76edbcbf-8a68-4929-8ed4-1382d3c3c5d8","local_time":"20201219232935","is_ascension_mode":true,"campfire_choices":[{"data":"Consume","floor":6.0,"key":"SMITH"},{"data":"White Noise","floor":8.0,"key":"SMITH"},{"floor":11.0,"key":"REST"},{"data":"Static Discharge","floor":15.0,"key":"SMITH"},{"floor":23.0,"key":"REST"},{"data":"Defragment","floor":30.0,"key":"SMITH"},{"data":"Storm","floor":32.0,"key":"SMITH"},{"floor":40.0,"key":"REST"},{"floor":42,"key":"REST"},{"data":"Buffer","floor":49,"key":"SMITH"}],"circlet_count":0,"master_deck":["Defend_B","Defend_B","Defend_B","Defend_B","Zap","Dualcast+1","Leap","Capacitor+1","Consume+1","White Noise+1","Loop","Cold Snap","Static Discharge+1","Buffer+1","Machine Learning+1","Streamline+1","Capacitor+1","Conserve Battery","Glacier","Self Repair","Defragment+1","Storm+1","Hyperbeam","Undo+1","Buffer","Force Field","BootSequence+1"],"relics":["Cracked Core","infinitespire:WardingShard","Astrolabe","Red Mask","Nunchaku","Runic Capacitor","Nuclear Battery","Incense Burner","Potion Belt"],"acts_visited":["Exordium","TheCity","TheBeyond"],"potions_floor_usage":[45,48],"damage_taken":[{"damage":2.0,"enemies":"2 Louse","floor":1.0,"turns":3.0},{"damage":0.0,"enemies":"Cultist","floor":3.0,"turns":3.0},{"damage":9.0,"enemies":"Small Slimes","floor":7.0,"turns":3.0},{"damage":3.0,"enemies":"3 Louse","floor":10.0,"turns":4.0},{"damage":4.0,"enemies":"2 Fungi Beasts","floor":13.0,"turns":4.0},{"damage":22.0,"enemies":"Lots of Slimes","floor":14.0,"turns":5.0},{"damage":25.0,"enemies":"The Guardian","floor":16.0,"turns":9.0},{"damage":20.0,"enemies":"Spheric Guardian","floor":18.0,"turns":4.0},{"damage":39.0,"enemies":"Masked Bandits","floor":19.0,"turns":3.0},{"damage":11.0,"enemies":"Shell Parasite","floor":20.0,"turns":6.0},{"damage":13.0,"enemies":"Centurion and Healer","floor":24.0,"turns":8.0},{"damage":1.0,"enemies":"Shelled Parasite and Fungi","floor":25.0,"turns":9.0},{"damage":13.0,"enemies":"Snake Plant","floor":27.0,"turns":3.0},{"damage":13.0,"enemies":"Cultist and Chosen","floor":31.0,"turns":13.0},{"damage":14.0,"enemies":"Champ","floor":33.0,"turns":7.0},{"damage":56.0,"enemies":"3 Darklings","floor":35.0,"turns":4.0},{"damage":0.0,"enemies":"Mind Bloom Boss Battle","floor":36.0,"turns":5.0},{"damage":0.0,"enemies":"Orb Walker","floor":38.0,"turns":4.0},{"damage":47,"enemies":"Writhing Mass","floor":41,"turns":4},{"damage":0,"enemies":"Maw","floor":44,"turns":7},{"damage":0,"enemies":"Transient","floor":45,"turns":5},{"damage":4,"enemies":"4 Shapes","floor":47,"turns":5},{"damage":0,"enemies":"3 Darklings","floor":48,"turns":6},{"damage":16,"enemies":"Donu and Deca","floor":50,"turns":7}],"seed_played":"-5631119692746812684","potions_obtained":[{"floor":0.0,"key":"EssenceOfSteel"},{"floor":0.0,"key":"Regen Potion"},{"floor":0.0,"key":"Fruit Juice"},{"floor":3.0,"key":"EssenceOfDarkness"},{"floor":7.0,"key":"Weak Potion"},{"floor":14.0,"key":"FocusPotion"},{"floor":16.0,"key":"FocusPotion"},{"floor":25.0,"key":"EssenceOfSteel"},{"floor":41,"key":"PowerPotion"},{"floor":44,"key":"Energy Potion"},{"floor":45,"key":"SneckoOil"},{"floor":47,"key":"SpeedPotion"}],"is_trial":false,"path_per_floor":["M","$","M","?","?","R","M","R","T","M","R","?","M","M","R","B",null,"M","?","M","?","$","R","M","M","T","M","?","$","R","M","R","B",null,"M","?","$","M","?","R","M","R","T","M","M","?","M","M","R","B",null],"character_chosen":"DEFECT","items_purchased":["Capacitor","Glacier","Runic Capacitor","Defragment"],"campfire_rested":4,"item_purchase_floors":[2,22,29,29],"current_hp_per_floor":[78,78,78,62,62,62,58,58,58,55,79,79,75,53,53,28,80,60,21,10,10,10,34,21,20,20,7,90,90,90,84,84,77,90,41,48,48,48,48,75,35,62,62,69,76,76,79,86,86,77],"gold":399,"neow_bonus":"THREE_SMALL_POTIONS","is_daily":false,"chose_seed":false,"campfire_upgraded":6,"win_rate":0.0,"timestamp":1608438575,"path_taken":["M","$","M","?","?","R","?","R","T","M","R","?","M","M","R","BOSS","M","?","M","?","$","R","M","M","T","M","?","$","R","?","R","BOSS","M","?","$","M","?","R","M","R","T","M","M","?","M","?","R","BOSS"],"items_purchased_type":["Card","Card","Relic","Card"],"build_version":"2020-12-13","purchased_purges":2,"victory":true,"max_hp_per_floor":[80,80,80,80,80,80,80,80,80,80,80,80,80,80,80,80,80,80,80,80,80,80,80,80,80,80,80,90,90,90,90,90,90,90,90,90,90,90,90,90,90,90,90,90,90,90,90,90,90,90],"relic_stats":{"Nunchaku":[2],"counters":[24,128],"Astrolabe":["Hyperbeam","Machine Learning","Streamline"],"obtain_stats":[{"Potion Belt":43,"Nunchaku":26,"infinitespire:WardingShard":9,"Astrolabe":17,"Red Mask":19,"Runic Capacitor":29,"Incense Burner":36,"Cracked Core":0,"Nuclear Battery":34},{"Potion Belt":19,"Nunchaku":12,"infinitespire:WardingShard":3,"Astrolabe":7,"Red Mask":9,"Runic Capacitor":13,"Incense Burner":17,"Cracked Core":0,"Nuclear Battery":15},{"Potion Belt":98,"Nunchaku":59,"infinitespire:WardingShard":9,"Astrolabe":30,"Red Mask":36,"Runic Capacitor":62,"Incense Burner":91,"Cracked Core":0,"Nuclear Battery":82}]},"card_choices":[{"not_picked":["Compile Driver","Self Repair"],"picked":"Leap","floor":1.0},{"not_picked":["Hello World","BootSequence"],"picked":"Consume","floor":3.0},{"not_picked":["Meteor Strike","Stack"],"picked":"White Noise","floor":7.0},{"not_picked":["Compile Driver","Lockon"],"picked":"Loop","floor":10.0},{"not_picked":["Stack","Redo"],"picked":"Cold Snap","floor":13.0},{"not_picked":["Scrape","Heatsinks"],"picked":"Static Discharge","floor":14.0},{"not_picked":["Hyperbeam","Biased Cognition"],"picked":"Buffer","floor":16.0},{"not_picked":["Hello World","Blizzard","Go for the Eyes"],"picked":"SKIP","floor":18.0},{"not_picked":["Coolheaded+1","Skim"],"picked":"Capacitor","floor":19.0},{"not_picked":["Stack","Turbo"],"picked":"Conserve Battery","floor":20.0},{"not_picked":["Steam Power","Steam","Go for the Eyes"],"picked":"SKIP","floor":24.0},{"not_picked":["Stack","Sweeping Beam","Hello World"],"picked":"SKIP","floor":25.0},{"not_picked":["Undo","Melter"],"picked":"Self Repair","floor":27.0},{"not_picked":["Stack+1","Loop"],"picked":"Storm","floor":31.0},{"not_picked":["Multi-Cast","All For One"],"picked":"Hyperbeam","floor":33.0},{"not_picked":["Gash+1","Lockon+1"],"picked":"Undo+1","floor":35.0},{"not_picked":["Beam Cell","Gash","Turbo"],"picked":"SKIP","floor":38.0},{"not_picked":["Stack","Compile Driver+1","Undo+1"],"picked":"SKIP","floor":41},{"not_picked":["Storm","Rebound+1"],"picked":"Buffer","floor":44},{"not_picked":["Redo","Go for the Eyes"],"picked":"Force Field","floor":45},{"not_picked":["Beam Cell+1","Biased Cognition"],"picked":"BootSequence+1","floor":47},{"not_picked":["Aggregate+1","Stack","Tempest"],"picked":"SKIP","floor":48}],"player_experience":180406,"relics_obtained":[{"floor":9.0,"key":"infinitespire:WardingShard"},{"floor":19.0,"key":"Red Mask"},{"floor":26.0,"key":"Nunchaku"},{"floor":36.0,"key":"Incense Burner"},{"floor":43,"key":"Potion Belt"}],"event_choices":[{"damage_healed":0.0,"max_hp_gain":0.0,"max_hp_loss":0.0,"gold_gain":0.0,"event_name":"Shining Light","player_choice":"Entered Light","floor":4.0,"gold_loss":0.0,"damage_taken":16.0,"cards_upgraded":["Capacitor","Dualcast"]},{"damage_healed":0.0,"max_hp_gain":0.0,"max_hp_loss":0.0,"gold_gain":0.0,"event_name":"Match and Keep!","player_choice":"0 cards matched","floor":5.0,"gold_loss":0.0,"damage_taken":0.0,"cards_obtained":[]},{"damage_healed":0.0,"max_hp_gain":0.0,"max_hp_loss":0.0,"gold_gain":0.0,"event_name":"Liars Game","player_choice":"Ignored","floor":12.0,"gold_loss":0.0,"damage_taken":0.0},{"damage_healed":0.0,"max_hp_gain":0.0,"max_hp_loss":0.0,"gold_gain":0.0,"event_name":"Masked Bandits","player_choice":"Fought Bandits","floor":19.0,"gold_loss":0.0,"damage_taken":0.0},{"damage_healed":0.0,"max_hp_gain":0.0,"max_hp_loss":0.0,"gold_gain":0.0,"event_name":"Forgotten Altar","player_choice":"Smashed Altar","floor":21.0,"gold_loss":0.0,"damage_taken":0.0,"cards_obtained":["Decay"]},{"cards_removed":["Hyperbeam"],"damage_healed":73.0,"max_hp_gain":10.0,"max_hp_loss":0.0,"gold_gain":0.0,"event_name":"Bonfire Elementals","player_choice":"Offered Rare","floor":28.0,"gold_loss":0.0,"damage_taken":0.0},{"damage_healed":0.0,"max_hp_gain":0.0,"max_hp_loss":0.0,"gold_gain":0.0,"event_name":"MindBloom","player_choice":"Fight","floor":36.0,"gold_loss":0.0,"damage_taken":0.0},{"damage_healed":0.0,"max_hp_gain":0.0,"max_hp_loss":0.0,"gold_gain":222.0,"event_name":"Tomb of Lord Red Mask","player_choice":"Wore Mask","floor":39.0,"gold_loss":0.0,"damage_taken":0.0},{"damage_healed":0,"gold_gain":0,"player_choice":"Upgrade","damage_taken":0,"max_hp_gain":0,"max_hp_loss":0,"event_name":"Designer","floor":46,"gold_loss":40,"cards_upgraded":["Capacitor"]}],"is_beta":false,"boss_relics":[{"not_picked":["Runic Pyramid","SlaversCollar"],"picked":"Astrolabe"},{"not_picked":["Philosopher\u0027s Stone","Coffee Dripper"],"picked":"Nuclear Battery"}],"items_purged_floors":[22,37],"is_endless":false,"potions_floor_spawned":[3,7,14,16,18,25,27,41,44,45,47],"ascension_level":3}}