{"host":"pbf6u3tyx46snqc7","time":1608469177,"event":{"mods":["AchievementEnabler","BaseMod","Colored Map","Minty Spire (QoL Compilation)","Rare Cards Sparkle","Shop Mod","SuperFastMode"],"gold_per_floor":[119,38,38,54,204,238,249,41,41,41,99,117,129,146,146,146,146],"floor_reached":16,"playtime":445,"items_purged":["Doubt"],"score":229,"play_id":"0820aaa1-1412-423c-b521-29b2abd329c2","local_time":"20201220215937","is_ascension_mode":true,"campfire_choices":[{"floor":10,"key":"RECALL"},{"floor":15,"key":"REST"}],"circlet_count":0,"master_deck":["AscendersBane","Strike_B+1","Strike_B","Strike_B","Strike_B","Defend_B","Defend_B","Defend_B","Defend_B","Zap","Dualcast","Ball Lightning+1","Glacier","Fusion","Defragment","Double Energy","Conserve Battery","Redo","Melter"],"relics":["Cracked Core","NeowsBlessing","Bird Faced Urn","Whetstone","StoneCalendar","Potion Belt"],"acts_visited":["Exordium"],"potions_floor_usage":[16,16,16],"damage_taken":[{"damage":0,"enemies":"Jaw Worm","floor":1,"turns":1},{"damage":0,"enemies":"Small Slimes","floor":4,"turns":1},{"damage":0,"enemies":"Gremlin Nob","floor":6,"turns":1},{"damage":0,"enemies":"Cultist","floor":7,"turns":3},{"damage":15,"enemies":"3 Sentries","floor":11,"turns":7},{"damage":22,"enemies":"Exordium Wildlife","floor":12,"turns":6},{"damage":10,"enemies":"2 Fungi Beasts","floor":13,"turns":4},{"damage":3,"enemies":"Red Slaver","floor":14,"turns":3},{"damage":36,"enemies":"Slime Boss","floor":16,"turns":6}],"seed_played":"-7533896170857583989","potions_obtained":[{"floor":6,"key":"GamblersBrew"},{"floor":11,"key":"PotionOfCapacity"},{"floor":12,"key":"BlessingOfTheForge"},{"floor":13,"key":"Weak Potion"}],"is_trial":false,"path_per_floor":["M","$","?","M","?","E","M","$","T","R","?","M","M","M","R","B"],"character_chosen":"DEFECT","items_purchased":["Glacier","Double Energy","Conserve Battery"],"campfire_rested":1,"item_purchase_floors":[2,8,8],"current_hp_per_floor":[64,64,53,53,53,53,53,53,53,53,40,20,12,11,32,0,0],"gold":146,"neow_bonus":"THREE_ENEMY_KILL","is_daily":false,"chose_seed":false,"campfire_upgraded":0,"win_rate":0.0,"timestamp":1608469177,"path_taken":["M","$","?","M","?","E","M","$","T","R","?","M","M","M","R","BOSS"],"items_purchased_type":["Card","Card","Card"],"build_version":"2020-12-13","purchased_purges":1,"victory":false,"max_hp_per_floor":[71,71,71,71,71,71,71,71,71,71,71,71,71,71,71,71,71],"card_choices":[{"not_picked":["Stack","Go for the Eyes"],"picked":"Ball Lightning","floor":1},{"not_picked":["Rebound","Barrage"],"picked":"Fusion","floor":4},{"not_picked":["Aggregate","Stack","Go for the Eyes"],"picked":"SKIP","floor":6},{"not_picked":["Barrage","Redo"],"picked":"Defragment","floor":7},{"not_picked":["Hologram","Fusion"],"picked":"Redo","floor":11},{"not_picked":["All For One","Sweeping Beam","Stack"],"picked":"SKIP","floor":12},{"not_picked":["Gash","Hologram"],"picked":"Melter","floor":13},{"not_picked":["Leap","Ball Lightning","Scrape"],"picked":"SKIP","floor":14}],"player_experience":301211,"relics_obtained":[{"floor":6,"key":"Whetstone"},{"floor":9,"key":"StoneCalendar"},{"floor":11,"key":"Potion Belt"}],"event_choices":[{"damage_healed":0,"gold_gain":0,"player_choice":"Success","damage_taken":11,"relics_obtained":["Bird Faced Urn"],"max_hp_gain":0,"max_hp_loss":0,"event_name":"Scrap Ooze","floor":3,"gold_loss":0},{"damage_healed":0,"gold_gain":150,"player_choice":"AGREE","damage_taken":0,"max_hp_gain":0,"max_hp_loss":0,"event_name":"Liars Game","floor":5,"gold_loss":0,"cards_obtained":["Doubt"]},{"damage_healed":0,"gold_gain":0,"player_choice":"Searched \u00271\u0027 times","damage_taken":0,"max_hp_gain":0,"max_hp_loss":0,"event_name":"Dead Adventurer","floor":11,"gold_loss":0}],"is_beta":false,"boss_relics":[],"items_purged_floors":[8],"is_endless":false,"potions_floor_spawned":[6,11,12,13],"killed_by":"Slime Boss","ascension_level":16}}