{"host":"0lnx88jdgcrh6gmr","time":1608503011,"event":{"mods":["2.2 Compatiblity","AchievementEnabler","BaseMod","Beaked The Cultist","Better Note","Better Skull","Better Third Choice","Block Reminder","Colored Map","Displayed Cursed Tome","Glutton Mod","Googly Eyes","Hermit","Highlight Path","Minty Spire (QoL Compilation)","Rare Cards Sparkle","Relic Stats","Shade Mod","Spicy Shops","StSLib","The Construct","The Cursed","The Disciple","The Mystic","The Servant 0.9.4","Unceasing Turn Reminder","everything is the same but u backflip on backflip","slay the spire mod where everything is the same but ironclad has a cowboy hat"],"gold_per_floor":[109,109,109,123,123,123,141,141,141,141,160,160,160],"floor_reached":12,"playtime":259,"items_purged":[],"score":68,"play_id":"84ba3152-4d08-46c3-a25f-f1ee216805a0","local_time":"20201220152331","is_ascension_mode":false,"campfire_choices":[{"data":"Defragment","floor":6,"key":"SMITH"},{"data":"Streamline","floor":8,"key":"SMITH"}],"circlet_count":0,"master_deck":["Strike_B","Strike_B","Strike_B","Strike_B","Defend_B","Defend_B","Defend_B","Defend_B","Dualcast","Defragment+1","Footwork+1","Gash","Streamline+1","Go for the Eyes"],"relics":["Cracked Core","Meat on the Bone"],"acts_visited":["Exordium"],"potions_floor_usage":[12],"damage_taken":[{"damage":2,"enemies":"2 Louse","floor":1,"turns":3},{"damage":6,"enemies":"Jaw Worm","floor":4,"turns":4},{"damage":4,"enemies":"Small Slimes","floor":7,"turns":4},{"damage":7,"enemies":"Looter","floor":11,"turns":3},{"damage":64,"enemies":"Gremlin Nob","floor":12,"turns":6}],"seed_played":"6987718304323315590","potions_obtained":[{"floor":1,"key":"Ancient Potion"}],"is_trial":false,"path_per_floor":["M","?","?","M","?","R","M","R","T","?","M","E"],"character_chosen":"DEFECT","items_purchased":[],"campfire_rested":0,"item_purchase_floors":[],"current_hp_per_floor":[80,80,78,72,72,72,68,68,68,68,61,0,0],"gold":160,"neow_bonus":"TEN_PERCENT_HP_BONUS","is_daily":false,"chose_seed":false,"campfire_upgraded":2,"win_rate":0.0,"timestamp":1608503011,"path_taken":["M","?","?","M","?","R","M","R","T","?","M","E"],"items_purchased_type":[],"build_version":"2020-12-13","purchased_purges":0,"victory":false,"max_hp_per_floor":[82,82,82,82,82,82,82,82,82,82,82,82,82],"relic_stats":{"counters":[5,20],"obtain_stats":[{"Cracked Core":0,"Meat on the Bone":9},{"Cracked Core":0,"Meat on the Bone":3},{"Cracked Core":0,"Meat on the Bone":11}],"Meat on the Bone":0},"card_choices":[{"not_picked":["Heatsinks","Redo"],"picked":"Defragment","floor":1},{"not_picked":["Capacitor","Streamline"],"picked":"Gash","floor":4},{"not_picked":["Genetic Algorithm","Redo"],"picked":"Streamline","floor":7},{"not_picked":["Redo","Turbo"],"picked":"Go for the Eyes","floor":11}],"player_experience":199852,"relics_obtained":[{"floor":9,"key":"Meat on the Bone"}],"event_choices":[{"damage_healed":0,"gold_gain":0,"player_choice":"Ignored","damage_taken":0,"max_hp_gain":0,"max_hp_loss":0,"event_name":"Golden Idol","floor":2,"gold_loss":0},{"damage_healed":0,"gold_gain":0,"player_choice":"Card ","damage_taken":2,"max_hp_gain":0,"max_hp_loss":0,"event_name":"betterThird:BetterScrap","floor":3,"gold_loss":0,"cards_obtained":["Footwork"]},{"cards_removed":["Zap"],"damage_healed":0,"gold_gain":0,"player_choice":"Forget","damage_taken":0,"max_hp_gain":0,"max_hp_loss":0,"event_name":"Living Wall","floor":5,"gold_loss":0},{"damage_healed":0,"gold_gain":0,"player_choice":"Ignored","damage_taken":141,"max_hp_gain":0,"max_hp_loss":0,"event_name":"betterThird:BetterSerpent","floor":10,"gold_loss":0}],"is_beta":false,"boss_relics":[],"items_purged_floors":[],"is_endless":false,"potions_floor_spawned":[1],"killed_by":"Gremlin Nob","ascension_level":0}}