{"host":"n4oa921u88t6jog9","time":1608432234,"event":{"mods":["AchievementEnabler","BaseMod","DeckTracker","Keyboard Shortcuts","Minty Spire (QoL Compilation)","Quick Restart","StSLib","SuperFastMode"],"gold_per_floor":[115,115,132,150,75,103,122,133,181,200,211,229,229,247,247,321,321,337,353,364,378,389,420,420,432,458,458,475,486,515,361,361,434,434,444,457,476,495,508,508,508],"floor_reached":40,"playtime":1591,"items_purged":["Defend_R"],"score":805,"play_id":"e87666f9-a5a9-4b8b-a2ed-2bb815f0a637","local_time":"20201220114354","is_ascension_mode":true,"campfire_choices":[{"data":"Perfected Strike","floor":13,"key":"SMITH"},{"data":"Bash","floor":15,"key":"SMITH"},{"data":"Evolve","floor":24,"key":"SMITH"},{"data":"Shrug It Off","floor":27,"key":"SMITH"},{"data":"Battle Trance","floor":32,"key":"SMITH"}],"circlet_count":0,"master_deck":["AscendersBane","Strike_R+1","Strike_R","Strike_R+1","Strike_R","Defend_R","Defend_R","Defend_R","Bash+1","Ghostly Armor","Shrug It Off+1","Perfected Strike+1","Evolve+1","Impervious","Perfected Strike+1","Ghostly Armor","Pommel Strike+1","Headbutt+1","Wild Strike+1","Perfected Strike+1","Feed+1","Pommel Strike+1","Perfected Strike+1","Pommel Strike+1","Battle Trance+1","Headbutt+1","Second Wind","Shockwave+1","Perfected Strike+1","Second Wind+1"],"relics":["Burning Blood","Question Card","Molten Egg 2","Strawberry","Mark of Pain","Centennial Puzzle","Oddly Smooth Stone","Whetstone","Medical Kit","Runic Pyramid"],"acts_visited":["Exordium","TheCity","TheBeyond"],"potions_floor_usage":[6,18,19,33,40],"damage_taken":[{"damage":3,"enemies":"Jaw Worm","floor":1,"turns":5},{"damage":0,"enemies":"2 Louse","floor":3,"turns":4},{"damage":5,"enemies":"Cultist","floor":4,"turns":5},{"damage":37,"enemies":"Lagavulin","floor":6,"turns":9},{"damage":2,"enemies":"2 Fungi Beasts","floor":7,"turns":5},{"damage":10,"enemies":"Exordium Wildlife","floor":8,"turns":5},{"damage":3,"enemies":"Blue Slaver","floor":10,"turns":3},{"damage":0,"enemies":"Large Slime","floor":11,"turns":6},{"damage":7,"enemies":"Exordium Wildlife","floor":12,"turns":4},{"damage":1,"enemies":"Looter","floor":14,"turns":2},{"damage":31,"enemies":"The Guardian","floor":16,"turns":11},{"damage":31,"enemies":"3 Byrds","floor":18,"turns":6},{"damage":7,"enemies":"Chosen","floor":19,"turns":4},{"damage":0,"enemies":"Snake Plant","floor":20,"turns":2},{"damage":8,"enemies":"Centurion and Healer","floor":21,"turns":3},{"damage":3,"enemies":"Snecko","floor":22,"turns":3},{"damage":17,"enemies":"Book of Stabbing","floor":23,"turns":4},{"damage":2,"enemies":"Snake Plant","floor":25,"turns":3},{"damage":12,"enemies":"Shelled Parasite and Fungi","floor":28,"turns":3},{"damage":0,"enemies":"Sentry and Sphere","floor":29,"turns":4},{"damage":4,"enemies":"Gremlin Leader","floor":30,"turns":4},{"damage":80,"enemies":"Automaton","floor":33,"turns":9},{"damage":51,"enemies":"3 Darklings","floor":35,"turns":4},{"damage":3,"enemies":"3 Shapes","floor":36,"turns":3},{"damage":1,"enemies":"Transient","floor":37,"turns":5},{"damage":13,"enemies":"3 Darklings","floor":38,"turns":4},{"damage":27,"enemies":"4 Shapes","floor":39,"turns":7},{"damage":27,"enemies":"Reptomancer","floor":40,"turns":6}],"seed_played":"-5923298818208554328","potions_obtained":[{"floor":3,"key":"Block Potion"},{"floor":10,"key":"EssenceOfSteel"},{"floor":11,"key":"SneckoOil"},{"floor":12,"key":"Swift Potion"},{"floor":21,"key":"PowerPotion"},{"floor":22,"key":"SkillPotion"},{"floor":28,"key":"FairyPotion"},{"floor":33,"key":"Block Potion"},{"floor":35,"key":"FearPotion"}],"is_trial":false,"path_per_floor":["M","?","M","M","$","E","M","M","T","M","M","M","R","M","R","B",null,"M","M","M","M","M","E","R","M","T","R","M","M","E","$","R","B",null,"M","M","M","M","M","E"],"character_chosen":"IRONCLAD","items_purchased":["Medical Kit"],"campfire_rested":0,"item_purchase_floors":[31],"current_hp_per_floor":[71,53,59,60,60,29,33,29,36,39,45,44,44,49,49,24,68,43,42,52,54,61,54,54,58,58,58,56,62,68,68,68,37,89,44,47,52,45,24,0,0],"gold":508,"neow_bonus":"TRANSFORM_CARD","is_daily":false,"chose_seed":false,"campfire_upgraded":5,"win_rate":0.0,"timestamp":1608432234,"path_taken":["M","?","M","M","$","E","M","M","T","M","M","M","R","M","R","BOSS","M","M","M","M","M","E","R","M","T","R","M","M","E","$","R","BOSS","M","M","M","M","M","E"],"items_purchased_type":["Relic"],"build_version":"2020-12-13","purchased_purges":1,"victory":false,"max_hp_per_floor":[75,75,75,75,75,75,75,75,82,82,82,82,82,82,82,82,82,82,82,86,90,94,98,98,98,98,98,102,102,106,106,106,106,106,106,106,106,106,106,106,106],"card_choices":[{"not_picked":["Havoc","Pommel Strike"],"picked":"Shrug It Off","floor":1},{"not_picked":["Flex","Rampage","Combust"],"picked":"Perfected Strike","floor":3},{"not_picked":["Burning Pact","Flame Barrier","Second Wind"],"picked":"Evolve","floor":4},{"not_picked":["Whirlwind+1","Disarm","Intimidate"],"picked":"Impervious","floor":6},{"not_picked":["True Grit","Clothesline+1","Disarm"],"picked":"Perfected Strike+1","floor":7},{"not_picked":["Infernal Blade","Flex","Pummel+1"],"picked":"Ghostly Armor","floor":8},{"not_picked":["Power Through","Clash+1","Dual Wield"],"picked":"Pommel Strike+1","floor":10},{"not_picked":["Blood for Blood+1","Corruption","Clothesline+1"],"picked":"Headbutt+1","floor":11},{"not_picked":["Havoc","Clothesline+1","Clash+1"],"picked":"Wild Strike+1","floor":12},{"not_picked":["Thunderclap+1","Searing Blow+1","Entrench"],"picked":"Perfected Strike+1","floor":14},{"not_picked":["Immolate+1","Fiend Fire+1","Berserk"],"picked":"Feed+1","floor":16},{"not_picked":["Thunderclap+1","Twin Strike+1","Flex"],"picked":"Pommel Strike+1","floor":18},{"not_picked":["Cleave+1","Carnage+1","Pummel+1","Sword Boomerang+1"],"picked":"SKIP","floor":19},{"not_picked":["Heavy Blade+1","Clash+1","Hemokinesis+1"],"picked":"Perfected Strike+1","floor":20},{"not_picked":["Seeing Red","Burning Pact","Bloodletting"],"picked":"Pommel Strike+1","floor":21},{"not_picked":["Rampage+1","Feed+1","Flex","Sentinel"],"picked":"SKIP","floor":22},{"not_picked":["Armaments","Thunderclap+1","Headbutt+1"],"picked":"Battle Trance","floor":23},{"not_picked":["Dark Embrace","Clothesline+1","Armaments"],"picked":"Headbutt+1","floor":25},{"not_picked":["Clash+1","Anger+1","Pummel+1"],"picked":"Second Wind","floor":28},{"not_picked":["Headbutt+1","Havoc+1","Uppercut+1"],"picked":"Shockwave+1","floor":29},{"not_picked":["Bloodletting","Pummel+1","Heavy Blade+1","Clothesline+1"],"picked":"SKIP","floor":30},{"not_picked":["Thunderclap+1","Intimidate+1","Anger+1","Blood for Blood+1"],"picked":"SKIP","floor":35},{"not_picked":["Thunderclap+1","Warcry","Uppercut+1","Burning Pact"],"picked":"SKIP","floor":36},{"not_picked":["Twin Strike+1","Armaments+1","Dropkick+1"],"picked":"Perfected Strike+1","floor":37},{"not_picked":["Anger+1","Cleave+1","Uppercut+1","Warcry+1"],"picked":"SKIP","floor":38},{"not_picked":["Wild Strike+1","Exhume","Warcry"],"picked":"Second Wind+1","floor":39}],"player_experience":351820,"relics_obtained":[{"floor":6,"key":"Molten Egg 2"},{"floor":9,"key":"Strawberry"},{"floor":23,"key":"Centennial Puzzle"},{"floor":26,"key":"Oddly Smooth Stone"},{"floor":30,"key":"Whetstone"}],"event_choices":[{"damage_healed":0,"gold_gain":0,"player_choice":"Success","damage_taken":18,"relics_obtained":["Question Card"],"max_hp_gain":0,"max_hp_loss":0,"event_name":"Scrap Ooze","floor":2,"gold_loss":0}],"is_beta":false,"boss_relics":[{"not_picked":["Cursed Key","Runic Dome"],"picked":"Mark of Pain"},{"not_picked":["Astrolabe","Black Blood"],"picked":"Runic Pyramid"}],"items_purged_floors":[5],"is_endless":false,"potions_floor_spawned":[3,10,11,12,21,22,28,29,33,35,38,39],"killed_by":"Reptomancer","ascension_level":14}}