{"host":"r3d3rfw8zyydmocx","time":1608457597,"event":{"mods":["Aspiration","BaseMod","Colored Powertips","Conspire","Downfall","Hermit","Highlight Path","Hubris","Minty Spire (QoL Compilation)","Replay The Spire","StSLib","The Hierophant","The Servant 0.9.4"],"gold_per_floor":[99,99,99,124,147,189,215,244,270,301,310,335,363,110,133,237,237,237,280,305,315,209,253,253,272,308,158,158,171,181,181,208,321,448,448,466,495,504,529,564,564,575,575,603,626,985,844,132,161,161],"floor_reached":51,"playtime":4135,"items_purged":["Slimebound:Strike_Slimebound","Slimebound:Strike_Slimebound","Regret"],"score":1195,"play_id":"8adb51d3-5867-4256-a392-1165992344d1","local_time":"20201220014637","is_ascension_mode":true,"campfire_choices":[{"floor":1.0,"key":"DIG"},{"data":"Slimebound:DuplicatedForm","floor":18,"key":"SMITH"},{"data":"Slimebound:Split","floor":27,"key":"SMITH"},{"data":"Slimebound:Split","floor":35,"key":"SMITH"},{"floor":43,"key":"RECALL"}],"circlet_count":0,"master_deck":["Slimebound:Defend_Slimebound","Slimebound:Defend_Slimebound","Slimebound:Defend_Slimebound","Slimebound:Split+1","Slimebound:CorrosiveSpit","Slimebound:ForwardTackle+1","Slimebound:SplitMire","Slimebound:SelfFormingGoo","Slimebound:Recollect","Slimebound:LivingWall","Slimebound:Split+1","Slimebound:Prepare","Slimebound:SlimeTap","Slimebound:SplitMire","Slimebound:LeechEnergy+1","Slimebound:SlimeTap","Slimebound:DuplicatedForm+1","Slimebound:TagTeam+1","Slimebound:LeadByExample","Slimebound:WasteNot","Slimebound:LivingWall+1","Slimebound:ItLooksTasty","Slimebound:Recycling","Slimebound:PressTheAttack","Slimebound:MinionMaster","Slimebound:Replication+1","Slimebound:Overexert+1","Slimebound:HauntingLick+1","Slimebound:Replication+1","Slimebound:SamplingLick+1","Slimebound:DouseInSlime+1","Slimebound:Replication+1","Shame","Writhe","Slimebound:LeadByExample+1","Slimebound:Replication+1","Slimebound:HauntingLick+1"],"relics":["Slimebound:AbsorbEndCombat","CeramicFish","hubris:Towel","Bottled Lightning","Replay:Rubber Ducky","Happy Flower","conspire:TreasureMap","expansioncontent:StudyCardRelic","Omamori","Slimebound:AggressiveSlimeRelic","Slimebound:MaxSlimesRelic","downfall:HeartBlessingGreen","downfall:HeartBlessingBlue","aspiration:FrozenJewel","Replay:Grab Bag","Replay:Wanted Poster","Philosopher\u0027s Stone","Astrolabe","SlaversCollar","Whetstone","Toxic Egg 2","Centennial Puzzle","ReplayTheSpireMod:TigerMarble","Ring of Greed","Ring of Searing","Old Coin","Golden Idol","aspiration:Nostalgia","m_GuardianBlood","Anchor","conspire:BottledYoYo","Lee\u0027s Waffle","Torii"],"acts_visited":["Exordium","TheCity","TheBeyond"],"potions_floor_usage":[19,22,32],"damage_taken":[{"damage":11.0,"enemies":"Small Slimes","floor":4.0,"turns":4.0},{"damage":14.0,"enemies":"conspire:RoseBush","floor":5.0,"turns":3.0},{"damage":36.0,"enemies":"Gremlin Nob","floor":6.0,"turns":4.0},{"damage":9.0,"enemies":"Cultist","floor":8.0,"turns":4.0},{"damage":20.0,"enemies":"Red Slaver","floor":9.0,"turns":6.0},{"damage":25.0,"enemies":"Replay:BlueRogue","floor":10.0,"turns":6.0},{"damage":16,"enemies":"3 Louse","floor":12,"turns":4},{"damage":40,"enemies":"Lots of Slimes","floor":13,"turns":4},{"damage":18,"enemies":"downfall:FleeingMerchant","floor":14,"turns":4},{"damage":31,"enemies":"Exordium Wildlife","floor":15,"turns":4},{"damage":42,"enemies":"downfall:Ironclad","floor":16,"turns":6},{"damage":56,"enemies":"Slavers","floor":19,"turns":5},{"damage":38,"enemies":"3 Byrds","floor":20,"turns":4},{"damage":23,"enemies":"Centurion and Healer","floor":21,"turns":4},{"damage":27,"enemies":"downfall:FleeingMerchant","floor":22,"turns":4},{"damage":78,"enemies":"conspire:SneckoGhost","floor":23,"turns":6},{"damage":29,"enemies":"Snecko","floor":25,"turns":3},{"damage":67,"enemies":"Gremlin Leader","floor":26,"turns":6},{"damage":51,"enemies":"Snake Plant","floor":29,"turns":3},{"damage":53,"enemies":"Centurion and Healer","floor":30,"turns":3},{"damage":51,"enemies":"Cultist and Chosen","floor":32,"turns":6},{"damage":75,"enemies":"downfall:Defect","floor":33,"turns":5},{"damage":38,"enemies":"3 Darklings","floor":36,"turns":3},{"damage":79,"enemies":"Reptomancer","floor":37,"turns":5},{"damage":43,"enemies":"Orb Walker","floor":39,"turns":3},{"damage":89,"enemies":"Giant Head","floor":40,"turns":5},{"damage":80,"enemies":"3 Darklings","floor":42,"turns":4},{"damage":56,"enemies":"R_Hoarder","floor":44,"turns":3},{"damage":84,"enemies":"Sphere and 2 Shapes","floor":45,"turns":3},{"damage":8,"enemies":"downfall:FleeingMerchant","floor":47,"turns":1},{"damage":64,"enemies":"Spire Growth","floor":49,"turns":3},{"damage":96,"enemies":"downfall:Silent","floor":50,"turns":5}],"seed_played":"8862238943682553160","potions_obtained":[{"floor":4.0,"key":"hexamod:EctoCoolerPotion"},{"floor":5.0,"key":"Block Potion"},{"floor":8.0,"key":"Elixir"},{"floor":12,"key":"champ:CounterPotion"},{"floor":13,"key":"AttackPotion"},{"floor":21,"key":"Dexterity Potion"},{"floor":25,"key":"champ:CounterPotion"},{"floor":26,"key":"AttackPotion"},{"floor":30,"key":"BlessingOfTheForge"},{"floor":32,"key":"Elixir"},{"floor":36,"key":"ColorlessPotion"},{"floor":39,"key":"DuplicationPotion"}],"is_trial":false,"path_per_floor":["R","?","?","M","M","E","T","M","M","E","?","M","M","$","M","B",null,"R","E","M","M","$","E","T","M","E","R","?","M","M","?","M","B",null,"R","M","E","?","M","E","T","M","R","E","M","?","$","$","M","B",null],"character_chosen":"SLIMEBOUND","items_purchased":["Slimebound:LeechEnergy+1","conspire:TreasureMap","aspiration:Nostalgia","Slimebound:Replication+1","Anchor","conspire:BottledYoYo","Lee\u0027s Waffle","Torii"],"campfire_rested":0,"item_purchase_floors":[14,14,47,47,47,48,48,48],"current_hp_per_floor":[54,54,54,55,49,37,37,44,44,55,55,67,51,69,69,65,70,70,65,72,72,72,45,45,48,56,66,66,78,78,78,82,79,81,81,82,82,82,74,82,82,70,70,76,82,82,82,89,87,58],"gold":161,"neow_bonus":"TWENTY_PERCENT_HP_BONUS","is_daily":false,"chose_seed":false,"campfire_upgraded":3,"win_rate":0.0,"timestamp":1608457597,"path_taken":["R","?","?","M","M","E","T","M","M","E","?","M","?","?","M","BOSS","R","E","M","M","$","E","T","M","E","R","?","?","M","?","M","BOSS","R","M","E","?","M","E","T","M","R","E","?","?","?","$","M","BOSS"],"items_purchased_type":["Card","Relic","Relic","Card","Relic","Relic","Relic","Relic"],"build_version":"2020-12-13","purchased_purges":3,"victory":true,"max_hp_per_floor":[72,72,72,72,72,72,72,72,72,72,72,72,72,72,72,72,72,72,72,72,72,72,72,72,72,72,82,82,82,82,82,82,82,82,82,82,82,82,82,82,82,82,82,82,82,82,82,89,89,89],"card_choices":[{"not_picked":["Slimebound:GoopSpray","Slimebound:ProtectTheBoss"],"picked":"Slimebound:ForwardTackle","floor":4.0},{"not_picked":["Slimebound:LeechEnergy","Slimebound:ServeAndProtect"],"picked":"Slimebound:SplitMire","floor":5.0},{"not_picked":["Slimebound:SplitAcid","Slimebound:GoopSpray"],"picked":"Slimebound:SelfFormingGoo","floor":6.0},{"not_picked":["Slimebound:SplitLeeching","Slimebound:Schlurp"],"picked":"Slimebound:Recollect","floor":8.0},{"not_picked":["Slimebound:Nibble","Slimebound:SplitLeeching"],"picked":"Slimebound:LivingWall","floor":9.0},{"not_picked":["Slimebound:SplitBruiser","Slimebound:GoopSpray","Slimebound:SplitAcid"],"picked":"SKIP","floor":10.0},{"not_picked":["Slimebound:SplitLeeching","Slimebound:HungryTackle"],"picked":"Slimebound:Prepare","floor":12},{"not_picked":["Slimebound:HauntingLick","Slimebound:SlimeBarrage"],"picked":"Slimebound:SlimeTap","floor":13},{"not_picked":["Slimebound:DivideAndConquer","Slimebound:GoopSpray"],"picked":"Slimebound:SplitMire","floor":14},{"not_picked":["Slimebound:GoopTackle","Slimebound:Schlurp"],"picked":"Slimebound:SlimeTap","floor":15},{"not_picked":["Slimebound:DouseInSlime","Slimebound:Teamwork"],"picked":"Slimebound:DuplicatedForm","floor":16},{"not_picked":["Slimebound:Nibble+1","Slimebound:SlimeSpikes"],"picked":"Slimebound:TagTeam","floor":19},{"not_picked":["Slimebound:LeechEnergy","Slimebound:GrowthPunch+1"],"picked":"Slimebound:LeadByExample","floor":20},{"not_picked":["Slimebound:LeechingTouch","Slimebound:LeechEnergy","Slimebound:HungryTackle+1"],"picked":"SKIP","floor":21},{"not_picked":["Slimebound:SlimeSpikes","Slimebound:FlameTackle+1"],"picked":"Slimebound:WasteNot","floor":22},{"not_picked":["Slimebound:SplitMire","Slimebound:SplitBruiser+1"],"picked":"Slimebound:LivingWall+1","floor":23},{"not_picked":["Slimebound:ViciousTackle","Slimebound:GrowthPunch"],"picked":"Slimebound:ItLooksTasty","floor":25},{"not_picked":["Slimebound:SlimeSpikes","Slimebound:SplitMire"],"picked":"Slimebound:Recycling","floor":26},{"not_picked":["Slimebound:LeechEnergy+1","Slimebound:ComboTackle","Slimebound:LeechingTouch"],"picked":"SKIP","floor":29},{"not_picked":["Slimebound:RollThrough","Slimebound:SlimeSpikes","Slimebound:GrowthPunch"],"picked":"SKIP","floor":30},{"not_picked":["Slimebound:SplitMire","Slimebound:GrowthPunch"],"picked":"Slimebound:PressTheAttack","floor":32},{"not_picked":["Slimebound:WasteNot","Slimebound:Recycling"],"picked":"Slimebound:MinionMaster","floor":33},{"not_picked":["Slimebound:DivideAndConquer","Slimebound:RollThrough+1","Slimebound:LeechingTouch+1"],"picked":"SKIP","floor":36},{"not_picked":["Slimebound:OneTwoCombo","Slimebound:LeechEnergy","Slimebound:FinishingTackle"],"picked":"SKIP","floor":37},{"not_picked":["Slimebound:OneTwoCombo","Slimebound:LeechEnergy","Slimebound:FinishingTackle"],"picked":"SKIP","floor":37},{"not_picked":["Slimebound:Grow+1","Slimebound:GrowthPunch+1"],"picked":"Slimebound:SamplingLick+1","floor":39},{"not_picked":["Slimebound:ViciousTackle+1","Slimebound:BestDefense"],"picked":"Slimebound:DouseInSlime+1","floor":40},{"not_picked":["Slimebound:Schlurp+1","Slimebound:Dissolve+1","Slimebound:GrowthPunch"],"picked":"SKIP","floor":42},{"not_picked":["Slimebound:HungryTackle","Slimebound:ComboTackle","Slimebound:ServeAndProtect+1"],"picked":"SKIP","floor":44},{"not_picked":["Slimebound:Repurpose+1","Slimebound:GrowthPunch+1"],"picked":"Slimebound:Replication+1","floor":45},{"not_picked":["Slimebound:HungryTackle+1","Slimebound:ServeAndProtect+1"],"picked":"Slimebound:LeadByExample+1","floor":47},{"not_picked":["Slimebound:GoopSpray+1","Body Slam+1"],"picked":"Slimebound:HauntingLick+1","floor":49}],"player_experience":521948,"relics_obtained":[{"floor":1.0,"key":"CeramicFish"},{"floor":6.0,"key":"Bottled Lightning"},{"floor":7.0,"key":"Replay:Rubber Ducky"},{"floor":10.0,"key":"Happy Flower"},{"floor":19,"key":"Omamori"},{"floor":23,"key":"Slimebound:AggressiveSlimeRelic"},{"floor":26,"key":"Slimebound:MaxSlimesRelic"},{"floor":28,"key":"aspiration:FrozenJewel"},{"floor":37,"key":"Whetstone"},{"floor":40,"key":"Toxic Egg 2"},{"floor":41,"key":"Centennial Puzzle"},{"floor":44,"key":"ReplayTheSpireMod:TigerMarble"},{"floor":46,"key":"Ring of Greed"},{"floor":46,"key":"Ring of Searing"},{"floor":46,"key":"Old Coin"},{"floor":46,"key":"Golden Idol"}],"event_choices":[{"damage_healed":0,"gold_gain":0,"player_choice":"Relic","damage_taken":0,"max_hp_gain":0,"max_hp_loss":0,"event_name":"Wheel of Change","floor":28,"gold_loss":0},{"damage_healed":0,"gold_gain":0,"player_choice":"Leave","damage_taken":0,"max_hp_gain":0,"max_hp_loss":0,"event_name":"conspire:Investor","floor":31,"gold_loss":0},{"damage_healed":0,"gold_gain":0,"player_choice":"Copied","damage_taken":0,"max_hp_gain":0,"max_hp_loss":0,"event_name":"Duplicator","floor":38,"gold_loss":0,"cards_obtained":["Slimebound:Replication"]}],"is_beta":false,"boss_relics":[{"not_picked":["aspiration:PoetsPen_weak","Slimebound:AbsorbEndCombatUpgraded"],"picked":"expansioncontent:StudyCardRelic"},{"not_picked":["Replay:Ancient Bell","Busted Crown"],"picked":"Replay:Grab Bag"},{"not_picked":["Runic Dome","hubris:RunicObelisk"],"picked":"Replay:Wanted Poster"},{"not_picked":["Sozu","Replay:Bronze Core"],"picked":"Philosopher\u0027s Stone"},{"not_picked":["Calling Bell","aspiration:WatcherSkillbook"],"picked":"Astrolabe"},{"not_picked":["conspire:RunicOctahedron","Ring of Chaos"],"picked":"SlaversCollar"}],"items_purged_floors":[14,22,47],"is_endless":false,"potions_floor_spawned":[4,5,8,12,13,21,25,26,30,32,36,39,45,49],"ascension_level":5}}