{"host":"htqwg582tjjtn9p7","time":1608455513,"event":{"mods":["2.2 Compatiblity","AchievementEnabler","Act Like it!","Aspiration","BaseMod","Better Third Choice","Colored Map","Conspire","Curses Come First","Displayed Cursed Tome","Energized Spire","Force Act Four","GifTheSpireLib","Hermit","Highlight Path","JesterMod","Mad Scientist","Minty Spire (QoL Compilation)","Pale of the Ancients","Permanent Neow","Random Character Button","Relic Stats","Replay The Spire","Robot Space Explorer","Somnambulant","Spicy Shops","Spikes Relics","StSLib","Stuff the Spire","The Blue Laboratory","The Disciple","The Dragon Tamer","The Forsaken","The Gatherer","The Judge","The Jungle","The Runesmith","The Servant 0.9.4"],"gold_per_floor":[312,326,96,108,108,139,139,168,168,194,77,93,93,112,112,189,189,209,209,209,222,222,222,222,222],"floor_reached":24,"playtime":867,"items_purged":[],"score":375,"play_id":"5d93c593-395b-40d5-9175-8caae4cd2817","local_time":"20201220101153","is_ascension_mode":true,"campfire_choices":[{"data":"Bash","floor":7,"key":"SMITH"},{"floor":13,"key":"REST"},{"data":"Barricade","floor":15,"key":"SMITH"},{"data":"ReplayTheSpireMod:Limb From Limb","floor":23,"key":"SMITH"}],"circlet_count":0,"master_deck":["AscendersBane","Strike_R","Strike_R","Strike_R","Strike_R","Defend_R","Defend_R","Defend_R","Defend_R","Bash+1","ReplayTheSpireMod:Strike From Hell","StuffTheSpire:Slingshot","ReplayTheSpireMod:Limb From Limb+1","Rampage","Ghostly Armor","Barricade+1","Barricade","Shrug It Off+1"],"relics":["Burning Blood","Old Coin","conspire:TreasureMap","Mango","theForsaken:HumbleEgg","Sundial","Self Forming Clay","Snecko Eye"],"acts_visited":["Exordium","TheCity"],"potions_floor_usage":[6,16],"damage_taken":[{"damage":3,"enemies":"2 Louse","floor":1,"turns":3},{"damage":6,"enemies":"Cultist","floor":2,"turns":3},{"damage":2,"enemies":"Jaw Worm","floor":4,"turns":3},{"damage":25,"enemies":"Lagavulin","floor":6,"turns":4},{"damage":16,"enemies":"Gremlin Nob","floor":8,"turns":3},{"damage":25,"enemies":"Lagavulin","floor":10,"turns":6},{"damage":7,"enemies":"3 Louse","floor":12,"turns":3},{"damage":1,"enemies":"2 Fungi Beasts","floor":14,"turns":4},{"damage":29,"enemies":"The Guardian","floor":16,"turns":12},{"damage":4,"enemies":"Shell Parasite","floor":18,"turns":3},{"damage":2,"enemies":"Spheric Guardian","floor":21,"turns":8},{"damage":63,"enemies":"Gremlin Leader","floor":24,"turns":9}],"seed_played":"5450416361088124473","potions_obtained":[{"floor":1,"key":"Languid Potion"},{"floor":4,"key":"blueLaboratory:NullPotion"},{"floor":10,"key":"Energy Potion"}],"is_trial":false,"path_per_floor":["M","M","$","M","?","E","R","E","T","E","$","M","R","M","R","B",null,"M","?","?","M","?","R","E"],"character_chosen":"IRONCLAD","items_purchased":["conspire:TreasureMap","ReplayTheSpireMod:Limb From Limb","Barricade"],"campfire_rested":1,"item_purchase_floors":[3,3,11],"current_hp_per_floor":[71,71,71,75,75,70,70,60,60,41,41,40,66,71,71,48,79,81,81,55,59,78,78,15,15],"gold":222,"neow_bonus":"ONE_RARE_RELIC","is_daily":false,"chose_seed":false,"campfire_upgraded":3,"win_rate":0.0,"timestamp":1608455513,"path_taken":["M","M","$","M","?","E","R","E","T","E","?","M","R","M","R","BOSS","M","?","?","M","?","R","E"],"items_purchased_type":["Relic","Card","Card"],"build_version":"2020-12-13","purchased_purges":0,"victory":false,"max_hp_per_floor":[75,75,75,75,75,89,89,89,89,89,89,89,89,89,89,89,89,89,89,94,94,94,94,94,94],"relic_stats":{"counters":[12,61],"Sundial":[14],"Self Forming Clay":[39],"Snecko Eye":[30,51,41,39],"obtain_stats":[{"theForsaken:HumbleEgg":8,"conspire:TreasureMap":3,"Sundial":9,"Self Forming Clay":10,"Snecko Eye":17,"Mango":6,"Burning Blood":0,"Old Coin":0},{"theForsaken:HumbleEgg":5,"conspire:TreasureMap":2,"Sundial":5,"Self Forming Clay":6,"Snecko Eye":9,"Mango":4,"Burning Blood":0,"Old Coin":0},{"theForsaken:HumbleEgg":16,"conspire:TreasureMap":6,"Sundial":16,"Self Forming Clay":22,"Snecko Eye":41,"Mango":13,"Burning Blood":0,"Old Coin":0}],"Burning Blood":66},"card_choices":[{"not_picked":["ReplayTheSpireMod:Corrosion Curse","Clothesline"],"picked":"ReplayTheSpireMod:Strike From Hell","floor":1},{"not_picked":["Pommel Strike","Flex"],"picked":"StuffTheSpire:Slingshot","floor":2},{"not_picked":["Pommel Strike","Body Slam"],"picked":"Rampage","floor":4},{"not_picked":["Warcry","Perfected Strike","Heavy Blade"],"picked":"SKIP","floor":6},{"not_picked":["StuffTheSpire:RagingBull","Havoc+1"],"picked":"Ghostly Armor","floor":8},{"not_picked":["Headbutt+1","Warcry+1","Heavy Blade+1"],"picked":"SKIP","floor":10},{"not_picked":["Headbutt+1","Searing Blow","Double Tap"],"picked":"SKIP","floor":12},{"not_picked":["BarbarianYell","ReplayTheSpireMod:Corrosion Curse"],"picked":"Shrug It Off+1","floor":14},{"not_picked":["Life Link","Cleave+1","Power Through"],"picked":"SKIP","floor":18},{"not_picked":["Seeing Red+1","Abandon","Run Through+1"],"picked":"SKIP","floor":21}],"player_experience":1717831,"relics_obtained":[{"floor":6,"key":"Mango"},{"floor":8,"key":"theForsaken:HumbleEgg"},{"floor":9,"key":"Sundial"},{"floor":10,"key":"Self Forming Clay"}],"event_choices":[{"cards_removed":["Strike_R"],"damage_healed":0,"gold_gain":0,"player_choice":"Offered Basic","damage_taken":0,"max_hp_gain":0,"max_hp_loss":0,"event_name":"Bonfire Elementals","floor":5,"gold_loss":0},{"damage_healed":0,"gold_gain":0,"player_choice":"Shed Blood","damage_taken":31,"max_hp_gain":5,"max_hp_loss":0,"event_name":"Forgotten Altar","floor":20,"gold_loss":0},{"damage_healed":19,"gold_gain":0,"player_choice":"Heal","damage_taken":0,"max_hp_gain":0,"max_hp_loss":0,"event_name":"The Library","floor":22,"gold_loss":0}],"is_beta":false,"boss_relics":[{"not_picked":["energizedSpire:NeverEndingSparkler","Ooze Armor"],"picked":"Snecko Eye"}],"items_purged_floors":[],"is_endless":false,"potions_floor_spawned":[1,4,10,12,14],"killed_by":"Gremlin Leader","ascension_level":15}}