{"host":"csaqw07vjsqfysdp","time":1608494872,"event":{"mods":["AchievementEnabler","BaseMod","Bestiary","Colored Powertips","Downfall","Googly Eyes","Minty Spire (QoL Compilation)","Permanent Neow","Quick Restart","StSLib","Unceasing Turn Reminder"],"gold_per_floor":[117,67,78,92,105,134,134,164,191,191,191,216,216,231,231,327,327,345,345,345,63,79,79,108,108,108,140,59,59,59,59,59,159,159,174,174,185,203,213,247,247,278,304,304,315,315,17,32,32,32],"floor_reached":51,"playtime":2065,"items_purged":["Parasite"],"score":1077,"play_id":"a9f6d477-8aeb-4c19-9186-33c6f4ca7208","local_time":"20201220150752","is_ascension_mode":true,"campfire_choices":[{"floor":7,"key":"REST"},{"data":"Uppercut","floor":11,"key":"SMITH"},{"floor":15,"key":"REST"},{"data":"True Grit","floor":23,"key":"SMITH"},{"data":"True Grit","floor":25,"key":"SMITH"},{"data":"Entrench","floor":30,"key":"SMITH"},{"data":"Flame Barrier","floor":32,"key":"SMITH"},{"data":"Battle Trance","floor":41,"key":"SMITH"},{"data":"Battle Trance","floor":46,"key":"SMITH"},{"data":"Shockwave","floor":49,"key":"SMITH"}],"circlet_count":0,"master_deck":["Strike_R+1","Strike_R+1","Strike_R+1","Strike_R+1","Defend_R+1","Defend_R+1","Defend_R+1","Defend_R+1","Bash","Uppercut+1","Wild Strike","Disarm","Flame Barrier+1","Cleave","Barricade+1","Evolve+1","True Grit+1","Battle Trance+1","Iron Wave+1","True Grit+1","Body Slam+1","Entrench+1","Juggernaut+1","Body Slam+1","Battle Trance+1","Armaments+1","Shrug It Off+1","Juggernaut+1","Metallicize+1","Feel No Pain+1","Shockwave+1","Fire Breathing+1"],"relics":["SlaversCollar","Lantern","Akabeko","War Paint","MealTicket","Frozen Egg 2","Philosopher\u0027s Stone","Orrery","Bird Faced Urn","Mummified Hand","Regal Pillow","Sozu","Ginger","Orichalcum","Juzu Bracelet","Medical Kit"],"acts_visited":["Exordium","TheCity","TheBeyond"],"potions_floor_usage":[8,27,39,50],"damage_taken":[{"damage":20,"enemies":"Small Slimes","floor":1,"turns":5},{"damage":0,"enemies":"2 Louse","floor":3,"turns":3},{"damage":14,"enemies":"Jaw Worm","floor":4,"turns":5},{"damage":15,"enemies":"Exordium Thugs","floor":5,"turns":6},{"damage":12,"enemies":"Gremlin Nob","floor":6,"turns":3},{"damage":14,"enemies":"3 Sentries","floor":8,"turns":9},{"damage":6,"enemies":"Lagavulin","floor":12,"turns":5},{"damage":0,"enemies":"Exordium Wildlife","floor":14,"turns":2},{"damage":25,"enemies":"Hexaghost","floor":16,"turns":11},{"damage":13,"enemies":"3 Byrds","floor":18,"turns":4},{"damage":4,"enemies":"Shell Parasite","floor":22,"turns":7},{"damage":3,"enemies":"Book of Stabbing","floor":24,"turns":7},{"damage":10,"enemies":"Slavers","floor":27,"turns":5},{"damage":26,"enemies":"Champ","floor":33,"turns":12},{"damage":0,"enemies":"3 Darklings","floor":35,"turns":6},{"damage":5,"enemies":"3 Shapes","floor":37,"turns":5},{"damage":4,"enemies":"Jaw Worm Horde","floor":38,"turns":5},{"damage":5,"enemies":"Writhing Mass","floor":39,"turns":4},{"damage":0,"enemies":"Nemesis","floor":40,"turns":5},{"damage":59,"enemies":"Reptomancer","floor":42,"turns":6},{"damage":3,"enemies":"Transient","floor":45,"turns":5},{"damage":15,"enemies":"Maw","floor":48,"turns":6},{"damage":37,"enemies":"Donu and Deca","floor":50,"turns":6}],"seed_played":"8150807786831527693","potions_obtained":[{"floor":4,"key":"SteroidPotion"},{"floor":5,"key":"sneckomod:MuddlingPotion"},{"floor":6,"key":"HeartOfIron"},{"floor":14,"key":"champ:CounterPotion"},{"floor":16,"key":"DistilledChaos"},{"floor":24,"key":"Weak Potion"},{"floor":33,"key":"Regen Potion"}],"is_trial":false,"path_per_floor":["M","?","M","M","M","E","R","E","T","?","R","E","?","M","R","B",null,"M","?","?","$","M","R","E","R","T","E","$","?","R","?","R","B",null,"M","?","M","M","M","E","R","E","T","?","M","R","$","M","R","B",null],"character_chosen":"IRONCLAD","items_purchased":["True Grit","Orrery","Entrench","Feel No Pain+1","Medical Kit","Shockwave"],"campfire_rested":2,"item_purchase_floors":[21,21,28,47,47,47],"current_hp_per_floor":[52,52,52,38,23,11,35,21,21,41,41,35,23,23,47,22,66,53,38,38,53,49,49,46,46,46,40,55,55,55,55,55,33,70,76,92,91,90,91,92,92,39,39,80,80,80,80,69,69,58],"gold":32,"neow_bonus":"BOSS_RELIC","is_daily":false,"chose_seed":false,"campfire_upgraded":8,"win_rate":0.0,"timestamp":1608494872,"path_taken":["M","?","M","M","M","E","R","E","T","?","R","E","?","M","R","BOSS","M","?","?","$","?","R","E","R","T","E","?","?","R","?","R","BOSS","M","?","M","?","M","E","R","E","T","?","M","R","$","M","R","BOSS"],"items_purchased_type":["Card","Relic","Card","Card","Relic","Card"],"build_version":"2020-12-13","purchased_purges":1,"victory":true,"max_hp_per_floor":[80,80,80,80,80,80,80,80,80,80,80,80,80,80,80,80,80,80,85,85,82,82,82,82,82,82,82,82,82,82,82,82,82,82,82,92,92,92,92,92,92,92,92,80,80,80,80,80,80,80],"card_choices":[{"not_picked":["Pommel Strike","Iron Wave"],"picked":"Uppercut","floor":1},{"not_picked":["Clash","Thunderclap","Heavy Blade"],"picked":"SKIP","floor":3},{"not_picked":["Heavy Blade","Warcry"],"picked":"Wild Strike","floor":4},{"not_picked":["Clothesline","Twin Strike","Rage"],"picked":"SKIP","floor":5},{"not_picked":["Brutality","Whirlwind"],"picked":"Disarm","floor":6},{"not_picked":["Sword Boomerang","Wild Strike"],"picked":"Flame Barrier","floor":8},{"not_picked":["Anger","Perfected Strike"],"picked":"Cleave","floor":12},{"not_picked":["Warcry","Entrench","Thunderclap"],"picked":"SKIP","floor":14},{"not_picked":["Brutality+1","Double Tap"],"picked":"Barricade+1","floor":16},{"not_picked":["Pommel Strike","Ghostly Armor"],"picked":"Evolve+1","floor":18},{"not_picked":["Warcry","Pummel+1"],"picked":"Battle Trance","floor":21},{"not_picked":["Headbutt","Pommel Strike"],"picked":"Iron Wave+1","floor":21},{"not_picked":["Warcry","Searing Blow+1"],"picked":"Bludgeon","floor":21},{"not_picked":["Heavy Blade","Rampage"],"picked":"True Grit","floor":22},{"not_picked":["Iron Wave","Hemokinesis","Perfected Strike"],"picked":"SKIP","floor":24},{"not_picked":["Combust+1","Armaments"],"picked":"Body Slam+1","floor":27},{"not_picked":["Brutality+1","Exhume"],"picked":"Juggernaut+1","floor":33},{"not_picked":["Flex","Clothesline","True Grit"],"picked":"SKIP","floor":35},{"not_picked":["Clothesline","Perfected Strike"],"picked":"Body Slam+1","floor":37},{"not_picked":["Pummel","Clothesline+1"],"picked":"Battle Trance","floor":38},{"not_picked":["Iron Wave","Warcry+1"],"picked":"Armaments+1","floor":39},{"not_picked":["Twin Strike","Clothesline+1"],"picked":"Shrug It Off+1","floor":40},{"not_picked":["True Grit","Clothesline+1"],"picked":"Juggernaut+1","floor":42},{"not_picked":["Perfected Strike+1","Rampage+1"],"picked":"Metallicize+1","floor":45},{"not_picked":["Havoc","Spot Weakness"],"picked":"Fire Breathing+1","floor":48}],"player_experience":380859,"relics_obtained":[{"floor":6,"key":"Lantern"},{"floor":8,"key":"Akabeko"},{"floor":9,"key":"War Paint"},{"floor":12,"key":"MealTicket"},{"floor":24,"key":"Bird Faced Urn"},{"floor":26,"key":"Mummified Hand"},{"floor":27,"key":"Regal Pillow"},{"floor":40,"key":"Ginger"},{"floor":42,"key":"Orichalcum"},{"floor":43,"key":"Juzu Bracelet"}],"event_choices":[{"cards_removed":["Strike_R"],"damage_healed":0,"gold_gain":0,"player_choice":"Card Removal","damage_taken":0,"max_hp_gain":0,"max_hp_loss":0,"event_name":"The Cleric","floor":2,"gold_loss":50},{"damage_healed":20,"gold_gain":0,"player_choice":"Healed and dodged fight","damage_taken":0,"max_hp_gain":0,"max_hp_loss":0,"event_name":"Mushrooms","floor":10,"gold_loss":0,"cards_obtained":["Parasite"]},{"damage_healed":0,"gold_gain":0,"player_choice":"Success","damage_taken":12,"relics_obtained":["Frozen Egg 2"],"max_hp_gain":0,"max_hp_loss":0,"event_name":"Scrap Ooze","floor":13,"gold_loss":0},{"damage_healed":0,"gold_gain":0,"player_choice":"Shed Blood","damage_taken":20,"max_hp_gain":5,"max_hp_loss":0,"event_name":"Forgotten Altar","floor":19,"gold_loss":0},{"damage_healed":0,"gold_gain":0,"player_choice":"Simplicity","damage_taken":0,"max_hp_gain":0,"max_hp_loss":0,"event_name":"Back to Basics","floor":20,"gold_loss":0,"cards_upgraded":["Strike_R","Strike_R","Strike_R","Strike_R","Defend_R","Defend_R"]},{"damage_healed":0,"gold_gain":0,"player_choice":"Ignored","damage_taken":0,"max_hp_gain":0,"max_hp_loss":0,"event_name":"Vampires","floor":31,"gold_loss":0},{"cards_removed":["Bludgeon"],"damage_healed":6,"gold_gain":0,"player_choice":"Offered Rare","damage_taken":0,"max_hp_gain":10,"max_hp_loss":0,"event_name":"Bonfire Elementals","floor":36,"gold_loss":0},{"damage_healed":80,"gold_gain":0,"player_choice":"Heal","damage_taken":0,"max_hp_gain":0,"max_hp_loss":12,"event_name":"The Moai Head","floor":44,"gold_loss":0}],"is_beta":false,"boss_relics":[{"not_picked":["Coffee Dripper","Mark of Pain"],"picked":"Philosopher\u0027s Stone"},{"not_picked":["Busted Crown","Calling Bell"],"picked":"Sozu"}],"items_purged_floors":[21],"is_endless":false,"potions_floor_spawned":[4,5,6,14,16,18,22,24,33,38,39,40,48],"ascension_level":7}}