{"host":"pft5kheyb7v7gger","time":1608425116,"event":{"mods":["Act Like it!","BaseMod","LagranYue(¿≠∏Ò¿ °§‘¬)","Lobotomy","LobotomyExtend","Minty Spire (QoL Compilation)","Reimu£®≤©¿ˆ¡È√Œ£©","Replay The Spire","StSLib","The Gatherer","TheHeartMod","°æ“≈ŒÔø®≈∆°øREMEMod"],"gold_per_floor":[119,79,79,79,102,134,152,180,207,1,19,34,49,49,49,147,147,166,181,191,205,218,218,245,257,269,309,321,346,132,142,142,245,245,259,259,146,163,176,208,118,118,143,143,155,155,155,174,174,174,174,174,37,65,65,65],"floor_reached":55,"playtime":3664,"items_purged":[],"score":649,"play_id":"5177e015-2b8f-4fbf-bc7f-82638163e369","local_time":"20201220084516","is_ascension_mode":false,"campfire_choices":[{"data":"theHeart:ArterialFlow","floor":15.0,"key":"SMITH"},{"floor":23.0,"key":"REST"},{"floor":25.0,"key":"REST"},{"data":"theHeart:Wrath","floor":32.0,"key":"SMITH"},{"floor":42.0,"key":"REST"},{"floor":44.0,"key":"RECALL"},{"data":"Midas Touch","floor":47.0,"key":"SMITH"},{"floor":49.0,"key":"REST"},{"data":"theHeart:CorruptedForm","floor":52.0,"key":"SMITH"}],"circlet_count":0,"master_deck":["theHeart:BloodDrop+1","theHeart:Scab","theHeart:theHeartDefend","theHeart:theHeartDefend","theHeart:theHeartDefend","theHeart:theHeartCommonAttack","theHeart:theHeartCommonAttack","theHeart:theHeartCommonAttack","Pot Of Greed","theHeart:OxygenRichBlood+1","Pot Of Greed","theHeart:PulmonaryCirculation","theHeart:Wrath+1","Panacea","theHeart:Devour","Sadistic Nature+1","theHeart:CapillaryExchange","theHeart:Devour","theHeart:ArterialFlow+1","Secret Weapon","theHeart:Terrify","Dramatic Entrance","Midas Touch+1","Pot Of Greed","theHeart:TentacleWhip","theHeart:Cleanse","theHeart:Terrify","theHeart:QuantumEntanglement+1","theHeart:Pacemaker+1","theHeart:ArterialFlow+1","theHeart:Betablocker","theHeart:Betablocker","theHeart:Crush","REME_ProfessionalPlagiarism","theHeart:ArterialFlow+1","theHeart:CorruptedForm+1","Pot Of Greed","AbeCurse","theHeart:AncientEvil+1","Blind","Blind","theHeart:Constrict+1","theHeart:HeartyVessels+1","theHeart:Tachycardia+1","theHeart:PainfulStabs","Metamorphosis","REME_BuildACard","REME_BuildACard","Dark Shackles","Pot Of Greed"],"relics":["REME_ComplimentaryCards","LagranYue:RandomDrawCardRelic","REME_LowDesire","Grinning Jar","Tiny Chest","LetterFromLob","PaintedHorse:ReiMu","MealTicket","Pantograph","Mercury Hourglass","Blue Doll","Guide Book","RedLine:ReiMu","MawBank","Replay:Wax Seal","Abe\u0027s Treasure","HornCleat","Potion Belt","ReplayTheSpireMod:TigerMarble"],"acts_visited":["Exordium","TheCity","TheBeyond","TheEnding"],"potions_floor_usage":[55],"damage_taken":[{"damage":0.0,"enemies":"Jaw Worm","floor":1.0,"turns":5.0},{"damage":12.0,"enemies":"3 Sentries","floor":6.0,"turns":11.0},{"damage":4.0,"enemies":"2 Louse","floor":7.0,"turns":3.0},{"damage":34.0,"enemies":"Replay:BlueRogue","floor":8.0,"turns":13.0},{"damage":1.0,"enemies":"Cultist","floor":11.0,"turns":3.0},{"damage":0.0,"enemies":"2 Fungi Beasts","floor":12.0,"turns":2.0},{"damage":0.0,"enemies":"Gremlin Gang","floor":13.0,"turns":3.0},{"damage":29.0,"enemies":"Hexaghost","floor":16.0,"turns":7.0},{"damage":10.0,"enemies":"3 Byrds","floor":18.0,"turns":5.0},{"damage":8.0,"enemies":"2 Thieves","floor":19.0,"turns":3.0},{"damage":69.0,"enemies":"Centurion and Healer","floor":20.0,"turns":4.0},{"damage":20.0,"enemies":"Snake Plant","floor":21.0,"turns":4.0},{"damage":12.0,"enemies":"3 Cultists","floor":22.0,"turns":3.0},{"damage":0.0,"enemies":"Gremlin Leader","floor":24.0,"turns":5.0},{"damage":18.0,"enemies":"Slavers","floor":27.0,"turns":4.0},{"damage":3.0,"enemies":"Chosen and Byrds","floor":29.0,"turns":3.0},{"damage":12.0,"enemies":"Centurion and Healer","floor":31.0,"turns":3.0},{"damage":202.0,"enemies":"Champ","floor":33.0,"turns":7.0},{"damage":7.0,"enemies":"3 Darklings","floor":35.0,"turns":3.0},{"damage":12.0,"enemies":"Orb Walker","floor":38.0,"turns":3.0},{"damage":20.0,"enemies":"Jaw Worm Horde","floor":39.0,"turns":3.0},{"damage":34.0,"enemies":"Reptomancer","floor":40.0,"turns":4.0},{"damage":13.0,"enemies":"Sphere and 2 Shapes","floor":45.0,"turns":4.0},{"damage":0.0,"enemies":"Spire Growth","floor":48.0,"turns":3.0},{"damage":72.0,"enemies":"Replay:Hell Engine","floor":50.0,"turns":9.0},{"damage":31.0,"enemies":"Shield and Spear","floor":54.0,"turns":6.0},{"damage":71,"enemies":"NeowBoss","floor":55,"turns":5}],"seed_played":"-6701904471595573329","potions_obtained":[{"floor":1.0,"key":"Swift Potion"},{"floor":12.0,"key":"SteroidPotion"},{"floor":13.0,"key":"BlessingOfTheForge"},{"floor":16.0,"key":"Languid Potion"},{"floor":18.0,"key":"Milkshake"},{"floor":21.0,"key":"Cursed Concoction"},{"floor":29.0,"key":"SpeedPotion"},{"floor":33.0,"key":"Swift Potion"},{"floor":38.0,"key":"DistilledChaos"},{"floor":45.0,"key":"GamblersBrew"},{"floor":48.0,"key":"Energy Potion"}],"is_trial":false,"path_per_floor":["M","?","?","?","T","E","M","E","T","$","M","M","M","?","R","B",null,"M","M","M","M","M","R","E","R","T","E","?","M","$","M","R","B",null,"M","T","$","M","M","E","?","R","T","R","M","$","R","M","R","B",null,"R","$","E","B"],"character_chosen":"THE_HEART","items_purchased":["Guide Book","theHeart:CapillaryExchange","theHeart:Betablocker","theHeart:Crush","REME_ProfessionalPlagiarism","Blind","SteroidPotion","REME_BuildACard"],"campfire_rested":4,"item_purchase_floors":[10,10,30,30,30,37,37,53],"current_hp_per_floor":[75,75,75,75,75,63,59,25,25,40,39,39,39,39,39,35,75,65,57,36,16,4,26,26,48,48,30,30,27,42,30,30,33,75,68,68,75,63,43,9,9,31,31,31,18,33,33,33,55,3,75,75,75,44,0,0],"gold":65,"neow_bonus":"BOSS_RELIC","is_daily":false,"chose_seed":false,"campfire_upgraded":4,"win_rate":0.0,"timestamp":1608425116,"path_taken":["M","?","?","?","?","E","M","E","T","$","M","M","M","?","R","BOSS","M","M","?","M","M","R","E","R","T","E","?","M","$","M","R","BOSS","M","?","$","?","M","E","?","R","T","R","?","$","R","M","R","BOSS","R","$","E","BOSS"],"items_purchased_type":["Relic","Card","Card","Card","Card","Card","Potion","Card"],"build_version":"2020-12-13","purchased_purges":0,"victory":false,"max_hp_per_floor":[75,75,75,75,75,75,75,75,75,75,75,75,75,75,75,75,75,75,75,75,75,75,75,75,75,75,75,75,75,75,75,75,75,75,75,75,75,75,75,75,75,75,75,75,75,75,75,75,75,75,75,75,75,75,75,75],"card_choices":[{"not_picked":["theHeart:Crush","theHeart:ArterialFlow","REME_TwoStrings"],"picked":"theHeart:PulmonaryCirculation","floor":1.0},{"not_picked":["theHeart:Hypertension","theHeart:TranquilRhythm","theHeart:Wrath"],"picked":"Panacea","floor":6.0},{"not_picked":["theHeart:Arrhythmia","theHeart:Heartbeat","Replay:Sssssssssshield"],"picked":"theHeart:Devour","floor":7.0},{"not_picked":["theHeart:TentacleWhip","theHeart:Cleanse","theHeart:Devour"],"picked":"Sadistic Nature","floor":8.0},{"not_picked":["theHeart:Arrhythmia","theHeart:Embolism","Swift Strike"],"picked":"theHeart:Devour","floor":11.0},{"not_picked":["theHeart:Tachycardia","theHeart:OxygenRichBlood","Specialist"],"picked":"theHeart:ArterialFlow","floor":12.0},{"not_picked":["theHeart:Crush","theHeart:Embolism","theHeart:CapillaryExchange"],"picked":"Secret Weapon","floor":13.0},{"not_picked":["theHeart:Enrage","theHeart:BloodRitual","Jack Of All Trades"],"picked":"theHeart:Terrify","floor":16.0},{"not_picked":["theHeart:Wrath","theHeart:SpireGrowth+1","theHeart:Tachycardia"],"picked":"Dramatic Entrance","floor":18.0},{"not_picked":["theHeart:PainfulStabs","theHeart:BloodSpray","theHeart:CapillaryExchange"],"picked":"Midas Touch","floor":19.0},{"not_picked":["theHeart:PainfulStabs","theHeart:AdaptiveCells","Impatience"],"picked":"theHeart:TentacleWhip","floor":20.0},{"not_picked":["theHeart:Crush","theHeart:MyocardialRupture","Secret Weapon"],"picked":"theHeart:Cleanse","floor":21.0},{"not_picked":["theHeart:Cleanse","theHeart:SpireGrowth+1","Panacea"],"picked":"theHeart:Terrify","floor":22.0},{"not_picked":["theHeart:HeartyVessels+1","theHeart:PulmonaryCirculation","Midas Touch"],"picked":"theHeart:QuantumEntanglement+1","floor":24.0},{"not_picked":["theHeart:Enrage","theHeart:HastyFortification","Metamorphosis"],"picked":"theHeart:Pacemaker+1","floor":27.0},{"not_picked":["theHeart:Arrhythmia+1","theHeart:OxygenRichBlood","REME_TheoryOfElimination"],"picked":"theHeart:ArterialFlow+1","floor":29.0},{"not_picked":["theHeart:SpireGrowth","theHeart:Cholesterol","ReplayTheSpireMod:Uncanny Aura"],"picked":"theHeart:ArterialFlow+1","floor":31.0},{"not_picked":["theHeart:HeartAttack","theHeart:BloodShots","Jack Of All Trades"],"picked":"theHeart:CorruptedForm","floor":33.0},{"not_picked":["theHeart:PulmonaryCirculation","theHeart:Arrhythmia+1","HandOfGreed"],"picked":"theHeart:AncientEvil+1","floor":35.0},{"not_picked":["theHeart:Betablocker+1","theHeart:Devour+1","REME_ProfessionalPlagiarism"],"picked":"theHeart:Constrict+1","floor":38.0},{"not_picked":["theHeart:Crush","theHeart:TorrentialFlow","ReplayTheSpireMod:Uncanny Aura+1"],"picked":"theHeart:HeartyVessels+1","floor":39.0},{"not_picked":["theHeart:Devour","theHeart:MindScape+1","Forethought"],"picked":"theHeart:Tachycardia+1","floor":40.0},{"not_picked":["theHeart:Cleanse","theHeart:TentacleWhip+1","Sadistic Nature"],"picked":"theHeart:PainfulStabs","floor":45.0},{"not_picked":["theHeart:Tachycardia","theHeart:GrayPlatelets+1","theHeart:SpireGrowth+1"],"picked":"Metamorphosis","floor":48.0},{"not_picked":["theHeart:PainfulStabs+1","theHeart:FiberOpticCatheter","theHeart:Embolism"],"picked":"Dark Shackles","floor":54.0}],"player_experience":255723,"relics_obtained":[{"floor":0.0,"key":"Grinning Jar"},{"floor":0.0,"key":"Tiny Chest"},{"floor":1.0,"key":"LetterFromLob"},{"floor":5.0,"key":"MealTicket"},{"floor":6.0,"key":"Pantograph"},{"floor":8.0,"key":"Mercury Hourglass"},{"floor":9.0,"key":"Blue Doll"},{"floor":24.0,"key":"MawBank"},{"floor":27.0,"key":"Replay:Wax Seal"},{"floor":36.0,"key":"HornCleat"},{"floor":40.0,"key":"Potion Belt"},{"floor":54.0,"key":"ReplayTheSpireMod:TigerMarble"}],"event_choices":[{"damage_healed":0.0,"max_hp_gain":0.0,"max_hp_loss":0.0,"gold_gain":0.0,"event_name":"yidonshenshe","player_choice":"»˚«Æ","floor":2.0,"gold_loss":40.0,"damage_taken":0.0,"relics_obtained":["PaintedHorse:ReiMu"]},{"damage_healed":0.0,"max_hp_gain":0.0,"max_hp_loss":0.0,"gold_gain":0.0,"cards_transformed":["theHeart:theHeartCommonAttack"],"event_name":"Living Wall","player_choice":"Change","floor":3.0,"gold_loss":0.0,"damage_taken":0.0,"cards_obtained":["theHeart:Wrath"]},{"damage_healed":0.0,"max_hp_gain":0.0,"max_hp_loss":0.0,"gold_gain":0.0,"event_name":"NoteForYourself","player_choice":"Ignored","floor":4.0,"gold_loss":0.0,"damage_taken":0.0},{"cards_removed":["theHeart:theHeartCommonAttack"],"damage_healed":0.0,"max_hp_gain":0.0,"max_hp_loss":0.0,"gold_gain":0.0,"event_name":"Purifier","player_choice":"Purged","floor":14.0,"gold_loss":0.0,"damage_taken":0.0},{"damage_healed":0.0,"max_hp_gain":0.0,"max_hp_loss":0.0,"gold_gain":0.0,"event_name":"Ghosts","player_choice":"Ignored","floor":28.0,"gold_loss":0.0,"damage_taken":0.0},{"cards_removed":["theHeart:theHeartDefend"],"damage_healed":0.0,"max_hp_gain":0.0,"max_hp_loss":0.0,"gold_gain":0.0,"event_name":"Designer","player_choice":"Upgrade and Remove","floor":41.0,"gold_loss":90.0,"damage_taken":0.0,"cards_upgraded":["theHeart:BloodDrop"]}],"is_beta":false,"boss_relics":[{"not_picked":["Replay:Wanted Poster","Fusion Hammer"],"picked":"RedLine:ReiMu"},{"not_picked":["SacredBark","Philosopher\u0027s Stone"],"picked":"Abe\u0027s Treasure"}],"items_purged_floors":[],"is_endless":false,"potions_floor_spawned":[1,12,13,16,18,21,22,29,33,38,45,48],"killed_by":"NeowBoss","ascension_level":0}}