{"host":"61r95uy0hn86b9iu","time":1608447466,"event":{"mods":["AchievementEnabler","BaseMod","Better Vampires","BetterRewards","Colored Powertips","Hubris","Minty Spire (QoL Compilation)","Shop Mod","StSLib"],"gold_per_floor":[117,137,137,43,53,53,73,73,73,73,73,102,102,102,102,176,176,190,190,208,258,276,276,290,78,105,116,116,116,116,116,116,195,195,208,208,208,208,188,188,100,125,151,151,151],"floor_reached":44,"playtime":5602,"items_purged":["Decay","Endless Agony+1"],"score":1100,"play_id":"92aea63c-a7b0-47ae-b25b-ade8ab876880","local_time":"20201220005746","is_ascension_mode":true,"campfire_choices":[{"data":"Panacea","floor":6.0,"key":"SMITH"},{"data":"Noxious Fumes","floor":8.0,"key":"SMITH"},{"data":"Neutralize","floor":11.0,"key":"SMITH"},{"floor":13.0,"key":"REST"},{"data":"Dagger Spray","floor":15.0,"key":"SMITH"},{"floor":23.0,"key":"REST"},{"floor":28.0,"key":"REST"},{"data":"Adrenaline","floor":30.0,"key":"SMITH"},{"floor":32.0,"key":"REST"},{"floor":40.0,"key":"REST"}],"circlet_count":0,"master_deck":["AscendersBane","Strike_G","Defend_G","Defend_G","Survivor","Neutralize+1","Panacea+1","Deadly Poison","Cloak And Dagger","Noxious Fumes+1","Dagger Spray+1","Dash","Glass Knife+1","Adrenaline+1","Calculated Gamble","Outmaneuver","Flechettes+1","Sucker Punch+1","Die Die Die","Reflex","Malaise","Malaise+1","Corpse Explosion+1","Madness","Madness","Noxious Fumes","Noxious Fumes"],"relics":["Ring of the Snake","Ginger","Regal Pillow","hubris:Towel","Paper Crane","Membership Card","MerchantsRug","Juzu Bracelet","Astrolabe","Kunai","Turnip","Happy Flower"],"acts_visited":["Exordium","TheCity","TheBeyond"],"potions_floor_usage":[44],"damage_taken":[{"damage":4.0,"enemies":"Cultist","floor":1.0,"turns":4.0},{"damage":2.0,"enemies":"2 Louse","floor":2.0,"turns":4.0},{"damage":10.0,"enemies":"Small Slimes","floor":5.0,"turns":4.0},{"damage":6.0,"enemies":"2 Fungi Beasts","floor":7.0,"turns":4.0},{"damage":31.0,"enemies":"Gremlin Nob","floor":12.0,"turns":5.0},{"damage":34.0,"enemies":"Slime Boss","floor":16.0,"turns":10.0},{"damage":11.0,"enemies":"2 Thieves","floor":18.0,"turns":4.0},{"damage":21.0,"enemies":"3 Byrds","floor":20.0,"turns":6.0},{"damage":14.0,"enemies":"Snecko","floor":22.0,"turns":5.0},{"damage":23.0,"enemies":"Snake Plant","floor":24.0,"turns":5.0},{"damage":20.0,"enemies":"3 Cultists","floor":27.0,"turns":5.0},{"damage":30.0,"enemies":"Collector","floor":33.0,"turns":10.0},{"damage":14.0,"enemies":"Orb Walker","floor":35.0,"turns":4.0},{"damage":0.0,"enemies":"Mind Bloom Boss Battle","floor":42.0,"turns":4.0},{"damage":91,"enemies":"Giant Head","floor":44,"turns":8}],"seed_played":"1203371059169583823","potions_obtained":[{"floor":1.0,"key":"EssenceOfSteel"},{"floor":20.0,"key":"FairyPotion"},{"floor":27.0,"key":"CunningPotion"},{"floor":33.0,"key":"CunningPotion"},{"floor":35.0,"key":"SteroidPotion"},{"floor":39.0,"key":"FearPotion"}],"is_trial":false,"path_per_floor":["M","M","?","$","M","R","M","R","T","?","R","E","R","?","R","B",null,"M","?","M","?","M","R","M","$","T","M","R","$","R","?","R","B",null,"M","?","T","?","?","R","$","?","T","E"],"character_chosen":"THE_SILENT","items_purchased":["Regal Pillow","Panacea","Deadly Poison","Noxious Fumes","Dagger Spray","Membership Card","MerchantsRug","BlessingOfTheForge","Noxious Fumes"],"campfire_rested":5,"item_purchase_floors":[0,0,0,4,4,25,25,25,41],"current_hp_per_floor":[55,53,66,66,56,56,50,50,50,50,50,19,53,58,58,24,59,48,48,27,20,6,42,19,19,19,21,57,57,57,57,71,41,64,50,37,37,37,37,71,71,71,71,0,0],"gold":151,"neow_bonus":"","is_daily":false,"chose_seed":false,"campfire_upgraded":5,"win_rate":0.0,"timestamp":1608447466,"path_taken":["M","M","?","?","M","R","M","R","T","?","R","E","R","?","R","BOSS","M","?","M","?","M","R","M","$","T","M","R","$","R","?","R","BOSS","M","?","?","?","?","R","?","?","T","E"],"items_purchased_type":["Relic","Card","Card","Card","Card","Relic","Relic","Potion","Card"],"build_version":"2020-12-13","purchased_purges":2,"victory":false,"max_hp_per_floor":[66,66,66,66,66,66,66,66,66,66,66,66,66,71,71,71,71,71,71,71,71,71,71,71,71,71,71,71,71,71,71,71,71,71,71,71,71,71,71,71,71,71,71,71,71],"card_choices":[{"not_picked":["Concentrate","Acrobatics","Flying Knee"],"picked":"SKIP","floor":1.0},{"not_picked":["Deflect","Prepared"],"picked":"Cloak And Dagger","floor":2.0},{"not_picked":["Dodge and Roll","Acrobatics","Deadly Poison"],"picked":"SKIP","floor":5.0},{"not_picked":["hubris:TrickCloak","Flying Knee"],"picked":"Dash","floor":7.0},{"not_picked":["Distraction","Well Laid Plans"],"picked":"Glass Knife+1","floor":12.0},{"not_picked":["A Thousand Cuts","Storm of Steel"],"picked":"Adrenaline","floor":16.0},{"not_picked":["Underhanded Strike+1","Blade Dance","Deadly Poison"],"picked":"SKIP","floor":18.0},{"not_picked":["hubris:TrickCloak","Poisoned Stab+1"],"picked":"Calculated Gamble","floor":20.0},{"not_picked":["Reflex","All Out Attack+1"],"picked":"Outmaneuver","floor":22.0},{"not_picked":["Underhanded Strike+1","Skewer+1"],"picked":"Flechettes+1","floor":24.0},{"not_picked":["Poisoned Stab","Dagger Throw"],"picked":"Sucker Punch+1","floor":27.0},{"not_picked":["Die Die Die","Grand Finale"],"picked":"Malaise","floor":33.0},{"not_picked":["Masterful Stab","Predator","Deflect"],"picked":"SKIP","floor":35.0},{"not_picked":["Dash","Setup"],"picked":"Noxious Fumes","floor":42.0}],"player_experience":3188605,"relics_obtained":[{"floor":9.0,"key":"Molten Egg 2"},{"floor":12.0,"key":"Paper Crane"},{"floor":26.0,"key":"Juzu Bracelet"},{"floor":37.0,"key":"Kunai"},{"floor":42.0,"key":"Turnip"},{"floor":43.0,"key":"Happy Flower"}],"event_choices":[{"cards_removed":["Enlightenment"],"damage_healed":13.0,"max_hp_gain":0.0,"max_hp_loss":0.0,"gold_gain":0.0,"event_name":"Bonfire Elementals","player_choice":"Offered Uncommon","floor":3.0,"gold_loss":0.0,"damage_taken":0.0},{"damage_healed":0.0,"max_hp_gain":5.0,"max_hp_loss":0.0,"gold_gain":0.0,"event_name":"Big Fish","player_choice":"Donut","floor":14.0,"gold_loss":0.0,"damage_taken":0.0},{"damage_healed":0.0,"max_hp_gain":0.0,"max_hp_loss":0.0,"gold_gain":0.0,"event_name":"Forgotten Altar","player_choice":"Smashed Altar","floor":19.0,"gold_loss":0.0,"damage_taken":0.0,"cards_obtained":["Decay"]},{"damage_healed":0.0,"max_hp_gain":0.0,"max_hp_loss":0.0,"gold_gain":50.0,"event_name":"FaceTrader","player_choice":"Touch","floor":21.0,"gold_loss":0.0,"damage_taken":7.0},{"damage_healed":0.0,"max_hp_gain":0.0,"max_hp_loss":0.0,"gold_gain":0.0,"cards_transformed":["Strike_G","Defend_G"],"event_name":"Drug Dealer","player_choice":"Became Test Subject","floor":31.0,"gold_loss":0.0,"damage_taken":0.0,"cards_obtained":["Die Die Die","Reflex"]},{"damage_healed":0.0,"max_hp_gain":0.0,"max_hp_loss":0.0,"gold_gain":0.0,"event_name":"Winding Halls","player_choice":"Embrace Madness","floor":36.0,"gold_loss":0.0,"damage_taken":13.0,"cards_obtained":["Madness","Madness"]},{"damage_healed":0.0,"max_hp_gain":0.0,"max_hp_loss":0.0,"gold_gain":0.0,"event_name":"Mysterious Sphere","player_choice":"Ignored","floor":38.0,"gold_loss":0.0,"damage_taken":0.0},{"damage_healed":0.0,"max_hp_gain":0.0,"max_hp_loss":0.0,"gold_gain":0.0,"event_name":"The Woman in Blue","player_choice":"Bought 1 Potion","floor":39.0,"gold_loss":0.0,"damage_taken":0.0},{"damage_healed":0.0,"max_hp_gain":0.0,"max_hp_loss":0.0,"gold_gain":0.0,"event_name":"MindBloom","player_choice":"Fight","floor":42.0,"gold_loss":0.0,"damage_taken":0.0}],"is_beta":false,"boss_relics":[{"not_picked":["Velvet Choker","Ectoplasm"],"picked":"Empty Cage"},{"not_picked":["Ring of the Serpent","SacredBark"],"picked":"Astrolabe"}],"items_purged_floors":[25,41],"is_endless":false,"potions_floor_spawned":[1,20,27,33,35],"killed_by":"Giant Head","ascension_level":20}}