{"host":"cjhtzh7tp54jdfyv","time":1608453151,"event":{"mods":["AchievementEnabler","BaseMod","Colored Map","Colored Powertips","Filter the Spire","Minty Spire (QoL Compilation)","RNG Fix","StSLib","ojb\u0027s Better Paths Mod","ojb\u0027s Info Mod"],"gold_per_floor":[114,132,144,164,183,216,216,245,268,268,268,6,20,47,47,124,124,140,153,153,11,24,54,54,54],"floor_reached":24,"playtime":1500,"items_purged":["Strike_R"],"score":476,"play_id":"0b61e637-81ee-4a74-b4c2-349566b6f403","local_time":"20201220033231","is_ascension_mode":true,"campfire_choices":[{"data":"Bash","floor":7,"key":"SMITH"},{"floor":15,"key":"REST"}],"circlet_count":0,"master_deck":["AscendersBane","Strike_R","Strike_R","Strike_R","Strike_R","Defend_R","Defend_R","Defend_R","Defend_R","Bash+1","Cleave","Perfected Strike","Ghostly Armor","Battle Trance+1","Dark Embrace","Bludgeon","Corruption","Burning Pact","Perfected Strike+1","Necronomicurse","Feed","Evolve","Shrug It Off"],"relics":["Mark of Pain","Toy Ornithopter","Potion Belt","Bag of Preparation","Membership Card","Regal Pillow","Coffee Dripper","Necronomicon","TungstenRod"],"acts_visited":["Exordium","TheCity"],"potions_floor_usage":[6,8,16,18,23,23,23,24],"damage_taken":[{"damage":7,"enemies":"Small Slimes","floor":1,"turns":3},{"damage":6,"enemies":"2 Louse","floor":2,"turns":2},{"damage":0,"enemies":"Cultist","floor":3,"turns":3},{"damage":4,"enemies":"3 Louse","floor":4,"turns":3},{"damage":11,"enemies":"Lots of Slimes","floor":5,"turns":4},{"damage":22,"enemies":"3 Sentries","floor":6,"turns":9},{"damage":15,"enemies":"Lagavulin","floor":8,"turns":5},{"damage":1,"enemies":"Looter","floor":13,"turns":2},{"damage":30,"enemies":"3 Sentries","floor":14,"turns":8},{"damage":32,"enemies":"The Guardian","floor":16,"turns":7},{"damage":24,"enemies":"3 Byrds","floor":18,"turns":5},{"damage":5,"enemies":"Chosen","floor":19,"turns":4},{"damage":13,"enemies":"Centurion and Healer","floor":22,"turns":4},{"damage":14,"enemies":"Book of Stabbing","floor":23,"turns":4},{"damage":15,"enemies":"3 Cultists","floor":24,"turns":3}],"seed_played":"5114532092276575759","potions_obtained":[{"floor":2,"key":"BlessingOfTheForge"},{"floor":3,"key":"Strength Potion"},{"floor":6,"key":"Fire Potion"},{"floor":14,"key":"SpeedPotion"},{"floor":18,"key":"Energy Potion"},{"floor":22,"key":"SkillPotion"}],"is_trial":false,"path_per_floor":["M","M","M","M","M","E","R","E","T","?","?","$","M","E","R","B",null,"M","M","?","$","M","E","M"],"character_chosen":"IRONCLAD","items_purchased":["Membership Card","SteroidPotion","PowerPotion","Feed","Evolve","FearPotion"],"campfire_rested":1,"item_purchase_floors":[12,12,12,21,21,21],"current_hp_per_floor":[61,55,55,51,40,18,18,8,8,33,33,33,32,2,39,12,59,40,35,14,14,4,8,0,0],"gold":54,"neow_bonus":"BOSS_RELIC","is_daily":false,"chose_seed":false,"campfire_upgraded":1,"win_rate":0.0,"timestamp":1608453151,"path_taken":["M","?","M","M","M","E","R","E","T","?","?","$","M","E","R","BOSS","M","M","?","$","M","E","M"],"items_purchased_type":["Relic","Potion","Potion","Card","Card","Potion"],"build_version":"2020-12-13","purchased_purges":1,"victory":false,"max_hp_per_floor":[75,75,75,75,75,75,75,75,75,75,75,75,75,75,75,75,75,75,75,75,75,78,81,81,81],"card_choices":[{"not_picked":["Reckless Charge","Armaments"],"picked":"Cleave","floor":1},{"not_picked":["Sword Boomerang","Havoc","Thunderclap"],"picked":"SKIP","floor":2},{"not_picked":["Cleave","Brutality","Clash"],"picked":"SKIP","floor":3},{"not_picked":["Warcry","Havoc"],"picked":"Perfected Strike","floor":4},{"not_picked":["Armaments","Heavy Blade"],"picked":"Ghostly Armor","floor":5},{"not_picked":["Intimidate","Warcry","Sentinel"],"picked":"SKIP","floor":6},{"not_picked":["Juggernaut","Spot Weakness"],"picked":"Battle Trance","floor":8},{"not_picked":["Pummel","Thunderclap"],"picked":"Dark Embrace","floor":13},{"not_picked":["Flex","Dual Wield"],"picked":"Bludgeon","floor":14},{"not_picked":["Immolate","Offering"],"picked":"Corruption","floor":16},{"not_picked":["Sentinel","Havoc"],"picked":"Burning Pact","floor":18},{"not_picked":["Iron Wave+1","Thunderclap"],"picked":"Perfected Strike+1","floor":19},{"not_picked":["Bloodletting","Twin Strike","Cleave"],"picked":"SKIP","floor":22},{"not_picked":["Evolve","Armaments"],"picked":"Shrug It Off","floor":23}],"player_experience":4319142,"relics_obtained":[{"floor":6,"key":"Toy Ornithopter"},{"floor":8,"key":"Potion Belt"},{"floor":9,"key":"Bag of Preparation"},{"floor":14,"key":"Regal Pillow"},{"floor":20,"key":"Necronomicon"},{"floor":23,"key":"TungstenRod"}],"event_choices":[{"damage_healed":25,"gold_gain":0,"player_choice":"Banana","damage_taken":0,"max_hp_gain":0,"max_hp_loss":0,"event_name":"Big Fish","floor":10,"gold_loss":0},{"damage_healed":0,"gold_gain":0,"player_choice":"Upgraded","damage_taken":0,"max_hp_gain":0,"max_hp_loss":0,"event_name":"Upgrade Shrine","floor":11,"gold_loss":0,"cards_upgraded":["Battle Trance"]},{"damage_healed":0,"gold_gain":0,"player_choice":"Obtained Book","damage_taken":21,"max_hp_gain":0,"max_hp_loss":0,"event_name":"Cursed Tome","floor":20,"gold_loss":0}],"is_beta":false,"boss_relics":[{"not_picked":["Empty Cage","Runic Cube"],"picked":"Coffee Dripper"}],"items_purged_floors":[12],"is_endless":false,"potions_floor_spawned":[2,3,6,14,18,22],"killed_by":"3 Cultists","ascension_level":20}}