{"host":"8fjsnt81u6xsmhji","time":1608425534,"event":{"mods":["BaseMod","Colored Powertips","Downfall","Glutton Mod","Minty Spire (QoL Compilation)","Quick Restart","Somnambulant","StSLib","The Bug Knight","The Construct","The Forsaken","The Hierophant","The Mystic"],"gold_per_floor":[112,112,125,143,143,143,163,163,189,189,209,209,228,228,228,328,328,341,341,116,133,143,169,169,188,211,211,223,223,223,223],"floor_reached":30,"playtime":2228,"items_purged":[],"score":242,"play_id":"6e38a762-24a0-4c3e-afb0-a447eed425fa","local_time":"20201219185214","is_ascension_mode":false,"campfire_choices":[{"floor":6.0,"key":"REST"},{"floor":8.0,"key":"REST"},{"floor":10.0,"key":"RECALL"},{"floor":15.0,"key":"REST"},{"floor":24,"key":"REST"},{"floor":27,"key":"REST"}],"circlet_count":0,"master_deck":["somnambulantmod: SomnambulantStrike+1","somnambulantmod: SomnambulantStrike+1","somnambulantmod: SomnambulantStrike","somnambulantmod: SomnambulantStrike","somnambulantmod: Defend_Somnambulant+1","somnambulantmod: Defend_Somnambulant+1","somnambulantmod: Defend_Somnambulant+1","somnambulantmod: Defend_Somnambulant+1","somnambulantmod: Defend_Somnambulant","somnambulantmod: QuickNap","somnambulantmod: PrimingPunch","somnambulantmod: Reinterpret","somnambulantmod: Hush","somnambulantmod: SnuggleUp+1","somnambulantmod: Extract","somnambulantmod: Hush","somnambulantmod: RuthlessStudy","somnambulantmod: Refracture","somnambulantmod: MuscleMemory","somnambulantmod: SickeningSwathe","somnambulantmod: RecurringDream","somnambulantmod: Refracture","somnambulantmod: Stumble+1"],"relics":["somnambulantmod: DreamJournal","NlothsMask","construct:WeddingRing","ClockworkSouvenir","Boot"],"acts_visited":["Exordium","TheCity"],"potions_floor_usage":[23,23],"damage_taken":[{"damage":12.0,"enemies":"Small Slimes","floor":1.0,"turns":4.0},{"damage":0.0,"enemies":"Cultist","floor":3.0,"turns":4.0},{"damage":6.0,"enemies":"Jaw Worm","floor":4.0,"turns":4.0},{"damage":16.0,"enemies":"Looter","floor":7.0,"turns":4.0},{"damage":0.0,"enemies":"Large Slime","floor":11.0,"turns":5.0},{"damage":0.0,"enemies":"Red Slaver","floor":13.0,"turns":5.0},{"damage":32.0,"enemies":"Hexaghost","floor":16.0,"turns":9.0},{"damage":10.0,"enemies":"Shell Parasite","floor":18.0,"turns":7.0},{"damage":0.0,"enemies":"Chosen","floor":21.0,"turns":4.0},{"damage":11.0,"enemies":"Snecko","floor":22.0,"turns":6.0},{"damage":51,"enemies":"Gremlin Leader","floor":23,"turns":6},{"damage":13,"enemies":"Snake Plant","floor":25,"turns":3},{"damage":18,"enemies":"Centurion and Healer","floor":28,"turns":5},{"damage":22,"enemies":"Snecko","floor":30,"turns":3}],"seed_played":"5043149736261332557","potions_obtained":[{"floor":3.0,"key":"AttackPotion"},{"floor":11.0,"key":"SkillPotion"},{"floor":13.0,"key":"PowerPotion"},{"floor":18.0,"key":"Strength Potion"},{"floor":21.0,"key":"Guardian:BlockOnCardUsePotion"},{"floor":28,"key":"sneckomod:MuddlingPotion"}],"is_trial":false,"path_per_floor":["M","?","M","M","?","R","M","R","T","R","M","?","M","?","R","B",null,"M","?","$","M","M","E","R","M","T","R","M","?","M"],"character_chosen":"THE_SOMNAMBULANT","items_purchased":["ClockworkSouvenir","somnambulantmod: MuscleMemory"],"campfire_rested":5,"item_purchase_floors":[20,20],"current_hp_per_floor":[37,37,37,31,31,54,38,61,61,61,61,61,61,46,70,38,76,66,66,66,66,55,4,28,15,15,40,22,14,0,0],"gold":223,"neow_bonus":"THREE_RARE_CARDS","is_daily":false,"chose_seed":false,"campfire_upgraded":0,"win_rate":0.0,"timestamp":1608425534,"path_taken":["M","?","M","?","?","R","M","R","T","R","?","?","M","?","R","BOSS","M","?","$","M","M","E","R","M","T","R","M","?","?"],"items_purchased_type":["Relic","Card"],"build_version":"2020-12-13","purchased_purges":0,"victory":false,"max_hp_per_floor":[70,70,70,70,70,72,72,74,74,74,74,74,74,74,76,76,76,76,76,76,76,76,76,78,78,78,80,80,80,80,80],"card_choices":[{"not_picked":["somnambulantmod: Amnausea","somnambulantmod: Lucidity"],"picked":"somnambulantmod: Reinterpret","floor":0.0},{"not_picked":["somnambulantmod: HeavyLids","somnambulantmod: Reject"],"picked":"somnambulantmod: Hush","floor":1.0},{"not_picked":["somnambulantmod: SnuggleUp","somnambulantmod: Remember"],"picked":"somnambulantmod: Extract","floor":3.0},{"not_picked":["somnambulantmod: Pinch","somnambulantmod: TimeCompression","somnambulantmod: TrepanningBlow"],"picked":"SKIP","floor":4.0},{"not_picked":["somnambulantmod: Blink","somnambulantmod: Sleepyhead"],"picked":"somnambulantmod: Hush","floor":7.0},{"not_picked":["somnambulantmod: SleepingBody","somnambulantmod: HeadSmack"],"picked":"somnambulantmod: RuthlessStudy","floor":11.0},{"not_picked":["somnambulantmod: ViralIdea","somnambulantmod: HorrificThought","somnambulantmod: BadIdea"],"picked":"SKIP","floor":13.0},{"not_picked":["somnambulantmod: NewDawn","somnambulantmod: Ignorance"],"picked":"somnambulantmod: Refracture","floor":16.0},{"not_picked":["somnambulantmod: HeadSmack","somnambulantmod: OpeningUp","somnambulantmod: BadIdea"],"picked":"SKIP","floor":18.0},{"not_picked":["somnambulantmod: Unmake+1","somnambulantmod: DeeperSleep"],"picked":"somnambulantmod: SickeningSwathe","floor":21.0},{"not_picked":["somnambulantmod: Repression","somnambulantmod: Trauma"],"picked":"somnambulantmod: RecurringDream","floor":22.0},{"not_picked":["somnambulantmod: BadIdea+1","somnambulantmod: TimeCompression"],"picked":"somnambulantmod: Refracture","floor":23},{"not_picked":["somnambulantmod: ShowerThought","somnambulantmod: PillowFort"],"picked":"somnambulantmod: Stumble+1","floor":25},{"not_picked":["somnambulantmod: HorrificThought","somnambulantmod: Unknow","somnambulantmod: HeavyLids+1"],"picked":"SKIP","floor":28}],"player_experience":574095,"relics_obtained":[{"floor":23,"key":"Boot"}],"event_choices":[{"damage_healed":0.0,"max_hp_gain":0.0,"max_hp_loss":0.0,"gold_gain":0.0,"cards_transformed":["somnambulantmod: SomnambulantStrike"],"event_name":"Transmorgrifier","player_choice":"Transformed","floor":2.0,"gold_loss":0.0,"damage_taken":0.0,"cards_obtained":["somnambulantmod: SnuggleUp"]},{"damage_healed":0.0,"max_hp_gain":0.0,"max_hp_loss":0.0,"gold_gain":0.0,"event_name":"FaceTrader","player_choice":"Trade","floor":5.0,"gold_loss":0.0,"damage_taken":0.0,"relics_obtained":["NlothsMask"]},{"damage_healed":0.0,"max_hp_gain":0.0,"max_hp_loss":0.0,"gold_gain":0.0,"event_name":"Shining Light","player_choice":"Entered Light","floor":14.0,"gold_loss":0.0,"damage_taken":15.0,"cards_upgraded":["somnambulantmod: Defend_Somnambulant","somnambulantmod: SomnambulantStrike"]},{"damage_healed":0.0,"max_hp_gain":0.0,"max_hp_loss":0.0,"gold_gain":0.0,"event_name":"Cursed Tome","player_choice":"Ignored","floor":19.0,"gold_loss":0.0,"damage_taken":0.0},{"damage_healed":0,"gold_gain":0,"player_choice":"Damaged","damage_taken":8,"max_hp_gain":0,"max_hp_loss":0,"event_name":"Wheel of Change","floor":29,"gold_loss":0}],"is_beta":false,"boss_relics":[{"not_picked":["SacredBark","Busted Crown"],"picked":"construct:WeddingRing"}],"items_purged_floors":[],"is_endless":false,"potions_floor_spawned":[3,11,13,18,21,28],"killed_by":"Snecko","ascension_level":0}}