{"host":"pgqkv8mh62pnrbci","time":1608465113,"event":{"mods":["AchievementEnabler","BaseMod","Custom Start","Infinite Spire","Minty Spire (QoL Compilation)","Replay The Spire","StSLib","SuperFastMode","¡¼?Úª?ø«¡½REMEMod"],"gold_per_floor":[116,128,53,79,98,98,127,147,174,3,18,18,30,49,49,124,124,141,141,156,81,81,107,107,141,141,141,141,141],"floor_reached":28,"playtime":1065,"items_purged":["Strike_G","Strike_G"],"score":698,"play_id":"b215ce77-cfcd-405a-a180-56038c661f29","local_time":"20201220205153","is_ascension_mode":true,"campfire_choices":[{"data":"Neutralize","floor":12.0,"key":"SMITH"},{"data":"Terror","floor":15,"key":"SMITH"},{"data":"Calculated Gamble","floor":24,"key":"SMITH"}],"circlet_count":0,"master_deck":["AscendersBane","Strike_G","Strike_G","Strike_G","Defend_G","Defend_G","Defend_G","Defend_G","Defend_G","Survivor","Neutralize+1","Backstab","Noxious Fumes","Hidden Blade","Footwork","ReplayTheSpireMod:Scrap Shanks","REME_GreenPollution","PiercingWail","Venomology","Adrenaline","Acrobatics","Terror+1","Storm of Steel","infinitespire:Collect","Tactician+1","Calculated Gamble+1","Clumsy"],"relics":["REME_ComplimentaryCards","Runic Dome","Prayer Wheel","ReplayTheSpireMod:TigerMarble","Shuriken","Replay:Wax Seal","infinitespire:Cupcake","Vajra","ReplayTheSpireMod:Ninjato","Singing Bowl","Bag of Marbles","infinitespire:FocusingShard"],"acts_visited":["Exordium","TheCity"],"potions_floor_usage":[14,16,16,16,16,18,23,25,25,28,28],"damage_taken":[{"damage":2.0,"enemies":"Cultist","floor":1.0,"turns":5.0},{"damage":0.0,"enemies":"2 Louse","floor":2.0,"turns":3.0},{"damage":4.0,"enemies":"Small Slimes","floor":5.0,"turns":4.0},{"damage":16.0,"enemies":"3 Sentries","floor":7.0,"turns":11.0},{"damage":21.0,"enemies":"3 Louse","floor":8.0,"turns":3.0},{"damage":7.0,"enemies":"Exordium Wildlife","floor":11.0,"turns":6.0},{"damage":2,"enemies":"Looter","floor":13,"turns":3},{"damage":2,"enemies":"Lots of Slimes","floor":14,"turns":4},{"damage":0,"enemies":"Hexaghost","floor":16,"turns":7},{"damage":18,"enemies":"Chosen","floor":18,"turns":5},{"damage":0,"enemies":"Spheric Guardian","floor":20,"turns":1},{"damage":18,"enemies":"Gremlin Leader","floor":23,"turns":3},{"damage":0,"enemies":"Book of Stabbing","floor":25,"turns":2},{"damage":18,"enemies":"Slavers","floor":28,"turns":1}],"seed_played":"8513941018648543556","potions_obtained":[{"floor":2.0,"key":"SteroidPotion"},{"floor":5.0,"key":"SneckoOil"},{"floor":16,"key":"FearPotion"},{"floor":18,"key":"Milkshake"},{"floor":25,"key":"Toxic Potion"}],"is_trial":false,"path_per_floor":["M","M","$","T","M","?","E","M","T","$","M","R","M","M","R","B",null,"M","AVR","M","$","?","E","R","E","T","?","E"],"character_chosen":"THE_SILENT","items_purchased":["Venomology","Calculated Gamble"],"campfire_rested":0,"item_purchase_floors":[10,21],"current_hp_per_floor":[57,57,57,57,53,66,50,29,29,29,22,22,20,18,18,18,54,36,36,36,36,36,20,20,22,22,12,0,0],"gold":141,"neow_bonus":"BOSS_RELIC","is_daily":false,"chose_seed":false,"campfire_upgraded":3,"win_rate":0.0,"timestamp":1608465113,"path_taken":["M","?","$","?","M","?","E","M","T","$","?","R","M","M","R","BOSS","M","AVR","M","$","?","E","R","E","T","?","E"],"items_purchased_type":["Card","Card"],"build_version":"2020-12-13","purchased_purges":2,"victory":false,"max_hp_per_floor":[66,66,66,66,66,66,66,66,66,66,66,66,66,66,66,66,66,66,66,66,66,66,68,68,70,70,70,70,70],"card_choices":[{"not_picked":["Well Laid Plans","Riddle With Holes"],"picked":"Backstab","floor":1.0},{"not_picked":["Cloak And Dagger","Expertise"],"picked":"Noxious Fumes","floor":1.0},{"not_picked":["Slice","Hidden Blade"],"picked":"Blur","floor":2.0},{"not_picked":["Deadly Poison","Predator"],"picked":"Hidden Blade","floor":2.0},{"not_picked":["Dagger Spray","Eviscerate"],"picked":"Footwork","floor":5.0},{"not_picked":["Quick Slash","Outmaneuver","Distraction"],"picked":"SKIP","floor":5.0},{"not_picked":["Quick Slash","Outmaneuver","Distraction"],"picked":"SKIP","floor":5.0},{"not_picked":["ReplayTheSpireMod:The Works","Deflect"],"picked":"ReplayTheSpireMod:Scrap Shanks","floor":7.0},{"not_picked":["Deflect","Skewer"],"picked":"REME_GreenPollution","floor":8.0},{"not_picked":["Backflip","Sneak Up"],"picked":"PiercingWail","floor":8.0},{"not_picked":["Flying Knee","Endless Agony"],"picked":"Adrenaline","floor":11.0},{"not_picked":["Bouncing Flask","REME_ShadowStrike","Quick Slash"],"picked":"SKIP","floor":11.0},{"not_picked":["Bouncing Flask","REME_ShadowStrike","Quick Slash"],"picked":"SKIP","floor":11.0},{"not_picked":["Fluid Movement","ReplayTheSpireMod:Scrap Shanks"],"picked":"Acrobatics","floor":13},{"not_picked":["Slice","Backflip"],"picked":"Terror","floor":13},{"not_picked":["Dagger Throw","Sucker Punch","Deadly Poison"],"picked":"SKIP","floor":14},{"not_picked":["Outmaneuver","Terror","Riddle With Holes"],"picked":"SKIP","floor":14},{"not_picked":["Wraith Form v2","Die Die Die"],"picked":"Storm of Steel","floor":16},{"not_picked":["Draining Mist","Dagger Throw","Sucker Punch"],"picked":"SKIP","floor":18},{"not_picked":["Backflip","Choke","Poisoned Stab"],"picked":"SKIP","floor":18},{"not_picked":["REME_GreenPollution","Sucker Punch"],"picked":"Tactician+1","floor":20},{"not_picked":["Bouncing Flask","Noxious Fumes","Flying Knee"],"picked":"SKIP","floor":20},{"not_picked":["Poisoned Stab","Dash+1","Riddle With Holes"],"picked":"Singing Bowl","floor":23},{"not_picked":["Escape Plan","Flying Knee","Terror"],"picked":"Singing Bowl","floor":25}],"player_experience":569308,"relics_obtained":[{"floor":4.0,"key":"ReplayTheSpireMod:TigerMarble"},{"floor":7.0,"key":"Shuriken"},{"floor":9.0,"key":"Replay:Wax Seal"},{"floor":23,"key":"Singing Bowl"},{"floor":25,"key":"Bag of Marbles"},{"floor":26,"key":"infinitespire:FocusingShard"}],"event_choices":[{"cards_removed":["Blur"],"damage_healed":13.0,"max_hp_gain":0.0,"max_hp_loss":0.0,"gold_gain":0.0,"event_name":"Bonfire Elementals","player_choice":"Offered Uncommon","floor":6.0,"gold_loss":0.0,"damage_taken":0.0},{"damage_healed":0,"gold_gain":0,"player_choice":"Damaged","damage_taken":10,"max_hp_gain":0,"max_hp_loss":0,"event_name":"Wheel of Change","floor":27,"gold_loss":0}],"is_beta":false,"boss_relics":[{"not_picked":["Kintsugi","Velvet Choker"],"picked":"infinitespire:Cupcake"}],"items_purged_floors":[3,19],"is_endless":false,"potions_floor_spawned":[2,5,14,16,18,25],"killed_by":"Slavers","ascension_level":19}}