{"host":"eil9x6nly2al6731","time":1608471311,"event":{"mods":["Aspiration","BaseMod","Better Third Choice","Colored Powertips","Conspire","Energized Spire","Friendly Minions","Halation","Hubris","Infinite Spire","Minty Spire (QoL Compilation)","Random Character Button","Replay The Spire","Robot Space Explorer","Shop Mod","StSLib","The Druid","The Factory","The Jungle","The Mystic","The Servant 0.9.4","TheBandit"],"gold_per_floor":[111,131,162,162,182,215,184,202,202,182,182,196,34,49,49,126,126,246,246,264,228,245,280,280,280,280],"floor_reached":25,"playtime":1199,"items_purged":[],"score":454,"play_id":"8f496b43-174f-4ad5-9714-f5c222ddeecf","local_time":"20201220213511","is_ascension_mode":true,"campfire_choices":[{"floor":11,"key":"REST"},{"floor":24,"key":"REST"}],"circlet_count":0,"master_deck":["AscendersBane","Strike_B","Strike_B","Strike_B","Defend_B","Defend_B","Defend_B","Zap","Dualcast","Shame","Beam Cell","Static Discharge","Cold Snap","Conserve Battery","ReplayTheSpireMod:Calculation Training","Electrodynamics","BasicCrystalCard","Consume","Coolheaded","Coolheaded+1","Darkness","Mirror Shield","Conserve Battery","infinitespire:Oblivion","Conserve Battery+1","Go for the Eyes"],"relics":["FrozenCore","Kunai","hubris:Icosahedron","halation:Toothbrush","Raider\u0027s Mask","Replay:Grab Bag","aspiration:FutureDiary","energizedSpire:UnstableMolecules","hubris:Backtick","ClockworkSouvenir","infinitespire:Golems Mask"],"acts_visited":["Exordium","TheCity"],"potions_floor_usage":[],"damage_taken":[{"damage":7,"enemies":"Jaw Worm","floor":1,"turns":3},{"damage":2,"enemies":"2 Louse","floor":2,"turns":3},{"damage":6,"enemies":"Small Slimes","floor":5,"turns":3},{"damage":7,"enemies":"Lagavulin","floor":6,"turns":5},{"damage":13,"enemies":"Exordium Thugs","floor":7,"turns":3},{"damage":2,"enemies":"2 Fungi Beasts","floor":8,"turns":4},{"damage":11,"enemies":"Large Slime","floor":12,"turns":5},{"damage":13,"enemies":"3 Louse","floor":14,"turns":2},{"damage":10,"enemies":"Fading Forest","floor":16,"turns":13},{"damage":15,"enemies":"3 Byrds","floor":18,"turns":2},{"damage":4,"enemies":"Spheric Guardian","floor":20,"turns":6},{"damage":1,"enemies":"Centurion and Healer","floor":21,"turns":6},{"damage":24,"enemies":"Shelled Parasite and Fungi","floor":22,"turns":6},{"damage":11,"enemies":"Replay:Snechameleon","floor":23,"turns":6},{"damage":34,"enemies":"Chosen and Byrds","floor":25,"turns":5}],"seed_played":"-8054707001830283142","potions_obtained":[{"floor":1,"key":"SteroidPotion"},{"floor":6,"key":"Milkshake"}],"is_trial":false,"path_per_floor":["M","M","?","?","M","E","M","M","T","?","R","M","$","M","R","B",null,"M","AVR","M","M","M","E","R","M"],"character_chosen":"DEFECT","items_purchased":["Raider\u0027s Mask"],"campfire_rested":2,"item_purchase_floors":[13],"current_hp_per_floor":[57,55,55,55,49,42,29,27,27,27,48,37,37,24,45,55,67,52,52,48,47,23,12,33,0,0],"gold":280,"neow_bonus":"TRANSFORM_TWO_CARDS","is_daily":false,"chose_seed":false,"campfire_upgraded":0,"win_rate":0.0,"timestamp":1608471311,"path_taken":["M","M","?","?","M","E","M","M","T","?","R","M","$","M","R","BOSS","M","AVR","M","M","M","E","R","M"],"items_purchased_type":["Relic"],"build_version":"2020-12-13","purchased_purges":0,"victory":false,"max_hp_per_floor":[71,71,71,71,71,71,71,71,71,71,71,71,71,71,71,71,71,71,71,71,71,71,71,71,71,71],"card_choices":[{"not_picked":["Stack","Rip and Tear"],"picked":"Cold Snap","floor":1},{"not_picked":["Undo","BasicCrystalCard"],"picked":"Conserve Battery","floor":2},{"not_picked":["Turbo","Beam Cell"],"picked":"ReplayTheSpireMod:Calculation Training","floor":3},{"not_picked":["FIFO Queue","Steam"],"picked":"Electrodynamics","floor":3},{"not_picked":["Panic Button","conspire:SharedLibrary"],"picked":"BasicCrystalCard","floor":5},{"not_picked":["Hologram","Steam"],"picked":"Consume","floor":6},{"not_picked":["Ball Lightning","BasicCrystalCard"],"picked":"Coolheaded","floor":7},{"not_picked":["Cold Snap","Streamline"],"picked":"Coolheaded","floor":8},{"not_picked":["Beam Cell","Rebound"],"picked":"Darkness","floor":12},{"not_picked":["Coolheaded","Compile Driver","Recycle"],"picked":"SKIP","floor":14},{"not_picked":["Core Surge","All For One"],"picked":"Mirror Shield","floor":16},{"not_picked":["Leap","Panic Button"],"picked":"Conserve Battery","floor":18},{"not_picked":["Defragment","Lockon"],"picked":"Conserve Battery+1","floor":20},{"not_picked":["Lockon","Stack","Aggregate"],"picked":"SKIP","floor":21},{"not_picked":["Undo","Reinforced Body"],"picked":"Go for the Eyes","floor":22},{"not_picked":["Recycle","BasicCrystalCard","White Noise"],"picked":"SKIP","floor":23}],"player_experience":1466598,"relics_obtained":[{"floor":3,"key":"Kunai"},{"floor":6,"key":"halation:Toothbrush"},{"floor":23,"key":"infinitespire:Golems Mask"}],"event_choices":[{"damage_healed":0,"gold_gain":0,"player_choice":"Bought 1 Potion","damage_taken":0,"max_hp_gain":0,"max_hp_loss":0,"event_name":"The Woman in Blue","floor":10,"gold_loss":0}],"is_beta":false,"boss_relics":[{"not_picked":["Runic Pyramid","aspiration:SilentSkillbook"],"picked":"Replay:Grab Bag"},{"not_picked":["ReplayTheSpireMod:Onyx Gauntlets","Replay:Bronze Core"],"picked":"aspiration:FutureDiary"},{"not_picked":["Cursed Key","hubris:CrackedHourglass"],"picked":"energizedSpire:UnstableMolecules"},{"not_picked":["Calling Bell","Ring of Chaos"],"picked":"FrozenCore"},{"not_picked":["hubris:HollowSoul","halation:MonkeysPaw"],"picked":"hubris:Backtick"}],"items_purged_floors":[],"is_endless":false,"potions_floor_spawned":[1,6,12,14,16,23],"killed_by":"Chosen and Byrds","ascension_level":20}}