{"host":"d7fd5aa1my0gmokc","time":1608476496,"event":{"mods":["AchievementEnabler","BaseMod","DeckTracker","Minty Spire (QoL Compilation)","Prisma Mod","Relic Stats","StSLib","SuperFastMode","everything is the same but u backflip on backflip"],"gold_per_floor":[113,126,126,137,137,169,169,169,169,169,17,28,28,43,43,141,141,155,155,167,179,79,79,109,120,120,20,20,40,60,60,60,159,159,171,0,13,25,75,105,105,105,132,132,151,169,187,33,33,33,33,33,33,67,67],"floor_reached":56,"playtime":2836,"items_purged":["Strike_R","Strike_R"],"score":1299,"play_id":"e17dba00-1030-411d-be6a-36bac8c986b8","local_time":"20201221000136","is_ascension_mode":false,"campfire_choices":[{"data":"Barricade","floor":7,"key":"SMITH"},{"floor":10,"key":"REST"},{"data":"Body Slam","floor":15,"key":"SMITH"},{"data":"Shrug It Off","floor":23,"key":"SMITH"},{"floor":28,"key":"RECALL"},{"data":"Defend_R","floor":32,"key":"SMITH"},{"floor":41,"key":"REST"},{"floor":49,"key":"REST"},{"floor":52,"key":"REST"}],"circlet_count":0,"master_deck":["Strike_R","Strike_R","Strike_R","Defend_R","Defend_R+1","Defend_R+1","Defend_R+1","Bash","Shrug It Off+1","Body Slam+1","Barricade+1","CurseOfTheBell","Shockwave+1","Flame Barrier+1","Armaments+1","Shockwave+1","Shrug It Off+1","Body Slam+1","Spot Weakness+1","Body Slam+1","Feed","Metallicize","Body Slam+1","Shockwave+1","Panacea+1","Shrug It Off+1","Shrug It Off+1","Entrench+1"],"relics":["Burning Blood","StoneCalendar","Ornamental Fan","Bag of Preparation","FossilizedHelix","Toxic Egg 2","Oddly Smooth Stone","Calling Bell","Happy Flower","Eternal Feather","Prayer Wheel","Pantograph","Potion Belt","Fusion Hammer","Red Mask","Dead Branch","Toy Ornithopter","War Paint","Bronze Scales","Akabeko"],"acts_visited":["TheCity","TheBeyond","TheEnding"],"potions_floor_usage":[6,25,54,55,55,55,55,55],"damage_taken":[{"damage":7,"enemies":"2 Louse","floor":1,"turns":3},{"damage":2,"enemies":"Small Slimes","floor":2,"turns":5},{"damage":14,"enemies":"Cultist","floor":4,"turns":6},{"damage":10,"enemies":"3 Sentries","floor":6,"turns":7},{"damage":0,"enemies":"Large Slime","floor":12,"turns":7},{"damage":0,"enemies":"Looter","floor":14,"turns":5},{"damage":0,"enemies":"Slime Boss","floor":16,"turns":7},{"damage":0,"enemies":"Shell Parasite","floor":18,"turns":7},{"damage":14,"enemies":"Spheric Guardian","floor":20,"turns":8},{"damage":23,"enemies":"Snake Plant","floor":21,"turns":5},{"damage":21,"enemies":"Gremlin Leader","floor":24,"turns":10},{"damage":10,"enemies":"3 Cultists","floor":25,"turns":7},{"damage":0,"enemies":"Cultist and Chosen","floor":29,"turns":7},{"damage":0,"enemies":"Shelled Parasite and Fungi","floor":30,"turns":4},{"damage":54,"enemies":"Automaton","floor":33,"turns":11},{"damage":0,"enemies":"3 Shapes","floor":35,"turns":6},{"damage":0,"enemies":"Orb Walker","floor":37,"turns":2},{"damage":0,"enemies":"4 Shapes","floor":38,"turns":4},{"damage":0,"enemies":"Mind Bloom Boss Battle","floor":39,"turns":5},{"damage":0,"enemies":"Giant Head","floor":40,"turns":7},{"damage":10,"enemies":"Sphere and 2 Shapes","floor":45,"turns":5},{"damage":0,"enemies":"3 Darklings","floor":46,"turns":6},{"damage":0,"enemies":"4 Shapes","floor":47,"turns":7},{"damage":28,"enemies":"Donu and Deca","floor":50,"turns":8},{"damage":25,"enemies":"Shield and Spear","floor":54,"turns":7},{"damage":77,"enemies":"The Heart","floor":55,"turns":11}],"seed_played":"694054954909863789","potions_obtained":[{"floor":4,"key":"Energy Potion"},{"floor":14,"key":"BloodPotion"},{"floor":20,"key":"BloodPotion"},{"floor":24,"key":"PowerPotion"},{"floor":29,"key":"ElixirPotion"},{"floor":30,"key":"BlessingOfTheForge"},{"floor":38,"key":"Energy Potion"},{"floor":39,"key":"Energy Potion"},{"floor":47,"key":"Energy Potion"},{"floor":54,"key":"Explosive Potion"}],"is_trial":false,"path_per_floor":["M","M","?","M","?","E","R","?","T","R","$","M","$","M","R","B",null,"M","?","M","M","$","R","E","M","T","$","R","M","M","?","R","B",null,"M","?","M","M","?","E","R","$","T","?","M","M","M","$","R","B",null,"R","$","E","B",null],"character_chosen":"IRONCLAD","items_purchased":["Oddly Smooth Stone","Shrug It Off+1","Bronze Scales"],"campfire_rested":4,"item_purchase_floors":[11,22,48],"current_hp_per_floor":[55,59,59,51,44,40,40,7,7,31,31,37,37,43,43,49,80,80,80,72,55,55,64,49,45,45,45,54,60,66,66,78,32,80,83,83,83,86,86,86,86,86,86,76,76,82,91,91,93,71,93,93,93,79,74],"gold":67,"neow_bonus":"ONE_RARE_RELIC","is_daily":false,"chose_seed":false,"campfire_upgraded":4,"win_rate":0.0,"timestamp":1608476496,"path_taken":["M","M","?","M","?","E","R","?","T","R","$","M","$","M","R","BOSS","M","?","M","M","$","R","E","M","T","?","R","M","M","?","R","BOSS","M","?","M","M","?","E","R","?","T","?","M","?","M","$","R","BOSS","R","$","E","BOSS"],"items_purchased_type":["Relic","Card","Relic"],"build_version":"2020-12-13","purchased_purges":2,"victory":true,"max_hp_per_floor":[80,80,80,80,80,80,80,80,80,80,80,80,80,80,80,80,80,80,80,80,80,80,80,80,80,80,80,80,80,80,80,80,80,80,83,83,83,86,86,86,86,86,86,86,90,90,93,93,93,93,93,93,93,93,93],"relic_stats":{"Happy Flower":[42],"counters":[26,167],"Dead Branch":[43],"StoneCalendar":[493],"Eternal Feather":32,"Bag of Preparation":[44],"War Paint":["Defend_R","Defend_R"],"Burning Blood":120,"Ornamental Fan":[88],"Pantograph":16,"Bronze Scales":[162],"Prayer Wheel":12,"obtain_stats":[{"Potion Belt":24,"Happy Flower":17,"Dead Branch":39,"Oddly Smooth Stone":11,"StoneCalendar":0,"Eternal Feather":17,"Bag of Preparation":6,"War Paint":43,"Burning Blood":0,"Akabeko":54,"Calling Bell":17,"Ornamental Fan":3,"Pantograph":19,"Bronze Scales":48,"Prayer Wheel":17,"Fusion Hammer":34,"Red Mask":36,"Toxic Egg 2":9,"FossilizedHelix":8,"Toy Ornithopter":40},{"Potion Belt":11,"Happy Flower":7,"Dead Branch":19,"Oddly Smooth Stone":4,"StoneCalendar":0,"Eternal Feather":7,"Bag of Preparation":4,"War Paint":20,"Burning Blood":0,"Akabeko":25,"Calling Bell":7,"Ornamental Fan":2,"Pantograph":8,"Bronze Scales":23,"Prayer Wheel":7,"Fusion Hammer":15,"Red Mask":16,"Toxic Egg 2":4,"FossilizedHelix":4,"Toy Ornithopter":20},{"Potion Belt":70,"Happy Flower":40,"Dead Branch":116,"Oddly Smooth Stone":21,"StoneCalendar":0,"Eternal Feather":40,"Bag of Preparation":21,"War Paint":123,"Burning Blood":0,"Akabeko":156,"Calling Bell":40,"Ornamental Fan":8,"Pantograph":47,"Bronze Scales":141,"Prayer Wheel":40,"Fusion Hammer":99,"Red Mask":105,"Toxic Egg 2":21,"FossilizedHelix":21,"Toy Ornithopter":123}],"Toy Ornithopter":21},"card_choices":[{"not_picked":["Warcry","Heavy Blade"],"picked":"Shrug It Off","floor":1},{"not_picked":["Pommel Strike","Inflame"],"picked":"Body Slam","floor":2},{"not_picked":["Combust","Clash","Bloodletting"],"picked":"SKIP","floor":4},{"not_picked":["Shrug It Off","Intimidate"],"picked":"Barricade","floor":6},{"not_picked":["Clothesline","Headbutt","Rupture"],"picked":"SKIP","floor":12},{"not_picked":["Searing Blow","Wild Strike","Twin Strike"],"picked":"SKIP","floor":14},{"not_picked":["Clash","Perfected Strike+1"],"picked":"Shockwave+1","floor":18},{"not_picked":["Sword Boomerang","True Grit+1","Inflame"],"picked":"SKIP","floor":18},{"not_picked":["Ghostly Armor+1","Sword Boomerang+1"],"picked":"Flame Barrier+1","floor":20},{"not_picked":["Clash","Heavy Blade+1","Flex+1"],"picked":"SKIP","floor":20},{"not_picked":["Body Slam+1","Perfected Strike"],"picked":"Armaments+1","floor":21},{"not_picked":["Perfected Strike+1","Demon Form"],"picked":"Shockwave+1","floor":21},{"not_picked":["Uppercut","Armaments+1","Flex+1"],"picked":"SKIP","floor":24},{"not_picked":["Anger","Thunderclap+1"],"picked":"Body Slam+1","floor":25},{"not_picked":["Havoc+1","Anger+1","Immolate"],"picked":"SKIP","floor":25},{"not_picked":["Body Slam","Searing Blow"],"picked":"Spot Weakness+1","floor":29},{"not_picked":["Headbutt","Flex+1"],"picked":"Body Slam+1","floor":29},{"not_picked":["True Grit+1","Sever Soul+1","Heavy Blade+1"],"picked":"SKIP","floor":30},{"not_picked":["Sword Boomerang","Evolve","Cleave"],"picked":"SKIP","floor":30},{"not_picked":["Reaper","Exhume+1"],"picked":"Feed","floor":33},{"not_picked":["Anger","Sword Boomerang+1"],"picked":"Metallicize","floor":35},{"not_picked":["Blood for Blood","Pommel Strike","Iron Wave"],"picked":"SKIP","floor":35},{"not_picked":["Wild Strike+1","Intimidate+1","Perfected Strike+1"],"picked":"SKIP","floor":37},{"not_picked":["Whirlwind","Flex+1","Anger+1"],"picked":"SKIP","floor":37},{"not_picked":["Pummel+1","Bludgeon"],"picked":"Body Slam+1","floor":38},{"not_picked":["Warcry+1","Perfected Strike+1"],"picked":"Shockwave+1","floor":38},{"not_picked":["Cleave","Uppercut","Combust+1"],"picked":"SKIP","floor":40},{"not_picked":["HandOfGreed","Bandage Up+1"],"picked":"Panacea+1","floor":44},{"not_picked":["Dark Embrace+1","Clash","Cleave"],"picked":"SKIP","floor":45},{"not_picked":["Cleave","Twin Strike+1","Reckless Charge"],"picked":"SKIP","floor":45},{"not_picked":["Dark Embrace+1","Clash","Cleave"],"picked":"SKIP","floor":45},{"not_picked":["Cleave","Twin Strike+1","Reckless Charge"],"picked":"SKIP","floor":45},{"not_picked":["Iron Wave","Armaments+1"],"picked":"Shrug It Off+1","floor":46},{"not_picked":["Offering+1","Inflame+1","Clash+1"],"picked":"SKIP","floor":46},{"not_picked":["Heavy Blade+1","Second Wind+1"],"picked":"Shrug It Off+1","floor":47},{"not_picked":["Anger","Bloodletting+1","Twin Strike"],"picked":"SKIP","floor":47},{"not_picked":["Evolve","Ghostly Armor+1"],"picked":"Entrench+1","floor":54}],"player_experience":164267,"relics_obtained":[{"floor":6,"key":"Bag of Preparation"},{"floor":9,"key":"Toxic Egg 2"},{"floor":17,"key":"Happy Flower"},{"floor":17,"key":"Eternal Feather"},{"floor":17,"key":"Prayer Wheel"},{"floor":19,"key":"Pantograph"},{"floor":24,"key":"Potion Belt"},{"floor":39,"key":"Dead Branch"},{"floor":40,"key":"Toy Ornithopter"},{"floor":43,"key":"War Paint"},{"floor":54,"key":"Akabeko"}],"event_choices":[{"damage_healed":0,"gold_gain":0,"player_choice":"Box","damage_taken":0,"relics_obtained":["Ornamental Fan"],"max_hp_gain":0,"max_hp_loss":0,"event_name":"Big Fish","floor":3,"gold_loss":0,"cards_obtained":["Regret"]},{"cards_removed":["Regret"],"damage_healed":0,"gold_gain":0,"player_choice":"Card Removal","damage_taken":7,"max_hp_gain":0,"max_hp_loss":0,"event_name":"Golden Wing","floor":5,"gold_loss":0},{"damage_healed":0,"gold_gain":0,"player_choice":"Success","damage_taken":33,"relics_obtained":["FossilizedHelix"],"max_hp_gain":0,"max_hp_loss":0,"event_name":"Scrap Ooze","floor":8,"gold_loss":0},{"damage_healed":0,"gold_gain":0,"player_choice":"Relic","damage_taken":0,"max_hp_gain":0,"max_hp_loss":0,"event_name":"Wheel of Change","floor":19,"gold_loss":0},{"damage_healed":0,"gold_gain":0,"player_choice":"Ignored","damage_taken":0,"max_hp_gain":0,"max_hp_loss":0,"event_name":"Vampires","floor":31,"gold_loss":0},{"damage_healed":0,"gold_gain":0,"player_choice":"Paid","damage_taken":0,"relics_obtained":["Red Mask"],"max_hp_gain":0,"max_hp_loss":0,"event_name":"Tomb of Lord Red Mask","floor":36,"gold_loss":171},{"damage_healed":0,"gold_gain":0,"player_choice":"Fight","damage_taken":0,"max_hp_gain":0,"max_hp_loss":0,"event_name":"MindBloom","floor":39,"gold_loss":0},{"damage_healed":0,"gold_gain":0,"player_choice":"Memory 3","damage_taken":10,"max_hp_gain":0,"max_hp_loss":0,"event_name":"SensoryStone","floor":44,"gold_loss":0}],"is_beta":false,"boss_relics":[{"not_picked":["Busted Crown","Velvet Choker"],"picked":"Calling Bell"},{"not_picked":["Runic Pyramid","Runic Cube"],"picked":"Fusion Hammer"}],"items_purged_floors":[22,27],"is_endless":false,"potions_floor_spawned":[4,14,20,24,29,30,38,39,47,54],"ascension_level":0}}