{"host":"l4li6saph8sy2zni","time":1608459240,"event":{"mods":["AchievementEnabler","Aspiration","BaseMod","BetterRewards","CCEM","Colored Map","Colored Powertips","Conspire","Downfall","Energized Spire","GifTheSpireLib","Highlight Path","Hubris","Infinite Spire","Mimic Mod","Minty Spire (QoL Compilation)","Permanent Neow","Quick Restart","Relic Filter","Replay The Spire","Shop Mod","StSLib","Stuff the Spire","The Hierophant"],"gold_per_floor":[99,549,568,579,579,597,597,597,597,624,624,624,541,554,566,566,566],"floor_reached":16,"playtime":950,"items_purged":[],"score":100,"play_id":"93572969-ead9-4c63-b324-1677dbbeb28a","local_time":"20201220101400","is_ascension_mode":false,"campfire_choices":[{"data":"hexamod:RainOfEmbers","floor":1,"key":"SMITH"},{"data":"hexamod:Float","floor":8,"key":"SMITH"}],"circlet_count":0,"master_deck":["hexamod:Strike","hexamod:Strike","hexamod:Strike","hexamod:Strike","hexamod:Defend","hexamod:Defend","hexamod:Defend","hexamod:Defend","hexamod:Sear","hexamod:Float+1","hexamod:RainOfEmbers+1","Slimebound:Icky","Slimebound:Icky","Slimebound:Icky","hexamod:SpectersWail","hexamod:GhostflameBarrier","hexamod:Sear","hexamod:ThirdSeal","hexamod:HauntingEcho","hexamod:ExtraCrispy","hexamod:AdvancingGuard","hexamod:RadiantFlame","hexamod:StepThrough","hexamod:AdvancingGuard","hexamod:BacktrackSmack","hexamod:FastForward","hexamod:FifthSeal"],"relics":["hexamod:SpiritBrand","Ornamental Fan","Vajra","Bottled Flame","hubris:Towel"],"acts_visited":["Exordium"],"potions_floor_usage":[],"damage_taken":[{"damage":6,"enemies":"Small Slimes","floor":3,"turns":4},{"damage":4,"enemies":"Cultist","floor":4,"turns":4},{"damage":2,"enemies":"2 Louse","floor":6,"turns":4},{"damage":15,"enemies":"3 Sentries","floor":10,"turns":8},{"damage":0,"enemies":"downfall:FleeingMerchant","floor":13,"turns":4},{"damage":1,"enemies":"Blue Slaver","floor":14,"turns":3},{"damage":16,"enemies":"Exordium Wildlife","floor":15,"turns":4},{"damage":41,"enemies":"downfall:Defect","floor":16,"turns":5}],"seed_played":"2891211081326952505","potions_obtained":[{"floor":6,"key":"Fire Potion"},{"floor":10,"key":"Toxic Potion"},{"floor":14,"key":"Guardian:BlockOnCardUsePotion"}],"is_trial":false,"path_per_floor":["R","?","M","M","?","M","T","R","$","E","?","?","$","M","M","B"],"character_chosen":"THE_SPIRIT","items_purchased":["Vajra","hexamod:StepThrough"],"campfire_rested":0,"item_purchase_floors":[9,13],"current_hp_per_floor":[70,70,64,60,60,58,58,58,48,33,56,56,56,55,39,0,0],"gold":566,"neow_bonus":"THREE_CARDS","is_daily":false,"chose_seed":false,"campfire_upgraded":2,"win_rate":0.0,"timestamp":1608459240,"path_taken":["R","?","M","M","?","?","T","R","?","E","?","?","?","M","M","BOSS"],"items_purchased_type":["Relic","Card"],"build_version":"2020-12-13","purchased_purges":0,"victory":false,"max_hp_per_floor":[70,70,70,70,70,70,70,70,70,70,70,70,70,70,70,70,70],"card_choices":[{"not_picked":["hexamod:NightmareStrike","hexamod:RecurringNightmare"],"picked":"hexamod:RainOfEmbers","floor":0},{"not_picked":["hexamod:RetreatToShadows","hexamod:Again"],"picked":"hexamod:SpectersWail","floor":3},{"not_picked":["hexamod:Incineration","hexamod:HeatShield"],"picked":"hexamod:GhostflameBarrier","floor":4},{"not_picked":["hexamod:GhostShield","hexamod:GhostLash"],"picked":"hexamod:ThirdSeal","floor":6},{"not_picked":["hexamod:ShieldOfDarkness","hexamod:GhostShield"],"picked":"hexamod:HauntingEcho","floor":10},{"not_picked":["hexamod:EmpoweredFlame","hexamod:BacktrackSmack"],"picked":"hexamod:ExtraCrispy","floor":10},{"not_picked":["hexamod:CrushingStance","hexamod:SpectersWail"],"picked":"hexamod:AdvancingGuard","floor":13},{"not_picked":["hexamod:NecessarySacrifice","hexamod:InspiringFlames"],"picked":"hexamod:RadiantFlame","floor":13},{"not_picked":["hexamod:Again","hexamod:GhostLash"],"picked":"hexamod:AdvancingGuard","floor":14},{"not_picked":["hexamod:FastForward","hexamod:GhostShield"],"picked":"hexamod:BacktrackSmack","floor":14},{"not_picked":["hexamod:SecondSeal","hexamod:BacktrackSmack"],"picked":"hexamod:FastForward","floor":15},{"not_picked":["hexamod:SpectersWail","hexamod:Firestarter"],"picked":"hexamod:FifthSeal","floor":15}],"player_experience":93311,"relics_obtained":[{"floor":7,"key":"Ornamental Fan"},{"floor":10,"key":"Bottled Flame"}],"event_choices":[{"damage_healed":23,"gold_gain":0,"player_choice":"Banana","damage_taken":0,"max_hp_gain":0,"max_hp_loss":0,"event_name":"Big Fish","floor":11,"gold_loss":0}],"is_beta":false,"boss_relics":[],"items_purged_floors":[],"is_endless":false,"potions_floor_spawned":[6,10,14],"killed_by":"downfall:Defect","ascension_level":0}}