{"host":"38maufg2dcy7va3m","time":1608445026,"event":{"mods":["BaseMod","Downfall","Hermit","Minty Spire (QoL Compilation)","StSLib"],"gold_per_floor":[111,126,126,15,32,32,66,82,105,115,130,130,147,157,157,256,256,275,275,292,25,37,37,68,68,68,68,87,87,97,114,114,214,214,226,236,286,286,297,297,309,2,2,15,32,44,44,44],"floor_reached":47,"playtime":3991,"items_purged":["Defend_G"],"score":507,"play_id":"7a48ca03-36e8-4453-8339-9b1e1ca37ca9","local_time":"20201219221706","is_ascension_mode":false,"campfire_choices":[{"data":"Neutralize","floor":6,"key":"SMITH"},{"data":"Accuracy","floor":15,"key":"SMITH"},{"data":"Blade Dance","floor":23,"key":"SMITH"},{"data":"Blade Dance","floor":25,"key":"SMITH"},{"floor":27,"key":"REST"},{"floor":32,"key":"REST"},{"floor":40,"key":"REST"}],"circlet_count":0,"master_deck":["Survivor","Neutralize+1","Footwork","Accuracy+1","Caltrops","Dash","Backstab","Blade Dance+1","Footwork","Deadly Poison","Poisoned Stab","Bane","PiercingWail","Corpse Explosion","Dodge and Roll","Blade Dance+1","Corpse Explosion","Deflect","Poisoned Stab+1","Deflect+1","Bouncing Flask","Outmaneuver","All Out Attack+1","Dagger Throw","Storm of Steel","Blur","Bane","Corpse Explosion","Concentrate","Footwork","Finisher","Sucker Punch+1","Backflip+1","Quick Slash","Writhe","PiercingWail+1","Footwork","Endless Agony","Die Die Die","PiercingWail+1","Parasite","Poisoned Stab+1"],"relics":["Ring of the Snake","Pen Nib","Bag of Preparation","Juzu Bracelet","Empty Cage","Bronze Scales","Mummified Hand","Pandora\u0027s Box","Lizard Tail","Pantograph"],"acts_visited":["Exordium","TheCity","TheBeyond"],"potions_floor_usage":[7,8,16,16,20,22,24,30,33,36,37,41,44,44,46],"damage_taken":[{"damage":0,"enemies":"Small Slimes","floor":1,"turns":5},{"damage":0,"enemies":"2 Louse","floor":2,"turns":3},{"damage":0,"enemies":"Cultist","floor":5,"turns":4},{"damage":1,"enemies":"Gremlin Nob","floor":7,"turns":3},{"damage":0,"enemies":"Lots of Slimes","floor":8,"turns":3},{"damage":0,"enemies":"Gremlin Gang","floor":10,"turns":4},{"damage":0,"enemies":"Looter","floor":11,"turns":2},{"damage":0,"enemies":"3 Louse","floor":13,"turns":2},{"damage":0,"enemies":"Lots of Slimes","floor":14,"turns":3},{"damage":32,"enemies":"Hexaghost","floor":16,"turns":7},{"damage":0,"enemies":"Spheric Guardian","floor":18,"turns":1},{"damage":1,"enemies":"Shell Parasite","floor":20,"turns":10},{"damage":5,"enemies":"Snake Plant","floor":22,"turns":5},{"damage":10,"enemies":"Slavers","floor":24,"turns":2},{"damage":0,"enemies":"Shelled Parasite and Fungi","floor":28,"turns":4},{"damage":7,"enemies":"Snecko","floor":30,"turns":4},{"damage":5,"enemies":"Cultist and Chosen","floor":31,"turns":5},{"damage":44,"enemies":"Collector","floor":33,"turns":8},{"damage":2,"enemies":"Orb Walker","floor":35,"turns":4},{"damage":21,"enemies":"3 Darklings","floor":36,"turns":3},{"damage":10,"enemies":"Mind Bloom Boss Battle","floor":37,"turns":6},{"damage":19,"enemies":"Spire Growth","floor":39,"turns":5},{"damage":10,"enemies":"Sphere and 2 Shapes","floor":41,"turns":3},{"damage":13,"enemies":"3 Darklings","floor":44,"turns":2},{"damage":36,"enemies":"Maw","floor":45,"turns":7},{"damage":15,"enemies":"Writhing Mass","floor":46,"turns":5},{"damage":43,"enemies":"Giant Head","floor":47,"turns":6}],"seed_played":"2269200583550058820","potions_obtained":[{"floor":2,"key":"champ:CounterPotion"},{"floor":7,"key":"Poison Potion"},{"floor":10,"key":"FearPotion"},{"floor":11,"key":"Regen Potion"},{"floor":14,"key":"PowerPotion"},{"floor":20,"key":"Dexterity Potion"},{"floor":24,"key":"Weak Potion"},{"floor":31,"key":"SneckoOil"},{"floor":35,"key":"Weak Potion"},{"floor":36,"key":"Energy Potion"},{"floor":37,"key":"Energy Potion"},{"floor":45,"key":"LiquidBronze"}],"is_trial":false,"path_per_floor":["M","M","?","$","M","R","E","M","T","M","M","?","M","M","R","B",null,"M","?","M","$","M","R","E","R","T","R","M","?","M","M","R","B",null,"M","M","?","?","M","R","M","$","T","M","M","M","E"],"character_chosen":"THE_SILENT","items_purchased":["Caltrops","Dash","Corpse Explosion","Poison Potion","Footwork","Endless Agony","Fruit Juice","SneckoOil"],"campfire_rested":3,"item_purchase_floors":[4,4,21,21,42,42,42,42],"current_hp_per_floor":[70,70,75,75,75,75,74,74,74,74,74,74,74,74,74,42,75,75,68,74,74,69,69,59,59,59,75,75,75,68,63,75,31,75,73,52,42,61,42,64,54,54,54,46,10,35,0,0],"gold":44,"neow_bonus":"RANDOM_COMMON_RELIC","is_daily":false,"chose_seed":false,"campfire_upgraded":4,"win_rate":0.0,"timestamp":1608445026,"path_taken":["M","M","?","$","M","R","E","M","T","M","M","?","M","M","R","BOSS","M","?","M","$","M","R","E","R","T","R","M","?","M","M","R","BOSS","M","M","?","?","M","R","M","$","T","M","M","M","E"],"items_purchased_type":["Card","Card","Card","Potion","Card","Card","Potion","Potion"],"build_version":"2020-12-13","purchased_purges":1,"victory":false,"max_hp_per_floor":[70,70,75,75,75,75,75,75,75,75,75,75,75,75,75,75,75,75,75,75,75,75,75,75,75,75,75,75,75,75,75,75,75,75,75,75,75,75,75,75,75,75,75,80,80,80,80,80],"card_choices":[{"not_picked":["Dodge and Roll","Skewer"],"picked":"Footwork","floor":1},{"not_picked":["Bouncing Flask","PiercingWail"],"picked":"Accuracy","floor":2},{"not_picked":["Masterful Stab","Concentrate"],"picked":"Backstab","floor":5},{"not_picked":["After Image","Dodge and Roll"],"picked":"Blade Dance","floor":7},{"not_picked":["Caltrops","Prepared"],"picked":"Footwork","floor":8},{"not_picked":["Tactician","Outmaneuver"],"picked":"Deadly Poison","floor":10},{"not_picked":["Predator","Dagger Throw"],"picked":"Poisoned Stab","floor":11},{"not_picked":["Underhanded Strike","Flechettes"],"picked":"Bane","floor":13},{"not_picked":["Distraction","Poisoned Stab"],"picked":"PiercingWail","floor":14},{"not_picked":["Doppelganger","A Thousand Cuts"],"picked":"Corpse Explosion","floor":16},{"not_picked":["Expertise+1","Slice"],"picked":"Dodge and Roll","floor":18},{"not_picked":["Footwork+1","Infinite Blades"],"picked":"Blade Dance","floor":20},{"not_picked":["Dagger Throw","Finisher"],"picked":"Deflect","floor":22},{"not_picked":["Well Laid Plans+1","Prepared"],"picked":"Poisoned Stab+1","floor":24},{"not_picked":["Eviscerate","Bullet Time"],"picked":"Deflect+1","floor":28},{"not_picked":["Deflect","Outmaneuver"],"picked":"All Out Attack+1","floor":30},{"not_picked":["Outmaneuver","Dagger Spray"],"picked":"Dagger Throw","floor":31},{"not_picked":["Glass Knife","Bullet Time"],"picked":"Storm of Steel","floor":33},{"not_picked":["Expertise","Blade Dance"],"picked":"Sucker Punch+1","floor":35},{"not_picked":["Leg Sweep","Crippling Poison+1"],"picked":"Backflip+1","floor":36},{"not_picked":["Finisher","Riddle With Holes"],"picked":"Quick Slash","floor":37},{"not_picked":["Underhanded Strike","Heel Hook+1","Masterful Stab"],"picked":"SKIP","floor":39},{"not_picked":["Bane","Riddle With Holes+1"],"picked":"PiercingWail+1","floor":41},{"not_picked":["Underhanded Strike","Backflip"],"picked":"Die Die Die","floor":44},{"not_picked":["Escape Plan","Masterful Stab"],"picked":"PiercingWail+1","floor":45},{"not_picked":["Riddle With Holes+1","Skewer+1"],"picked":"Poisoned Stab+1","floor":46}],"player_experience":185302,"relics_obtained":[{"floor":7,"key":"Bag of Preparation"},{"floor":9,"key":"Juzu Bracelet"},{"floor":24,"key":"Bronze Scales"},{"floor":26,"key":"Mummified Hand"},{"floor":37,"key":"Lizard Tail"},{"floor":43,"key":"Pantograph"}],"event_choices":[{"damage_healed":0,"gold_gain":0,"player_choice":"Donut","damage_taken":0,"max_hp_gain":5,"max_hp_loss":0,"event_name":"Big Fish","floor":3,"gold_loss":0},{"cards_removed":["Strike_G"],"damage_healed":0,"gold_gain":0,"player_choice":"Purged","damage_taken":0,"max_hp_gain":0,"max_hp_loss":0,"event_name":"Purifier","floor":12,"gold_loss":0},{"damage_healed":0,"gold_gain":0,"player_choice":"Damaged","damage_taken":7,"max_hp_gain":0,"max_hp_loss":0,"event_name":"Wheel of Change","floor":19,"gold_loss":0},{"damage_healed":0,"gold_gain":0,"player_choice":"2 cards matched","damage_taken":0,"max_hp_gain":0,"max_hp_loss":0,"event_name":"Match and Keep!","floor":29,"gold_loss":0,"cards_obtained":["Bouncing Flask","Outmaneuver"]},{"damage_healed":0,"gold_gain":0,"player_choice":"Fight","damage_taken":0,"max_hp_gain":0,"max_hp_loss":0,"event_name":"MindBloom","floor":37,"gold_loss":0},{"damage_healed":19,"gold_gain":0,"player_choice":"Writhe","damage_taken":0,"max_hp_gain":0,"max_hp_loss":0,"event_name":"Winding Halls","floor":38,"gold_loss":0,"cards_obtained":["Writhe"]}],"is_beta":false,"boss_relics":[{"not_picked":["Cursed Key","Ring of the Serpent"],"picked":"Empty Cage"},{"not_picked":["Snecko Eye","Tiny House"],"picked":"Pandora\u0027s Box"}],"items_purged_floors":[21],"is_endless":false,"potions_floor_spawned":[2,7,10,11,14,20,24,31,35,36,37,45],"killed_by":"Giant Head","ascension_level":0}}