{"host":"5iqr6jnxsq1ojyp4","time":1608442658,"event":{"mods":["AchievementEnabler","BaseMod","Better Altar","Better Match","Better Note","Better Sensory Stone","Better Skull","Better Third Choice","BetterRewards","Block Reminder","CCEM","Colored Map","Colored Powertips","Downfall","Googly Eyes","Highlight Path","Minty Spire (QoL Compilation)","Permanent Neow","Quick Restart","Rare Cards Sparkle","Relic Stats","Replay The Spire","StSLib","Unceasing Turn Reminder"],"gold_per_floor":[99,119,269,269,269,299,299,315,315,315,332,342,342,358,378,478,478,478,478,403,403,12,40,63,63,73,73,91,91,108,108,121,226,226,151,151,164,164,192,192,192,208,227,227,212,230,244,52,68,68],"floor_reached":51,"playtime":5621,"items_purged":["Slimebound:Icky"],"score":672,"play_id":"b2d980d7-b570-49e9-a095-2e96220e9449","local_time":"20201219213738","is_ascension_mode":false,"campfire_choices":[{"data":"Guardian:TimeSifter","floor":1.0,"key":"SMITH"},{"data":"Guardian:TwinSlam","floor":4.0,"key":"SMITH"},{"floor":10.0,"key":"REST"},{"data":"Guardian:SentryBeam","floor":18.0,"key":"SMITH"},{"data":"Replay:SS_forest_6","floor":25.0,"key":"SMITH"},{"data":"Guardian:PrimingBeam","floor":25.0,"key":"SMITH"},{"data":"Guardian:BronzeArmor","floor":27.0,"key":"SMITH"},{"data":"Guardian:SpikerProtocol","floor":27.0,"key":"SMITH"},{"data":"Guardian:BronzeOrb","floor":35.0,"key":"SMITH"},{"data":"Guardian:Preprogram","floor":35.0,"key":"SMITH"},{"floor":40.0,"key":"REST"},{"floor":44.0,"key":"REST"}],"circlet_count":0,"master_deck":["Guardian:Strike_Guardian","Guardian:Strike_Guardian","Guardian:Defend_Guardian","Guardian:CurlUp","Guardian:TwinSlam+1","Guardian:TimeSifter+1","Guardian:BronzeArmor","Metamorphosis","Guardian:SpikerProtocol+1","Guardian:SentryBeam+1","Guardian:ConstructionForm+1","Guardian:VentSteam","Guardian:TemporalShield","Guardian:StasisStrike","Replay:SS_forest_6+1","Guardian:Preprogram+1","Guardian:BronzeArmor+1","Guardian:BronzeOrb+1","Guardian:RevengeProtocol","Guardian:EvasiveProtocol+1","Guardian:SphericShield+1","Guardian:WalkerClaw+1","Guardian:Planning+1","Guardian:DonusPower+1","Guardian:Suspension","Guardian:TemporalStrike","Guardian:Reroute+1","Guardian:SpikerProtocol+1","Guardian:PrimingBeam+1","Guardian:ChargeUp","Guardian:Gem_Cyan","Guardian:TimeCapacitor","Guardian:Recover"],"relics":["Guardian:ModeShifterPlus","Girya","Torii","Replay:Arrowhead","Art of War","Nunchaku","Astrolabe","downfall:HeartBlessingGreen","Replay:Mystery Machine","Singing Bowl"],"acts_visited":["Exordium","TheCity","TheBeyond"],"potions_floor_usage":[50,50],"damage_taken":[{"damage":6.0,"enemies":"Small Slimes","floor":2.0,"turns":4.0},{"damage":21.0,"enemies":"Lagavulin","floor":6.0,"turns":8.0},{"damage":11.0,"enemies":"Jaw Worm","floor":8.0,"turns":3.0},{"damage":1.0,"enemies":"Cultist","floor":11.0,"turns":4.0},{"damage":0.0,"enemies":"2 Fungi Beasts","floor":12.0,"turns":3.0},{"damage":7.0,"enemies":"Blue Slaver","floor":14.0,"turns":4.0},{"damage":15.0,"enemies":"3 Louse","floor":15.0,"turns":4.0},{"damage":15.0,"enemies":"downfall:Watcher","floor":16.0,"turns":11.0},{"damage":0.0,"enemies":"downfall:FleeingMerchant","floor":22.0,"turns":4.0},{"damage":26.0,"enemies":"Gremlin Leader","floor":23.0,"turns":9.0},{"damage":0.0,"enemies":"Chosen","floor":26.0,"turns":5.0},{"damage":0.0,"enemies":"Shell Parasite","floor":28.0,"turns":5.0},{"damage":0.0,"enemies":"Cultist and Chosen","floor":30.0,"turns":5.0},{"damage":1.0,"enemies":"Centurion and Healer","floor":32.0,"turns":6.0},{"damage":64.0,"enemies":"downfall:Ironclad","floor":33.0,"turns":10.0},{"damage":0.0,"enemies":"Orb Walker","floor":37.0,"turns":4.0},{"damage":75.0,"enemies":"Reptomancer","floor":39.0,"turns":10.0},{"damage":10.0,"enemies":"3 Darklings","floor":42.0,"turns":7.0},{"damage":0.0,"enemies":"Transient","floor":43.0,"turns":5.0},{"damage":2.0,"enemies":"downfall:FleeingMerchant","floor":45.0,"turns":4.0},{"damage":7,"enemies":"Maw","floor":46,"turns":8},{"damage":22,"enemies":"4 Shapes","floor":47,"turns":7},{"damage":0,"enemies":"downfall:FleeingMerchant","floor":48,"turns":4},{"damage":15,"enemies":"Transient","floor":49,"turns":5},{"damage":7,"enemies":"downfall:Defect","floor":50,"turns":10}],"seed_played":"8540832541305967297","potions_obtained":[{"floor":2.0,"key":"Doom Potion"},{"floor":12.0,"key":"Elixir"},{"floor":14.0,"key":"SkillPotion"},{"floor":32.0,"key":"AttackPotion"},{"floor":33.0,"key":"Guardian:AcceleratePotion"},{"floor":37.0,"key":"BlessingOfTheForge"},{"floor":49,"key":"Milkshake"}],"is_trial":false,"path_per_floor":["R","M","?","R","?","E","T","M","?","R","M","M","?","M","M","B",null,"R","?","?","?","$","E","T","R","M","R","M","?","M","?","M","B",null,"R","?","M","?","E","R","T","M","M","R","$","M","M","$","M","B",null],"character_chosen":"GUARDIAN","items_purchased":["Replay:Arrowhead","Guardian:ChargeUp","Guardian:Gem_Cyan","Guardian:TimeCapacitor"],"campfire_rested":3,"item_purchase_floors":[22,48,48,48],"current_hp_per_floor":[80,74,74,74,74,53,53,42,42,66,65,65,65,58,43,28,80,80,80,80,80,80,54,54,54,54,54,54,54,54,80,79,15,80,80,80,80,80,5,29,29,31,43,67,77,70,60,60,57,62],"gold":68,"neow_bonus":"ONE_RANDOM_RARE_CARD","is_daily":false,"chose_seed":false,"campfire_upgraded":9,"win_rate":0.0,"timestamp":1608442658,"path_taken":["R","M","?","R","?","E","T","?","?","R","M","M","?","M","M","BOSS","R","?","?","?","$","E","T","R","?","R","?","?","M","?","M","BOSS","R","?","M","?","E","R","T","M","M","R","$","M","M","?","M","BOSS"],"items_purchased_type":["Relic","Card","Card","Card"],"build_version":"2020-12-13","purchased_purges":1,"victory":true,"max_hp_per_floor":[80,80,80,80,80,80,80,80,80,80,80,80,80,80,80,80,80,80,80,80,80,80,80,80,80,80,80,80,80,80,80,80,80,80,80,80,80,80,80,80,80,80,80,80,80,80,80,80,80,80],"relic_stats":{"Nunchaku":[22],"Torii":19,"Singing Bowl":0,"counters":[25,149],"Astrolabe":["Guardian:EvasiveProtocol","Guardian:SphericShield","Guardian:WalkerClaw"],"Art of War":[8],"obtain_stats":[{"Girya":6,"Nunchaku":24,"Torii":7,"Guardian:ModeShifterPlus":17,"Singing Bowl":41,"Astrolabe":34,"Guardian:ModeShifter":0,"downfall:HeartBlessingGreen":35,"Art of War":23,"Replay:Mystery Machine":39,"Replay:Arrowhead":22},{"Girya":2,"Nunchaku":10,"Torii":2,"Guardian:ModeShifterPlus":8,"Singing Bowl":17,"Astrolabe":15,"Guardian:ModeShifter":0,"downfall:HeartBlessingGreen":15,"Art of War":10,"Replay:Mystery Machine":17,"Replay:Arrowhead":9},{"Girya":12,"Nunchaku":54,"Torii":12,"Guardian:ModeShifterPlus":41,"Singing Bowl":99,"Astrolabe":85,"Guardian:ModeShifter":0,"downfall:HeartBlessingGreen":85,"Art of War":54,"Replay:Mystery Machine":99,"Replay:Arrowhead":45}]},"card_choices":[{"not_picked":["Guardian:PiercingHide","Guardian:RollAttack"],"picked":"Guardian:BronzeArmor","floor":2.0},{"not_picked":["expansioncontent:DashGenerateEvil","Replay:SS_hec_2"],"picked":"Metamorphosis","floor":5.0},{"not_picked":["Guardian:GuardianWhirl","Guardian:Gem_Cyan"],"picked":"Guardian:SpikerProtocol","floor":6.0},{"not_picked":["Guardian:Suspension","Guardian:Gem_Green"],"picked":"Guardian:SentryBeam","floor":8.0},{"not_picked":["Guardian:MultiBeam","Guardian:FloatingOrbs","Guardian:WalkerClaw"],"picked":"SKIP","floor":11.0},{"not_picked":["Guardian:Planning","Guardian:Gem_Cyan"],"picked":"Guardian:VentSteam","floor":12.0},{"not_picked":["Guardian:VentSteam","Guardian:Planning"],"picked":"Guardian:ShieldCharger","floor":14.0},{"not_picked":["Guardian:StasisField","Guardian:VentSteam"],"picked":"Guardian:TemporalShield","floor":15.0},{"not_picked":["Guardian:HyperBeam_Guardian","Guardian:RevengeProtocol"],"picked":"Guardian:StasisStrike","floor":16.0},{"not_picked":["Finesse","Impatience"],"picked":"Replay:SS_forest_6","floor":20.0},{"not_picked":["Guardian:PiercingHide","Guardian:CrystalBeam"],"picked":"Guardian:PrimingBeam","floor":20.0},{"not_picked":["Guardian:BaubleBeam","Guardian:ArmoredProtocol"],"picked":"Guardian:Preprogram","floor":22.0},{"not_picked":["Guardian:Incinerate+1","Guardian:FloatingOrbs"],"picked":"Guardian:BronzeArmor","floor":23.0},{"not_picked":["Guardian:PrismaticBarrier","Guardian:Planning+1"],"picked":"Guardian:Gem_Blue","floor":26.0},{"not_picked":["Guardian:PrimingBeam","Guardian:Repulse"],"picked":"Guardian:BronzeOrb","floor":28.0},{"not_picked":["Guardian:Gem_Fragmented","Guardian:ShieldCharger"],"picked":"Guardian:Gem_Lightblue","floor":30.0},{"not_picked":["Guardian:PrimingBeam+1","Guardian:PrismaticBarrier"],"picked":"Guardian:Gem_Cyan","floor":32.0},{"not_picked":["Guardian:HyperBeam_Guardian","Guardian:ExploitGems"],"picked":"Guardian:RevengeProtocol","floor":33.0},{"not_picked":["Guardian:Reroute","Guardian:Gem_Blue"],"picked":"Guardian:Planning+1","floor":37.0},{"not_picked":["Guardian:ShieldCharger","Guardian:Planning"],"picked":"Guardian:DonusPower+1","floor":39.0},{"not_picked":["Guardian:PrimingBeam","Guardian:Reroute+1"],"picked":"Guardian:Suspension","floor":42.0},{"not_picked":["Guardian:Planning+1","Guardian:Emergency"],"picked":"Guardian:Gem_Green","floor":43.0},{"not_picked":["Guardian:ExploitGems","Guardian:BronzeOrb"],"picked":"Guardian:TemporalStrike","floor":45.0},{"not_picked":["Guardian:PrimingBeam+1","Guardian:PrismaticBarrier+1"],"picked":"Guardian:Reroute+1","floor":46},{"not_picked":["Guardian:RefractedBeam","Guardian:ChargeCore"],"picked":"Guardian:SpikerProtocol+1","floor":47},{"not_picked":["Guardian:CrystalBeam","Guardian:Planning+1"],"picked":"Guardian:PrimingBeam+1","floor":48},{"not_picked":["Guardian:RollAttack","Guardian:Planning+1"],"picked":"Guardian:Recover","floor":49}],"player_experience":278491,"relics_obtained":[{"floor":6.0,"key":"Girya"},{"floor":7.0,"key":"Torii"},{"floor":23.0,"key":"Art of War"},{"floor":24.0,"key":"Nunchaku"},{"floor":39.0,"key":"Replay:Mystery Machine"},{"floor":41.0,"key":"Singing Bowl"}],"event_choices":[{"damage_healed":0.0,"max_hp_gain":0.0,"max_hp_loss":0.0,"gold_gain":1.0,"event_name":"betterStone:BetterStone","player_choice":"1","floor":5.0,"gold_loss":0.0,"damage_taken":0.0},{"cards_removed":["Guardian:ConstructionForm"],"damage_healed":0.0,"max_hp_gain":0.0,"max_hp_loss":0.0,"gold_gain":0.0,"event_name":"betterNote:BetterNote","player_choice":"Give","floor":19.0,"gold_loss":0.0,"damage_taken":0.0,"cards_obtained":["Slimebound:Split"]},{"damage_healed":0.0,"max_hp_gain":0.0,"max_hp_loss":0.0,"gold_gain":0.0,"event_name":"betterMatch:BetterMatch","player_choice":"1","floor":20.0,"gold_loss":0.0,"damage_taken":0.0,"cards_obtained":["betterMatch:ColorlessUncommonCard","betterMatch:CommonCard"]},{"damage_healed":26.0,"max_hp_gain":0.0,"max_hp_loss":0.0,"gold_gain":0.0,"event_name":"The Library","player_choice":"Heal","floor":31.0,"gold_loss":0.0,"damage_taken":0.0},{"cards_removed":["Guardian:PrimingBeam"],"damage_healed":0.0,"max_hp_gain":0.0,"max_hp_loss":0.0,"gold_gain":0.0,"event_name":"Falling","player_choice":"Removed Attack","floor":38.0,"gold_loss":0.0,"damage_taken":0.0}],"is_beta":false,"boss_relics":[{"not_picked":["CCEMRelics:TransientCore","Philosopher\u0027s Stone"],"picked":"Guardian:ModeShifterPlus"},{"not_picked":["SlaversCollar","Guardian:StasisSlotReductionRelic"],"picked":"Astrolabe"}],"items_purged_floors":[22],"is_endless":false,"potions_floor_spawned":[2,12,14,16,26,32,33,37,49],"ascension_level":0}}