{"host":"hjw1ay65n7jm40lc","time":1608443493,"event":{"mods":["AchievementEnabler","BaseMod","Block Reminder","Colored Map","Colored Powertips","Downfall","Googly Eyes","Highlight Path","Minty Spire (QoL Compilation)","Quick Restart","Relic Stats","StSLib"],"gold_per_floor":[99,129,148,165,165,265,265,265,284,284,284,302,63,63,82,187,187,187,202,202,202,221,248,248,248,261,288,22,36,21,21,21],"floor_reached":31,"playtime":4096,"items_purged":["hexamod:Strike","hexamod:Strike"],"score":273,"play_id":"684e75ae-408e-4c6a-96f5-643b37c6200d","local_time":"20201220005133","is_ascension_mode":false,"campfire_choices":[{"data":"hexamod:Float","floor":1.0,"key":"SMITH"},{"data":"hexamod:FastForward","floor":5.0,"key":"SMITH"},{"data":"hexamod:WildfireWeapon","floor":8.0,"key":"SMITH"},{"floor":10.0,"key":"REST"},{"data":"hexamod:GhostflameInferno","floor":18.0,"key":"SMITH"},{"data":"hexamod:VolcanoVisage","floor":21,"key":"SMITH"},{"data":"hexamod:TurnItUp","floor":25,"key":"SMITH"}],"circlet_count":0,"master_deck":["hexamod:Defend","hexamod:Defend","hexamod:Defend","hexamod:Defend","hexamod:Float+1","hexamod:InspiringFlames","hexamod:PhantomCloak+1","hexamod:FastForward+1","hexamod:WildfireWeapon+1","hexamod:EmpoweredFlame","hexamod:PhantomFireball","hexamod:SpectralAdrenaline","hexamod:GhostflameInferno+1","hexamod:VolcanoVisage+1","hexamod:Incineration","hexamod:TurnItUp+1","hexamod:SpectersWail+1","hexamod:NecessarySacrifice+1","hexamod:TimeOfNeed"],"relics":["hexamod:SpiritBrand","Du-Vu Doll","Gremlin Horn","Vajra","hexamod:IceCube","The Courier","Dead Branch"],"acts_visited":["Exordium","TheCity"],"potions_floor_usage":[23,27,30,30,30],"damage_taken":[{"damage":21.0,"enemies":"3 Sentries","floor":2.0,"turns":12.0},{"damage":8.0,"enemies":"2 Louse","floor":3.0,"turns":4.0},{"damage":0.0,"enemies":"Jaw Worm","floor":4.0,"turns":4.0},{"damage":26.0,"enemies":"downfall:Heads","floor":6.0,"turns":8.0},{"damage":0.0,"enemies":"Cultist","floor":9.0,"turns":3.0},{"damage":12.0,"enemies":"Blue Slaver","floor":12.0,"turns":4.0},{"damage":4.0,"enemies":"downfall:FleeingMerchant","floor":13.0,"turns":4.0},{"damage":1.0,"enemies":"Exordium Wildlife","floor":15.0,"turns":5.0},{"damage":27.0,"enemies":"downfall:Silent","floor":16.0,"turns":16.0},{"damage":8.0,"enemies":"Chosen","floor":19.0,"turns":6.0},{"damage":3,"enemies":"Snake Plant","floor":22,"turns":5},{"damage":25,"enemies":"Gremlin Leader","floor":23,"turns":6},{"damage":20,"enemies":"Cultist and Chosen","floor":26,"turns":6},{"damage":17,"enemies":"Book of Stabbing","floor":27,"turns":5},{"damage":0,"enemies":"downfall:FleeingMerchant","floor":28,"turns":4},{"damage":0,"enemies":"3 Cultists","floor":29,"turns":2},{"damage":3,"enemies":"downfall:FleeingMerchant","floor":30,"turns":4},{"damage":2,"enemies":"Centurion and Healer","floor":31,"turns":1}],"seed_played":"-1882124673627571915","potions_obtained":[{"floor":3.0,"key":"champ:CounterPotion"},{"floor":12.0,"key":"Explosive Potion"},{"floor":15.0,"key":"SteroidPotion"},{"floor":19.0,"key":"Block Potion"},{"floor":23,"key":"hexamod:DoubleChargePotion"},{"floor":27,"key":"Dexterity Potion"}],"is_trial":false,"path_per_floor":["R","E","M","M","R","?","T","R","M","R","?","M","$","?","M","B",null,"R","M","?","R","M","E","T","R","M","E","$","M","$","M"],"character_chosen":"THE_SPIRIT","items_purchased":["Vajra","hexamod:TimeOfNeed","EssenceOfSteel"],"campfire_rested":1,"item_purchase_floors":[13,28,28],"current_hp_per_floor":[77,56,48,48,48,22,22,22,22,45,45,33,29,29,28,1,77,77,69,69,69,66,41,41,41,21,4,4,4,1,0,0],"gold":21,"neow_bonus":"TEN_PERCENT_HP_BONUS","is_daily":false,"chose_seed":false,"campfire_upgraded":6,"win_rate":0.0,"timestamp":1608443493,"path_taken":["R","E","M","M","R","?","T","R","M","R","?","M","$","?","M","BOSS","R","M","?","R","M","E","T","R","?","E","$","M","$","M"],"items_purchased_type":["Relic","Card","Potion"],"build_version":"2020-12-13","purchased_purges":2,"victory":false,"max_hp_per_floor":[77,77,77,77,77,77,77,77,77,77,77,77,77,77,77,77,77,77,77,77,77,77,77,77,77,77,77,77,77,77,77,77],"relic_stats":{"Gremlin Horn":[6,6],"counters":[18,99],"Dead Branch":[28],"obtain_stats":[{"Du-Vu Doll":2,"Gremlin Horn":7,"Dead Branch":27,"Vajra":13,"The Courier":23,"hexamod:SpiritBrand":0,"hexamod:IceCube":17},{"Du-Vu Doll":1,"Gremlin Horn":4,"Dead Branch":14,"Vajra":7,"The Courier":12,"hexamod:SpiritBrand":0,"hexamod:IceCube":9},{"Du-Vu Doll":12,"Gremlin Horn":28,"Dead Branch":88,"Vajra":39,"The Courier":77,"hexamod:SpiritBrand":0,"hexamod:IceCube":60}]},"card_choices":[{"not_picked":["hexamod:RainOfEmbers","hexamod:BacktrackSmack"],"picked":"hexamod:InspiringFlames","floor":2.0},{"not_picked":["hexamod:NecessarySacrifice","hexamod:FastForward"],"picked":"hexamod:PhantomCloak","floor":3.0},{"not_picked":["hexamod:NecessarySacrifice","hexamod:GhostOfSpireFuture"],"picked":"hexamod:FastForward","floor":4.0},{"not_picked":["hexamod:FourthSeal","hexamod:SwordOfDarkness"],"picked":"hexamod:EmpoweredFlame","floor":6.0},{"not_picked":["hexamod:Incineration","hexamod:Hexaguard"],"picked":"hexamod:PhantomFireball","floor":9.0},{"not_picked":["hexamod:RadiantFlame","hexamod:SwordOfDarkness","hexamod:ThermalTransfer"],"picked":"SKIP","floor":12.0},{"not_picked":["hexamod:GhostLash","hexamod:FourthSeal"],"picked":"hexamod:SpectralAdrenaline","floor":13.0},{"not_picked":["hexamod:GhostOfSpirePast","hexamod:Incineration"],"picked":"hexamod:GhostflameInferno","floor":15.0},{"not_picked":["hexamod:SearingWound","hexamod:GhostflameInferno"],"picked":"hexamod:VolcanoVisage","floor":16.0},{"not_picked":["hexamod:SwordOfDarkness","hexamod:FastForward","hexamod:BurningTouch"],"picked":"SKIP","floor":19.0},{"not_picked":["hexamod:HeatShield","hexamod:InspiringFlames"],"picked":"hexamod:Incineration","floor":22},{"not_picked":["hexamod:ThermalTransfer","hexamod:NightmareGuise"],"picked":"hexamod:TurnItUp","floor":23},{"not_picked":["hexamod:GhostShield","hexamod:ShieldOfDarkness"],"picked":"hexamod:SpectersWail+1","floor":26},{"not_picked":["hexamod:SpectralAdrenaline","hexamod:GhostLash"],"picked":"hexamod:NecessarySacrifice+1","floor":27},{"not_picked":["hexamod:Hexaguard","hexamod:AdvancingGuard","hexamod:FastForward+1"],"picked":"SKIP","floor":28},{"not_picked":["hexamod:EmpoweredFlame","hexamod:BacktrackSmack","hexamod:ThermalTransfer"],"picked":"SKIP","floor":29},{"not_picked":["hexamod:BurningTouch","hexamod:PhantomFireball","hexamod:NightmareGuise"],"picked":"SKIP","floor":30}],"player_experience":397650,"relics_obtained":[{"floor":2.0,"key":"Du-Vu Doll"},{"floor":7.0,"key":"Gremlin Horn"},{"floor":23,"key":"The Courier"},{"floor":27,"key":"Dead Branch"}],"event_choices":[],"is_beta":false,"boss_relics":[{"not_picked":["Ectoplasm","Runic Pyramid"],"picked":"hexamod:IceCube"}],"items_purged_floors":[13,28],"is_endless":false,"potions_floor_spawned":[3,12,15,19,23,27,29],"killed_by":"Centurion and Healer","ascension_level":0}}