{"host":"9pqy5lt7vda52ebm","time":1608431386,"event":{"mods":["BaseMod","Minty Spire (QoL Compilation)","Optimize The Spire","Quick Restart","StSLib","The Marked"],"gold_per_floor":[118,192,207,92,110,110,136,211,237,253,100,113,113,143,143,242,242,262,262,272,306,322,322,332,332,332,332,363,52,70,101,101,205,205,225,447,447,397,397,429,379,379,402,437,437,453,487,360,360,360],"floor_reached":51,"playtime":12027,"items_purged":["theMarked:Strike","theMarked:Strike","theMarked:Strike","theMarked:EmpowerWeapon","theMarked:Defend+1","theMarked:Defend+1"],"score":1170,"play_id":"2c8f0c97-d605-40aa-9387-65b082aae6ae","local_time":"20201219212946","is_ascension_mode":true,"campfire_choices":[{"data":"theMarked:Panic","floor":6.0,"key":"SMITH"},{"data":"theMarked:SoldierOfQuellstein","floor":15.0,"key":"SMITH"},{"data":"theMarked:Snap","floor":23,"key":"SMITH"},{"data":"theMarked:Panic","floor":25,"key":"SMITH"},{"data":"theMarked:SelfDefenseTraining","floor":27,"key":"SMITH"},{"data":"theMarked:Panic","floor":32,"key":"SMITH"},{"data":"theMarked:TurnInvisible","floor":42,"key":"SMITH"},{"data":"theMarked:DeterminationOfTheMarked","floor":45,"key":"SMITH"},{"data":"Madness","floor":49,"key":"SMITH"}],"circlet_count":0,"master_deck":["theMarked:SoldierOfQuellstein+1","theMarked:SelfDefenseTraining+1","theMarked:Panic+1","theMarked:DeterminationOfTheMarked+1","theMarked:TakeOffHeels","theMarked:Snap+1","theMarked:Overcharge","theMarked:Panic+1","theMarked:ComboAttacks","theMarked:Levitate","theMarked:TakeCover","theMarked:MagicAdept+1","theMarked:Electrocute+1","theMarked:WardOff","theMarked:HeritageOfTheMarked","theMarked:Panic+1","theMarked:TurnInvisible+1","theMarked:Indomitable+1","Madness+1","Madness","theMarked:Convert+1","theMarked:Convert+1"],"relics":["theMarked:ArtifactOfAir","Mummified Hand","War Paint","Happy Flower","Smiling Mask","theMarked:Eyepatch","Red Mask","Oddly Smooth Stone","Membership Card","Whetstone","PreservedInsect","Empty Cage","Girya","Pen Nib","Regal Pillow","Toy Ornithopter","Centennial Puzzle"],"acts_visited":["Exordium","TheCity","TheBeyond"],"potions_floor_usage":[16,21],"damage_taken":[{"damage":1.0,"enemies":"Cultist","floor":1.0,"turns":4.0},{"damage":0.0,"enemies":"Jaw Worm","floor":3.0,"turns":4.0},{"damage":0.0,"enemies":"Small Slimes","floor":5.0,"turns":4.0},{"damage":13.0,"enemies":"Gremlin Nob","floor":7.0,"turns":4.0},{"damage":0.0,"enemies":"2 Fungi Beasts","floor":10.0,"turns":2.0},{"damage":0.0,"enemies":"3 Louse","floor":12.0,"turns":1.0},{"damage":6.0,"enemies":"3 Sentries","floor":14.0,"turns":8.0},{"damage":34,"enemies":"Hexaghost","floor":16,"turns":12},{"damage":0,"enemies":"Chosen","floor":18,"turns":3},{"damage":0,"enemies":"Shell Parasite","floor":20,"turns":4},{"damage":0,"enemies":"Masked Bandits","floor":21,"turns":3},{"damage":4,"enemies":"Centurion and Healer","floor":22,"turns":3},{"damage":0,"enemies":"Chosen and Byrds","floor":24,"turns":3},{"damage":0,"enemies":"Gremlin Leader","floor":28,"turns":4},{"damage":0,"enemies":"Snecko","floor":30,"turns":3},{"damage":0,"enemies":"Slavers","floor":31,"turns":4},{"damage":1,"enemies":"Automaton","floor":33,"turns":5},{"damage":2,"enemies":"3 Shapes","floor":35,"turns":3},{"damage":0,"enemies":"Giant Head","floor":40,"turns":5},{"damage":0,"enemies":"Nemesis","floor":44,"turns":3},{"damage":0,"enemies":"Orb Walker","floor":46,"turns":1},{"damage":0,"enemies":"Giant Head","floor":47,"turns":3},{"damage":0,"enemies":"Awakened One","floor":50,"turns":2}],"seed_played":"-4192837360392884449","potions_obtained":[{"floor":7.0,"key":"Strength Potion"},{"floor":10.0,"key":"DuplicationPotion"},{"floor":12.0,"key":"SpeedPotion"},{"floor":16,"key":"Ancient Potion"},{"floor":19,"key":"DistilledChaos"},{"floor":19,"key":"Fire Potion"},{"floor":21,"key":"SteroidPotion"},{"floor":35,"key":"LiquidMemories"}],"is_trial":false,"path_per_floor":["M","T","M","$","M","R","E","?","T","M","$","M","$","E","R","B",null,"M","?","M","?","M","R","M","R","T","R","E","$","M","E","R","B",null,"M","?","?","$","?","E","$","R","T","E","R","M","E","$","R","B",null],"character_chosen":"THE_DEFAULT","items_purchased":["theMarked:DeterminationOfTheMarked","theMarked:Panic","Membership Card","theMarked:HeritageOfTheMarked","Whetstone","Centennial Puzzle"],"campfire_rested":0,"item_purchase_floors":[4,11,29,29,29,48],"current_hp_per_floor":[69,69,69,69,69,69,56,45,45,45,45,45,45,39,39,5,70,70,70,70,70,66,66,66,66,66,66,66,66,66,66,66,65,70,68,68,59,59,59,59,59,59,59,59,59,59,59,59,59,59],"gold":360,"neow_bonus":"REMOVE_CARD","is_daily":false,"chose_seed":false,"campfire_upgraded":9,"win_rate":0.0,"timestamp":1608431386,"path_taken":["M","?","M","?","M","R","E","?","T","M","$","M","?","E","R","BOSS","M","?","?","?","M","R","M","R","T","R","E","$","M","E","R","BOSS","M","?","?","$","?","E","$","R","T","E","R","M","E","?","R","BOSS"],"items_purchased_type":["Card","Card","Relic","Card","Relic","Relic"],"build_version":"2020-12-13","purchased_purges":6,"victory":true,"max_hp_per_floor":[70,70,70,70,70,70,70,70,70,70,70,70,70,70,70,70,70,70,70,70,70,70,70,70,70,70,70,70,70,70,70,70,70,70,70,70,70,70,70,70,70,70,70,70,70,70,70,70,70,70],"card_choices":[{"not_picked":["theMarked:ChainLightning","theMarked:Opportunist"],"picked":"theMarked:SelfDefenseTraining","floor":1.0},{"not_picked":["theMarked:Electrocute","theMarked:WastefulDefense"],"picked":"theMarked:Panic","floor":3.0},{"not_picked":["theMarked:Frustration","theMarked:Seal"],"picked":"theMarked:TakeOffHeels","floor":5.0},{"not_picked":["theMarked:PowerFlow","theMarked:Electrocute"],"picked":"theMarked:Snap","floor":7.0},{"not_picked":["theMarked:Indomitable","theMarked:Seal"],"picked":"theMarked:Overcharge","floor":10.0},{"not_picked":["theMarked:Frustration","theMarked:ChainLightning","theMarked:TwofoldDefense"],"picked":"SKIP","floor":12.0},{"not_picked":["theMarked:Convert","theMarked:WastefulDefense"],"picked":"theMarked:ComboAttacks","floor":14.0},{"not_picked":["theMarked:UnarmedFury","theMarked:ChannelForce"],"picked":"theMarked:Levitate","floor":16},{"not_picked":["theMarked:Frustration","theMarked:RepellingDischarge"],"picked":"theMarked:TakeCover","floor":18},{"not_picked":["theMarked:ContemptForTheProud+1","theMarked:ElectricStrings+1"],"picked":"theMarked:MagicAdept+1","floor":20},{"not_picked":["theMarked:BanishingWave+1","theMarked:WastefulDefense+1"],"picked":"theMarked:EmpowerWeapon","floor":21},{"not_picked":["theMarked:BanishingWave","theMarked:EmpowerWeapon"],"picked":"theMarked:Electrocute","floor":22},{"not_picked":["theMarked:Aftermath","theMarked:ResourceFulStrike","theMarked:Generate"],"picked":"SKIP","floor":24},{"not_picked":["theMarked:Aftermath","theMarked:ResourceFulStrike","theMarked:Generate"],"picked":"SKIP","floor":24},{"not_picked":["theMarked:ChainLightning","theMarked:Static"],"picked":"theMarked:WardOff","floor":28},{"not_picked":["theMarked:ChainLightning","theMarked:Static+1","theMarked:Challenge"],"picked":"SKIP","floor":30},{"not_picked":["theMarked:Static","theMarked:EnhancedHearing"],"picked":"theMarked:Panic","floor":31},{"not_picked":["theMarked:SoldierForm","theMarked:BindingBlade"],"picked":"theMarked:TurnInvisible","floor":33},{"not_picked":["theMarked:WardOff+1","theMarked:Overthink+1"],"picked":"theMarked:Indomitable+1","floor":35},{"not_picked":["theMarked:HeritageOfTheMarked","theMarked:WastefulAttack","theMarked:Aftermath+1"],"picked":"SKIP","floor":40},{"not_picked":["theMarked:ParalyzingBlade+1","theMarked:DeterminationOfTheMarked+1"],"picked":"theMarked:Convert+1","floor":44},{"not_picked":["theMarked:HeritageOfTheMarked+1","theMarked:WardOff","theMarked:ElectricStrings+1"],"picked":"SKIP","floor":46},{"not_picked":["theMarked:TunnelVision+1","theMarked:ChainLightning"],"picked":"theMarked:Convert+1","floor":47}],"player_experience":342162,"relics_obtained":[{"floor":2.0,"key":"Mummified Hand"},{"floor":7.0,"key":"War Paint"},{"floor":9.0,"key":"Happy Flower"},{"floor":14.0,"key":"Smiling Mask"},{"floor":21,"key":"Red Mask"},{"floor":28,"key":"Oddly Smooth Stone"},{"floor":31,"key":"PreservedInsect"},{"floor":40,"key":"Girya"},{"floor":43,"key":"Pen Nib"},{"floor":44,"key":"Regal Pillow"},{"floor":47,"key":"Toy Ornithopter"}],"event_choices":[{"damage_healed":0.0,"max_hp_gain":0.0,"max_hp_loss":0.0,"gold_gain":75.0,"event_name":"World of Goop","player_choice":"Gather Gold","floor":8.0,"gold_loss":0.0,"damage_taken":11.0},{"damage_healed":0,"gold_gain":0,"player_choice":"Got Potions","damage_taken":0,"max_hp_gain":0,"max_hp_loss":0,"event_name":"Lab","floor":19,"gold_loss":0},{"damage_healed":0,"gold_gain":0,"player_choice":"Fought Bandits","damage_taken":0,"max_hp_gain":0,"max_hp_loss":0,"event_name":"Masked Bandits","floor":21,"gold_loss":0},{"damage_healed":0,"gold_gain":222,"player_choice":"Wore Mask","damage_taken":0,"max_hp_gain":0,"max_hp_loss":0,"event_name":"Tomb of Lord Red Mask","floor":36,"gold_loss":0},{"damage_healed":0,"gold_gain":0,"player_choice":"Embrace Madness","damage_taken":9,"max_hp_gain":0,"max_hp_loss":0,"event_name":"Winding Halls","floor":37,"gold_loss":0,"cards_obtained":["Madness","Madness"]},{"cards_removed":["theMarked:Strike"],"damage_healed":0,"gold_gain":0,"player_choice":"Removed Attack","damage_taken":0,"max_hp_gain":0,"max_hp_loss":0,"event_name":"Falling","floor":39,"gold_loss":0}],"is_beta":false,"boss_relics":[{"not_picked":["Black Star","Philosopher\u0027s Stone"],"picked":"theMarked:Eyepatch"},{"not_picked":["SlaversCollar","theMarked:SpiritSword"],"picked":"Empty Cage"}],"items_purged_floors":[4,11,29,38,41,48],"is_endless":false,"potions_floor_spawned":[7,10,12,16,21,22,24,35],"ascension_level":4}}