{"host":"vumwfieg2b2mnrfl","time":1608425686,"event":{"mods":["AchievementEnabler","BaseMod","Minty Spire (QoL Compilation)","Rare Cards Sparkle","Relic Stats"],"gold_per_floor":[114,114,126,126,47,78,78,93,93,113,140,217,217,248,248,327,327,299,299,299,299],"floor_reached":20,"playtime":889,"items_purged":[],"score":314,"play_id":"b72cea0b-6539-46a9-a8fe-4e79333d5973","local_time":"20201219185446","is_ascension_mode":true,"campfire_choices":[{"floor":13,"key":"REST"},{"floor":15,"key":"REST"}],"circlet_count":0,"master_deck":["AscendersBane","Strike_G","Strike_G","Strike_G","Defend_G","Defend_G","Defend_G","Defend_G","Defend_G","Survivor","Neutralize","Dagger Spray","Outmaneuver","Dash","Backflip","Neutralize","Acrobatics","Predator","Well Laid Plans","Doppelganger","Prepared","Tools of the Trade","Noxious Fumes+1"],"relics":["Cursed Key","Gambling Chip","Eternal Feather","Bottled Tornado","Letter Opener","Empty Cage"],"acts_visited":["Exordium","TheCity"],"potions_floor_usage":[11,11,16],"damage_taken":[{"damage":2,"enemies":"Jaw Worm","floor":1,"turns":6},{"damage":0,"enemies":"Small Slimes","floor":3,"turns":5},{"damage":45,"enemies":"Lagavulin","floor":6,"turns":10},{"damage":0,"enemies":"2 Louse","floor":8,"turns":3},{"damage":8,"enemies":"Gremlin Gang","floor":10,"turns":3},{"damage":7,"enemies":"3 Sentries","floor":11,"turns":5},{"damage":10,"enemies":"Lagavulin","floor":14,"turns":7},{"damage":50,"enemies":"Hexaghost","floor":16,"turns":17},{"damage":19,"enemies":"2 Thieves","floor":18,"turns":5},{"damage":16,"enemies":"Chosen","floor":20,"turns":5}],"seed_played":"5201746585548536143","potions_obtained":[{"floor":6,"key":"SpeedPotion"},{"floor":8,"key":"LiquidMemories"},{"floor":10,"key":"SkillPotion"},{"floor":11,"key":"Energy Potion"},{"floor":18,"key":"LiquidBronze"}],"is_trial":false,"path_per_floor":["M","?","M","?","$","E","?","M","T","M","E","?","R","E","R","B",null,"M","?","M"],"character_chosen":"THE_SILENT","items_purchased":["Dash"],"campfire_rested":2,"item_purchase_floors":[5],"current_hp_per_floor":[61,61,61,61,61,16,16,16,16,8,1,1,34,24,57,7,54,35,58,42,42],"gold":299,"neow_bonus":"BOSS_RELIC","is_daily":false,"chose_seed":false,"campfire_upgraded":0,"win_rate":0.0,"timestamp":1608425686,"path_taken":["M","?","M","?","$","E","?","?","T","M","E","?","R","E","R","BOSS","M","?","M"],"items_purchased_type":["Card"],"build_version":"2020-12-13","purchased_purges":0,"victory":false,"max_hp_per_floor":[70,70,70,70,70,70,70,70,70,70,70,70,70,70,70,70,70,70,70,70,70],"relic_stats":{"counters":[10,65],"Gambling Chip":[25],"Eternal Feather":24,"Letter Opener":[40],"Cursed Key":1,"obtain_stats":[{"Gambling Chip":6,"Eternal Feather":9,"Letter Opener":14,"Bottled Tornado":11,"Cursed Key":0,"Empty Cage":17,"Ring of the Snake":0},{"Gambling Chip":3,"Eternal Feather":4,"Letter Opener":7,"Bottled Tornado":6,"Cursed Key":0,"Empty Cage":8,"Ring of the Snake":0},{"Gambling Chip":21,"Eternal Feather":24,"Letter Opener":39,"Bottled Tornado":32,"Cursed Key":0,"Empty Cage":56,"Ring of the Snake":0}]},"card_choices":[{"not_picked":["Blade Dance","Expertise"],"picked":"Dagger Spray","floor":1},{"not_picked":["Blade Dance","Backstab","Flying Knee"],"picked":"SKIP","floor":3},{"not_picked":["Tactician","PiercingWail"],"picked":"Backflip","floor":6},{"not_picked":["Cloak And Dagger","Prepared"],"picked":"Predator","floor":8},{"not_picked":["Cloak And Dagger","Sucker Punch"],"picked":"Well Laid Plans","floor":10},{"not_picked":["Acrobatics","Sucker Punch"],"picked":"Doppelganger","floor":11},{"not_picked":["Eviscerate","Flying Knee"],"picked":"Prepared","floor":14},{"not_picked":["Night Terror","Phantasmal Killer"],"picked":"Tools of the Trade","floor":16},{"not_picked":["Quick Slash","Flechettes"],"picked":"Noxious Fumes+1","floor":18}],"player_experience":264116,"relics_obtained":[{"floor":6,"key":"Gambling Chip"},{"floor":9,"key":"Eternal Feather"},{"floor":11,"key":"Bottled Tornado"},{"floor":14,"key":"Letter Opener"}],"event_choices":[{"damage_healed":0,"gold_gain":0,"cards_transformed":["Strike_G"],"player_choice":"Change","damage_taken":0,"max_hp_gain":0,"max_hp_loss":0,"event_name":"Living Wall","floor":2,"gold_loss":0,"cards_obtained":["Outmaneuver"]},{"damage_healed":0,"gold_gain":0,"player_choice":"Leave","damage_taken":0,"max_hp_gain":0,"max_hp_loss":0,"event_name":"The Cleric","floor":4,"gold_loss":0},{"damage_healed":0,"gold_gain":0,"player_choice":"2 cards matched","damage_taken":0,"max_hp_gain":0,"max_hp_loss":0,"event_name":"Match and Keep!","floor":7,"gold_loss":0,"cards_obtained":["Neutralize","Acrobatics"]},{"damage_healed":0,"gold_gain":77,"player_choice":"Gained Gold","damage_taken":0,"max_hp_gain":0,"max_hp_loss":0,"event_name":"Golden Wing","floor":12,"gold_loss":0},{"damage_healed":23,"gold_gain":0,"player_choice":"Heal","damage_taken":0,"max_hp_gain":0,"max_hp_loss":0,"event_name":"The Library","floor":19,"gold_loss":0}],"is_beta":false,"boss_relics":[{"not_picked":["SlaversCollar","Snecko Eye"],"picked":"Empty Cage"}],"items_purged_floors":[],"is_endless":false,"potions_floor_spawned":[6,8,10,11,18],"killed_by":"Chosen","ascension_level":13}}