{"host":"fne7yx97fnz7kq05","time":1608480886,"event":{"mods":["BaseMod","Colored Map","Colored Powertips","Highlight Path","Minty Spire (QoL Compilation)","Relic Stats"],"gold_per_floor":[110,129,129,204,204,231,244,244,244,276,276,290,290,314,314,405,405,441,472,39,39,39,64,64,98,150,150,150,2,18,43,43,115,115,134,1133,1133,1146,1165,1165,1165,1165],"floor_reached":41,"playtime":2029,"items_purged":["Strike_R","Strike_R"],"score":912,"play_id":"448d6851-cfdd-4be4-ba0a-ecebc0b01f9b","local_time":"20201220101445","is_ascension_mode":true,"campfire_choices":[{"floor":8.0,"key":"REST"},{"data":"Cleave","floor":11.0,"key":"SMITH"},{"data":"Shrug It Off","floor":15.0,"key":"SMITH"},{"data":"Ghostly","floor":24.0,"key":"SMITH"},{"data":"Ghostly","floor":27.0,"key":"SMITH"},{"data":"Limit Break","floor":32.0,"key":"SMITH"},{"floor":40.0,"key":"RECALL"}],"circlet_count":0,"master_deck":["AscendersBane","Strike_R","Strike_R","Strike_R","Defend_R","Defend_R","Defend_R","Defend_R","Bash","Fire Breathing+1","Cleave+1","Sword Boomerang","Heavy Blade","Evolve","Shrug It Off+1","Limit Break+1","CurseOfTheBell","Demon Form","PanicButton","Shrug It Off","Ghostly+1","Ghostly+1","Ghostly","Ghostly","Ghostly","Uppercut","Armaments","Limit Break","Inflame","Normality","Normality","Heavy Blade"],"relics":["Burning Blood","Champion Belt","Letter Opener","Pen Nib","Oddly Smooth Stone","Strawberry","Bloody Idol","Calling Bell","MawBank","Eternal Feather","Lizard Tail","Sling","Calipers","InkBottle","Orichalcum","Mummified Hand","Blue Candle","Coffee Dripper"],"acts_visited":["Exordium","TheCity","TheBeyond"],"potions_floor_usage":[],"damage_taken":[{"damage":2.0,"enemies":"2 Louse","floor":1.0,"turns":3.0},{"damage":4.0,"enemies":"Small Slimes","floor":2.0,"turns":4.0},{"damage":35.0,"enemies":"Lagavulin","floor":6.0,"turns":8.0},{"damage":1.0,"enemies":"Cultist","floor":7.0,"turns":3.0},{"damage":12.0,"enemies":"Gremlin Nob","floor":10.0,"turns":3.0},{"damage":9.0,"enemies":"Blue Slaver","floor":12.0,"turns":2.0},{"damage":2.0,"enemies":"3 Louse","floor":14.0,"turns":2.0},{"damage":20.0,"enemies":"Slime Boss","floor":16.0,"turns":7.0},{"damage":29.0,"enemies":"Shell Parasite","floor":18.0,"turns":9.0},{"damage":54.0,"enemies":"3 Byrds","floor":19.0,"turns":6.0},{"damage":6.0,"enemies":"Slavers","floor":23.0,"turns":6.0},{"damage":32.0,"enemies":"Gremlin Leader","floor":25.0,"turns":9.0},{"damage":14.0,"enemies":"Centurion and Healer","floor":30.0,"turns":7.0},{"damage":0.0,"enemies":"Slavers","floor":31.0,"turns":6.0},{"damage":69.0,"enemies":"Collector","floor":33.0,"turns":10.0},{"damage":5.0,"enemies":"Orb Walker","floor":35.0,"turns":6.0},{"damage":1.0,"enemies":"3 Darklings","floor":38.0,"turns":11.0},{"damage":0.0,"enemies":"Jaw Worm Horde","floor":39.0,"turns":5.0},{"damage":40,"enemies":"Nemesis","floor":41,"turns":2}],"seed_played":"-6872025419772145324","potions_obtained":[{"floor":1.0,"key":"EntropicBrew"},{"floor":2.0,"key":"SteroidPotion"},{"floor":14.0,"key":"Energy Potion"},{"floor":16.0,"key":"Weak Potion"},{"floor":19.0,"key":"Explosive Potion"},{"floor":25.0,"key":"DistilledChaos"},{"floor":35.0,"key":"Ancient Potion"}],"is_trial":false,"path_per_floor":["M","M","?","?","?","E","M","R","T","E","R","M","?","M","R","B",null,"M","M","$","?","?","E","R","E","T","R","?","$","M","E","R","B",null,"M","?","?","M","M","R","E"],"character_chosen":"IRONCLAD","items_purchased":["FairyPotion","Sling","PanicButton","Shrug It Off","Armaments"],"campfire_rested":1,"item_purchase_floors":[20,20,20,20,29],"current_hp_per_floor":[54,56,53,42,42,13,18,40,40,41,41,38,38,42,42,28,64,41,32,32,32,32,37,38,17,22,37,37,37,34,38,38,22,34,38,38,38,38,38,38,0,0],"gold":1165,"neow_bonus":"ONE_RARE_RELIC","is_daily":false,"chose_seed":false,"campfire_upgraded":5,"win_rate":0.0,"timestamp":1608480885,"path_taken":["M","M","?","?","?","E","M","R","T","E","R","?","?","M","R","BOSS","M","M","$","?","?","E","R","E","T","R","?","$","M","E","R","BOSS","M","?","?","M","M","R","E"],"items_purchased_type":["Potion","Relic","Card","Card","Card"],"build_version":"2020-12-13","purchased_purges":2,"victory":false,"max_hp_per_floor":[75,75,75,75,75,75,75,75,75,82,82,82,76,76,76,76,76,76,76,76,76,38,38,38,38,38,38,38,38,38,38,38,38,38,38,38,38,38,38,38,38,38],"relic_stats":{"counters":[19,109],"Blue Candle":[0],"Eternal Feather":16,"Pen Nib":[10],"Letter Opener":[107],"Orichalcum":[132],"MawBank":36,"Burning Blood":95,"Lizard Tail":38,"Mummified Hand":[25],"Bloody Idol":28,"Champion Belt":[24],"obtain_stats":[{"Calipers":23,"Golden Idol":13,"Blue Candle":31,"Oddly Smooth Stone":9,"Eternal Feather":17,"Pen Nib":6,"Letter Opener":3,"Orichalcum":26,"MawBank":17,"Sling":20,"Burning Blood":0,"Calling Bell":17,"Lizard Tail":17,"Mummified Hand":28,"Strawberry":10,"Bloody Idol":21,"Coffee Dripper":34,"Champion Belt":0,"InkBottle":25},{"Calipers":11,"Golden Idol":6,"Blue Candle":14,"Oddly Smooth Stone":4,"Eternal Feather":8,"Pen Nib":3,"Letter Opener":2,"Orichalcum":12,"MawBank":8,"Sling":10,"Burning Blood":0,"Calling Bell":8,"Lizard Tail":8,"Mummified Hand":12,"Strawberry":5,"Bloody Idol":10,"Coffee Dripper":15,"Champion Belt":0,"InkBottle":12},{"Calipers":53,"Golden Idol":23,"Blue Candle":75,"Oddly Smooth Stone":18,"Eternal Feather":32,"Pen Nib":15,"Letter Opener":7,"Orichalcum":62,"MawBank":32,"Sling":47,"Burning Blood":0,"Calling Bell":32,"Lizard Tail":32,"Mummified Hand":62,"Strawberry":21,"Bloody Idol":47,"Coffee Dripper":85,"Champion Belt":0,"InkBottle":62}],"InkBottle":[12]},"card_choices":[{"not_picked":["Headbutt","Iron Wave"],"picked":"Fire Breathing","floor":1.0},{"not_picked":["True Grit","Clash"],"picked":"Cleave","floor":2.0},{"not_picked":["Reckless Charge","Dual Wield","Havoc"],"picked":"SKIP","floor":6.0},{"not_picked":["Blood for Blood","Intimidate"],"picked":"Sword Boomerang","floor":7.0},{"not_picked":["Sentinel","Clash"],"picked":"Heavy Blade","floor":10.0},{"not_picked":["Clash","Dark Embrace"],"picked":"Evolve","floor":12.0},{"not_picked":["Seeing Red","Infernal Blade"],"picked":"Shrug It Off","floor":14.0},{"not_picked":["Berserk","Barricade"],"picked":"Limit Break","floor":16.0},{"not_picked":["Thunderclap","Headbutt+1","True Grit"],"picked":"SKIP","floor":18.0},{"not_picked":["Perfected Strike","Fire Breathing"],"picked":"Demon Form","floor":19.0},{"not_picked":["Bludgeon","Ghostly Armor","Rampage"],"picked":"SKIP","floor":23.0},{"not_picked":["Perfected Strike","Double Tap"],"picked":"Uppercut","floor":25.0},{"not_picked":["Second Wind","True Grit","Wild Strike"],"picked":"SKIP","floor":30.0},{"not_picked":["Armaments","Uppercut","Perfected Strike"],"picked":"SKIP","floor":31.0},{"not_picked":["Demon Form","Double Tap"],"picked":"Limit Break","floor":33.0},{"not_picked":["Ghostly Armor","Iron Wave"],"picked":"Inflame","floor":35.0},{"not_picked":["Anger","Second Wind","Thunderclap"],"picked":"SKIP","floor":38.0},{"not_picked":["Wild Strike+1","True Grit"],"picked":"Heavy Blade","floor":39.0}],"player_experience":80796,"relics_obtained":[{"floor":6.0,"key":"Pen Nib"},{"floor":9.0,"key":"Oddly Smooth Stone"},{"floor":10.0,"key":"Strawberry"},{"floor":17.0,"key":"MawBank"},{"floor":17.0,"key":"Eternal Feather"},{"floor":17.0,"key":"Lizard Tail"},{"floor":23.0,"key":"Calipers"},{"floor":25.0,"key":"InkBottle"},{"floor":26.0,"key":"Orichalcum"},{"floor":31.0,"key":"Blue Candle"}],"event_choices":[{"damage_healed":0.0,"max_hp_gain":0.0,"max_hp_loss":0.0,"gold_gain":0.0,"event_name":"Scrap Ooze","player_choice":"Success","floor":3.0,"gold_loss":0.0,"damage_taken":3.0,"relics_obtained":["Letter Opener"]},{"damage_healed":0.0,"max_hp_gain":0.0,"max_hp_loss":0.0,"gold_gain":75.0,"event_name":"World of Goop","player_choice":"Gather Gold","floor":4.0,"gold_loss":0.0,"damage_taken":11.0},{"damage_healed":0.0,"max_hp_gain":0.0,"max_hp_loss":0.0,"gold_gain":0.0,"event_name":"Upgrade Shrine","player_choice":"Upgraded","floor":5.0,"gold_loss":0.0,"damage_taken":0.0,"cards_upgraded":["Fire Breathing"]},{"damage_healed":0.0,"max_hp_gain":0.0,"max_hp_loss":6.0,"gold_gain":0.0,"event_name":"Golden Idol","player_choice":"Lose Max HP","floor":13.0,"gold_loss":0.0,"damage_taken":0.0,"relics_obtained":["Golden Idol"]},{"damage_healed":0.0,"max_hp_gain":0.0,"max_hp_loss":0.0,"gold_gain":0.0,"event_name":"Forgotten Altar","player_choice":"Gave Idol","floor":21.0,"relics_lost":["Golden Idol"],"gold_loss":0.0,"damage_taken":0.0,"relics_obtained":["Bloody Idol"]},{"damage_healed":0.0,"max_hp_gain":0.0,"max_hp_loss":38.0,"gold_gain":0.0,"event_name":"Ghosts","player_choice":"Became a Ghost","floor":22.0,"gold_loss":0.0,"damage_taken":0.0,"cards_obtained":["Ghostly","Ghostly","Ghostly","Ghostly","Ghostly"]},{"damage_healed":0.0,"max_hp_gain":0.0,"max_hp_loss":0.0,"gold_gain":0.0,"event_name":"The Mausoleum","player_choice":"Opened","floor":28.0,"gold_loss":0.0,"damage_taken":0.0,"relics_obtained":["Mummified Hand"]},{"damage_healed":0.0,"max_hp_gain":0.0,"max_hp_loss":0.0,"gold_gain":999.0,"event_name":"MindBloom","player_choice":"Gold","floor":36.0,"gold_loss":0.0,"damage_taken":0.0,"cards_obtained":["Normality","Normality"]},{"damage_healed":0.0,"max_hp_gain":0.0,"max_hp_loss":0.0,"gold_gain":0.0,"event_name":"Mysterious Sphere","player_choice":"Ignored","floor":37.0,"gold_loss":0.0,"damage_taken":0.0}],"is_beta":false,"boss_relics":[{"not_picked":["Runic Dome","Fusion Hammer"],"picked":"Calling Bell"},{"not_picked":["Runic Cube","Black Star"],"picked":"Coffee Dripper"}],"items_purged_floors":[20,29],"is_endless":false,"potions_floor_spawned":[1,2,14,16,19,23,25,35],"killed_by":"Nemesis","ascension_level":14}}