{"host":"75dm291x99j0clh1","time":1608443595,"event":{"mods":["BaseMod","Friendly Minions","Lobotomy","Marisa£¨Ùöéë¡¡Øª×âÞÞ£©","Minty Spire (QoL Compilation)","StSLib"],"gold_per_floor":[118,118,130,130,147,147,147,147],"floor_reached":7,"playtime":1381,"items_purged":[],"score":41,"play_id":"93469817-5192-4a67-b306-07c83e0a1aa3","local_time":"20201220145315","is_ascension_mode":false,"campfire_choices":[{"data":"StarDustReverie","floor":6.0,"key":"SMITH"}],"circlet_count":0,"master_deck":["Strike_MRS","Strike_MRS","Strike_MRS","Strike_MRS+1","Defend_MRS+1","Defend_MRS","Defend_MRS","Defend_MRS","MasterSpark","UpSweep","Porccubus","WitchOfGreed","LongBird","StarDustReverie+1","Regret","Woodsman","SporeBomb"],"relics":["MiniHakkero","CogitoBucket","WingedGreaves"],"acts_visited":["Exordium"],"potions_floor_usage":[7],"damage_taken":[{"damage":2.0,"enemies":"2 Louse","floor":1.0,"turns":3.0},{"damage":6.0,"enemies":"Jaw Worm","floor":3.0,"turns":3.0},{"damage":0.0,"enemies":"Small Slimes","floor":5.0,"turns":1.0},{"damage":8,"enemies":"Lagavulin","floor":7,"turns":3}],"seed_played":"1317496640709847254","potions_obtained":[{"floor":1.0,"key":"Weak Potion"}],"is_trial":false,"path_per_floor":["M","?","M","?","M","R","E"],"character_chosen":"MARISA","items_purchased":[],"campfire_rested":0,"item_purchase_floors":[],"current_hp_per_floor":[73,58,52,52,52,52,44,44],"gold":147,"neow_bonus":"","is_daily":false,"chose_seed":false,"campfire_upgraded":1,"win_rate":0.0,"timestamp":1608443595,"path_taken":["M","?","M","?","M","R","E"],"items_purchased_type":[],"build_version":"2020-12-13","purchased_purges":0,"victory":false,"max_hp_per_floor":[75,75,75,75,75,75,75,75],"card_choices":[{"not_picked":["MeatLantern","GreedKing","FairyFestival"],"picked":"Singing Bowl","floor":1.0},{"not_picked":["UniverseFragment","OldLady"],"picked":"Porccubus","floor":1.0},{"not_picked":["OneTimeOff","Occultation"],"picked":"WitchOfGreed","floor":1.0},{"not_picked":["Bloodbath","Mercenary","UniverseFragment"],"picked":"Singing Bowl","floor":3.0},{"not_picked":["SpiderBud","MHz"],"picked":"LongBird","floor":3.0},{"not_picked":["NonDirectionalLaser","MilkyWay"],"picked":"StarDustReverie","floor":3.0},{"not_picked":["PunishingBird","Freischutz"],"picked":"Woodsman","floor":5.0},{"not_picked":["GalacticHalo","Occultation"],"picked":"SporeBomb","floor":5.0}],"player_experience":573997,"relics_obtained":[],"event_choices":[{"damage_healed":0.0,"max_hp_gain":0.0,"max_hp_loss":0.0,"gold_gain":0.0,"event_name":"Shining Light","player_choice":"Entered Light","floor":2.0,"gold_loss":0.0,"damage_taken":15.0,"cards_upgraded":["Defend_MRS","Strike_MRS"]},{"damage_healed":0.0,"max_hp_gain":0.0,"max_hp_loss":0.0,"gold_gain":0.0,"event_name":"Big Fish","player_choice":"Box","floor":4.0,"gold_loss":0.0,"damage_taken":0.0,"relics_obtained":["WingedGreaves"],"cards_obtained":["Regret"]}],"is_beta":false,"boss_relics":[],"items_purged_floors":[],"is_endless":false,"potions_floor_spawned":[1],"killed_by":"Lagavulin","ascension_level":0}}