{"host":"6azrrw3tf7wb0f4b","time":1608454003,"event":{"mods":["BaseMod","DeckTracker","Minty Spire (QoL Compilation)","SuperFastMode"],"gold_per_floor":[118,138,138,155,168,168,243,243,318,243,268,268,268,283,283,383,383,394,243,158,89,89,89,99,99,179,210,210,225,150,165,165,165,165],"floor_reached":33,"playtime":789,"items_purged":["Strike_B","Defend_B"],"score":355,"play_id":"96e8fead-0c3a-41ac-af28-a1430d7374b8","local_time":"20201220174643","is_ascension_mode":true,"campfire_choices":[{"data":"Doom and Gloom","floor":6,"key":"SMITH"},{"data":"Dualcast","floor":8,"key":"SMITH"},{"floor":15,"key":"REST"},{"data":"Blizzard","floor":23,"key":"SMITH"},{"data":"Glacier","floor":25,"key":"SMITH"},{"floor":28,"key":"REST"},{"floor":32,"key":"REST"}],"circlet_count":0,"master_deck":["Defend_B","Defend_B","Dualcast+1","Gash","Barrage","Glacier+1","Doom and Gloom+1","Beam Cell","Blizzard+1","Biased Cognition","Genetic Algorithm","Meteor Strike","Capacitor+1","Rebound+1","Heatsinks+1","Gash","Conserve Battery","Undo","Turbo+1","Rebound","Skim","Consume+1"],"relics":["Cracked Core","Orichalcum","Kunai","Juzu Bracelet","Astrolabe","Centennial Puzzle","Darkstone Periapt","Pear"],"acts_visited":["Exordium","TheCity"],"potions_floor_usage":[16,18,27,27,33],"damage_taken":[{"damage":2,"enemies":"Jaw Worm","floor":1,"turns":4},{"damage":0,"enemies":"Cultist","floor":2,"turns":3},{"damage":4,"enemies":"Small Slimes","floor":4,"turns":3},{"damage":9,"enemies":"3 Louse","floor":5,"turns":3},{"damage":10,"enemies":"3 Sentries","floor":11,"turns":7},{"damage":10,"enemies":"2 Fungi Beasts","floor":14,"turns":3},{"damage":29,"enemies":"Hexaghost","floor":16,"turns":9},{"damage":13,"enemies":"Spheric Guardian","floor":18,"turns":4},{"damage":6,"enemies":"Chosen","floor":24,"turns":5},{"damage":30,"enemies":"Gremlin Leader","floor":27,"turns":7},{"damage":17,"enemies":"Centurion and Healer","floor":29,"turns":7},{"damage":17,"enemies":"Snecko","floor":31,"turns":7},{"damage":43,"enemies":"Champ","floor":33,"turns":13}],"seed_played":"7950496226158338307","potions_obtained":[{"floor":2,"key":"Energy Potion"},{"floor":5,"key":"Energy Potion"},{"floor":11,"key":"LiquidBronze"},{"floor":14,"key":"DuplicationPotion"},{"floor":18,"key":"Weak Potion"},{"floor":29,"key":"Fire Potion"},{"floor":31,"key":"GamblersBrew"}],"is_trial":false,"path_per_floor":["M","M","?","M","M","R","?","R","T","$","E","?","?","M","R","B",null,"M","$","?","$","?","R","M","R","T","E","R","M","?","M","R","B"],"character_chosen":"DEFECT","items_purchased":["Conserve Battery","Undo"],"campfire_rested":3,"item_purchase_floors":[19,21],"current_hp_per_floor":[66,66,59,55,46,46,35,35,35,35,25,25,25,15,37,8,58,45,45,45,45,45,45,39,39,39,19,44,27,27,10,35,0,0],"gold":165,"neow_bonus":"RANDOM_COMMON_RELIC","is_daily":false,"chose_seed":false,"campfire_upgraded":4,"win_rate":0.0,"timestamp":1608454003,"path_taken":["M","M","?","M","?","R","?","R","T","$","E","?","?","M","R","BOSS","M","$","?","$","?","R","M","R","T","E","R","M","?","M","R","BOSS"],"items_purchased_type":["Card","Card"],"build_version":"2020-12-13","purchased_purges":2,"victory":false,"max_hp_per_floor":[75,75,75,75,75,75,75,75,75,75,75,75,75,75,75,75,75,75,75,75,75,75,75,75,75,75,85,85,85,85,85,85,85,85],"card_choices":[{"not_picked":["Streamline","Fusion"],"picked":"Gash","floor":1},{"not_picked":["Compile Driver","Force Field"],"picked":"Barrage","floor":2},{"not_picked":["Cold Snap","Leap"],"picked":"Glacier","floor":4},{"not_picked":["Loop","Turbo"],"picked":"Doom and Gloom","floor":5},{"not_picked":["Multi-Cast","Stack"],"picked":"Beam Cell","floor":11},{"not_picked":["Doom and Gloom","Hologram"],"picked":"Genetic Algorithm","floor":14},{"not_picked":["Multi-Cast","Amplify"],"picked":"Meteor Strike","floor":16},{"not_picked":["Stack","Self Repair"],"picked":"Gash","floor":18},{"not_picked":["Streamline","Beam Cell"],"picked":"Turbo+1","floor":24},{"not_picked":["Amplify","Tempest+1"],"picked":"Rebound","floor":27},{"not_picked":["Sunder","Reinforced Body"],"picked":"Skim","floor":29},{"not_picked":["Stack","FTL+1"],"picked":"Consume+1","floor":31}],"player_experience":636747,"relics_obtained":[{"floor":9,"key":"Kunai"},{"floor":11,"key":"Juzu Bracelet"},{"floor":26,"key":"Darkstone Periapt"},{"floor":27,"key":"Pear"}],"event_choices":[{"damage_healed":0,"gold_gain":0,"player_choice":"Damaged","damage_taken":7,"max_hp_gain":0,"max_hp_loss":0,"event_name":"Wheel of Change","floor":3,"gold_loss":0},{"damage_healed":0,"gold_gain":75,"player_choice":"Gather Gold","damage_taken":11,"max_hp_gain":0,"max_hp_loss":0,"event_name":"World of Goop","floor":7,"gold_loss":0},{"damage_healed":0,"gold_gain":0,"cards_transformed":["Strike_B"],"player_choice":"Change","damage_taken":0,"max_hp_gain":0,"max_hp_loss":0,"event_name":"Living Wall","floor":12,"gold_loss":0,"cards_obtained":["Blizzard"]},{"damage_healed":0,"gold_gain":0,"player_choice":"1 cards matched","damage_taken":0,"max_hp_gain":0,"max_hp_loss":0,"event_name":"Match and Keep!","floor":13,"gold_loss":0,"cards_obtained":["Biased Cognition"]},{"damage_healed":0,"gold_gain":0,"player_choice":"Obtained Relic","damage_taken":0,"relics_obtained":["Centennial Puzzle"],"max_hp_gain":0,"max_hp_loss":0,"event_name":"Addict","floor":20,"gold_loss":85},{"damage_healed":0,"gold_gain":0,"player_choice":"Ignored","damage_taken":0,"max_hp_gain":0,"max_hp_loss":0,"event_name":"Ghosts","floor":22,"gold_loss":0},{"cards_removed":["Defend_B"],"damage_healed":0,"gold_gain":0,"player_choice":"Gave Gold","damage_taken":0,"max_hp_gain":0,"max_hp_loss":0,"event_name":"Beggar","floor":30,"gold_loss":75}],"is_beta":false,"boss_relics":[{"not_picked":["Runic Dome","Runic Pyramid"],"picked":"Astrolabe"}],"items_purged_floors":[10,19],"is_endless":false,"potions_floor_spawned":[2,5,11,14,18,29,31],"killed_by":"Champ","ascension_level":7}}