{"host":"rt0td7aa3g170xdl","time":1608463208,"event":{"mods":["2.2 Compatiblity","AchievementEnabler","BaseMod","Colored Map","DeckTracker","Keyboard Shortcuts","Minty Spire (QoL Compilation)","Permanent Neow","Quick Restart","SuperFastMode","everything is the same but u backflip on backflip"],"gold_per_floor":[110,125,49,62,81,112,112,129,129,157,202,214,226,238,250,388,400,437,364,316,299,398,398,398,398,422,422,422,442,486,406,406,531,531,545,100,322,343,343,377,386,386,386,386,401,401,501,501,501,501],"floor_reached":51,"playtime":3591,"items_purged":["Strike_P","Strike_P","Defend_P"],"score":765,"play_id":"762115e0-a5ee-4f7f-a21a-9720e77f668c","local_time":"20201220202008","is_ascension_mode":true,"campfire_choices":[{"data":"Eruption","floor":7.0,"key":"SMITH"},{"data":"ClearTheMind","floor":12.0,"key":"SMITH"},{"floor":15.0,"key":"REST"},{"data":"MentalFortress","floor":23.0,"key":"SMITH"},{"data":"Ragnarok","floor":25.0,"key":"SMITH"},{"data":"Wireheading","floor":27.0,"key":"SMITH"},{"data":"Vigilance","floor":32.0,"key":"SMITH"},{"data":"DeceiveReality","floor":42,"key":"SMITH"},{"data":"SandsOfTime","floor":44,"key":"SMITH"},{"data":"Strike_P","floor":49,"key":"SMITH"}],"circlet_count":0,"master_deck":["Strike_P+1","Defend_P","Defend_P","Eruption+1","Vigilance+1","Ragnarok+1","SandsOfTime+1","ClearTheMind+1","MentalFortress+1","DeceiveReality+1","Wireheading+1","Evaluate+1","Vault+1","Indignation+1","EmptyMind+1","Evaluate+1","Scrawl+1","Collect+1","Thinking Ahead+1"],"relics":["PureWater","Toxic Egg 2","MawBank","Juzu Bracelet","Golden Idol","The Courier","Philosopher\u0027s Stone","Meat on the Bone","Enchiridion","Pen Nib","Red Mask","VioletLotus","Sling","Ginger","CeramicFish","Pantograph"],"acts_visited":["Exordium","TheCity","TheBeyond"],"potions_floor_usage":[48,50,50],"damage_taken":[{"damage":3.0,"enemies":"Jaw Worm","floor":1.0,"turns":4.0},{"damage":0.0,"enemies":"2 Louse","floor":2.0,"turns":2.0},{"damage":0.0,"enemies":"Cultist","floor":4.0,"turns":2.0},{"damage":2.0,"enemies":"Blue Slaver","floor":5.0,"turns":4.0},{"damage":12.0,"enemies":"Lagavulin","floor":6.0,"turns":7.0},{"damage":0.0,"enemies":"3 Louse","floor":8.0,"turns":3.0},{"damage":17.0,"enemies":"Exordium Thugs","floor":10.0,"turns":5.0},{"damage":0.0,"enemies":"Gremlin Nob","floor":11.0,"turns":2.0},{"damage":11.0,"enemies":"Slime Boss","floor":16.0,"turns":7.0},{"damage":7.0,"enemies":"3 Byrds","floor":18.0,"turns":6.0},{"damage":4.0,"enemies":"2 Thieves","floor":21.0,"turns":4.0},{"damage":13.0,"enemies":"Centurion and Healer","floor":29.0,"turns":4.0},{"damage":0.0,"enemies":"Masked Bandits","floor":30.0,"turns":4.0},{"damage":35,"enemies":"Collector","floor":33,"turns":11},{"damage":7,"enemies":"Orb Walker","floor":35,"turns":5},{"damage":0,"enemies":"3 Darklings","floor":38,"turns":4},{"damage":1,"enemies":"Giant Head","floor":40,"turns":5},{"damage":0,"enemies":"Sphere and 2 Shapes","floor":45,"turns":4},{"damage":0,"enemies":"Transient","floor":48,"turns":1},{"damage":71,"enemies":"Awakened One","floor":50,"turns":13}],"seed_played":"-8244847671507317597","potions_obtained":[{"floor":1.0,"key":"Block Potion"},{"floor":2.0,"key":"ColorlessPotion"},{"floor":4.0,"key":"Ambrosia"},{"floor":8.0,"key":"PowerPotion"},{"floor":21.0,"key":"FearPotion"},{"floor":39,"key":"DuplicationPotion"},{"floor":39,"key":"StancePotion"},{"floor":39,"key":"SmokeBomb"}],"is_trial":false,"path_per_floor":["M","M","$","M","M","E","R","M","T","M","E","R","?","?","R","B",null,"M","?","$","M","?","R","?","R","T","R","?","M","?","$","R","B",null,"M","$","?","M","?","E","?","R","T","R","M","?","?","M","R","B",null],"character_chosen":"WATCHER","items_purchased":["MentalFortress","Sling","Ginger"],"campfire_rested":1,"item_purchase_floors":[3,36,36],"current_hp_per_floor":[69,69,69,69,67,55,55,55,55,38,38,38,20,13,34,23,72,65,65,65,61,61,61,45,45,45,45,45,44,44,44,44,21,72,65,65,65,65,65,64,64,64,64,64,64,64,64,64,64,13],"gold":501,"neow_bonus":"ONE_RANDOM_RARE_CARD","is_daily":false,"chose_seed":false,"campfire_upgraded":9,"win_rate":0.0,"timestamp":1608463208,"path_taken":["M","M","$","M","M","E","R","M","T","M","E","R","?","?","R","BOSS","M","?","$","M","?","R","?","R","T","R","?","M","?","$","R","BOSS","M","$","?","M","?","E","?","R","T","R","M","?","?","M","R","BOSS"],"items_purchased_type":["Card","Relic","Relic"],"build_version":"2020-12-13","purchased_purges":3,"victory":true,"max_hp_per_floor":[72,72,72,72,72,72,72,72,72,72,72,72,72,72,72,72,72,72,72,72,72,72,72,72,72,72,72,72,72,72,72,72,72,72,72,72,72,72,72,72,72,72,72,72,72,72,72,72,72,72],"card_choices":[{"not_picked":["EmptyFist","BowlingBash"],"picked":"SandsOfTime","floor":1.0},{"not_picked":["Crescendo","FollowUp"],"picked":"ClearTheMind","floor":2.0},{"not_picked":["JustLucky","ClearTheMind"],"picked":"DeceiveReality","floor":4.0},{"not_picked":["EmptyBody","Protect","Consecrate"],"picked":"SKIP","floor":5.0},{"not_picked":["FlyingSleeves","CutThroughFate","SashWhip"],"picked":"SKIP","floor":6.0},{"not_picked":["JustLucky","Ragnarok"],"picked":"Wireheading","floor":8.0},{"not_picked":["BowlingBash","CrushJoints","FlurryOfBlows"],"picked":"SKIP","floor":10.0},{"not_picked":["CrushJoints","FlyingSleeves"],"picked":"Evaluate+1","floor":11.0},{"not_picked":["DevaForm","Wish+1"],"picked":"Vault+1","floor":16.0},{"not_picked":["EmptyMind+1","CrushJoints+1","SashWhip"],"picked":"SKIP","floor":18.0},{"not_picked":["Halt+1","Protect+1"],"picked":"Indignation+1","floor":21.0},{"not_picked":["Fasting2+1","EmptyFist"],"picked":"Evaluate+1","floor":29.0},{"not_picked":["Wish+1","Vault+1"],"picked":"Scrawl+1","floor":33},{"not_picked":["Consecrate","Crescendo+1"],"picked":"Collect+1","floor":35},{"not_picked":["FlurryOfBlows","CutThroughFate+1","ClearTheMind+1"],"picked":"SKIP","floor":38},{"not_picked":["Pray+1","SashWhip+1","SandsOfTime+1"],"picked":"SKIP","floor":40},{"not_picked":["Good Instincts+1","Swift Strike"],"picked":"Thinking Ahead+1","floor":41},{"not_picked":["DeceiveReality+1","Weave+1","FearNoEvil"],"picked":"SKIP","floor":45}],"player_experience":291054,"relics_obtained":[{"floor":6.0,"key":"Toxic Egg 2"},{"floor":9.0,"key":"MawBank"},{"floor":11.0,"key":"Juzu Bracelet"},{"floor":24.0,"key":"Enchiridion"},{"floor":26.0,"key":"Pen Nib"},{"floor":30.0,"key":"Red Mask"},{"floor":40,"key":"CeramicFish"},{"floor":43,"key":"Pantograph"}],"event_choices":[{"damage_healed":0.0,"max_hp_gain":0.0,"max_hp_loss":0.0,"gold_gain":0.0,"event_name":"Golden Idol","player_choice":"Take Damage","floor":13.0,"gold_loss":0.0,"damage_taken":18.0,"relics_obtained":["Golden Idol"]},{"damage_healed":0.0,"max_hp_gain":0.0,"max_hp_loss":0.0,"gold_gain":0.0,"event_name":"Scrap Ooze","player_choice":"Success","floor":14.0,"gold_loss":0.0,"damage_taken":7.0,"relics_obtained":["The Courier"]},{"damage_healed":0.0,"max_hp_gain":0.0,"max_hp_loss":0.0,"gold_gain":0.0,"event_name":"Addict","player_choice":"Obtained Relic","floor":19.0,"gold_loss":85.0,"damage_taken":0.0,"relics_obtained":["Meat on the Bone"]},{"damage_healed":0.0,"max_hp_gain":0.0,"max_hp_loss":0.0,"gold_gain":99.0,"event_name":"Nest","player_choice":"Stole From Cult","floor":22.0,"gold_loss":0.0,"damage_taken":0.0},{"damage_healed":0.0,"max_hp_gain":0.0,"max_hp_loss":0.0,"gold_gain":0.0,"event_name":"Cursed Tome","player_choice":"Obtained Book","floor":24.0,"gold_loss":0.0,"damage_taken":16.0},{"damage_healed":0.0,"max_hp_gain":0.0,"max_hp_loss":0.0,"gold_gain":0.0,"cards_transformed":["Strike_P"],"event_name":"Transmorgrifier","player_choice":"Transformed","floor":28.0,"gold_loss":0.0,"damage_taken":0.0,"cards_obtained":["EmptyMind"]},{"damage_healed":0.0,"max_hp_gain":0.0,"max_hp_loss":0.0,"gold_gain":0.0,"event_name":"Masked Bandits","player_choice":"Fought Bandits","floor":30.0,"gold_loss":0.0,"damage_taken":0.0},{"damage_healed":0,"gold_gain":222,"player_choice":"Wore Mask","damage_taken":0,"max_hp_gain":0,"max_hp_loss":0,"event_name":"Tomb of Lord Red Mask","floor":37,"gold_loss":0},{"damage_healed":0,"gold_gain":0,"player_choice":"Got Potions","damage_taken":0,"max_hp_gain":0,"max_hp_loss":0,"event_name":"Lab","floor":39,"gold_loss":0},{"damage_healed":0,"gold_gain":0,"player_choice":"Memory 1","damage_taken":0,"max_hp_gain":0,"max_hp_loss":0,"event_name":"SensoryStone","floor":41,"gold_loss":0},{"cards_removed":["Defend_P"],"damage_healed":0,"gold_gain":0,"player_choice":"Removed Skill","damage_taken":0,"max_hp_gain":0,"max_hp_loss":0,"event_name":"Falling","floor":46,"gold_loss":0},{"damage_healed":0,"gold_gain":100,"player_choice":"Pray","damage_taken":0,"max_hp_gain":0,"max_hp_loss":0,"event_name":"Golden Shrine","floor":47,"gold_loss":0}],"is_beta":false,"boss_relics":[{"not_picked":["Cursed Key","Sozu"],"picked":"Philosopher\u0027s Stone"},{"not_picked":["Calling Bell","Pandora\u0027s Box"],"picked":"VioletLotus"}],"items_purged_floors":[20,31,36],"is_endless":false,"potions_floor_spawned":[1,2,4,8,21,45],"ascension_level":1}}