{"host":"Terry","time":1608456274,"event":{"mods":["BaseMod","Downfall","Hubris","Minty Spire (QoL Compilation)","Replay The Spire","StSLib"],"gold_per_floor":[99,127,145,161,187,187,187,200,200,231,242,342,79,141,155,155,155],"floor_reached":16,"playtime":1393,"items_purged":[],"score":147,"play_id":"dfb151c2-4eb5-48ac-aedb-23b00a42119d","local_time":"20201220042434","is_ascension_mode":false,"campfire_choices":[{"data":"hexamod:Float","floor":1,"key":"SMITH"},{"data":"hexamod:Again","floor":6,"key":"SMITH"},{"data":"hexamod:EmpoweredFlame","floor":9,"key":"SMITH"}],"circlet_count":0,"master_deck":["hexamod:Strike+1","hexamod:Strike","hexamod:Strike","hexamod:Defend","hexamod:Defend","hexamod:Defend","hexamod:Defend","hexamod:Sear","hexamod:Float+1","hexamod:GhostOfSpirePast","hexamod:EmpoweredFlame+1","hexamod:Again+1","hexamod:FastForward","hexamod:DynamicBlow","hexamod:VolcanoVisage","hexamod:FourthSeal","hexamod:SixthSeal","hexamod:ThirdSeal","hexamod:HauntingEcho","expansioncontent:DecasProtection+1","hexamod:ShieldOfDarkness"],"relics":["hexamod:SpiritBrand","TungstenRod","Replay:Bottled Steam","Snack Pack","hubris:Metronome","downfall:CloakOfManyFaces","CultistMask","FaceOfCleric","NlothsMask","GremlinMask","SsserpentHead","Membership Card"],"acts_visited":["Exordium"],"potions_floor_usage":[16],"damage_taken":[{"damage":12,"enemies":"Lagavulin","floor":2,"turns":8},{"damage":0,"enemies":"Small Slimes","floor":3,"turns":3},{"damage":0,"enemies":"Cultist","floor":4,"turns":4},{"damage":4,"enemies":"3 Sentries","floor":5,"turns":10},{"damage":0,"enemies":"2 Louse","floor":8,"turns":3},{"damage":0,"enemies":"Replay:BlueRogue","floor":10,"turns":6},{"damage":10,"enemies":"3 Louse","floor":11,"turns":3},{"damage":0,"enemies":"downfall:FaceTrader","floor":12,"turns":6},{"damage":0,"enemies":"downfall:FleeingMerchant","floor":13,"turns":4},{"damage":0,"enemies":"Large Slime","floor":14,"turns":6},{"damage":12,"enemies":"Blue Slaver","floor":15,"turns":4},{"damage":46,"enemies":"downfall:Defect","floor":16,"turns":6}],"seed_played":"9175525893513331039","potions_obtained":[{"floor":3,"key":"sneckomod:MuddlingPotion"},{"floor":4,"key":"hexamod:EctoCoolerPotion"},{"floor":11,"key":"Fire Potion"}],"is_trial":false,"path_per_floor":["R","E","M","M","E","R","T","M","R","E","M","?","$","M","M","B"],"character_chosen":"THE_SPIRIT","items_purchased":["hexamod:ThirdSeal","Membership Card","hexamod:HauntingEcho","expansioncontent:DecasProtection"],"campfire_rested":0,"item_purchase_floors":[13,13,13,13],"current_hp_per_floor":[70,58,58,58,54,54,54,54,54,54,44,44,47,48,39,0,0],"gold":155,"neow_bonus":"TRANSFORM_CARD","is_daily":false,"chose_seed":false,"campfire_upgraded":3,"win_rate":0.0,"timestamp":1608456274,"path_taken":["R","E","M","M","E","R","T","M","R","E","M","?","?","?","M","BOSS"],"items_purchased_type":["Card","Relic","Card","Card"],"build_version":"2020-12-18","purchased_purges":0,"victory":false,"max_hp_per_floor":[70,70,70,70,70,70,70,70,70,70,70,70,71,72,73,73,73],"card_choices":[{"not_picked":["hexamod:ThermalTransfer","hexamod:HeatShield"],"picked":"hexamod:EmpoweredFlame","floor":2},{"not_picked":["hexamod:AdvancingGuard","hexamod:SpectersWail"],"picked":"hexamod:Again","floor":3},{"not_picked":["hexamod:BurningTouch","hexamod:ThermalTransfer","hexamod:SpectersWail"],"picked":"SKIP","floor":4},{"not_picked":["hexamod:GhostLash","hexamod:SecondSeal"],"picked":"hexamod:FastForward","floor":5},{"not_picked":["hexamod:FastForward","hexamod:PhantomFireball","hexamod:HeatShield"],"picked":"SKIP","floor":8},{"not_picked":["hexamod:HeatMetal","hexamod:Again"],"picked":"hexamod:DynamicBlow","floor":10},{"not_picked":["hexamod:NightmareStrike","hexamod:SwordOfDarkness"],"picked":"hexamod:VolcanoVisage","floor":11},{"not_picked":["hexamod:ExtraCrispy","hexamod:GhostOfSpireFuture"],"picked":"hexamod:FourthSeal","floor":12},{"not_picked":["hexamod:PhantomCloak","hexamod:Again"],"picked":"hexamod:SixthSeal","floor":13},{"not_picked":["hexamod:PhantomFireball","hexamod:GhostOfSpirePast"],"picked":"hexamod:ShieldOfDarkness","floor":14},{"not_picked":["hexamod:ShieldOfDarkness","hexamod:Haunt","hexamod:ThermalTransfer"],"picked":"SKIP","floor":14},{"not_picked":["hexamod:ChargedBarrage","hexamod:SoulSteal","hexamod:NecessarySacrifice"],"picked":"SKIP","floor":15}],"player_experience":555850,"relics_obtained":[{"floor":2,"key":"TungstenRod"},{"floor":5,"key":"Replay:Bottled Steam"},{"floor":7,"key":"Snack Pack"},{"floor":10,"key":"hubris:Metronome"},{"floor":12,"key":"downfall:CloakOfManyFaces"}],"event_choices":[],"is_beta":true,"boss_relics":[],"items_purged_floors":[],"is_endless":false,"potions_floor_spawned":[3,4,11,12,14],"killed_by":"downfall:Defect","ascension_level":0}}