{"host":"baymyijz6sxaqj5s","time":1608480623,"event":{"mods":["AchievementEnabler","BaseMod","Colored Map","Colored Powertips","DeckTracker","KOR Keyword Fix","Keyboard Shortcuts","Minty Spire (QoL Compilation)","StSLib","SuperFastMode"],"gold_per_floor":[116,135,151,101,111,130,130,130,154,154,170,170,188,204,204,302,352,368,383,394,404,404,404],"floor_reached":22,"playtime":879,"items_purged":[],"score":209,"play_id":"b713d068-16f0-4689-b68e-a72c117a4c1f","local_time":"20201221011023","is_ascension_mode":false,"campfire_choices":[{"data":"Power Through","floor":7,"key":"SMITH"},{"data":"Shrug It Off","floor":10,"key":"SMITH"},{"data":"Headbutt","floor":12,"key":"SMITH"},{"data":"Entrench","floor":15,"key":"SMITH"}],"circlet_count":0,"master_deck":["Strike_R","Strike_R","Strike_R","Strike_R","Defend_R","Defend_R","Defend_R","Defend_R","Bash","Limit Break+1","Shrug It Off+1","Headbutt+1","Power Through+1","Spot Weakness+1","Entrench+1","Seeing Red","Thunderclap","Pommel Strike","Armaments"],"relics":["Burning Blood","Bronze Scales","Tiny House"],"acts_visited":["Exordium","TheCity"],"potions_floor_usage":[11,16,16,16,18,19,20],"damage_taken":[{"damage":6,"enemies":"Small Slimes","floor":1,"turns":3},{"damage":6,"enemies":"Cultist","floor":2,"turns":3},{"damage":3,"enemies":"2 Louse","floor":3,"turns":3},{"damage":4,"enemies":"Blue Slaver","floor":5,"turns":7},{"damage":2,"enemies":"Red Slaver","floor":6,"turns":7},{"damage":5,"enemies":"Exordium Wildlife","floor":11,"turns":6},{"damage":10,"enemies":"Exordium Thugs","floor":13,"turns":4},{"damage":14,"enemies":"Gremlin Gang","floor":14,"turns":5},{"damage":37,"enemies":"The Guardian","floor":16,"turns":15},{"damage":1,"enemies":"Shell Parasite","floor":18,"turns":7},{"damage":8,"enemies":"3 Byrds","floor":19,"turns":1},{"damage":68,"enemies":"3 Cultists","floor":20,"turns":9},{"damage":26,"enemies":"Centurion and Healer","floor":21,"turns":13},{"damage":17,"enemies":"Masked Bandits","floor":22,"turns":2}],"seed_played":"-5890908241744418848","potions_obtained":[{"floor":5,"key":"EssenceOfSteel"},{"floor":6,"key":"Fruit Juice"},{"floor":13,"key":"Swift Potion"},{"floor":14,"key":"Fruit Juice"},{"floor":16,"key":"LiquidMemories"},{"floor":17,"key":"Swift Potion"},{"floor":18,"key":"LiquidBronze"}],"is_trial":false,"path_per_floor":["M","M","M","?","M","M","R","?","T","R","M","R","M","M","R","B",null,"M","M","M","M","?"],"character_chosen":"IRONCLAD","items_purchased":[],"campfire_rested":0,"item_purchase_floors":[],"current_hp_per_floor":[80,80,80,80,80,80,80,80,80,80,85,85,81,73,73,47,95,95,93,31,11,0,0],"gold":404,"neow_bonus":"ONE_RANDOM_RARE_CARD","is_daily":false,"chose_seed":false,"campfire_upgraded":4,"win_rate":0.0,"timestamp":1608480623,"path_taken":["M","M","M","?","M","M","R","?","T","R","M","R","?","M","R","BOSS","M","M","M","M","?"],"items_purchased_type":[],"build_version":"2020-12-13","purchased_purges":0,"victory":false,"max_hp_per_floor":[80,80,80,80,80,80,80,80,80,80,85,85,85,85,85,90,95,95,95,95,95,95,95],"card_choices":[{"not_picked":["Perfected Strike","Iron Wave"],"picked":"Shrug It Off","floor":1},{"not_picked":["Shrug It Off","Sentinel","Rampage"],"picked":"SKIP","floor":2},{"not_picked":["Carnage","Flex","Perfected Strike"],"picked":"SKIP","floor":3},{"not_picked":["Infernal Blade","Pommel Strike"],"picked":"Headbutt","floor":5},{"not_picked":["Flex","Ghostly Armor"],"picked":"Power Through","floor":6},{"not_picked":["Bloodletting","Rupture","Sword Boomerang"],"picked":"SKIP","floor":11},{"not_picked":["Twin Strike","Cleave"],"picked":"Spot Weakness","floor":13},{"not_picked":["Sword Boomerang","Feed"],"picked":"Entrench","floor":14},{"not_picked":["Dropkick","Warcry"],"picked":"Seeing Red","floor":17},{"not_picked":["Disarm","Dropkick"],"picked":"Thunderclap","floor":18},{"not_picked":["Searing Blow+1","True Grit"],"picked":"Pommel Strike","floor":19},{"not_picked":["Battle Trance","Anger"],"picked":"Armaments","floor":20},{"not_picked":["Clash","Flex","Perfected Strike"],"picked":"SKIP","floor":21}],"player_experience":152664,"relics_obtained":[{"floor":9,"key":"Bronze Scales"}],"event_choices":[{"cards_removed":["Strike_R"],"damage_healed":0,"gold_gain":0,"player_choice":"Card Removal","damage_taken":0,"max_hp_gain":0,"max_hp_loss":0,"event_name":"The Cleric","floor":4,"gold_loss":50},{"damage_healed":0,"gold_gain":0,"player_choice":"Forge","damage_taken":0,"max_hp_gain":0,"max_hp_loss":0,"event_name":"Accursed Blacksmith","floor":8,"gold_loss":0,"cards_upgraded":["Limit Break"]},{"damage_healed":0,"gold_gain":0,"player_choice":"Fought Bandits","damage_taken":0,"max_hp_gain":0,"max_hp_loss":0,"event_name":"Masked Bandits","floor":22,"gold_loss":0}],"is_beta":false,"boss_relics":[{"not_picked":["Calling Bell","Ectoplasm"],"picked":"Tiny House"}],"items_purged_floors":[],"is_endless":false,"potions_floor_spawned":[5,6,13,14,16,18],"killed_by":"Masked Bandits","ascension_level":0}}