{"host":"30p6vp5e6xgjixv6","time":1608501476,"event":{"mods":["AchievementEnabler","BaseMod","Better Match","Better Note","BetterRewards","Colored Map","Colored Powertips","Downfall","Gremlin Skip","Minty Spire (QoL Compilation)","Quick Restart","Rare Cards Sparkle","Relic Filter","StSLib","The IronCluck"],"gold_per_floor":[99,116,147,147,161,161,161,173,173,204,223,223,242,30,42,42,42],"floor_reached":16,"playtime":775,"items_purged":[],"score":112,"play_id":"10bc51ed-78af-4fff-86b5-0f9f3845c5f3","local_time":"20201220165756","is_ascension_mode":false,"campfire_choices":[{"data":"expansioncontent:DonusPower","floor":1,"key":"SMITH"},{"data":"champ:Taunt","floor":6,"key":"SMITH"},{"floor":9,"key":"REST"}],"circlet_count":0,"master_deck":["champ:Strike","champ:Strike","champ:Strike","champ:Defend","champ:Defend","champ:Defend","champ:Defend","champ:Execute","champ:Taunt+1","expansioncontent:DonusPower+1","champ:EnragedBash","champ:Backstep","champ:FanOfKnives","champ:PerfectedStrike","champ:BringItOn","champ:StanceDance","champ:PerfectedStrike"],"relics":["champ:ChampionCrown","Mercury Hourglass","Du-Vu Doll","Mummified Hand","champ:DefensiveTrainingManual","Strange Spoon"],"acts_visited":["Exordium"],"potions_floor_usage":[10,16,16,16],"damage_taken":[{"damage":0,"enemies":"Cultist","floor":2,"turns":3},{"damage":43,"enemies":"3 Sentries","floor":3,"turns":7},{"damage":6,"enemies":"2 Louse","floor":5,"turns":2},{"damage":2,"enemies":"Jaw Worm","floor":8,"turns":3},{"damage":64,"enemies":"Lagavulin","floor":10,"turns":6},{"damage":16,"enemies":"2 Fungi Beasts","floor":11,"turns":3},{"damage":12,"enemies":"Blue Slaver","floor":13,"turns":2},{"damage":5,"enemies":"downfall:FleeingMerchant","floor":14,"turns":4},{"damage":0,"enemies":"Lots of Slimes","floor":15,"turns":1},{"damage":50,"enemies":"downfall:Silent","floor":16,"turns":7}],"seed_played":"3709892798089205077","potions_obtained":[{"floor":2,"key":"Ancient Potion"},{"floor":3,"key":"BlessingOfTheForge"},{"floor":10,"key":"Strength Potion"},{"floor":15,"key":"Guardian:BlockOnCardUsePotion"}],"is_trial":false,"path_per_floor":["R","M","E","T","M","R","T","M","R","E","M","?","M","$","M","B"],"character_chosen":"THE_CHAMP","items_purchased":["champ:PerfectedStrike","Strange Spoon"],"campfire_rested":1,"item_purchase_floors":[14,14],"current_hp_per_floor":[90,90,64,64,58,58,58,58,85,57,48,48,41,41,41,0,0],"gold":42,"neow_bonus":"RANDOM_COLORLESS","is_daily":false,"chose_seed":false,"campfire_upgraded":2,"win_rate":0.0,"timestamp":1608501476,"path_taken":["R","?","E","?","?","R","T","M","R","E","M","?","M","?","M","BOSS"],"items_purchased_type":["Card","Relic"],"build_version":"2020-12-13","purchased_purges":0,"victory":false,"max_hp_per_floor":[90,90,90,90,90,90,90,90,90,90,90,90,90,90,90,90,90],"card_choices":[{"not_picked":["Finesse","expansioncontent:PrepareCrush"],"picked":"expansioncontent:DonusPower","floor":0},{"not_picked":["champ:AdrenalArmor","champ:Lariat"],"picked":"champ:EnragedBash","floor":2},{"not_picked":["champ:ShieldThrow","champ:FlashCut"],"picked":"champ:Backstep","floor":3},{"not_picked":["champ:DefensiveShout","champ:CrookedStrike"],"picked":"champ:FanOfKnives","floor":5},{"not_picked":["champ:GladiatorsShout","champ:AdrenalArmor","champ:Haymaker"],"picked":"SKIP","floor":8},{"not_picked":["champ:BerserkersShout","champ:FalseCounter"],"picked":"champ:PerfectedStrike","floor":10},{"not_picked":["champ:BringItOn","champ:TornadoPunch","champ:HeavySlash"],"picked":"SKIP","floor":11},{"not_picked":["champ:FanOfKnives","champ:GladiatorsShout"],"picked":"champ:StanceDance","floor":13},{"not_picked":["champ:BerserkersShout","champ:RisingSlash","champ:Circumvent"],"picked":"SKIP","floor":14},{"not_picked":["champ:BerserkersShout","champ:BringItOn","champ:GladiatorsShout"],"picked":"SKIP","floor":15}],"player_experience":189079,"relics_obtained":[{"floor":3,"key":"Mercury Hourglass"},{"floor":4,"key":"Du-Vu Doll"},{"floor":7,"key":"Mummified Hand"},{"floor":10,"key":"champ:DefensiveTrainingManual"}],"event_choices":[{"damage_healed":0,"gold_gain":0,"cards_transformed":["champ:Strike"],"player_choice":"Transformed","damage_taken":0,"max_hp_gain":0,"max_hp_loss":0,"event_name":"Transmorgrifier","floor":12,"gold_loss":0,"cards_obtained":["champ:BringItOn"]}],"is_beta":false,"boss_relics":[],"items_purged_floors":[],"is_endless":false,"potions_floor_spawned":[2,3,10,15],"killed_by":"downfall:Silent","ascension_level":0}}