{"host":"bxn2em57qlx5u4i0","time":1608481958,"event":{"mods":["BaseMod","Colored Map","Colored Powertips","Highlight Path","Minty Spire (QoL Compilation)","Random Character Button","Relic Sorter","Relic Stats","StSLib","SuperFastMode"],"gold_per_floor":[119,119,119,131,131,131,156,156,230,259,12,25,100,0,0,73,73,84,84,109,109,125,145,165,165,165,165,176,176,176,206,206,206,206],"floor_reached":33,"playtime":760,"items_purged":["Strike_G","Strike_G"],"score":592,"play_id":"c7907f7c-e94d-4aad-b64c-ebd54dd10573","local_time":"20201220113238","is_ascension_mode":true,"campfire_choices":[{"data":"Riddle With Holes","floor":6,"key":"SMITH"},{"data":"1","floor":8,"key":"LIFT"},{"data":"2","floor":15,"key":"LIFT"},{"data":"3","floor":25,"key":"LIFT"},{"floor":27,"key":"REST"},{"data":"Burst","floor":29,"key":"SMITH"},{"data":"Wraith Form v2","floor":32,"key":"SMITH"}],"circlet_count":0,"master_deck":["AscendersBane","Strike_G+1","Strike_G+1","Strike_G+1","Defend_G+1","Defend_G+1","Defend_G+1","Defend_G+1","Defend_G+1","Survivor","Neutralize+1","Dagger Spray+1","Riddle With Holes+1","Cloak And Dagger","PiercingWail","Wraith Form v2+1","Cloak And Dagger+1","Skewer","Dagger Spray","Burst+1"],"relics":["Ring of the Snake","NeowsBlessing","Girya","Pantograph","Bronze Scales","War Paint","Black Star","Red Mask","Lizard Tail","PreservedInsect"],"acts_visited":["Exordium","TheCity"],"potions_floor_usage":[18,22,31,31],"damage_taken":[{"damage":0,"enemies":"Small Slimes","floor":1,"turns":1},{"damage":0,"enemies":"2 Louse","floor":4,"turns":1},{"damage":0,"enemies":"3 Sentries","floor":7,"turns":1},{"damage":18,"enemies":"Gremlin Nob","floor":10,"turns":4},{"damage":0,"enemies":"Cultist","floor":12,"turns":3},{"damage":17,"enemies":"Hexaghost","floor":16,"turns":10},{"damage":8,"enemies":"2 Thieves","floor":18,"turns":4},{"damage":33,"enemies":"Masked Bandits","floor":20,"turns":4},{"damage":1,"enemies":"Chosen","floor":22,"turns":4},{"damage":2,"enemies":"3 Cultists","floor":23,"turns":4},{"damage":10,"enemies":"Snake Plant","floor":24,"turns":4},{"damage":2,"enemies":"Shelled Parasite and Fungi","floor":28,"turns":4},{"damage":12,"enemies":"Book of Stabbing","floor":31,"turns":4},{"damage":119,"enemies":"Automaton","floor":33,"turns":10}],"seed_played":"3215919386995567610","potions_obtained":[{"floor":3,"key":"GhostInAJar"},{"floor":3,"key":"Poison Potion"},{"floor":7,"key":"Fruit Juice"},{"floor":18,"key":"BlessingOfTheForge"},{"floor":22,"key":"Energy Potion"},{"floor":24,"key":"DuplicationPotion"}],"is_trial":false,"path_per_floor":["M","?","?","M","?","R","E","R","T","E","$","M","?","$","R","B",null,"M","?","?","$","M","M","M","R","T","R","M","R","?","E","R","B"],"character_chosen":"THE_SILENT","items_purchased":["War Paint"],"campfire_rested":1,"item_purchase_floors":[11],"current_hp_per_floor":[59,59,59,59,39,39,39,39,39,21,21,21,10,10,10,18,54,51,51,18,18,17,15,5,5,5,26,24,24,24,12,12,0,0],"gold":206,"neow_bonus":"THREE_ENEMY_KILL","is_daily":false,"chose_seed":false,"campfire_upgraded":3,"win_rate":0.0,"timestamp":1608481958,"path_taken":["M","?","?","?","?","R","E","R","T","E","$","M","?","?","R","BOSS","M","?","?","$","M","M","M","R","T","R","M","R","?","E","R","BOSS"],"items_purchased_type":["Relic"],"build_version":"2020-12-13","purchased_purges":2,"victory":false,"max_hp_per_floor":[66,66,66,66,66,66,66,66,66,66,66,66,66,66,66,66,66,71,71,71,71,71,71,71,71,71,71,71,71,71,71,71,71,71],"relic_stats":{"Lizard Tail":35,"counters":[14,58],"Pantograph":50,"Bronze Scales":[197],"PreservedInsect":0,"Black Star":1,"War Paint":["Defend_G","Defend_G"],"obtain_stats":[{"Girya":7,"Lizard Tail":31,"NeowsBlessing":0,"Pantograph":9,"Bronze Scales":10,"PreservedInsect":31,"Black Star":17,"Red Mask":20,"War Paint":11,"Ring of the Snake":0},{"Girya":3,"Lizard Tail":13,"NeowsBlessing":0,"Pantograph":3,"Bronze Scales":4,"PreservedInsect":13,"Black Star":6,"Red Mask":8,"War Paint":4,"Ring of the Snake":0},{"Girya":3,"Lizard Tail":48,"NeowsBlessing":0,"Pantograph":3,"Bronze Scales":7,"PreservedInsect":48,"Black Star":20,"Red Mask":28,"War Paint":7,"Ring of the Snake":0}],"Ring of the Snake":[28]},"card_choices":[{"not_picked":["Flying Knee","Leg Sweep"],"picked":"Dagger Spray","floor":1},{"not_picked":["Bane","Prepared"],"picked":"Riddle With Holes","floor":4},{"not_picked":["Slice","Masterful Stab"],"picked":"Cloak And Dagger","floor":7},{"not_picked":["Deflect","Phantasmal Killer","Dodge and Roll"],"picked":"SKIP","floor":10},{"not_picked":["Slice","Poisoned Stab"],"picked":"PiercingWail","floor":12},{"not_picked":["Storm of Steel","Venomology"],"picked":"Wraith Form v2","floor":16},{"not_picked":["Slice+1","Underhanded Strike","Poisoned Stab"],"picked":"SKIP","floor":18},{"not_picked":["Blade Dance","Endless Agony"],"picked":"Cloak And Dagger+1","floor":20},{"not_picked":["Quick Slash","Deadly Poison"],"picked":"Skewer","floor":22},{"not_picked":["Slice","Poisoned Stab","Quick Slash"],"picked":"SKIP","floor":23},{"not_picked":["Caltrops","Escape Plan"],"picked":"Dagger Spray","floor":24},{"not_picked":["Deflect","Dodge and Roll"],"picked":"Burst","floor":28},{"not_picked":["Dagger Throw","Phantasmal Killer","Backflip"],"picked":"SKIP","floor":31}],"player_experience":2825870,"relics_obtained":[{"floor":7,"key":"Girya"},{"floor":9,"key":"Pantograph"},{"floor":10,"key":"Bronze Scales"},{"floor":20,"key":"Red Mask"},{"floor":31,"key":"Lizard Tail"},{"floor":31,"key":"PreservedInsect"}],"event_choices":[{"damage_healed":0,"gold_gain":0,"player_choice":"Grow","damage_taken":0,"max_hp_gain":0,"max_hp_loss":0,"event_name":"Living Wall","floor":2,"gold_loss":0,"cards_upgraded":["Dagger Spray"]},{"damage_healed":0,"gold_gain":0,"player_choice":"Got Potions","damage_taken":0,"max_hp_gain":0,"max_hp_loss":0,"event_name":"Lab","floor":3,"gold_loss":0},{"damage_healed":0,"gold_gain":0,"player_choice":"Entered Light","damage_taken":20,"max_hp_gain":0,"max_hp_loss":0,"event_name":"Shining Light","floor":5,"gold_loss":0,"cards_upgraded":["Defend_G","Neutralize"]},{"damage_healed":0,"gold_gain":75,"player_choice":"Gather Gold","damage_taken":11,"max_hp_gain":0,"max_hp_loss":0,"event_name":"World of Goop","floor":13,"gold_loss":0},{"damage_healed":0,"gold_gain":0,"player_choice":"Simplicity","damage_taken":0,"max_hp_gain":0,"max_hp_loss":0,"event_name":"Back to Basics","floor":19,"gold_loss":0,"cards_upgraded":["Strike_G","Strike_G","Strike_G","Defend_G","Defend_G"]},{"damage_healed":0,"gold_gain":0,"player_choice":"Fought Bandits","damage_taken":0,"max_hp_gain":0,"max_hp_loss":0,"event_name":"Masked Bandits","floor":20,"gold_loss":0},{"damage_healed":0,"gold_gain":0,"player_choice":"Ignored","damage_taken":0,"max_hp_gain":0,"max_hp_loss":0,"event_name":"Vampires","floor":30,"gold_loss":0}],"is_beta":false,"boss_relics":[{"not_picked":["Fusion Hammer","Tiny House"],"picked":"Black Star"}],"items_purged_floors":[11,14],"is_endless":false,"potions_floor_spawned":[7,18,22,24,28],"killed_by":"Automaton","ascension_level":20}}