{"host":"mal0jdk4f6ubgyb8","time":1608450799,"event":{"mods":["BaseMod","KinomotoSakuraMod(木之本樱)","Koishi","Luminous","Marisa（F雨　魔理沙）","Minty Spire (QoL Compilation)","Quick Restart","Reimu（博丽灵梦）","Relic Stats","Remilia（蕾米莉亚）","StSLib","WarShipGirlsR/战舰少女R mod","Youmu（魂魄妖梦）","Yuri Mod","Yuyuko","【东方二次创作】八云紫mod"],"gold_per_floor":[117,132,148,148,163,173,173,348,348,348,348,377,387,412,412,516,516,533,551,227,207,167,193,193,225,304,330,363,375,392,142,142,237,237,256,256,302,319,334,360,376,402,454,469,498,498,498,525,525,525,525,525,6,35,35],"floor_reached":56,"playtime":2566,"items_purged":["Doubt","Regret","Defend_RM"],"score":1761,"play_id":"085ac8c9-f4fb-4e22-bed5-21084bd04577","local_time":"20201220155319","is_ascension_mode":true,"campfire_choices":[{"data":"RedMoon","floor":7.0,"key":"SMITH"},{"data":"VampirishNight","floor":11.0,"key":"SMITH"},{"data":"QueenOfMidnight","floor":15.0,"key":"SMITH"},{"data":"Stigmanizer","floor":24.0,"key":"SMITH"},{"floor":32.0,"key":"RECALL"},{"data":"DemonKingCradle","floor":46,"key":"SMITH"},{"data":"ScarletCoffin","floor":49,"key":"SMITH"},{"data":"BloodyCatastrophe","floor":52,"key":"SMITH"}],"circlet_count":0,"master_deck":["Strike_RM+1","Strike_RM","Strike_RM+1","Strike_RM+1","Defend_RM+1","Defend_RM+1","ScarletShoot+1","EndlessAdversity+1","VampirishNight+1","EternalNight+1","BlasphemousPunishment+1","Stigmanizer+1","QueenOfMidnight+1","ScarletCoffin+1","ScarletImprint+1","LeisurelyOfLord+1","ScarletImprint+1","TricksterDevil+1","VampirishNight+1","RedRainbow+1","DemonKingCradle+1","TwelveNightmare+1","ScarletImprint+1","ScarletCoffin+1","ReincarnationDial+1","ScarletGensokyo+1","BombardNight+1","NightDance+1","BloodHunter+1","Stigmanizer+1","BloodyCatastrophe+1","HunterOfTheNight+1","HunterOfTheNight+1","BloodHunter+1"],"relics":["ScarletHat","NeowsBlessing","Ice Cream","Torii","Boot","APieceOfRedMist","Molten Egg 2","Anchor","yuri:PortableGlitches","ZunR:ReiMu","Dead Branch","Peace Pipe","Kunai","MealTicket","Blood Vial","Omamori","Chemical X","Coffee Dripper","CatCart","Gungnir","Vajra","PureWhite:ReiMu","Art of War","Centennial Puzzle","War Paint","Akabeko","AntiCross","Whetstone","Toy Ornithopter"],"acts_visited":["Exordium","TheCity","TheBeyond","TheEnding"],"potions_floor_usage":[44,48,55,55,55],"damage_taken":[{"damage":0.0,"enemies":"Small Slimes","floor":1.0,"turns":1.0},{"damage":0.0,"enemies":"2 Louse","floor":2.0,"turns":1.0},{"damage":0.0,"enemies":"Jaw Worm","floor":3.0,"turns":1.0},{"damage":0.0,"enemies":"Blue Slaver","floor":5.0,"turns":2.0},{"damage":11.0,"enemies":"2 Fungi Beasts","floor":6.0,"turns":4.0},{"damage":46.0,"enemies":"3 Sentries","floor":12.0,"turns":6.0},{"damage":14.0,"enemies":"Red Slaver","floor":13.0,"turns":2.0},{"damage":14.0,"enemies":"Gremlin Nob","floor":14.0,"turns":3.0},{"damage":12.0,"enemies":"Slime Boss","floor":16.0,"turns":10.0},{"damage":19.0,"enemies":"Chosen","floor":18.0,"turns":3.0},{"damage":11.0,"enemies":"Spheric Guardian","floor":19.0,"turns":3.0},{"damage":12.0,"enemies":"Gremlin Leader","floor":23.0,"turns":4.0},{"damage":32.0,"enemies":"Slavers","floor":25.0,"turns":5.0},{"damage":20.0,"enemies":"Book of Stabbing","floor":28.0,"turns":4.0},{"damage":13.0,"enemies":"Snecko","floor":29.0,"turns":2.0},{"damage":1.0,"enemies":"Centurion and Healer","floor":30.0,"turns":3.0},{"damage":49.0,"enemies":"Automaton","floor":33.0,"turns":4.0},{"damage":18.0,"enemies":"Orb Walker","floor":35.0,"turns":4.0},{"damage":53.0,"enemies":"Orin","floor":37.0,"turns":4.0},{"damage":38.0,"enemies":"3 Darklings","floor":38.0,"turns":2.0},{"damage":77.0,"enemies":"Transient","floor":39.0,"turns":5.0},{"damage":10,"enemies":"Reptomancer","floor":40,"turns":4},{"damage":46,"enemies":"Maw","floor":41,"turns":3},{"damage":18,"enemies":"Nemesis","floor":42,"turns":4},{"damage":4,"enemies":"3 Darklings","floor":44,"turns":2},{"damage":14,"enemies":"Reptomancer","floor":45,"turns":2},{"damage":15,"enemies":"Giant Head","floor":48,"turns":3},{"damage":61,"enemies":"Donu and Deca","floor":50,"turns":3},{"damage":4,"enemies":"Shield and Spear","floor":54,"turns":1},{"damage":63,"enemies":"The Heart","floor":55,"turns":4}],"seed_played":"-4193280780898592145","potions_obtained":[{"floor":2.0,"key":"Block Potion"},{"floor":5.0,"key":"DistilledChaos"},{"floor":6.0,"key":"PowerPotion"},{"floor":14.0,"key":"PowerPotion"},{"floor":16.0,"key":"Explosive Potion"},{"floor":19.0,"key":"Swift Potion"},{"floor":25.0,"key":"EssenceOfSteel"},{"floor":28.0,"key":"AttackPotion"},{"floor":33.0,"key":"ColorlessPotion"},{"floor":35.0,"key":"Fire Potion"},{"floor":37.0,"key":"SpeedPotion"},{"floor":38.0,"key":"ColorlessPotion"},{"floor":39.0,"key":"Fire Potion"},{"floor":42,"key":"Dexterity Potion"},{"floor":44,"key":"Strength Potion"},{"floor":48,"key":"Explosive Potion"},{"floor":54,"key":"PowerPotion"}],"is_trial":false,"path_per_floor":["M","M","M","?","M","M","R","?","T","?","R","E","M","E","R","B",null,"M","M","$","?","?","E","R","E","T","T","E","M","M","$","R","B",null,"M","?","?","M","M","E","M","E","T","M","E","R","?","E","R","B",null,"R","$","E","B",null],"character_chosen":"REMILIA","items_purchased":["yuri:PortableGlitches","Chemical X","AntiCross","Whetstone"],"campfire_rested":0,"item_purchase_floors":[20,31,53,53],"current_hp_per_floor":[75,75,75,75,75,66,66,66,66,66,66,54,42,36,36,44,75,68,69,69,69,69,75,75,75,75,75,75,75,75,75,75,75,75,74,74,75,75,75,75,71,75,75,75,75,75,75,75,75,68,75,75,75,75,75],"gold":35,"neow_bonus":"THREE_ENEMY_KILL","is_daily":false,"chose_seed":false,"campfire_upgraded":7,"win_rate":0.0,"timestamp":1608450799,"path_taken":["M","M","M","?","M","M","R","?","T","?","R","E","M","E","R","BOSS","M","M","$","?","?","E","R","E","T","?","E","M","M","?","R","BOSS","M","?","?","M","M","E","M","E","T","M","E","R","?","E","R","BOSS","R","$","E","BOSS"],"items_purchased_type":["Relic","Relic","Relic","Relic"],"build_version":"2020-12-13","purchased_purges":3,"victory":true,"max_hp_per_floor":[75,75,75,75,75,75,75,75,75,75,75,75,75,75,75,75,75,75,75,75,75,75,75,75,75,75,75,75,75,75,75,75,75,75,75,75,75,75,75,75,75,75,75,75,75,75,75,75,75,75,75,75,75,75,75],"relic_stats":{"Torii":24,"counters":[30,99],"Dead Branch":[211],"Whetstone":["Strike_RM","Strike_RM"],"War Paint":["BlasphemousPunishment","Defend_RM"],"Boot":[60],"Peace Pipe":0,"Blood Vial":3,"Centennial Puzzle":[4],"MealTicket":0,"Art of War":[0],"Kunai":[50],"Chemical X":[2],"obtain_stats":[{"Ice Cream":10,"Torii":12,"ZunR:ReiMu":22,"Vajra":40,"Whetstone":53,"Boot":14,"ScarletHat":0,"Blood Vial":28,"Centennial Puzzle":45,"MealTicket":27,"AntiCross":53,"Kunai":26,"Chemical X":31,"NeowsBlessing":0,"Dead Branch":23,"Omamori":30,"War Paint":48,"Akabeko":48,"Peace Pipe":25,"Gungnir":37,"APieceOfRedMist":17,"Anchor":19,"PureWhite:ReiMu":42,"Molten Egg 2":18,"Coffee Dripper":34,"Art of War":43,"yuri:PortableGlitches":20,"CatCart":37,"Toy Ornithopter":54},{"Ice Cream":5,"Torii":6,"ZunR:ReiMu":11,"Vajra":22,"Whetstone":28,"Boot":8,"ScarletHat":0,"Blood Vial":14,"Centennial Puzzle":26,"MealTicket":13,"AntiCross":28,"Kunai":13,"Chemical X":16,"NeowsBlessing":0,"Dead Branch":12,"Omamori":16,"War Paint":27,"Akabeko":27,"Peace Pipe":13,"Gungnir":19,"APieceOfRedMist":9,"Anchor":11,"PureWhite:ReiMu":24,"Molten Egg 2":10,"Coffee Dripper":17,"Art of War":24,"yuri:PortableGlitches":11,"CatCart":19,"Toy Ornithopter":29},{"Ice Cream":9,"Torii":15,"ZunR:ReiMu":36,"Vajra":77,"Whetstone":94,"Boot":20,"ScarletHat":0,"Blood Vial":49,"Centennial Puzzle":88,"MealTicket":45,"AntiCross":94,"Kunai":45,"Chemical X":54,"NeowsBlessing":0,"Dead Branch":40,"Omamori":54,"War Paint":91,"Akabeko":91,"Peace Pipe":45,"Gungnir":66,"APieceOfRedMist":30,"Anchor":36,"PureWhite:ReiMu":84,"Molten Egg 2":33,"Coffee Dripper":58,"Art of War":84,"yuri:PortableGlitches":36,"CatCart":66,"Toy Ornithopter":95}],"Toy Ornithopter":0},"card_choices":[{"not_picked":["CharismaGuard","ScarletDevilSign"],"picked":"EndlessAdversity","floor":1.0},{"not_picked":["Stigmanizer","NightLord"],"picked":"VampirishNight","floor":2.0},{"not_picked":["NightLord","ForbiddenFruit","ReincarnationDial"],"picked":"SKIP","floor":3.0},{"not_picked":["StarOfDavid","Stigmanizer"],"picked":"EternalNight","floor":5.0},{"not_picked":["UnderTheZenith","BloodHunter"],"picked":"BlasphemousPunishment","floor":6.0},{"not_picked":["UnderTheZenith","EternalNight","NightLord"],"picked":"SKIP","floor":12.0},{"not_picked":["StarOfDavid","Septette"],"picked":"Stigmanizer","floor":13.0},{"not_picked":["VampirishNight","MiserableFate"],"picked":"QueenOfMidnight","floor":14.0},{"not_picked":["ForecastOfChange","BloodySeventeenLaser"],"picked":"ScarletCoffin","floor":16.0},{"not_picked":["MastersStateliness","FavorOfDestiny"],"picked":"ScarletImprint+1","floor":18.0},{"not_picked":["UnstableMagic","StarOfDavid+1"],"picked":"LeisurelyOfLord+1","floor":19.0},{"not_picked":[],"picked":"ScarletImprint","floor":21.0},{"not_picked":[],"picked":"TricksterDevil","floor":21.0},{"not_picked":["UnstableMagic+1","ScarletDevilSign+1"],"picked":"VampirishNight+1","floor":23.0},{"not_picked":["BloodHunter","UnstableMagic+1"],"picked":"RedRainbow+1","floor":25.0},{"not_picked":["BloodHunter","VampirishNight"],"picked":"DemonKingCradle","floor":28.0},{"not_picked":["FavorOfDestiny","DiffusionOfMisfortune+1"],"picked":"TwelveNightmare+1","floor":29.0},{"not_picked":["DiffusionOfMisfortune+1","BloodHunter"],"picked":"ScarletImprint+1","floor":30.0},{"not_picked":["BatForm","CurseOfVladTepes"],"picked":"ScarletCoffin+1","floor":33.0},{"not_picked":["Ultimatum+1","EmergencyRegeneration"],"picked":"ReincarnationDial+1","floor":35.0},{"not_picked":["BloodHunter","MastersStateliness"],"picked":"ScarletGensokyo+1","floor":37.0},{"not_picked":["StarOfDavid+1","FavorOfDestiny+1"],"picked":"BombardNight+1","floor":38.0},{"not_picked":["BlasphemousPunishment+1","CharismaGuard"],"picked":"NightDance+1","floor":39.0},{"not_picked":["StarOfDavid+1","ScarletDevil+1"],"picked":"BloodHunter+1","floor":40},{"not_picked":["ForbiddenFruit+1","EmergencyRegeneration"],"picked":"Stigmanizer+1","floor":41},{"not_picked":["BloodHunter","FitfulNightmare"],"picked":"BloodyCatastrophe","floor":42},{"not_picked":["Ultimatum+1","CharismaGuard+1","ScarletGensokyo+1"],"picked":"SKIP","floor":44},{"not_picked":["Septette","DiffusionOfMisfortune+1"],"picked":"HunterOfTheNight+1","floor":45},{"not_picked":["UnstableMagic","Septette+1"],"picked":"HunterOfTheNight+1","floor":48},{"not_picked":["LeisurelyOfLord+1","UnderTheZenith+1"],"picked":"BloodHunter+1","floor":54}],"player_experience":255385,"relics_obtained":[{"floor":12.0,"key":"Torii"},{"floor":14.0,"key":"Boot"},{"floor":18.0,"key":"Molten Egg 2"},{"floor":19.0,"key":"Anchor"},{"floor":23.0,"key":"Dead Branch"},{"floor":25.0,"key":"Peace Pipe"},{"floor":26.0,"key":"Kunai"},{"floor":27.0,"key":"MealTicket"},{"floor":28.0,"key":"Blood Vial"},{"floor":30.0,"key":"Omamori"},{"floor":37.0,"key":"CatCart"},{"floor":37.0,"key":"Gungnir"},{"floor":40,"key":"Vajra"},{"floor":42,"key":"PureWhite:ReiMu"},{"floor":43,"key":"Art of War"},{"floor":45,"key":"Centennial Puzzle"},{"floor":48,"key":"War Paint"},{"floor":48,"key":"Akabeko"},{"floor":54,"key":"Toy Ornithopter"}],"event_choices":[{"cards_removed":["Defend_RM"],"damage_healed":0.0,"max_hp_gain":0.0,"max_hp_loss":0.0,"gold_gain":0.0,"event_name":"Living Wall","player_choice":"Forget","floor":4.0,"gold_loss":0.0,"damage_taken":0.0},{"damage_healed":0.0,"max_hp_gain":0.0,"max_hp_loss":0.0,"gold_gain":175.0,"event_name":"Liars Game","player_choice":"AGREE","floor":8.0,"gold_loss":0.0,"damage_taken":0.0,"cards_obtained":["Doubt"]},{"damage_healed":0.0,"max_hp_gain":0.0,"max_hp_loss":0.0,"gold_gain":0.0,"event_name":"Big Fish","player_choice":"Box","floor":10.0,"gold_loss":0.0,"damage_taken":0.0,"relics_obtained":["Ice Cream"],"cards_obtained":["Regret"]},{"damage_healed":0.0,"max_hp_gain":0.0,"max_hp_loss":0.0,"gold_gain":0.0,"event_name":"ZunEvent","player_choice":"购买神酒","floor":22.0,"gold_loss":40.0,"damage_taken":0.0,"relics_obtained":["ZunR:ReiMu"]},{"damage_healed":0.0,"max_hp_gain":0.0,"max_hp_loss":0.0,"gold_gain":0.0,"event_name":"Tomb of Lord Red Mask","player_choice":"Ignored","floor":36.0,"gold_loss":0.0,"damage_taken":0.0},{"damage_healed":0.0,"max_hp_gain":0.0,"max_hp_loss":0.0,"gold_gain":0.0,"event_name":"OrinTheCat","player_choice":"Fight","floor":37.0,"gold_loss":0.0,"damage_taken":0.0},{"cards_removed":["RedMoon"],"damage_healed":0,"gold_gain":0,"player_choice":"Removed Skill","damage_taken":0,"max_hp_gain":0,"max_hp_loss":0,"event_name":"Falling","floor":47,"gold_loss":0}],"is_beta":false,"boss_relics":[{"not_picked":["SacredBark","Fusion Hammer"],"picked":"APieceOfRedMist"},{"not_picked":["Runic Pyramid","Tiny House"],"picked":"Coffee Dripper"}],"items_purged_floors":[20,31,53],"is_endless":false,"potions_floor_spawned":[2,5,6,14,16,19,25,28,33,35,37,38,42,44,48,54],"ascension_level":2}}