{"host":"9r4xop0yxveozoj0","time":1608424949,"event":{"mods":["BaseMod","Colored Map","Colored Powertips","Hubris","Infinite Spire","Minty Spire (QoL Compilation)","Permanent Neow","Replay The Spire","Robot Space Explorer","StSLib","The Blue Laboratory","The Cursed","The Dragon Tamer"],"gold_per_floor":[115,125,70,70,85,85,112,112,112,112,125,135,135,148,148,252,252,262,282,293,392,392,426,426,438,461,487,501,536,536,536,536],"floor_reached":31,"playtime":1678,"items_purged":[],"score":427,"play_id":"17c21205-7b21-4dd2-a999-ffb557146af5","local_time":"20201219194229","daily_mods":["Cursed Run","Time Dilation","Night Terrors"],"is_ascension_mode":false,"campfire_choices":[{"data":"Searing Blow","floor":6,"key":"SMITH"},{"data":"Searing Blow+1","floor":8,"key":"SMITH"},{"data":"Searing Blow+2","floor":10,"key":"SMITH"},{"data":"Searing Blow+3","floor":13,"key":"SMITH"},{"floor":24,"key":"REST"}],"circlet_count":0,"master_deck":["Strike_R","Strike_R","Defend_R+1","Defend_R+1","Defend_R","Defend_R","Searing Blow+4","Fire Breathing","Fire Breathing+1","Normality","hubris:Gluttony","Shame","Sickly","hubris:Wrath","infinitespire:Pacifist","infinitespire:Starlight","Injury","TheCursedMod:Dregs","ReplayTheSpireMod:Chaos Vortex"],"relics":["Cursed Key","Darkstone Periapt","Du-Vu Doll","hubris:Towel","hubris:MysteriousPyramids","Mercury Hourglass","Replay:Ancient Bell","infinitespire:Lucky Rock","Golden Egg","hubris:GlazedTorus","infinitespire:FocusingShard","War Paint","hubris:SlimyHat","Red Mask","Kintsugi","Frozen Eye"],"acts_visited":["Exordium","TheCity"],"potions_floor_usage":[7,16,23,23,23,25,31],"damage_taken":[{"damage":6,"enemies":"Cultist","floor":1,"turns":3},{"damage":6,"enemies":"Jaw Worm","floor":2,"turns":3},{"damage":2,"enemies":"2 Louse","floor":5,"turns":2},{"damage":12,"enemies":"3 Sentries","floor":7,"turns":5},{"damage":1,"enemies":"Exordium Wildlife","floor":11,"turns":2},{"damage":1,"enemies":"3 Louse","floor":12,"turns":2},{"damage":0,"enemies":"Exordium Thugs","floor":14,"turns":3},{"damage":44,"enemies":"Hexaghost","floor":16,"turns":6},{"damage":32,"enemies":"3 Byrds","floor":18,"turns":3},{"damage":15,"enemies":"Shell Parasite","floor":19,"turns":3},{"damage":2,"enemies":"Snecko","floor":20,"turns":3},{"damage":24,"enemies":"Book of Stabbing","floor":23,"turns":4},{"damage":0,"enemies":"3 Cultists","floor":25,"turns":3},{"damage":22,"enemies":"Gremlin Leader","floor":27,"turns":4},{"damage":18,"enemies":"Shelled Parasite and Fungi","floor":28,"turns":2},{"damage":47,"enemies":"Masked Bandits","floor":29,"turns":4},{"damage":33,"enemies":"Nightmare","floor":31,"turns":5}],"seed_played":"-1830927635701956007","potions_obtained":[{"floor":5,"key":"ColorlessPotion"},{"floor":14,"key":"Reflective Coating"},{"floor":19,"key":"Dexterity Potion"},{"floor":22,"key":"Cursed Concoction"},{"floor":22,"key":"Doom Potion"},{"floor":23,"key":"blueLaboratory:FrostheartPotion"},{"floor":29,"key":"Fire Potion"}],"is_trial":true,"path_per_floor":["M","M","$","?","M","R","E","R","T","R","M","M","R","M","R_BF","B",null,"M","M","M","?","?","E","R","M","T","E","M","?","AVR","NM"],"character_chosen":"IRONCLAD","items_purchased":["Fire Breathing"],"campfire_rested":1,"item_purchase_floors":[3],"current_hp_per_floor":[74,68,68,68,66,66,54,54,60,60,59,58,58,58,81,43,105,73,58,56,56,56,32,100,100,106,84,66,19,31,0,0],"gold":536,"neow_bonus":"","is_daily":false,"chose_seed":false,"campfire_upgraded":4,"win_rate":0.0,"timestamp":1608424949,"path_taken":["M","M","$","?","M","R","E","R","T","R","M","M","R","M","R_BF","BOSS","M","M","M","?","?","E","R","M","T","E","?","?","AVR","NM"],"items_purchased_type":["Card"],"build_version":"2020-12-13","purchased_purges":0,"victory":false,"max_hp_per_floor":[80,80,80,80,80,80,80,80,86,86,86,86,86,86,81,87,105,105,105,105,105,105,105,100,100,106,106,106,106,118,118,118],"card_choices":[{"not_picked":["Carnage","Wild Strike","Clash"],"picked":"SKIP","floor":1},{"not_picked":["Replay:Undeath\u0027s Touch","Disarm"],"picked":"Searing Blow","floor":2},{"not_picked":["ReplayReversal","Brutality","Twin Strike"],"picked":"SKIP","floor":5},{"not_picked":["hubris:SharpeningStone","Heavy Blade","Blood for Blood"],"picked":"SKIP","floor":7},{"not_picked":["Dual Wield","Clash","Hemokinesis"],"picked":"SKIP","floor":11},{"not_picked":["True Grit","Dual Wield","Cleave"],"picked":"SKIP","floor":12},{"not_picked":["Sword Boomerang","Anger","Uppercut"],"picked":"SKIP","floor":14},{"not_picked":["Pain","ReplayTheSpireMod:Splinters"],"picked":"Shame","floor":17},{"not_picked":["Looming Evil","hubris:Gluttony"],"picked":"Sickly","floor":17},{"not_picked":["infinitespire:Pacifist","Amnesia"],"picked":"hubris:Wrath","floor":17},{"not_picked":["Cleave","Twin Strike+1","Fiend Fire"],"picked":"SKIP","floor":18},{"not_picked":["Sword Boomerang","Replay:Undeath\u0027s Touch+1","Hemokinesis"],"picked":"SKIP","floor":19},{"not_picked":["Iron Wave+1","Twin Strike","infinitespire:OneForAll+1"],"picked":"SKIP","floor":20},{"not_picked":["Dropkick","ReplayTheSpireMod:Stacked","Havoc+1"],"picked":"SKIP","floor":23},{"not_picked":["Cleave+1","ReplayTheSpireMod:Corrosion Curse","Body Slam"],"picked":"SKIP","floor":25},{"not_picked":["Iron Wave","Heavy Blade"],"picked":"Double Tap","floor":27},{"not_picked":["Clothesline","Sentinel","True Grit"],"picked":"SKIP","floor":28}],"player_experience":198693,"relics_obtained":[{"floor":7,"key":"hubris:MysteriousPyramids"},{"floor":9,"key":"Mercury Hourglass"},{"floor":23,"key":"infinitespire:FocusingShard"},{"floor":26,"key":"War Paint"},{"floor":27,"key":"hubris:SlimyHat"},{"floor":29,"key":"Red Mask"}],"event_choices":[{"damage_healed":0,"gold_gain":99,"player_choice":"Stole From Cult","damage_taken":0,"max_hp_gain":0,"max_hp_loss":0,"event_name":"Nest","floor":21,"gold_loss":0},{"damage_healed":0,"gold_gain":0,"player_choice":"Got Potions","damage_taken":0,"max_hp_gain":0,"max_hp_loss":0,"event_name":"Lab","floor":22,"gold_loss":0},{"damage_healed":0,"gold_gain":0,"player_choice":"Fought Bandits","damage_taken":0,"max_hp_gain":0,"max_hp_loss":0,"event_name":"Masked Bandits","floor":29,"gold_loss":0}],"is_beta":false,"boss_relics":[{"not_picked":["Astrolabe","Sozu"],"picked":"Replay:Ancient Bell"},{"not_picked":["Ancient Tea Set","Gremlin Food"],"picked":"infinitespire:Lucky Rock"},{"not_picked":["Molten Egg 2","Sundial"],"picked":"Golden Egg"},{"not_picked":["Replay:Towering Pillar of Hats","Calipers"],"picked":"hubris:GlazedTorus"}],"items_purged_floors":[],"is_endless":false,"potions_floor_spawned":[1,5,14,19,23,29],"killed_by":"Nightmare","ascension_level":0}}