{"host":"9dr4xkxgnke2i0td","time":1608423004,"event":{"mods":["AchievementEnabler","BaseMod","DeckTracker","Highlight Path","Minty Spire (QoL Compilation)","Shop Mod","StSLib"],"gold_per_floor":[116,136,149,167,19,19,47,61,106,120,120,160,335,18,18,149,149,167,203,219,22,73,73,86,101,126,151,171,171,296,319,319,447,447,466,100,100,163,385,423,438,459,483,514,514,537,537,537,537,537],"floor_reached":51,"playtime":1715,"items_purged":["Strike_R"],"score":1044,"play_id":"af304338-c6ca-4d21-9dfb-9ef2050b7f0c","local_time":"20201219181004","is_ascension_mode":false,"campfire_choices":[{"data":"Whirlwind","floor":6,"key":"SMITH"},{"data":"Flame Barrier","floor":15,"key":"SMITH"},{"data":"Heavy Blade","floor":23,"key":"SMITH"},{"data":"Strike_R","floor":32,"key":"PURGE"},{"data":"Defend_R","floor":49,"key":"PURGE"}],"circlet_count":0,"master_deck":["Strike_R","Strike_R","Strike_R","Defend_R","Defend_R","Bash","Spot Weakness","Twin Strike","Thunderclap","Whirlwind+1","Sword Boomerang","Heavy Blade","Heavy Blade+1","Flame Barrier+1","Double Tap","Shrug It Off","Immolate","Thunderclap+1","Blood for Blood","Shrug It Off","Pommel Strike","Shrug It Off","Whirlwind","Clothesline","Pummel","Spot Weakness","Berserk","Spot Weakness+1","Rage","Shrug It Off","Reckless Charge","True Grit+1","Heavy Blade+1","Limit Break","Apotheosis","Blind"],"relics":["Black Blood","MerchantsRug","Bag of Marbles","Golden Idol","Chemical X","Mark of Pain","Red Mask","Incense Burner","Red Skull","Happy Flower","Peace Pipe","Mercury Hourglass","Ornamental Fan","Mango","Anchor","Toy Ornithopter","Juzu Bracelet"],"acts_visited":["Exordium","TheCity","TheBeyond"],"potions_floor_usage":[7,7,10,12,25,30,30,33,33,44,50,50],"damage_taken":[{"damage":6.0,"enemies":"Cultist","floor":1.0,"turns":4.0},{"damage":3,"enemies":"2 Louse","floor":2,"turns":3},{"damage":1,"enemies":"Jaw Worm","floor":3,"turns":5},{"damage":11,"enemies":"Exordium Wildlife","floor":4,"turns":3},{"damage":21,"enemies":"Lagavulin","floor":7,"turns":5},{"damage":6,"enemies":"Red Slaver","floor":8,"turns":3},{"damage":0,"enemies":"Gremlin Gang","floor":10,"turns":1},{"damage":14,"enemies":"Gremlin Nob","floor":12,"turns":3},{"damage":33,"enemies":"The Guardian","floor":16,"turns":14},{"damage":38,"enemies":"2 Thieves","floor":18,"turns":4},{"damage":0,"enemies":"Masked Bandits","floor":19,"turns":1},{"damage":19,"enemies":"Shell Parasite","floor":20,"turns":3},{"damage":13,"enemies":"Centurion and Healer","floor":24,"turns":3},{"damage":17,"enemies":"Shelled Parasite and Fungi","floor":25,"turns":3},{"damage":0,"enemies":"Snake Plant","floor":27,"turns":2},{"damage":0,"enemies":"Cultist and Chosen","floor":28,"turns":4},{"damage":0,"enemies":"Colosseum Slavers","floor":30,"turns":2},{"damage":5,"enemies":"Colosseum Nobs","floor":30,"turns":2},{"damage":6,"enemies":"Chosen and Byrds","floor":31,"turns":4},{"damage":57,"enemies":"Champ","floor":33,"turns":7},{"damage":28,"enemies":"3 Darklings","floor":35,"turns":3},{"damage":0,"enemies":"Mind Bloom Boss Battle","floor":38,"turns":5},{"damage":20,"enemies":"Giant Head","floor":40,"turns":6},{"damage":0,"enemies":"3 Shapes","floor":41,"turns":2},{"damage":6,"enemies":"Spire Growth","floor":42,"turns":5},{"damage":30,"enemies":"Nemesis","floor":44,"turns":5},{"damage":27,"enemies":"Maw","floor":46,"turns":6},{"damage":27,"enemies":"Awakened One","floor":50,"turns":6}],"seed_played":"-2709842046394191271","potions_obtained":[{"floor":1,"key":"CultistPotion"},{"floor":3,"key":"DistilledChaos"},{"floor":4,"key":"Strength Potion"},{"floor":8,"key":"Fire Potion"},{"floor":10,"key":"Swift Potion"},{"floor":24,"key":"SpeedPotion"},{"floor":27,"key":"LiquidBronze"},{"floor":28,"key":"Energy Potion"},{"floor":30,"key":"BloodPotion"},{"floor":31,"key":"LiquidBronze"},{"floor":35,"key":"LiquidBronze"},{"floor":42,"key":"LiquidMemories"}],"is_trial":false,"path_per_floor":["M","M","M","M","$","R","E","M","T","M","?","E","?","$","R","B",null,"M","?","M","$","T","R","M","M","T","M","M","?","?","M","R","B",null,"M","$","?","?","?","E","M","M","T","E","?","M","?","?","R","B",null],"character_chosen":"IRONCLAD","items_purchased":["MerchantsRug","Chemical X","Double Tap","Shrug It Off","Incense Burner","Rage","Ornamental Fan"],"campfire_rested":0,"item_purchase_floors":[5,14,14,14,21,36,36],"current_hp_per_floor":[80,80,80,75,75,75,60,60,60,66,66,58,58,58,58,31,80,48,54,41,41,41,41,34,23,23,29,35,35,58,58,58,7,80,64,64,64,90,90,82,90,90,90,74,74,59,59,54,54,49],"gold":537,"neow_bonus":"RANDOM_COMMON_RELIC","is_daily":false,"chose_seed":false,"campfire_upgraded":3,"win_rate":0.0,"timestamp":1608423004,"path_taken":["M","?","M","M","?","R","E","M","T","M","?","E","?","$","R","BOSS","M","?","M","?","?","R","M","?","T","M","?","?","?","M","R","BOSS","M","$","?","?","?","E","M","M","T","E","?","M","?","?","R","BOSS"],"items_purchased_type":["Relic","Relic","Card","Card","Relic","Card","Relic"],"build_version":"2020-12-13","purchased_purges":1,"victory":true,"max_hp_per_floor":[80,80,80,80,80,80,80,80,80,80,80,80,80,80,80,80,80,80,80,80,80,80,80,80,80,80,80,80,80,80,80,80,80,80,80,80,76,90,90,90,90,90,90,90,90,90,90,90,90,90],"card_choices":[{"not_picked":["Headbutt","Body Slam"],"picked":"Spot Weakness","floor":1},{"not_picked":["Wild Strike","Corruption"],"picked":"Twin Strike","floor":2},{"not_picked":["Feel No Pain","Dark Embrace"],"picked":"Thunderclap","floor":3},{"not_picked":["Shrug It Off","Inflame"],"picked":"Whirlwind","floor":4},{"not_picked":["Clash","Clothesline"],"picked":"Sword Boomerang","floor":7},{"not_picked":["Sentinel","Intimidate"],"picked":"Heavy Blade","floor":8},{"not_picked":["Disarm","Perfected Strike"],"picked":"Heavy Blade","floor":10},{"not_picked":["Sword Boomerang","Seeing Red"],"picked":"Flame Barrier","floor":12},{"not_picked":["Barricade","Fiend Fire"],"picked":"Immolate","floor":16},{"not_picked":["Body Slam","Wild Strike+1"],"picked":"Thunderclap+1","floor":18},{"not_picked":["Flex","Warcry"],"picked":"Blood for Blood","floor":19},{"not_picked":["Armaments","Body Slam+1"],"picked":"Shrug It Off","floor":20},{"not_picked":["Warcry+1","Thunderclap+1"],"picked":"Pommel Strike","floor":24},{"not_picked":["Cleave","True Grit"],"picked":"Shrug It Off","floor":25},{"not_picked":["Pommel Strike","Seeing Red"],"picked":"Whirlwind","floor":27},{"not_picked":["Cleave","Body Slam"],"picked":"Clothesline","floor":28},{"not_picked":["Inflame","Demon Form"],"picked":"Pummel","floor":30},{"not_picked":["Body Slam","Armaments"],"picked":"Spot Weakness","floor":31},{"not_picked":["Fiend Fire","Barricade"],"picked":"Berserk","floor":33},{"not_picked":["Shrug It Off","Entrench"],"picked":"Spot Weakness+1","floor":35},{"not_picked":["Warcry","Reckless Charge"],"picked":"Shrug It Off","floor":38},{"not_picked":["Entrench","Dual Wield"],"picked":"Reckless Charge","floor":40},{"not_picked":["Clash","Fire Breathing"],"picked":"True Grit+1","floor":41},{"not_picked":["True Grit","Immolate"],"picked":"Heavy Blade+1","floor":42},{"not_picked":["Body Slam","Perfected Strike","Inflame+1"],"picked":"SKIP","floor":44},{"not_picked":["Clash+1","Hemokinesis+1"],"picked":"Limit Break","floor":46},{"not_picked":["Chrysalis","Bandage Up"],"picked":"Apotheosis","floor":48},{"not_picked":["Mayhem","Mind Blast"],"picked":"Blind","floor":48}],"player_experience":705004,"relics_obtained":[{"floor":7,"key":"Bag of Marbles"},{"floor":9,"key":"Omamori"},{"floor":12,"key":"Blue Candle"},{"floor":19,"key":"Red Mask"},{"floor":22,"key":"Red Skull"},{"floor":26,"key":"Happy Flower"},{"floor":30,"key":"Peace Pipe"},{"floor":30,"key":"Mercury Hourglass"},{"floor":38,"key":"Mango"},{"floor":40,"key":"Anchor"},{"floor":43,"key":"Toy Ornithopter"},{"floor":44,"key":"Juzu Bracelet"}],"event_choices":[{"damage_healed":0,"gold_gain":0,"player_choice":"Take Wound","damage_taken":0,"relics_obtained":["Golden Idol"],"max_hp_gain":0,"max_hp_loss":0,"event_name":"Golden Idol","floor":11,"gold_loss":0,"cards_obtained":["Injury"]},{"damage_healed":0,"gold_gain":175,"player_choice":"AGREE","damage_taken":0,"max_hp_gain":0,"max_hp_loss":0,"event_name":"Liars Game","floor":13,"gold_loss":0,"cards_obtained":["Doubt"]},{"damage_healed":0,"gold_gain":0,"player_choice":"Fought Bandits","damage_taken":0,"max_hp_gain":0,"max_hp_loss":0,"event_name":"Masked Bandits","floor":19,"gold_loss":0},{"damage_healed":0,"gold_gain":0,"player_choice":"Ignored","damage_taken":0,"max_hp_gain":0,"max_hp_loss":0,"event_name":"Vampires","floor":29,"gold_loss":0},{"damage_healed":0,"gold_gain":0,"player_choice":"Fight","damage_taken":0,"max_hp_gain":0,"max_hp_loss":0,"event_name":"Colosseum","floor":30,"gold_loss":0},{"damage_healed":0,"gold_gain":0,"player_choice":"Fought Nobs","damage_taken":0,"max_hp_gain":0,"max_hp_loss":0,"event_name":"Colosseum","floor":30,"gold_loss":0},{"damage_healed":0,"gold_gain":0,"player_choice":"Max HP","damage_taken":0,"max_hp_gain":0,"max_hp_loss":4,"event_name":"Winding Halls","floor":37,"gold_loss":0},{"damage_healed":0,"gold_gain":0,"player_choice":"Fight","damage_taken":0,"max_hp_gain":0,"max_hp_loss":0,"event_name":"MindBloom","floor":38,"gold_loss":0},{"damage_healed":0,"gold_gain":222,"player_choice":"Wore Mask","damage_taken":0,"max_hp_gain":0,"max_hp_loss":0,"event_name":"Tomb of Lord Red Mask","floor":39,"gold_loss":0},{"cards_removed":["Defend_R"],"damage_healed":0,"gold_gain":0,"player_choice":"Removed Skill","damage_taken":0,"max_hp_gain":0,"max_hp_loss":0,"event_name":"Falling","floor":45,"gold_loss":0},{"damage_healed":0,"gold_gain":0,"player_choice":"Ignored","damage_taken":0,"max_hp_gain":0,"max_hp_loss":0,"event_name":"SecretPortal","floor":47,"gold_loss":0},{"damage_healed":0,"gold_gain":0,"player_choice":"Memory 2","damage_taken":5,"max_hp_gain":0,"max_hp_loss":0,"event_name":"SensoryStone","floor":48,"gold_loss":0}],"is_beta":false,"boss_relics":[{"not_picked":["Calling Bell","Tiny House"],"picked":"Mark of Pain"},{"not_picked":["Sozu","Velvet Choker"],"picked":"Black Blood"}],"items_purged_floors":[36],"is_endless":false,"potions_floor_spawned":[1,3,4,8,10,24,27,28,30,31,35,42],"ascension_level":0}}