{"host":"jacddazefqpozmdr","time":1608466967,"event":{"mods":["AchievementEnabler","BaseMod","Better Note","BetterRewards","Downfall","Googly Eyes","Hermit","HololiveMod","Hubris","Infinite Spire","Lobotomy","LobotomyExtend","Marisa????????","Minty Spire (QoL Compilation)","Prisma Mod","Quick Restart","Railgun Mod","Rare Cards Sparkle","Relic Stats","Replay The Spire","Shop Mod","StSLib","The Alterego","The Blue Laboratory","The Cursed","The Fake Hero","The Gatherer","The Jungle","The Runesmith","The Servant 0.9.4","Waifu the Spire","WarShipGirlsR/????R mod"],"gold_per_floor":[112,112,112,112,76,86,105,133,133,145,200,217,244,244,256,256,256,354,354,354,367,367,367,467,496,496,496,519,548,548,548,560,52,52,157,157,177,157,117,137,213,248,248,248,248,273,323,53,84,109,109,109,109,109,109,73,107,107],"floor_reached":59,"playtime":3165,"items_purged":["CommonCold","TheRailgun:Zip","Overencumbered"],"score":1387,"play_id":"150ce857-1601-4fa3-9352-1344e70cb1c6","local_time":"20201220122247","is_ascension_mode":false,"campfire_choices":[{"data":"TheRailgun:Discharge","floor":9,"key":"SMITH"},{"floor":14,"key":"REST"},{"floor":17,"key":"REST"},{"data":"TheRailgun:Level_6","floor":26,"key":"SMITH"},{"data":"TheRailgun:Heroinism","floor":34,"key":"PURGE"},{"floor":43,"key":"REST"},{"floor":43,"key":"RECALL"},{"floor":51,"key":"REST"},{"data":"TheRailgun:Hypercharge","floor":51,"key":"SMITH"},{"data":"TheRailgun:Hypercharge","floor":51,"key":"SMITH"},{"data":"TheRailgun:Pull","floor":55,"key":"SMITH"},{"data":"TheRailgun:Iron_Dust_Sword","floor":55,"key":"SMITH"}],"circlet_count":0,"master_deck":["TheRailgun:Strike","TheRailgun:Strike","TheRailgun:Strike","TheRailgun:Defend+1","TheRailgun:Defend+1","TheRailgun:Defend","TheRailgun:Discharge+1","TheRailgun:Static","TheRailgun:Stun_Shock","TheRailgun:Negative_Field+1","TheRailgun:Zap","TheRailgun:Oneesama","TheRailgun:Judgement_Officer+1","TheRailgun:Scatter_Railgun","TheRailgun:Pull+1","TheRailgun:Level_6+1","TheRailgun:Biribiri","TheRailgun:Pull+1","TheRailgun:Overload+1","TheRailgun:Lightning_Speed","TheRailgun:Lightning_Speed","TheRailgun:Lightning_Speed","TheRailgun:Iron_Dust_Sword+1","TheRailgun:Hypercharge+1","TheRailgun:Hypercharge+1","TheRailgun:Electrical_Storm+1","TheRailgun:Gekotamania","TheRailgun:Token_Collection","TheRailgun:Iron_Dust_Vial+1"],"relics":["TheRailgun:CoinRelic","NeowsBlessing","LetterFromLob","ReplayTheSpireMod:Lightbulb","Bronze Scales","Runesmith:AutoHammer","ChewingGum","Thread and Needle","Darkstone Periapt","Pen Nib","ReplayTheSpireMod:TigerMarble","Question Card","Frozen Eye","infinitespire:Magic Flask","SlaversCollar","Gremlin Food","Juzu Bracelet","War Paint","Replay:Arrowhead","Replay:Lucky Slots","Blood Vial","ReplayTheSpireMod:CursedCoin","Replay:Bottled Snecko"],"acts_visited":["Exordium","TheCity","TheBeyond","TheEnding"],"potions_floor_usage":[13,16],"damage_taken":[{"damage":0,"enemies":"2 Louse","floor":1,"turns":1},{"damage":0,"enemies":"Cultist","floor":6,"turns":1},{"damage":0,"enemies":"Jaw Worm","floor":7,"turns":1},{"damage":32,"enemies":"3 Sentries","floor":8,"turns":5},{"damage":13,"enemies":"2 Fungi Beasts","floor":10,"turns":3},{"damage":12,"enemies":"Blue Slaver","floor":12,"turns":2},{"damage":10,"enemies":"Lagavulin","floor":13,"turns":3},{"damage":3,"enemies":"Exordium Wildlife","floor":15,"turns":3},{"damage":0,"enemies":"2 Fungi Beasts","floor":16,"turns":1},{"damage":19,"enemies":"The Guardian","floor":18,"turns":8},{"damage":0,"enemies":"Chosen","floor":21,"turns":1},{"damage":2,"enemies":"Gremlin Leader","floor":25,"turns":3},{"damage":0,"enemies":"Replay:Snechameleon","floor":29,"turns":2},{"damage":0,"enemies":"Spheric Guardian","floor":32,"turns":1},{"damage":0,"enemies":"Champ","floor":35,"turns":4},{"damage":10,"enemies":"3 Shapes","floor":37,"turns":2},{"damage":13,"enemies":"3 Darklings","floor":40,"turns":3},{"damage":21,"enemies":"Reptomancer","floor":42,"turns":3},{"damage":0,"enemies":"Mind Bloom Boss Battle","floor":47,"turns":4},{"damage":30,"enemies":"Nemesis","floor":49,"turns":3},{"damage":66,"enemies":"infinitespire:MassOfShapes","floor":52,"turns":5},{"damage":10,"enemies":"Shield and Spear","floor":57,"turns":2},{"damage":26,"enemies":"The Heart","floor":58,"turns":3}],"seed_played":"7849447708734981991","potions_obtained":[{"floor":6,"key":"SmokeBomb"},{"floor":8,"key":"BlessingOfTheForge"},{"floor":13,"key":"champ:CounterPotion"},{"floor":18,"key":"blueLaboratory:NullPotion"},{"floor":21,"key":"blueLaboratory:Moonshine"},{"floor":25,"key":"LiquidMemories"},{"floor":57,"key":"PowerPotion"}],"is_trial":false,"path_per_floor":["M","?","PTL","PTL","$","M","M","E","R","M","T","M","E","R","M","M","R","B",null,"M","M","?","AVR","?","E","R","?","T","E","?","?","M","$","R","B",null,"M","?","?","M","?","E","R","?","T","T","?","$","E","$","R","B",null,null,"R","$","E","B",null],"character_chosen":"THE_DEFAULT","items_purchased":["TheRailgun:Negative_Field+1","Frozen Eye","infinitespire:Magic Flask","Replay:Lucky Slots","ReplayTheSpireMod:CursedCoin","TheRailgun:Token_Collection"],"campfire_rested":4,"item_purchase_floors":[5,33,33,48,50,56],"current_hp_per_floor":[70,70,70,70,70,70,70,38,38,25,25,13,3,24,21,21,42,23,70,70,70,70,70,70,68,68,68,68,70,70,76,76,76,76,76,76,66,66,66,68,68,62,76,76,76,76,76,76,61,67,82,32,32,82,82,82,72,56],"gold":107,"neow_bonus":"THREE_ENEMY_KILL","is_daily":false,"chose_seed":false,"campfire_upgraded":6,"win_rate":0.0,"timestamp":1608466967,"path_taken":["M","?","PTL","PTL","?","M","?","E","R","M","T","M","E","R","M","M","R","BOSS","M","M","?","AVR","?","E","R","?","T","E","?","?","M","$","R","BOSS","M","?","?","?","?","E","R","?","T","?","?","$","E","?","R","BOSS","R","$","E","BOSS"],"items_purchased_type":["Card","Relic","Relic","Relic","Relic","Card"],"build_version":"2020-12-13","purchased_purges":3,"victory":true,"max_hp_per_floor":[70,70,70,70,70,70,70,70,70,70,70,70,70,70,70,70,70,70,70,70,70,70,70,70,70,70,70,70,70,70,76,76,76,76,76,76,76,76,76,76,76,76,76,76,76,76,76,76,76,82,82,82,82,82,82,82,82,82],"relic_stats":{"Darkstone Periapt":12,"Blood Vial":2,"counters":[23,64],"Bronze Scales":[125],"Pen Nib":[13],"Juzu Bracelet":1,"War Paint":["TheRailgun:Defend","TheRailgun:Defend"],"Question Card":13,"obtain_stats":[{"Darkstone Periapt":25,"Gremlin Food":41,"NeowsBlessing":0,"ReplayTheSpireMod:CursedCoin":50,"Thread and Needle":23,"Pen Nib":28,"Juzu Bracelet":42,"infinitespire:Magic Flask":33,"War Paint":46,"Question Card":31,"Replay:Arrowhead":47,"Blood Vial":49,"Frozen Eye":33,"SlaversCollar":36,"TheRailgun:CoinRelic":0,"Bronze Scales":11,"ChewingGum":19,"Replay:Lucky Slots":48,"LetterFromLob":1,"ReplayTheSpireMod:TigerMarble":29,"Runesmith:AutoHammer":13,"Replay:Bottled Snecko":57,"ReplayTheSpireMod:Lightbulb":8},{"Darkstone Periapt":12,"Gremlin Food":17,"NeowsBlessing":0,"ReplayTheSpireMod:CursedCoin":20,"Thread and Needle":11,"Pen Nib":12,"Juzu Bracelet":18,"infinitespire:Magic Flask":14,"War Paint":18,"Question Card":13,"Replay:Arrowhead":19,"Blood Vial":20,"Frozen Eye":14,"SlaversCollar":15,"TheRailgun:CoinRelic":0,"Bronze Scales":5,"ChewingGum":10,"Replay:Lucky Slots":19,"LetterFromLob":1,"ReplayTheSpireMod:TigerMarble":13,"Runesmith:AutoHammer":7,"Replay:Bottled Snecko":22,"ReplayTheSpireMod:Lightbulb":4},{"Darkstone Periapt":32,"Gremlin Food":44,"NeowsBlessing":0,"ReplayTheSpireMod:CursedCoin":54,"Thread and Needle":29,"Pen Nib":32,"Juzu Bracelet":47,"infinitespire:Magic Flask":35,"War Paint":47,"Question Card":34,"Replay:Arrowhead":51,"Blood Vial":54,"Frozen Eye":35,"SlaversCollar":39,"TheRailgun:CoinRelic":0,"Bronze Scales":11,"ChewingGum":28,"Replay:Lucky Slots":51,"LetterFromLob":1,"ReplayTheSpireMod:TigerMarble":34,"Runesmith:AutoHammer":16,"Replay:Bottled Snecko":61,"ReplayTheSpireMod:Lightbulb":8}]},"card_choices":[{"not_picked":["TheRailgun:Circuit_Breaker","TheRailgun:Aerial_Shot"],"picked":"TheRailgun:Stun_Shock","floor":1},{"not_picked":["TheRailgun:Iron_Dust_Vial","TheRailgun:Thundershock"],"picked":"TheRailgun:Zap","floor":6},{"not_picked":["TheRailgun:Heroinism","TheRailgun:Negative_Field"],"picked":"TheRailgun:Oneesama","floor":7},{"not_picked":["TheRailgun:Hypercharge","TheRailgun:Token_Collection"],"picked":"TheRailgun:Judgement_Officer","floor":8},{"not_picked":["TheRailgun:Spark","TheRailgun:Push"],"picked":"TheRailgun:Scatter_Railgun","floor":10},{"not_picked":["TheRailgun:Negative_Field","TheRailgun:Aerial_Shot","TheRailgun:Discharge"],"picked":"SKIP","floor":12},{"not_picked":["TheRailgun:Rewiring","TheRailgun:Lightningbolt"],"picked":"TheRailgun:Heroinism","floor":13},{"not_picked":["TheRailgun:Heroinism","TheRailgun:Aerial_Shot"],"picked":"TheRailgun:Pull","floor":15},{"not_picked":["TheRailgun:Overload","TheRailgun:Railgun"],"picked":"TheRailgun:Level_6","floor":18},{"not_picked":["TheRailgun:Recharge","TheRailgun:Heroinism"],"picked":"TheRailgun:Biribiri","floor":21},{"not_picked":["TheRailgun:Zip","TheRailgun:Spark"],"picked":"TheRailgun:Pull+1","floor":25},{"not_picked":["TheRailgun:Charge","TheRailgun:Electric_Fence","TheRailgun:Thunderbolt"],"picked":"SKIP","floor":29},{"not_picked":["TheRailgun:Aerial_Shot","TheRailgun:Static","TheRailgun:Iron_Dust_Shield","TheRailgun:Lightningbolt+1"],"picked":"SKIP","floor":32},{"not_picked":["TheRailgun:Magnetic_Flight","TheRailgun:Thunder","TheRailgun:Thundervolt"],"picked":"TheRailgun:Overload","floor":35},{"not_picked":["TheRailgun:Sister_Network","TheRailgun:Electric_Fence+1","TheRailgun:Oneesama"],"picked":"TheRailgun:Lightning_Speed","floor":37},{"not_picked":[],"picked":"TheRailgun:Lightning_Speed","floor":38},{"not_picked":["TheRailgun:Aerial_Shot+1","TheRailgun:Pull","TheRailgun:Iron_Dust_Sword+1"],"picked":"TheRailgun:Lightning_Speed","floor":40},{"not_picked":["TheRailgun:Coin_Flip+1","TheRailgun:Magnetic_Movement","TheRailgun:Positive_Field"],"picked":"TheRailgun:Iron_Dust_Sword","floor":41},{"not_picked":["TheRailgun:Coin_Flip","TheRailgun:Push","TheRailgun:Mental_Out"],"picked":"TheRailgun:Hypercharge","floor":41},{"not_picked":["TheRailgun:Sister_Noise+1","TheRailgun:Thundershock+1","TheRailgun:Biribiri+1"],"picked":"TheRailgun:Hypercharge","floor":42},{"not_picked":["TheRailgun:Supercharge","TheRailgun:Iron_Dust_Field+1","TheRailgun:Push"],"picked":"TheRailgun:Electrical_Storm+1","floor":47},{"not_picked":["TheRailgun:Thunderbolt","TheRailgun:Thunderjolt+1","TheRailgun:Judgement_Officer"],"picked":"TheRailgun:Gekotamania","floor":49},{"not_picked":["TheRailgun:Sister_Network","TheRailgun:Circuit_Breaker","TheRailgun:Negative_Field+1"],"picked":"TheRailgun:Iron_Dust_Vial+1","floor":57}],"player_experience":190940,"relics_obtained":[{"floor":1,"key":"LetterFromLob"},{"floor":8,"key":"ReplayTheSpireMod:Lightbulb"},{"floor":11,"key":"Bronze Scales"},{"floor":13,"key":"Runesmith:AutoHammer"},{"floor":25,"key":"Darkstone Periapt"},{"floor":28,"key":"Pen Nib"},{"floor":29,"key":"ReplayTheSpireMod:TigerMarble"},{"floor":41,"key":"Gremlin Food"},{"floor":42,"key":"Juzu Bracelet"},{"floor":46,"key":"War Paint"},{"floor":47,"key":"Replay:Arrowhead"},{"floor":49,"key":"Blood Vial"},{"floor":57,"key":"Replay:Bottled Snecko"}],"event_choices":[{"damage_healed":0,"gold_gain":0,"player_choice":"Bought 0 Potions","damage_taken":0,"max_hp_gain":0,"max_hp_loss":0,"event_name":"The Woman in Blue","floor":2,"gold_loss":0},{"cards_removed":["TheRailgun:Strike"],"damage_healed":0,"gold_gain":0,"player_choice":"Purged","damage_taken":0,"max_hp_gain":0,"max_hp_loss":0,"event_name":"Purifier","floor":22,"gold_loss":0},{"damage_healed":0,"gold_gain":100,"player_choice":"Pray","damage_taken":0,"max_hp_gain":0,"max_hp_loss":0,"event_name":"Golden Shrine","floor":24,"gold_loss":0},{"damage_healed":0,"gold_gain":0,"player_choice":"Forge","damage_taken":0,"max_hp_gain":0,"max_hp_loss":0,"event_name":"Accursed Blacksmith","floor":27,"gold_loss":0,"cards_upgraded":["TheRailgun:Judgement_Officer"]},{"damage_healed":0,"gold_gain":0,"player_choice":"Upgrade","damage_taken":0,"max_hp_gain":0,"max_hp_loss":0,"event_name":"Designer","floor":39,"gold_loss":40,"cards_upgraded":["TheRailgun:Overload"]},{"cards_removed":["TheRailgun:Defend"],"damage_healed":0,"gold_gain":0,"player_choice":"Removed Skill","damage_taken":0,"max_hp_gain":0,"max_hp_loss":0,"event_name":"Falling","floor":44,"gold_loss":0},{"damage_healed":0,"gold_gain":0,"player_choice":"Fight","damage_taken":0,"max_hp_gain":0,"max_hp_loss":0,"event_name":"MindBloom","floor":47,"gold_loss":0}],"is_beta":false,"boss_relics":[{"not_picked":["Fusion Hammer","Abe\u0027s Treasure"],"picked":"ChewingGum"},{"not_picked":["Cursed Key","Runesmith:UraniumAnvil"],"picked":"SlaversCollar"}],"items_purged_floors":[33,48,50],"is_endless":false,"potions_floor_spawned":[6,8,13,16,18,21,25,37,57],"ascension_level":0}}