{"host":"9v3x998ddbx8o276","time":1608425814,"event":{"mods":["AchievementEnabler","BaseMod","Colored Map","Highlight Path","Minty Spire (QoL Compilation)","Quick Restart","Rare Cards Sparkle"],"gold_per_floor":[116,116,116,136,9,43,43,43,43,67,67,107,7,29,29,112,175,197,215,242,264,264,264,299,308,335,335,378,378,378],"floor_reached":29,"playtime":1055,"items_purged":["Regret","Strike_P"],"score":515,"play_id":"47bc489c-1575-4216-9c27-13f37d39c9f6","local_time":"20201220112654","is_ascension_mode":true,"campfire_choices":[{"data":"CutThroughFate","floor":8.0,"key":"SMITH"},{"data":"Eruption","floor":11.0,"key":"SMITH"},{"data":"TalkToTheHand","floor":15.0,"key":"SMITH"},{"floor":23.0,"key":"REST"},{"floor":27.0,"key":"REST"}],"circlet_count":0,"master_deck":["AscendersBane","Eruption+1","Vigilance","Consecrate+1","CutThroughFate+1","FearNoEvil+1","EmptyFist+1","Wallop","TalkToTheHand+1","DevaForm","Devotion","DeusExMachina","FlyingSleeves","EmptyFist","BowlingBash","EmptyBody","Blasphemy","EmptyFist","CrushJoints","Prostrate","Decay","FlurryOfBlows"],"relics":["PureWater","NeowsBlessing","Matryoshka","CeramicFish","Bag of Preparation","Boot","Toy Ornithopter","Pandora\u0027s Box","Nilry\u0027s Codex","StoneCalendar","Pen Nib","Whetstone","Oddly Smooth Stone"],"acts_visited":["Exordium","TheCity"],"potions_floor_usage":[],"damage_taken":[{"damage":0.0,"enemies":"Cultist","floor":1.0,"turns":1.0},{"damage":0.0,"enemies":"2 Louse","floor":4.0,"turns":2.0},{"damage":0.0,"enemies":"Lagavulin","floor":6.0,"turns":1.0},{"damage":0.0,"enemies":"Jaw Worm","floor":10.0,"turns":2.0},{"damage":5.0,"enemies":"3 Sentries","floor":12.0,"turns":3.0},{"damage":0.0,"enemies":"Blue Slaver","floor":14.0,"turns":1.0},{"damage":51.0,"enemies":"The Guardian","floor":16.0,"turns":13.0},{"damage":3.0,"enemies":"Spheric Guardian","floor":18.0,"turns":3.0},{"damage":0.0,"enemies":"2 Thieves","floor":20.0,"turns":1.0},{"damage":5.0,"enemies":"Snake Plant","floor":21.0,"turns":3.0},{"damage":23.0,"enemies":"Slavers","floor":24.0,"turns":5.0},{"damage":47.0,"enemies":"Book of Stabbing","floor":28.0,"turns":5.0},{"damage":14,"enemies":"Centurion and Healer","floor":29,"turns":1}],"seed_played":"-6048377854910065897","potions_obtained":[{"floor":1.0,"key":"BottledMiracle"},{"floor":18.0,"key":"StancePotion"},{"floor":28.0,"key":"GamblersBrew"}],"is_trial":false,"path_per_floor":["M","?","?","M","$","E","$","R","T","M","R","E","$","M","R","B",null,"M","?","M","M","?","R","E","?","T","R","E","M"],"character_chosen":"WATCHER","items_purchased":["PowerPotion"],"campfire_rested":2,"item_purchase_floors":[5],"current_hp_per_floor":[61,61,61,61,61,61,61,61,61,61,61,56,56,56,56,5,52,54,54,54,49,28,48,35,35,35,55,8,0,0],"gold":378,"neow_bonus":"THREE_ENEMY_KILL","is_daily":false,"chose_seed":false,"campfire_upgraded":3,"win_rate":0.0,"timestamp":1608425814,"path_taken":["M","?","?","M","?","E","$","R","T","M","R","E","?","M","R","BOSS","M","?","M","M","?","R","E","?","T","R","E","M"],"items_purchased_type":["Potion"],"build_version":"2020-12-13","purchased_purges":2,"victory":false,"max_hp_per_floor":[68,68,68,68,68,68,68,68,68,68,68,68,68,68,68,68,68,68,68,68,68,68,68,68,68,68,68,68,68,68],"card_choices":[{"not_picked":["EmptyFist","Halt"],"picked":"Consecrate","floor":1.0},{"not_picked":["PathToVictory","WaveOfTheHand"],"picked":"CutThroughFate","floor":4.0},{"not_picked":["Halt","Consecrate"],"picked":"FearNoEvil","floor":6.0},{"not_picked":["FollowUp","Fasting2"],"picked":"EmptyFist","floor":10.0},{"not_picked":["Collect","SashWhip"],"picked":"Wallop","floor":12.0},{"not_picked":["BowlingBash","EmptyBody"],"picked":"TalkToTheHand","floor":14.0},{"not_picked":["Scrawl","MasterReality"],"picked":"DevaForm","floor":16.0},{"not_picked":["ClearTheMind","Consecrate"],"picked":"EmptyBody","floor":18.0},{"not_picked":["ClearTheMind+1","EmptyBody"],"picked":"CrushJoints","floor":20.0},{"not_picked":["CutThroughFate","JustLucky"],"picked":"Prostrate","floor":21.0},{"not_picked":["Prostrate","SignatureMove","Perseverance"],"picked":"SKIP","floor":24.0},{"not_picked":["Conclude","DevaForm"],"picked":"FlurryOfBlows","floor":28.0}],"player_experience":2040549,"relics_obtained":[{"floor":6.0,"key":"CeramicFish"},{"floor":9.0,"key":"Bag of Preparation"},{"floor":9.0,"key":"Boot"},{"floor":12.0,"key":"Toy Ornithopter"},{"floor":22.0,"key":"Nilry\u0027s Codex"},{"floor":24.0,"key":"StoneCalendar"},{"floor":26.0,"key":"Pen Nib"},{"floor":26.0,"key":"Whetstone"},{"floor":28.0,"key":"Oddly Smooth Stone"}],"event_choices":[{"damage_healed":0.0,"max_hp_gain":0.0,"max_hp_loss":0.0,"gold_gain":0.0,"event_name":"Big Fish","player_choice":"Box","floor":2.0,"gold_loss":0.0,"damage_taken":0.0,"relics_obtained":["Matryoshka"],"cards_obtained":["Regret"]},{"damage_healed":0.0,"max_hp_gain":0.0,"max_hp_loss":0.0,"gold_gain":0.0,"event_name":"Living Wall","player_choice":"Grow","floor":3.0,"gold_loss":0.0,"damage_taken":0.0,"cards_upgraded":["Consecrate"]},{"damage_healed":0.0,"max_hp_gain":0.0,"max_hp_loss":0.0,"gold_gain":0.0,"cards_transformed":["PathToVictory","MasterReality"],"event_name":"Drug Dealer","player_choice":"Became Test Subject","floor":19.0,"gold_loss":0.0,"damage_taken":0.0,"cards_obtained":["Blasphemy","EmptyFist"]},{"damage_healed":0.0,"max_hp_gain":0.0,"max_hp_loss":0.0,"gold_gain":0.0,"event_name":"Cursed Tome","player_choice":"Obtained Book","floor":22.0,"gold_loss":0.0,"damage_taken":21.0},{"damage_healed":0.0,"max_hp_gain":0.0,"max_hp_loss":0.0,"gold_gain":0.0,"event_name":"Forgotten Altar","player_choice":"Smashed Altar","floor":25.0,"gold_loss":0.0,"damage_taken":0.0,"cards_obtained":["Decay"]}],"is_beta":false,"boss_relics":[{"not_picked":["Tiny House","Black Star"],"picked":"Pandora\u0027s Box"}],"items_purged_floors":[5,13],"is_endless":false,"potions_floor_spawned":[1,10,12,18,28],"killed_by":"Centurion and Healer","ascension_level":15}}