{"host":"t6j3b2be3h8sm33f","time":1608468034,"event":{"mods":["BaseMod","Better Match","Better Skull","Colored Map","Colored Powertips","Downfall","Highlight Path","Infinite Spire","Jedi Mod","Minty Spire (QoL Compilation)","Quick Restart","Rare Cards Sparkle","Replay The Spire","StSLib","The Cursed"],"gold_per_floor":[163,179,179,199,214,214,214,249,249,275,260,360,378,388,402,498,498,498,20,20,38,61,61,86,11,39,78,78,101,128,148,158,261,261,186,200,200,221,51,128,154,176,101,136,22,47,61,81,100,203,203,203,213,229,55,77,103,103,132,132,164,272,288,77,97,116,220,220,220,248,268,376,438,488,528,555,555,555,555],"floor_reached":78,"playtime":8335,"items_purged":["hexamod:Strike","hexamod:ExtraCrispy","hexamod:Strike","Regret"],"score":1388,"play_id":"a81bd527-f35a-4c19-afef-599a3af63284","local_time":"20201220074034","is_ascension_mode":false,"campfire_choices":[{"data":"hexamod:Float","floor":9.0,"key":"SMITH"},{"data":"hexamod:HexaLevel","floor":18.0,"key":"SMITH"},{"floor":20.0,"key":"RECALL"},{"data":"hexamod:SkipABeat","floor":23.0,"key":"SMITH"},{"data":"hexamod:SpectersWail","floor":25.0,"key":"SMITH"},{"data":"hexamod:HauntingEcho","floor":43,"key":"SMITH"},{"data":"hexamod:Rewind","floor":60,"key":"SMITH"},{"data":"hexamod:GhostflameInferno","floor":69,"key":"SMITH"},{"floor":77,"key":"REST"}],"circlet_count":0,"master_deck":["hexamod:Strike+1","hexamod:Strike+1","hexamod:Defend+1","hexamod:Defend+1","hexamod:Defend+1","hexamod:Defend+1","hexamod:Sear+1","hexamod:Float+1","hexamod:FirstSeal","hexamod:SpectersWail+1","hexamod:ChargedBarrage+1","hexamod:SkipABeat+1","hexamod:AdvancingGuard+1","hexamod:InspiringFlames+1","hexamod:FastForward+1","hexamod:ShieldOfDarkness+1","hexamod:HexaLevel+1","hexamod:EmpoweredFlame+1","Crow Ritual+1","hexamod:SecondSeal","hexamod:SpectersWail+1","hexamod:SpectralAdrenaline+1","hexamod:HexaLevel+1","infinitespire:Starlight+1","hexamod:EmpoweredFlame+1","hexamod:AdvancingGuard+1","hexamod:CrushingStance+1","hexamod:HauntingEcho+1","hexamod:SixthSeal","hexamod:GhostflameBarrier+1","hexamod:FastForward+1","hexamod:Again+1","hexamod:Hexaguard+1","hexamod:SpectersWail+1","hexamod:FourthSeal","Pot Of Greed+1","Pot Of Greed+1","Pot Of Greed+1","Pot Of Greed+1","hexamod:Hexaguard+1","hexamod:TimeWarp","hexamod:EmpoweredFlame+1","hexamod:Rewind+1","hexamod:SixthSeal","hexamod:CatchUp+1","hexamod:UnleashSpirits+1","hexamod:VolcanoVisage+1","hexamod:WildfireWeapon","hexamod:FifthSeal","CurseOfTheBell","Pot Of Greed","hexamod:SpectersWail+1","hexamod:SixthSeal","hexamod:InspiringFlames","hexamod:SecondSeal","hexamod:FirstSeal","hexamod:ThirdSeal","hexamod:SpectersWail+1","hexamod:SpectersWail","Finesse","Panache","Mayhem","expansioncontent:Collect","Pot Of Greed","hexamod:GhostOfSpirePresent","hexamod:FastForward+1","hexamod:GhostflameInferno+1","hexamod:ThirdSeal","hexamod:TimeWarp+1","Languid","Survivor","hexamod:TimeWarp+1","expansioncontent:DefensiveMode","infinitespire:Menacing+1","infinitespire:Starlight","hexamod:FifthSeal","Pot Of Greed","hexamod:Haunt","hexamod:SecondSeal","hexamod:WildfireWeapon","hexamod:TimeOfNeed","hexamod:FastForward+1","hexamod:ThirdSeal"],"relics":["hexamod:SpiritBrand","Pet Ghost","Happy Flower","downfall:ShatteredFragment","Question Card","Anchor","Toy Ornithopter","Potion Belt","SlaversCollar","Replay:Bottled Eggs","jedi:crownofsimplicity","downfall:HeartBlessingRed","Ancient Tea Set","DollysMirror","ChewingGum","jedi:paperlyon","downfall:HeartBlessingGreen","Grinning Jar","downfall:HeartBlessingBlue","infinitespire:Lucky Rock","ClockworkSouvenir","Replay:Grab Bag","Sozu","Painkiller Herb","Calling Bell","Black Star","Regal Pillow","Replay:Bottled Snecko","infinitespire:Golems Mask","Counterbalance","White Beast Statue","ReplayTheSpireMod:ShopPack","ReplayTheSpireMod:SealedPack","downfall:CloakOfManyFaces","CultistMask","FaceOfCleric","NlothsMask","GremlinMask","SsserpentHead"],"acts_visited":["Exordium","TheCity","TheBeyond","Exordium","TheCity"],"potions_floor_usage":[33,39,39,45,45,50,78],"damage_taken":[{"damage":22.0,"enemies":"Gremlin Nob","floor":1.0,"turns":4.0},{"damage":8.0,"enemies":"2 Louse","floor":2.0,"turns":4.0},{"damage":0.0,"enemies":"Cultist","floor":4.0,"turns":3.0},{"damage":1.0,"enemies":"Small Slimes","floor":5.0,"turns":3.0},{"damage":9.0,"enemies":"3 Sentries","floor":8.0,"turns":6.0},{"damage":21.0,"enemies":"Lagavulin","floor":10.0,"turns":6.0},{"damage":0.0,"enemies":"downfall:FleeingMerchant","floor":11.0,"turns":4.0},{"damage":27.0,"enemies":"downfall:LadyInBlue","floor":12.0,"turns":11.0},{"damage":0.0,"enemies":"Exordium Thugs","floor":13.0,"turns":3.0},{"damage":3.0,"enemies":"Lots of Slimes","floor":14.0,"turns":4.0},{"damage":1.0,"enemies":"Gremlin Gang","floor":15.0,"turns":4.0},{"damage":3.0,"enemies":"downfall:Watcher","floor":16.0,"turns":9.0},{"damage":0.0,"enemies":"downfall:FleeingMerchant","floor":19.0,"turns":4.0},{"damage":0.0,"enemies":"Chosen","floor":21.0,"turns":4.0},{"damage":9.0,"enemies":"Centurion and Healer","floor":22.0,"turns":6.0},{"damage":3.0,"enemies":"Shelled Parasite and Fungi","floor":26.0,"turns":5.0},{"damage":13.0,"enemies":"Nightmare","floor":27.0,"turns":6.0},{"damage":24,"enemies":"Cultist and Chosen","floor":29,"turns":6},{"damage":11,"enemies":"Snake Plant","floor":30,"turns":3},{"damage":28,"enemies":"Centurion and Healer","floor":31,"turns":6},{"damage":0,"enemies":"3 Cultists","floor":32,"turns":1},{"damage":24,"enemies":"downfall:Ironclad","floor":33,"turns":7},{"damage":7,"enemies":"Orb Walker","floor":36,"turns":4},{"damage":10,"enemies":"3 Shapes","floor":38,"turns":5},{"damage":5,"enemies":"downfall:FleeingMerchant","floor":39,"turns":4},{"damage":10,"enemies":"Maw","floor":42,"turns":6},{"damage":18,"enemies":"Reptomancer","floor":44,"turns":5},{"damage":5,"enemies":"downfall:FleeingMerchant","floor":45,"turns":3},{"damage":3,"enemies":"Jaw Worm Horde","floor":46,"turns":4},{"damage":46,"enemies":"Sphere and 2 Shapes","floor":47,"turns":5},{"damage":0,"enemies":"Maw","floor":48,"turns":6},{"damage":13,"enemies":"4 Shapes","floor":49,"turns":4},{"damage":9,"enemies":"downfall:Defect","floor":50,"turns":6},{"damage":1,"enemies":"Cultist","floor":53,"turns":2},{"damage":0,"enemies":"2 Louse","floor":54,"turns":3},{"damage":0,"enemies":"Small Slimes","floor":56,"turns":2},{"damage":15,"enemies":"Lagavulin","floor":57,"turns":4},{"damage":0,"enemies":"3 Sentries","floor":59,"turns":5},{"damage":6,"enemies":"Lagavulin","floor":61,"turns":3},{"damage":7,"enemies":"downfall:LadyInBlue","floor":62,"turns":6},{"damage":0,"enemies":"Exordium Wildlife","floor":63,"turns":3},{"damage":0,"enemies":"Lots of Slimes","floor":65,"turns":1},{"damage":20,"enemies":"Exordium Thugs","floor":66,"turns":3},{"damage":57,"enemies":"Hexaghost","floor":67,"turns":6},{"damage":13,"enemies":"Shell Parasite","floor":70,"turns":4},{"damage":0,"enemies":"Spheric Guardian","floor":71,"turns":3},{"damage":10,"enemies":"downfall:FaceTrader","floor":72,"turns":3},{"damage":0,"enemies":"3 Cultists","floor":73,"turns":4},{"damage":16,"enemies":"Book of Stabbing","floor":75,"turns":4},{"damage":68,"enemies":"Slavers","floor":76,"turns":4},{"damage":84,"enemies":"Nightmare","floor":78,"turns":6}],"seed_played":"-1152238978776261439","potions_obtained":[{"floor":1.0,"key":"BlessingOfTheForge"},{"floor":2.0,"key":"FearPotion"},{"floor":4.0,"key":"ColorlessPotion"},{"floor":8.0,"key":"LiquidMemories"},{"floor":12.0,"key":"Adrenaline Potion"},{"floor":12.0,"key":"Ancient Potion"},{"floor":12.0,"key":"Weak Potion"},{"floor":21.0,"key":"SpeedPotion"},{"floor":26.0,"key":"SkillPotion"},{"floor":33,"key":"LiquidMemories"},{"floor":42,"key":"jedi:hoardpotion"},{"floor":42,"key":"ColorlessPotion"},{"floor":44,"key":"jedi:StrikingPotion"},{"floor":47,"key":"GamblersBrew"},{"floor":47,"key":"Fire Potion"}],"is_trial":false,"path_per_floor":["R_BF","M","?","M","M","?","T","E","R","E","$","?","M","M","M","B",null,"R","$","R","M","M","R","T","R","M","NM","AVR","M","M","M","M","B",null,"R_BF","M","?","M","$","T","T","M","R","E","$","M","M","M","M","B",null,"T","?","?","T","?","E","T","E","T","E","?","?","T","?","?","B",null,"T","?","?","?","?","?","E","E","T","NM"],"character_chosen":"THE_SPIRIT","items_purchased":["Crow Ritual","Replay:Bottled Eggs","hexamod:SecondSeal","hexamod:SpectersWail","hexamod:FourthSeal","hexamod:Rewind","hexamod:SixthSeal","ClockworkSouvenir","hexamod:InspiringFlames","Finesse","ReplayTheSpireMod:ShopPack"],"campfire_rested":1,"item_purchase_floors":[19,19,19,39,39,45,45,45,55,64,64],"current_hp_per_floor":[55,54,54,61,67,46,46,44,44,30,37,22,29,33,39,48,77,77,77,77,77,75,75,75,75,77,71,71,60,49,38,38,36,77,77,77,77,74,77,77,77,77,87,76,87,87,48,65,52,55,87,87,86,86,86,87,72,72,87,87,87,87,87,87,87,87,59,87,87,87,87,87,88,88,80,35,77,0,0],"gold":555,"neow_bonus":"TEN_PERCENT_HP_BONUS","is_daily":false,"chose_seed":false,"campfire_upgraded":7,"win_rate":0.0,"timestamp":1608468034,"path_taken":["R_BF","M","?","M","M","?","T","E","R","E","$","?","?","M","M","BOSS","R","?","R","M","M","R","T","R","M","NM","AVR","M","M","?","M","BOSS","R_BF","M","?","?","$","?","T","M","R","E","?","M","?","?","M","BOSS","T","?","?","T","?","E","T","E","T","E","?","?","T","?","?","BOSS","T","?","?","?","?","?","E","E","T","NM"],"items_purchased_type":["Card","Relic","Card","Card","Card","Card","Card","Relic","Card","Card","Relic"],"build_version":"2020-12-13","purchased_purges":4,"victory":false,"max_hp_per_floor":[77,77,77,77,77,77,77,77,77,77,77,77,77,77,77,77,77,77,77,77,77,77,77,77,77,77,77,77,77,77,77,77,77,77,77,77,77,77,77,77,77,77,87,87,87,87,87,87,87,87,87,87,87,87,87,87,87,87,87,87,87,87,87,87,87,87,87,87,87,87,87,87,88,88,89,90,90,90,90],"card_choices":[{"not_picked":["hexamod:FastForward","hexamod:HauntingEcho"],"picked":"hexamod:FirstSeal","floor":1.0},{"not_picked":["hexamod:AdvancingGuard","hexamod:NightmareStrike"],"picked":"hexamod:PhantomCloak","floor":2.0},{"not_picked":["hexamod:Incineration","hexamod:ThermalTransfer"],"picked":"hexamod:SpectersWail","floor":4.0},{"not_picked":["hexamod:DynamicBlow","hexamod:EtherealExpedition"],"picked":"hexamod:ChargedBarrage","floor":5.0},{"not_picked":["hexamod:GhostLash","hexamod:RainOfEmbers","hexamod:GhostShield"],"picked":"hexamod:ShieldOfDarkness","floor":8.0},{"not_picked":["hexamod:ThermalTransfer","hexamod:NightmareGuise","hexamod:NightmareStrike"],"picked":"hexamod:SkipABeat","floor":10.0},{"not_picked":["hexamod:HeatMetal","hexamod:DynamicBlow","hexamod:Hexaguard"],"picked":"hexamod:AdvancingGuard","floor":11.0},{"not_picked":["hexamod:EmpoweredFlame","hexamod:SwordOfDarkness","hexamod:ThermalTransfer"],"picked":"hexamod:InspiringFlames","floor":12.0},{"not_picked":["hexamod:HeatCrush","hexamod:ParanormalForm","hexamod:BurningTouch"],"picked":"hexamod:ExtraCrispy","floor":13.0},{"not_picked":["hexamod:ThermalTransfer","hexamod:Haunt","hexamod:Hexaguard"],"picked":"hexamod:FastForward","floor":14.0},{"not_picked":["hexamod:ExtraCrispy","hexamod:HeatCrush","hexamod:UnleashSpirits"],"picked":"hexamod:ShieldOfDarkness","floor":15.0},{"not_picked":["hexamod:UnleashSpirits","hexamod:WildfireWeapon","hexamod:TurnItUp"],"picked":"hexamod:HexaLevel","floor":16.0},{"not_picked":["hexamod:SwordOfDarkness","hexamod:PhantomFireball","hexamod:GhostOfSpirePresent"],"picked":"hexamod:EmpoweredFlame","floor":19.0},{"not_picked":["hexamod:NightmareGuise","hexamod:NightmareStrike","hexamod:Firestarter","hexamod:GhostShield"],"picked":"SKIP","floor":21.0},{"not_picked":["hexamod:GhostShield+1","hexamod:SwordOfDarkness","hexamod:BurningTouch","hexamod:EmpoweredFlame"],"picked":"SKIP","floor":22.0},{"not_picked":["hexamod:RainOfEmbers+1","hexamod:SwordOfDarkness","hexamod:Incineration+1"],"picked":"hexamod:SpectersWail+1","floor":26.0},{"not_picked":["hexamod:BacktrackSmack","hexamod:HeatMetal","hexamod:GhostLash"],"picked":"hexamod:SpectralAdrenaline","floor":27.0},{"not_picked":["hexamod:GhostLash","hexamod:GhostflameBarrier","hexamod:RetreatToShadows+1"],"picked":"hexamod:EmpoweredFlame","floor":29},{"not_picked":["hexamod:InspiringFlames+1","hexamod:HeatShield","hexamod:ShieldOfDarkness"],"picked":"hexamod:AdvancingGuard","floor":30},{"not_picked":["hexamod:BurningTouch","hexamod:ThermalTransfer","hexamod:RadiantFlame"],"picked":"hexamod:CrushingStance","floor":31},{"not_picked":["hexamod:HeatMetal+1","hexamod:RainOfEmbers","hexamod:BacktrackSmack+1"],"picked":"hexamod:HauntingEcho","floor":32},{"not_picked":["hexamod:WildfireWeapon","hexamod:ParanormalForm","hexamod:EmpoweringStance"],"picked":"hexamod:SixthSeal","floor":33},{"not_picked":["hexamod:Firestarter","hexamod:SpectersWail+1","hexamod:RainOfEmbers+1"],"picked":"hexamod:FastForward+1","floor":36},{"not_picked":["hexamod:SkipABeat+1","hexamod:ShieldOfDarkness+1","hexamod:DynamicBlow"],"picked":"hexamod:Again+1","floor":38},{"not_picked":["hexamod:ChargedBarrage","hexamod:GhostLash+1","hexamod:SoulSteal+1"],"picked":"hexamod:Hexaguard","floor":39},{"not_picked":["hexamod:NecessarySacrifice","hexamod:InspiringFlames","hexamod:GhostflameBarrier"],"picked":"hexamod:Hexaguard+1","floor":42},{"not_picked":["hexamod:ShieldOfDarkness+1","hexamod:AdvancingGuard","hexamod:SpectersWail+1"],"picked":"hexamod:TimeWarp","floor":44},{"not_picked":["hexamod:DynamicBlow+1","hexamod:GhostLash","hexamod:HeatMetal"],"picked":"hexamod:EmpoweredFlame+1","floor":45},{"not_picked":["hexamod:PhantomFireball+1","hexamod:ThermalTransfer+1","hexamod:Hexaguard+1","hexamod:BurningTouch+1"],"picked":"SKIP","floor":46},{"not_picked":["hexamod:SpectralAdrenaline","hexamod:Hexaguard","hexamod:Firestarter","hexamod:PhantomFireball+1"],"picked":"SKIP","floor":47},{"not_picked":["hexamod:EmpoweringStance","hexamod:NightmareStrike+1","hexamod:SecondSeal"],"picked":"hexamod:CatchUp+1","floor":48},{"not_picked":["hexamod:SoulSteal","hexamod:GhostShield+1","hexamod:RainOfEmbers+1","hexamod:ThermalTransfer"],"picked":"SKIP","floor":49},{"not_picked":["hexamod:GhostLash","hexamod:ChargedBarrage","hexamod:EtherealExpedition"],"picked":"hexamod:SpectersWail","floor":53},{"not_picked":["hexamod:RainOfEmbers","hexamod:FirstSeal","hexamod:EtherealExpedition"],"picked":"hexamod:SixthSeal","floor":54},{"not_picked":["hexamod:HeatCrush","hexamod:Firestarter","hexamod:PhantomCloak","hexamod:AdvancingGuard"],"picked":"SKIP","floor":56},{"not_picked":["hexamod:PhantomCloak","hexamod:EtherealExpedition","hexamod:GhostLash"],"picked":"hexamod:SecondSeal","floor":57},{"not_picked":["hexamod:FourthSeal","hexamod:SecondSeal","hexamod:SixthSeal"],"picked":"hexamod:FirstSeal","floor":59},{"not_picked":["hexamod:NightmareGuise","hexamod:Firestarter","hexamod:ParanormalForm","hexamod:HeatShield"],"picked":"SKIP","floor":59},{"not_picked":["hexamod:DynamicBlow","hexamod:RainOfEmbers","hexamod:ShieldOfDarkness","hexamod:ThermalTransfer"],"picked":"SKIP","floor":61},{"not_picked":["hexamod:Hexaguard","hexamod:GhostShield","hexamod:SkipABeat"],"picked":"hexamod:ThirdSeal","floor":62},{"not_picked":["hexamod:RecurringNightmare","hexamod:InspiringFlames","hexamod:AdvancingGuard"],"picked":"hexamod:SpectersWail","floor":63},{"not_picked":["hexamod:NightmareGuise","hexamod:ThermalTransfer","hexamod:RetreatToShadows"],"picked":"hexamod:SpectersWail","floor":63},{"not_picked":["Midas Touch","jedi:RedIncense","jedi:cleanse"],"picked":"Panache","floor":64},{"not_picked":["ReplayTheSpireMod:Trickstab","expansioncontent:QuickStudy","Swift Strike"],"picked":"Mayhem","floor":64},{"not_picked":["expansioncontent:Torchfire","Bandage Up","Forethought"],"picked":"expansioncontent:Collect","floor":64},{"not_picked":["hexamod:GhostShield","hexamod:AdvancingGuard","hexamod:InspiringFlames"],"picked":"hexamod:GhostOfSpirePresent","floor":65},{"not_picked":["hexamod:BurningTouch","hexamod:TurnItUp","hexamod:NightmareStrike"],"picked":"hexamod:FastForward","floor":66},{"not_picked":["hexamod:VolcanoVisage","hexamod:SixthSeal","hexamod:ParanormalForm"],"picked":"hexamod:GhostflameInferno","floor":67},{"not_picked":["hexamod:SixthSeal","hexamod:FirstSeal","hexamod:FourthSeal"],"picked":"hexamod:ThirdSeal","floor":67},{"not_picked":["hexamod:TurnItUp","hexamod:SearingWound","hexamod:SixthSeal"],"picked":"hexamod:TimeWarp","floor":67},{"not_picked":["Guardian:TwinSlam","champ:Execute","Vigilance"],"picked":"Survivor","floor":68},{"not_picked":["hexamod:SixthSeal","hexamod:EmpoweringStance","hexamod:ParanormalForm"],"picked":"hexamod:TimeWarp","floor":68},{"not_picked":["Replay:SS_hec_1","Replay:SS_fish_3","ReplayTheSpireMod:Private Reserves"],"picked":"expansioncontent:DefensiveMode","floor":68},{"not_picked":["ReplayTheSpireMod:Chaos Vortex","infinitespire:SevenWalls","infinitespire:FutureSight"],"picked":"infinitespire:Menacing","floor":68},{"not_picked":["ReplayTheSpireMod:Chaos Vortex","ReplayTheSpireMod:Haul"],"picked":"infinitespire:Starlight","floor":69},{"not_picked":["hexamod:GhostShield+1","hexamod:NecessarySacrifice","hexamod:HeatMetal"],"picked":"hexamod:FifthSeal","floor":70},{"not_picked":["hexamod:InspiringFlames+1","hexamod:SwordOfDarkness","hexamod:Hexaguard"],"picked":"hexamod:Haunt","floor":70},{"not_picked":["hexamod:ThirdSeal","hexamod:SixthSeal","hexamod:FourthSeal"],"picked":"hexamod:SecondSeal","floor":71},{"not_picked":["hexamod:BacktrackSmack","hexamod:ExtraCrispy","hexamod:InspiringFlames"],"picked":"hexamod:WildfireWeapon","floor":71},{"not_picked":["hexamod:ThermalTransfer","hexamod:NightmareStrike","hexamod:Firestarter","hexamod:AdvancingGuard"],"picked":"SKIP","floor":71},{"not_picked":["hexamod:BurningTouch","hexamod:Firestarter+1","hexamod:NightmareStrike","hexamod:NightmareGuise"],"picked":"SKIP","floor":71},{"not_picked":["hexamod:Rewind","hexamod:HeatMetal","hexamod:SoulSteal+1"],"picked":"hexamod:TimeOfNeed","floor":73},{"not_picked":["hexamod:BurningTouch+1","hexamod:GhostOfSpirePresent+1","hexamod:SwordOfDarkness","hexamod:RainOfEmbers"],"picked":"SKIP","floor":73},{"not_picked":["hexamod:FourthSeal","hexamod:SecondSeal","hexamod:FirstSeal"],"picked":"hexamod:ThirdSeal","floor":75},{"not_picked":["hexamod:ThermalTransfer","hexamod:HauntingEcho","hexamod:BurningTouch","hexamod:CatchUp+1"],"picked":"SKIP","floor":75},{"not_picked":["hexamod:FourthSeal","hexamod:SecondSeal","hexamod:SixthSeal","hexamod:FirstSeal"],"picked":"SKIP","floor":76},{"not_picked":["hexamod:GhostShield","hexamod:NecessarySacrifice","hexamod:ShieldOfDarkness+1","hexamod:EmpoweringStance"],"picked":"SKIP","floor":76}],"player_experience":55826,"relics_obtained":[{"floor":3.0,"key":"Happy Flower"},{"floor":7.0,"key":"Question Card"},{"floor":8.0,"key":"Anchor"},{"floor":10.0,"key":"Toy Ornithopter"},{"floor":12.0,"key":"Potion Belt"},{"floor":24.0,"key":"jedi:crownofsimplicity"},{"floor":27.0,"key":"Ancient Tea Set"},{"floor":41,"key":"Grinning Jar"},{"floor":44,"key":"infinitespire:Lucky Rock"},{"floor":51,"key":"Regal Pillow"},{"floor":51,"key":"Replay:Bottled Snecko"},{"floor":51,"key":"infinitespire:Golems Mask"},{"floor":58,"key":"Counterbalance"},{"floor":62,"key":"White Beast Statue"},{"floor":72,"key":"downfall:CloakOfManyFaces"}],"event_choices":[{"cards_removed":["hexamod:ShieldOfDarkness"],"damage_healed":0,"gold_gain":0,"player_choice":"Purged","damage_taken":0,"max_hp_gain":0,"max_hp_loss":0,"event_name":"Purifier","floor":37,"gold_loss":0},{"damage_healed":0,"gold_gain":0,"player_choice":"Read","damage_taken":0,"max_hp_gain":0,"max_hp_loss":0,"event_name":"The Library","floor":74,"gold_loss":0,"cards_obtained":["hexamod:FastForward"]}],"is_beta":false,"boss_relics":[{"not_picked":["Tiny House","Runic Dome"],"picked":"SlaversCollar"},{"not_picked":["Fusion Hammer","Philosopher\u0027s Stone"],"picked":"jedi:paperlyon"},{"not_picked":["Empty Cage","infinitespire:Cupcake"],"picked":"Replay:Grab Bag"},{"not_picked":["ReplayTheSpireMod:DimensionalGlitch","jedi:battlestandard"],"picked":"Sozu"},{"not_picked":["Replay:Wanted Poster","Busted Crown"],"picked":"Painkiller Herb"},{"not_picked":["SacredBark","Runic Pyramid"],"picked":"Calling Bell"},{"not_picked":["Astrolabe","Kintsugi"],"picked":"Black Star"},{"not_picked":["Kintsugi","Busted Crown"],"picked":"ReplayTheSpireMod:SealedPack"}],"items_purged_floors":[28,39,45,55],"is_endless":true,"potions_floor_spawned":[1,2,4,8,14,21,26,29,33,38,42,47,48,49,53,54,57,63,65,66,70,72,73,75,76],"killed_by":"Nightmare","ascension_level":0}}