{"host":"fjaupvxe7fzqrf4j","time":1608462199,"event":{"mods":["BaseMod","Minty Spire (QoL Compilation)","StSLib"],"gold_per_floor":[117,41,41,41,41,84,10,46,124,124,158,197,238,271,271,360,360,380,305,339,339,362,396,396,434,434,472,472,513,533,573,573,669,669,689,639,664,31,100,143,186,222,222,261,294,128,162,180,180,180,180,180,180,80,118,118],"floor_reached":57,"playtime":2902,"items_purged":["Ball Lightning","Barrage"],"score":3803,"play_id":"98ba2fd9-257e-4091-aaa9-bc3b10273572","local_time":"20201220190319","daily_mods":["SealedDeck","Heirloom","Time Dilation","Flight","Elite Swarm"],"is_ascension_mode":true,"campfire_choices":[{"data":"Fission","floor":10.0,"key":"SMITH"},{"data":"Turbo","floor":15.0,"key":"SMITH"},{"data":"Seek","floor":24.0,"key":"SMITH"},{"data":"Reboot","floor":28.0,"key":"SMITH"},{"data":"Meteor Strike","floor":32.0,"key":"SMITH"},{"floor":49.0,"key":"RECALL"},{"data":"Coolheaded","floor":53.0,"key":"SMITH"}],"circlet_count":0,"master_deck":["AscendersBane","Conserve Battery","Hologram","Cold Snap+1","Conserve Battery","Coolheaded+1","Turbo+1","Storm","Echo Form+1","Fission+1","Reboot+1","Seek+1","Meteor Strike+1","Echo Form+1","Heatsinks+1","Core Surge","Buffer+1","Creative AI+1","Biased Cognition+1","Biased Cognition+1","Electrodynamics+1","Force Field","Coolheaded+1","Double Energy+1","Thunder Strike","Core Surge","Turbo+1"],"relics":["FrozenCore","StoneCalendar","Golden Idol","Question Card","CaptainsWheel","Omamori","Meat on the Bone","Dream Catcher","Centennial Puzzle","Torii","Frozen Egg 2","Coffee Dripper","Red Mask","Blue Candle","Blood Vial","Shovel","Emotion Chip","Bottled Lightning","Eternal Feather","Mango","Du-Vu Doll","Turnip","PreservedInsect","Singing Bowl","Bronze Scales","Juzu Bracelet","DollysMirror","Bird Faced Urn","Ginger"],"acts_visited":["Exordium","TheCity","TheBeyond","TheEnding"],"potions_floor_usage":[56,56],"damage_taken":[{"damage":4.0,"enemies":"2 Louse","floor":1.0,"turns":2.0},{"damage":23.0,"enemies":"Gremlin Nob","floor":6.0,"turns":4.0},{"damage":10.0,"enemies":"3 Sentries","floor":8.0,"turns":5.0},{"damage":0.0,"enemies":"Lagavulin","floor":11.0,"turns":4.0},{"damage":1.0,"enemies":"3 Sentries","floor":12.0,"turns":6.0},{"damage":0.0,"enemies":"Lagavulin","floor":13.0,"turns":4.0},{"damage":8.0,"enemies":"Gremlin Nob","floor":14.0,"turns":3.0},{"damage":0.0,"enemies":"Hexaghost","floor":16.0,"turns":5.0},{"damage":19.0,"enemies":"Shell Parasite","floor":18.0,"turns":2.0},{"damage":2.0,"enemies":"Masked Bandits","floor":20.0,"turns":3.0},{"damage":0.0,"enemies":"Chosen","floor":22.0,"turns":2.0},{"damage":12.0,"enemies":"Gremlin Leader","floor":23.0,"turns":3.0},{"damage":7.0,"enemies":"Book of Stabbing","floor":25.0,"turns":3.0},{"damage":11.0,"enemies":"Slavers","floor":27.0,"turns":4.0},{"damage":18.0,"enemies":"Gremlin Leader","floor":29.0,"turns":3.0},{"damage":13.0,"enemies":"Snake Plant","floor":30.0,"turns":2.0},{"damage":0.0,"enemies":"Book of Stabbing","floor":31.0,"turns":4.0},{"damage":28.0,"enemies":"Collector","floor":33.0,"turns":4.0},{"damage":16.0,"enemies":"3 Darklings","floor":35.0,"turns":3.0},{"damage":0.0,"enemies":"3 Shapes","floor":37.0,"turns":2.0},{"damage":0.0,"enemies":"2 Orb Walkers","floor":39.0,"turns":2.0},{"damage":0.0,"enemies":"Giant Head","floor":40.0,"turns":4.0},{"damage":0.0,"enemies":"Reptomancer","floor":41.0,"turns":4.0},{"damage":1.0,"enemies":"Giant Head","floor":42.0,"turns":5.0},{"damage":0.0,"enemies":"Nemesis","floor":44.0,"turns":3.0},{"damage":0.0,"enemies":"Giant Head","floor":45.0,"turns":3.0},{"damage":0.0,"enemies":"Reptomancer","floor":47.0,"turns":1.0},{"damage":0.0,"enemies":"3 Darklings","floor":48.0,"turns":3.0},{"damage":0.0,"enemies":"Donu and Deca","floor":50.0,"turns":5.0},{"damage":18.0,"enemies":"Time Eater","floor":51.0,"turns":6.0},{"damage":15.0,"enemies":"Shield and Spear","floor":55.0,"turns":3.0},{"damage":18,"enemies":"The Heart","floor":56,"turns":6}],"seed_played":"-6903861372608413498","potions_obtained":[{"floor":1.0,"key":"LiquidMemories"},{"floor":6.0,"key":"Ancient Potion"},{"floor":13.0,"key":"Dexterity Potion"},{"floor":18.0,"key":"FocusPotion"},{"floor":22.0,"key":"Fruit Juice"},{"floor":30.0,"key":"Ancient Potion"}],"is_trial":true,"path_per_floor":["M","$","?","?","$","E","?","E","T","R","E","E","E","E","R","B",null,"M","?","?","?","M","E","R","E","T","E","R","E","M","E","R","B",null,"M","?","M","$","?","E","E","E","T","E","E","$","E","M","R","B","B",null,"R","$","E","B",null],"character_chosen":"DEFECT","items_purchased":["Storm","Bottled Lightning","Eternal Feather","DollysMirror"],"campfire_rested":0,"item_purchase_floors":[2,38,38,46],"current_hp_per_floor":[60,60,60,60,60,37,37,27,27,27,39,38,38,42,42,42,59,40,40,38,64,69,57,57,50,50,39,39,35,36,38,38,24,58,44,44,46,46,62,64,66,67,67,71,73,73,77,89,89,89,89,89,89,89,88,91],"gold":118,"neow_bonus":"","is_daily":false,"chose_seed":false,"campfire_upgraded":6,"win_rate":0.0,"timestamp":1608462199,"path_taken":["M","$","?","?","?","E","?","E","T","R","E","E","E","E","R","BOSS","M","?","?","?","?","E","R","E","T","E","R","E","?","E","R","BOSS","M","?","?","?","?","E","E","E","T","E","E","$","E","M","R","BOSS","BOSS","R","$","E","BOSS"],"items_purchased_type":["Card","Relic","Relic","Relic"],"build_version":"2020-12-13","purchased_purges":2,"victory":true,"max_hp_per_floor":[71,71,64,64,64,64,64,64,64,64,64,64,64,64,64,64,64,64,64,64,64,69,69,69,69,69,69,69,69,69,69,69,69,69,69,69,69,69,83,83,83,83,83,85,85,85,87,89,89,89,89,89,89,89,91,91],"card_choices":[{"not_picked":["Go for the Eyes","Rebound","Beam Cell"],"picked":"SKIP","floor":1.0},{"not_picked":["Buffer","Rainbow"],"picked":"Echo Form","floor":6.0},{"not_picked":["Multi-Cast","Seek","Rainbow"],"picked":"Fission","floor":8.0},{"not_picked":["Fission","Machine Learning","Hyperbeam"],"picked":"Reboot","floor":11.0},{"not_picked":["Fission","Rainbow","Buffer"],"picked":"Seek","floor":12.0},{"not_picked":["Thunder Strike","Buffer","Hyperbeam","Amplify"],"picked":"SKIP","floor":13.0},{"not_picked":["Thunder Strike","Amplify","Machine Learning+1"],"picked":"Meteor Strike","floor":14.0},{"not_picked":["Seek","Rainbow","Thunder Strike"],"picked":"Echo Form+1","floor":16.0},{"not_picked":["Stack","Leap","Auto Shields"],"picked":"Heatsinks+1","floor":18.0},{"not_picked":["Genetic Algorithm","Compile Driver","Redo","Loop+1"],"picked":"SKIP","floor":22.0},{"not_picked":["Amplify","Fission","Multi-Cast"],"picked":"Core Surge","floor":23.0},{"not_picked":["Rainbow","Meteor Strike","Echo Form+1"],"picked":"Buffer+1","floor":25.0},{"not_picked":["Hyperbeam","Seek","Fission"],"picked":"Creative AI+1","floor":27.0},{"not_picked":["Creative AI+1","Amplify","Echo Form+1"],"picked":"Biased Cognition+1","floor":29.0},{"not_picked":["Stack","Undo","Cold Snap+1","Sweeping Beam"],"picked":"SKIP","floor":30.0},{"not_picked":["All For One","Reboot","Buffer+1"],"picked":"Biased Cognition+1","floor":31.0},{"not_picked":["Biased Cognition+1","Reboot","Creative AI+1"],"picked":"Electrodynamics+1","floor":33.0},{"not_picked":["Compile Driver","Leap","Chaos"],"picked":"Force Field","floor":35.0},{"not_picked":["Turbo","Multi-Cast","Leap"],"picked":"Coolheaded","floor":37.0},{"not_picked":["Ball Lightning","Redo","Beam Cell"],"picked":"Double Energy+1","floor":39.0},{"not_picked":["Buffer+1","Machine Learning+1","Amplify","All For One"],"picked":"SKIP","floor":40.0},{"not_picked":["Core Surge","Reboot","Amplify"],"picked":"Thunder Strike","floor":41.0},{"not_picked":["Reboot","Electrodynamics+1","Buffer+1","All For One"],"picked":"SKIP","floor":42.0},{"not_picked":["Fission","Hyperbeam","Core Surge","Biased Cognition+1"],"picked":"Singing Bowl","floor":44.0},{"not_picked":["Fission","Multi-Cast","Electrodynamics+1"],"picked":"Core Surge","floor":45.0},{"not_picked":["Buffer+1","Thunder Strike","Biased Cognition+1","Reboot"],"picked":"Singing Bowl","floor":47.0},{"not_picked":["Streamline","Skim","Blizzard","Leap"],"picked":"Singing Bowl","floor":48.0},{"not_picked":["All For One","Meteor Strike","Multi-Cast","Hyperbeam"],"picked":"Singing Bowl","floor":55.0}],"player_experience":206312,"relics_obtained":[{"floor":6.0,"key":"Question Card"},{"floor":8.0,"key":"Omamori"},{"floor":9.0,"key":"Meat on the Bone"},{"floor":11.0,"key":"Dream Catcher"},{"floor":12.0,"key":"Centennial Puzzle"},{"floor":13.0,"key":"Torii"},{"floor":14.0,"key":"Frozen Egg 2"},{"floor":20.0,"key":"Red Mask"},{"floor":25.0,"key":"Blue Candle"},{"floor":27.0,"key":"Blood Vial"},{"floor":29.0,"key":"Shovel"},{"floor":31.0,"key":"Emotion Chip"},{"floor":39.0,"key":"Mango"},{"floor":40.0,"key":"Du-Vu Doll"},{"floor":41.0,"key":"Turnip"},{"floor":42.0,"key":"PreservedInsect"},{"floor":43.0,"key":"Singing Bowl"},{"floor":44.0,"key":"Bronze Scales"},{"floor":45.0,"key":"Juzu Bracelet"},{"floor":47.0,"key":"Bird Faced Urn"},{"floor":55.0,"key":"Ginger"}],"event_choices":[{"damage_healed":0.0,"max_hp_gain":0.0,"max_hp_loss":7.0,"gold_gain":0.0,"event_name":"Golden Idol","player_choice":"Lose Max HP","floor":3.0,"gold_loss":0.0,"damage_taken":0.0,"relics_obtained":["Golden Idol"]},{"damage_healed":0.0,"max_hp_gain":0.0,"max_hp_loss":0.0,"gold_gain":0.0,"event_name":"Living Wall","player_choice":"Grow","floor":4.0,"gold_loss":0.0,"damage_taken":0.0,"cards_upgraded":["Coolheaded"]},{"damage_healed":0.0,"max_hp_gain":0.0,"max_hp_loss":0.0,"gold_gain":0.0,"event_name":"WeMeetAgain","player_choice":"Paid Gold","floor":7.0,"gold_loss":74.0,"damage_taken":0.0,"relics_obtained":["CaptainsWheel"]},{"cards_removed":["Hello World"],"damage_healed":0.0,"max_hp_gain":0.0,"max_hp_loss":0.0,"gold_gain":0.0,"event_name":"Beggar","player_choice":"Gave Gold","floor":19.0,"gold_loss":75.0,"damage_taken":0.0},{"damage_healed":0.0,"max_hp_gain":0.0,"max_hp_loss":0.0,"gold_gain":0.0,"event_name":"Masked Bandits","player_choice":"Fought Bandits","floor":20.0,"gold_loss":0.0,"damage_taken":0.0},{"cards_removed":["Double Energy"],"damage_healed":26.0,"max_hp_gain":0.0,"max_hp_loss":0.0,"gold_gain":0.0,"event_name":"Bonfire Elementals","player_choice":"Offered Uncommon","floor":21.0,"gold_loss":0.0,"damage_taken":0.0},{"damage_healed":0.0,"max_hp_gain":0.0,"max_hp_loss":0.0,"gold_gain":0.0,"event_name":"Designer","player_choice":"Upgraded Two","floor":36.0,"gold_loss":50.0,"damage_taken":0.0,"cards_upgraded":["Cold Snap","Echo Form"]},{"damage_healed":0.0,"max_hp_gain":0.0,"max_hp_loss":0.0,"gold_gain":0.0,"event_name":"Mysterious Sphere","player_choice":"Fight","floor":39.0,"gold_loss":0.0,"damage_taken":0.0}],"is_beta":false,"boss_relics":[{"not_picked":["Empty Cage","Cursed Key"],"picked":"Coffee Dripper"},{"not_picked":["Philosopher\u0027s Stone","Fusion Hammer"],"picked":"FrozenCore"}],"items_purged_floors":[38,54],"is_endless":false,"potions_floor_spawned":[1,6,13,18,22,30,35,37,39,44,48],"ascension_level":20}}