{"host":"mn5ze3eyhx81nlo2","time":1608495637,"event":{"mods":["BaseMod","Block Reminder","Challenge The Spire","Downfall","Hermit","Hubris","Infinite Spire","Minty Spire (QoL Compilation)","Quick Restart","Replay The Spire","Shade Mod","StSLib","The Cursed","The Druid","The Hierophant","The Runesmith","Unceasing Turn Reminder"],"gold_per_floor":[99,119,55,55,55,67,94,4,16,46,57,72,82,101,114,217,217,67,85,85,185,212,212,237,237,304,304,354,404,454,465,485,590,590,590,590,603,268,365,415,441,366,280,280,405,422,488,538,551,551,551],"floor_reached":50,"playtime":2348,"items_purged":["Slimebound:Strike_Slimebound","Injury","Slimebound:SelfFormingGoo"],"score":537,"play_id":"a88c3e14-2153-4284-9474-b1ba451d909c","local_time":"20201220202037","is_ascension_mode":true,"campfire_choices":[{"floor":1,"key":"RECALL"},{"data":"Slimebound:TongueLash","floor":5,"key":"SMITH"},{"data":"Slimebound:SlimeSlap","floor":23,"key":"SMITH"},{"floor":25,"key":"REST"},{"data":"Slimebound:LivingWall","floor":27,"key":"SMITH"},{"data":"Rupture","floor":35,"key":"SMITH"},{"data":"Slimebound:OozeBath","floor":42,"key":"SMITH"},{"data":"Slimebound:Gluttony","floor":44,"key":"SMITH"}],"circlet_count":0,"master_deck":["Slimebound:Tackle","Slimebound:Defend_Slimebound","Slimebound:Defend_Slimebound","Slimebound:Defend_Slimebound","Slimebound:Defend_Slimebound","Slimebound:Split","Slimebound:CorrosiveSpit+1","Slimebound:SamplingLick","Slimebound:TongueLash","Slimebound:TongueLash+1","Slimebound:ViciousTackle","Slimebound:SlimeSlap+1","Slimebound:GoopSpray","Slimebound:Schlurp+1","Slimebound:ItLooksTasty","Slimebound:HauntingLick","Slimebound:LivingWall+1","Rupture+1","Slimebound:Gluttony+1","Slimebound:Tackle+1","Slimebound:Tackle+1","Slimebound:Tackle+1","Slimebound:SplitMire","Slimebound:SpikyOuterGoop+1","Slimebound:OozeBath+1","Slimebound:BestDefense+1","Slimebound:AcidTongue","Pot Of Greed","Pot Of Greed","Pot Of Greed","Slimebound:RollThrough","Slimebound:Split"],"relics":["Slimebound:AbsorbEndCombat","Guardian:PocketSentry","Kunai","Replay:Ancient Bell","Omamori","HornCleat","Replay:Kaleidoscope","downfall:HeartBlessingRed","downfall:HeartBlessingGreen","downfall:CloakOfManyFaces","CultistMask","FaceOfCleric","NlothsMask","GremlinMask","SsserpentHead","Anchor","Cursed Key","Ice Cream","downfall:HeartBlessingBlue","Grinning Jar"],"acts_visited":["Exordium","TheCity","TheBeyond"],"potions_floor_usage":[22,38,38,50,50],"damage_taken":[{"damage":10,"enemies":"2 Louse","floor":2,"turns":3},{"damage":16,"enemies":"downfall:FleeingMerchant","floor":3,"turns":4},{"damage":3,"enemies":"Cultist","floor":6,"turns":3},{"damage":20,"enemies":"downfall:FleeingMerchant","floor":8,"turns":4},{"damage":3,"enemies":"Small Slimes","floor":9,"turns":3},{"damage":22,"enemies":"Gremlin Nob","floor":10,"turns":4},{"damage":4,"enemies":"Red Slaver","floor":11,"turns":2},{"damage":5,"enemies":"3 Louse","floor":12,"turns":4},{"damage":12,"enemies":"Lots of Slimes","floor":13,"turns":4},{"damage":12,"enemies":"Red Slaver","floor":14,"turns":2},{"damage":4,"enemies":"Large Slime","floor":15,"turns":4},{"damage":34,"enemies":"downfall:Watcher","floor":16,"turns":5},{"damage":16,"enemies":"Spheric Guardian","floor":19,"turns":4},{"damage":32,"enemies":"downfall:FaceTrader","floor":21,"turns":8},{"damage":51,"enemies":"Gremlin Leader","floor":22,"turns":6},{"damage":12,"enemies":"3 Byrds","floor":26,"turns":6},{"damage":19,"enemies":"3 Cultists","floor":31,"turns":6},{"damage":9,"enemies":"Centurion and Healer","floor":32,"turns":5},{"damage":73,"enemies":"downfall:Ironclad","floor":33,"turns":9},{"damage":4,"enemies":"3 Shapes","floor":37,"turns":3},{"damage":19,"enemies":"downfall:FleeingMerchant","floor":38,"turns":4},{"damage":52,"enemies":"2 Orb Walkers","floor":39,"turns":5},{"damage":25,"enemies":"3 Darklings","floor":43,"turns":6},{"damage":0,"enemies":"downfall:FleeingMerchant","floor":45,"turns":1},{"damage":18,"enemies":"Maw","floor":46,"turns":5},{"damage":44,"enemies":"Jaw Worm Horde","floor":47,"turns":5},{"damage":39,"enemies":"Spire Growth","floor":49,"turns":5},{"damage":92,"enemies":"downfall:Silent","floor":50,"turns":9}],"seed_played":"279218419141973310","potions_obtained":[{"floor":6,"key":"Slimebound:SlimyTonguePotion"},{"floor":12,"key":"LifebloodPotion"},{"floor":13,"key":"LiquidBronze"},{"floor":16,"key":"ColorlessPotion"},{"floor":21,"key":"Slimebound:ThreeZeroPotion"},{"floor":26,"key":"champ:CounterPotion"},{"floor":32,"key":"Slimebound:ThreeZeroPotion"},{"floor":46,"key":"SteroidPotion"},{"floor":49,"key":"Ancient Potion"}],"is_trial":false,"path_per_floor":["R","M","$","?","R","M","T","$","M","E","M","M","M","M","M","B",null,"R","M","AVR","?","E","R","T","R","M","R","?","?","$","M","M","B",null,"R","AVR","M","$","?","?","T","R","M","R","$","M","M","?","M","B"],"character_chosen":"SLIMEBOUND","items_purchased":["Slimebound:TongueLash","Slimebound:SpikyOuterGoop+1","Slimebound:OozeBath","Slimebound:AcidTongue","Grinning Jar"],"campfire_rested":1,"item_purchase_floors":[3,38,38,45,45],"current_hp_per_floor":[66,66,65,65,65,66,66,65,66,52,60,63,63,55,66,44,66,66,58,58,66,36,36,36,56,68,68,68,68,63,58,64,34,71,71,71,72,73,40,40,40,50,62,62,67,78,63,63,49,0,0],"gold":551,"neow_bonus":"TEN_PERCENT_HP_BONUS","is_daily":false,"chose_seed":false,"campfire_upgraded":6,"win_rate":0.0,"timestamp":1608495637,"path_taken":["R","M","$","?","R","M","T","?","M","E","M","M","M","?","M","BOSS","R","M","AVR","?","E","R","T","R","?","R","?","?","?","M","M","BOSS","R","AVR","M","$","?","?","T","R","M","R","$","M","?","?","M","BOSS"],"items_purchased_type":["Card","Card","Card","Card","Relic"],"build_version":"2020-12-13","purchased_purges":3,"victory":false,"max_hp_per_floor":[66,66,66,66,66,66,66,66,66,66,66,66,66,66,66,66,66,66,66,66,66,67,67,67,67,68,68,68,68,68,69,70,71,71,71,71,72,73,74,74,74,84,85,85,86,87,88,88,89,89,89],"card_choices":[{"not_picked":["Slimebound:FlameTackle","Slimebound:FinishingTackle"],"picked":"Slimebound:SamplingLick","floor":2},{"not_picked":["Slimebound:SplitLeeching","Slimebound:SplitBruiser","Slimebound:FinishingTackle"],"picked":"SKIP","floor":3},{"not_picked":["Slimebound:Schlurp","Slimebound:DisruptingSlam"],"picked":"Slimebound:ViciousTackle","floor":6},{"not_picked":["Slimebound:DisruptingSlam","Slimebound:LeechingTouch","Slimebound:LeechEnergy"],"picked":"SKIP","floor":8},{"not_picked":["Slimebound:ComboTackle","Slimebound:FormOfPuddle"],"picked":"Slimebound:SlimeSlap","floor":9},{"not_picked":["Slimebound:SplitAcid","Slimebound:ForwardTackle"],"picked":"Slimebound:GoopSpray","floor":10},{"not_picked":["Slimebound:SamplingLick","Slimebound:PrepareCrush"],"picked":"Slimebound:Schlurp","floor":11},{"not_picked":["Slimebound:FlameTackle","Slimebound:SamplingLick"],"picked":"Slimebound:ItLooksTasty","floor":12},{"not_picked":["Slimebound:Schlurp","Slimebound:SlimeBrawl"],"picked":"Slimebound:HauntingLick","floor":13},{"not_picked":["Slimebound:SelfFormingGoo","Slimebound:GoopTackle"],"picked":"Slimebound:LivingWall","floor":14},{"not_picked":["Slimebound:GoopSpray","Slimebound:SplitBruiser","Slimebound:SlimeBrawl"],"picked":"SKIP","floor":15},{"not_picked":["Slimebound:MinionMaster","Slimebound:MassRepurpose"],"picked":"Slimebound:SelfFormingGoo","floor":16},{"not_picked":["Hallucinations","Sickly"],"picked":"Normality","floor":17},{"not_picked":["hubris:Compulsion","Doubt"],"picked":"ReplayTheSpireMod:Doomed","floor":17},{"not_picked":["infinitespire:Pacifist","Shame"],"picked":"Injury","floor":17},{"not_picked":["Slimebound:LeadByExample+1","Slimebound:SplitAcid","Slimebound:Overexert"],"picked":"SKIP","floor":19},{"not_picked":["Slimebound:Dissolve","Slimebound:FinishingTackle"],"picked":"Slimebound:Gluttony","floor":22},{"not_picked":["Slimebound:FinishingTackle+1","Slimebound:Repurpose","Slimebound:SlimeBrawl"],"picked":"SKIP","floor":26},{"not_picked":["Slimebound:LeechEnergy","Slimebound:Grow"],"picked":"Slimebound:SplitMire","floor":31},{"not_picked":["Slimebound:Gluttony+1","Slimebound:SplitLeeching","Slimebound:ForwardTackle"],"picked":"SKIP","floor":32},{"not_picked":["Slimebound:SplitLeeching+1","Slimebound:ViciousTackle+1","Slimebound:SplitMire+1"],"picked":"SKIP","floor":37},{"not_picked":["Slimebound:PrepareCrush","Slimebound:RollThrough","Slimebound:SamplingLick"],"picked":"SKIP","floor":38},{"not_picked":["Slimebound:ItLooksTasty","Slimebound:GoopSpray"],"picked":"Slimebound:BestDefense+1","floor":39},{"not_picked":["Slimebound:RollThrough","Slimebound:Prepare+1","Slimebound:GoopSpray+1"],"picked":"SKIP","floor":43},{"not_picked":["Slimebound:ViciousTackle","Slimebound:LeechEnergy+1","Slimebound:SamplingLick"],"picked":"SKIP","floor":45},{"not_picked":["Slimebound:SplitLeeching","Slimebound:BestDefense","Slimebound:ForwardTackle+1"],"picked":"SKIP","floor":46},{"not_picked":["Slimebound:PressTheAttack+1","Slimebound:SlimeSpikes","Slimebound:GrowthPunch+1"],"picked":"SKIP","floor":47},{"not_picked":["Slimebound:Gluttony","Slimebound:Grow+1","Slimebound:SelfFormingGoo"],"picked":"SKIP","floor":49}],"player_experience":912616,"relics_obtained":[{"floor":7,"key":"Guardian:PocketSentry"},{"floor":10,"key":"Kunai"},{"floor":21,"key":"downfall:CloakOfManyFaces"},{"floor":22,"key":"Anchor"},{"floor":39,"key":"Ice Cream"}],"event_choices":[{"damage_healed":0,"gold_gain":0,"player_choice":"Forge","damage_taken":0,"max_hp_gain":0,"max_hp_loss":0,"event_name":"Accursed Blacksmith","floor":4,"gold_loss":0,"cards_upgraded":["Slimebound:CorrosiveSpit"]},{"damage_healed":0,"gold_gain":0,"player_choice":"Read","damage_taken":0,"max_hp_gain":0,"max_hp_loss":0,"event_name":"The Library","floor":18,"gold_loss":0,"cards_obtained":["Rupture"]},{"damage_healed":0,"gold_gain":0,"player_choice":"Fight","damage_taken":0,"max_hp_gain":0,"max_hp_loss":0,"event_name":"Mysterious Sphere","floor":39,"gold_loss":0}],"is_beta":false,"boss_relics":[{"not_picked":["Coffee Dripper","SlaversCollar"],"picked":"Replay:Ancient Bell"},{"not_picked":["Smiling Mask","infinitespire:Satchel"],"picked":"Omamori"},{"not_picked":["infinitespire:CheckeredPen","InkBottle"],"picked":"HornCleat"},{"not_picked":["infinitespire:Lychee Nut","hubris:AstralHammer"],"picked":"Replay:Kaleidoscope"},{"not_picked":["hubris:RunicObelisk","Sozu"],"picked":"Cursed Key"}],"items_purged_floors":[8,30,38],"is_endless":false,"potions_floor_spawned":[6,12,13,14,16,21,26,32,33,37,46,49],"killed_by":"downfall:Silent","ascension_level":1}}