{"host":"kw4o7b3ro2ktmmbe","time":1608423872,"event":{"mods":["BaseMod","Minty Spire (QoL Compilation)","StSLib","Treasure Hunter","WarShipGirlsR/战舰少女R mod"],"gold_per_floor":[242,242,256,256,283,309,321,351,351,63,63,94,94,94,94,198,198,217,199,213,24,34,34,65,65,65],"floor_reached":25,"playtime":3453,"items_purged":["rmod:maingunfire"],"score":240,"play_id":"e55decb2-d034-4aff-bde4-08ad807383ce","local_time":"20201220132432","is_ascension_mode":true,"campfire_choices":[{"floor":11.0,"key":"DIG"},{"floor":13.0,"key":"DIG"},{"floor":15.0,"key":"DIG"},{"floor":23.0,"key":"DIG"}],"circlet_count":0,"master_deck":["rmod:strick","rmod:strick","rmod:strick","rmod:strick","rmod:defend","rmod:defend","rmod:defend+1","rmod:defend","rmod:basicallowance","rmod:supportaircraftcarrier","TH:BikiniMail","TH:BikiniMail","rmod:smokecover","rmod:windflower+1","TH:CursedSword","TH:ArmorSpikes","rmod:mineteam","TH:CursedSword","rmod:abidefaith","rmod:aluminumsupply+1","TH:ArmorSpikes"],"relics":["rmod:firstchargereward","Orichalcum","Question Card","Bag of Preparation","Lantern","Incense Burner","Shovel","Calipers","Mango","War Paint","Matryoshka","Fusion Hammer","Membership Card","Frozen Egg 2","Blood Vial"],"acts_visited":["Exordium","TheCity"],"potions_floor_usage":[25],"damage_taken":[{"damage":0.0,"enemies":"Jaw Worm","floor":1.0,"turns":3.0},{"damage":0.0,"enemies":"2 Louse","floor":3.0,"turns":3.0},{"damage":14.0,"enemies":"Lagavulin","floor":6.0,"turns":6.0},{"damage":0.0,"enemies":"Small Slimes","floor":7.0,"turns":4.0},{"damage":9.0,"enemies":"3 Sentries","floor":12.0,"turns":11.0},{"damage":46.0,"enemies":"Hexaghost","floor":16.0,"turns":12.0},{"damage":21.0,"enemies":"Spheric Guardian","floor":18.0,"turns":8.0},{"damage":15.0,"enemies":"2 Thieves","floor":19.0,"turns":4.0},{"damage":23.0,"enemies":"Snake Plant","floor":20.0,"turns":6.0},{"damage":11.0,"enemies":"Snecko","floor":22.0,"turns":8.0},{"damage":13.0,"enemies":"Gremlin Leader","floor":24.0,"turns":11.0},{"damage":12,"enemies":"Sentry and Sphere","floor":25,"turns":3}],"seed_played":"3495363202674435769","potions_obtained":[{"floor":3.0,"key":"Block Potion"},{"floor":7.0,"key":"Regen Potion"},{"floor":16.0,"key":"SkillPotion"},{"floor":20.0,"key":"SteroidPotion"},{"floor":22.0,"key":"PowerPotion"},{"floor":24.0,"key":"Strength Potion"}],"is_trial":false,"path_per_floor":["M","?","M","?","T","E","M","?","T","$","R","E","R","$","R","B",null,"M","M","M","$","M","R","E","M"],"character_chosen":"PRAEFECT","items_purchased":["Shovel","Membership Card"],"campfire_rested":0,"item_purchase_floors":[10,21],"current_hp_per_floor":[75,75,75,72,72,58,58,58,58,58,58,78,78,78,78,32,89,68,53,30,30,19,19,6,0,0],"gold":65,"neow_bonus":"RANDOM_COMMON_RELIC","is_daily":false,"chose_seed":false,"campfire_upgraded":0,"win_rate":0.0,"timestamp":1608423872,"path_taken":["M","?","M","?","?","E","M","?","T","$","R","E","R","$","R","BOSS","M","M","M","$","M","R","E","M"],"items_purchased_type":["Relic","Relic"],"build_version":"2020-12-13","purchased_purges":1,"victory":false,"max_hp_per_floor":[75,75,75,75,75,75,75,75,75,75,75,89,89,89,89,89,89,89,89,89,89,89,89,89,89,89],"card_choices":[{"not_picked":["rmod:supportescort","rmod:capitalist"],"picked":"rmod:supportaircraftcarrier","floor":1.0},{"not_picked":["rmod:tearstotiara","rmod:overbreakdown","rmod:unsinkable"],"picked":"SKIP","floor":3.0},{"not_picked":["TH:CopperCoins","TH:ArmorSpikes"],"picked":"TH:BikiniMail","floor":5.0},{"not_picked":["TH:PixieDust","TH:ElvenBoots"],"picked":"TH:BikiniMail","floor":6.0},{"not_picked":["rmod:royalracing","rmod:garrisonisland","rmod:firesupport"],"picked":"rmod:smokecover","floor":6.0},{"not_picked":["rmod:advancebysurprise","rmod:luckystar","rmod:supportescort"],"picked":"rmod:windflower","floor":7.0},{"not_picked":["TH:DeckOfManyThings","TH:CopperCoins"],"picked":"TH:CursedSword","floor":9.0},{"not_picked":["TH:ElvenBoots","TH:DeckOfManyThings"],"picked":"TH:ArmorSpikes","floor":12.0},{"not_picked":["rmod:supportescort","rmod:robin","rmod:firesupport"],"picked":"rmod:mineteam","floor":12.0},{"not_picked":["TH:PixieDust","TH:Mimic"],"picked":"TH:CursedSword","floor":16.0},{"not_picked":["rmod:highspeedmaneuver","rmod:seals","rmod:fletcher"],"picked":"rmod:abidefaith","floor":16.0},{"not_picked":["rmod:intelligenceanalysis","rmod:openingtorpedo","rmod:combined"],"picked":"rmod:aluminumsupply+1","floor":18.0},{"not_picked":["rmod:overbreakdown","rmod:combined+1","rmod:luckystar+1","rmod:fletcherpendant+1"],"picked":"SKIP","floor":19.0},{"not_picked":["rmod:unsinkable","rmod:generalist","rmod:fletcherpendant+1","rmod:tearstotiara"],"picked":"SKIP","floor":20.0},{"not_picked":["rmod:intelligenceanalysis","rmod:smokecover+1","rmod:circuitoustactics","rmod:launchingtorpedo"],"picked":"SKIP","floor":22.0},{"not_picked":["TH:EnergyPotion","TH:DeckOfManyThings"],"picked":"TH:ArmorSpikes","floor":24.0},{"not_picked":["rmod:u235","rmod:combined+1","rmod:rockthrower","rmod:luckystar"],"picked":"SKIP","floor":24.0}],"player_experience":1770782,"relics_obtained":[{"floor":5.0,"key":"Bag of Preparation"},{"floor":6.0,"key":"Lantern"},{"floor":9.0,"key":"Incense Burner"},{"floor":11.0,"key":"Calipers"},{"floor":12.0,"key":"Mango"},{"floor":13.0,"key":"War Paint"},{"floor":15.0,"key":"Matryoshka"},{"floor":23.0,"key":"Frozen Egg 2"},{"floor":24.0,"key":"Blood Vial"}],"event_choices":[{"damage_healed":0.0,"max_hp_gain":0.0,"max_hp_loss":0.0,"gold_gain":0.0,"event_name":"Liars Game","player_choice":"Ignored","floor":2.0,"gold_loss":0.0,"damage_taken":0.0},{"damage_healed":0.0,"max_hp_gain":0.0,"max_hp_loss":0.0,"gold_gain":0.0,"event_name":"Scrap Ooze","player_choice":"Success","floor":4.0,"gold_loss":0.0,"damage_taken":3.0,"relics_obtained":["Question Card"]},{"damage_healed":0.0,"max_hp_gain":0.0,"max_hp_loss":0.0,"gold_gain":30.0,"event_name":"Dead Adventurer","player_choice":"Searched \u00272\u0027 times","floor":8.0,"gold_loss":0.0,"damage_taken":0.0}],"is_beta":false,"boss_relics":[{"not_picked":["Velvet Choker","Black Star"],"picked":"Fusion Hammer"}],"items_purged_floors":[21],"is_endless":false,"potions_floor_spawned":[3,7,16,20,22,24],"killed_by":"Sentry and Sphere","ascension_level":1}}