{"host":"c95txy58ipbu969e","time":1608477614,"event":{"mods":["ATMod(阿瑾Mod)","Act Like it!","Ascension Reborn","BaseMod","Minty Spire (QoL Compilation)","MostiFishMod","Replay The Spire","StSLib","TestMod","vexMod","【遗物卡牌】REMEMod"],"gold_per_floor":[112,126,126,126,126,156,156,176,176,208,222,234,234,244,244,372,372,389,314,333,344,344,344,394,410,433,473,486,519,551,551,551,677,677,691,668,668,688,700,732,732,751,751,768,818,818,884,934,934,934,935,935,935,975,1035,1036],"floor_reached":57,"playtime":2401,"items_purged":["MostiFishMod:Unraveling","Strike_P+1","Strike_P+1","Defend_P+1","Defend_P+1"],"score":2759,"play_id":"2d80c201-3a99-4cfd-873d-b68c31295801","local_time":"20201220232014","is_ascension_mode":true,"campfire_choices":[{"data":"AT_RealColorLess","floor":7.0,"key":"SMITH"},{"data":"Eruption","floor":13.0,"key":"SMITH"},{"data":"MostiFishMod:WinterMarkForm","floor":15.0,"key":"SMITH"},{"data":"AT_MachinaRedman","floor":23,"key":"SMITH"},{"data":"MostiFishMod:FrostNova","floor":32,"key":"SMITH"},{"floor":41,"key":"RECALL"},{"data":"WheelKick","floor":46,"key":"SMITH"},{"data":"REME_Flogging","floor":49,"key":"SMITH"},{"data":"FearNoEvil","floor":53,"key":"SMITH"}],"circlet_count":0,"master_deck":["AscendersBane","Defend_P+1","Eruption+1","Vigilance+1","AT_FamilyPortrait+1","MostiFishMod:FrostNova+1","MostiFishMod:WinterMarkForm+1","MostiFishMod:KamiSmash+1","FearNoEvil+1","Adaptation+1","AT_RealColorLess+1","LessonLearned+1","AT_MachinaRedman+1","Vault+1","MostiFishMod:Speedup+1","AT_IrregularMenstruation+1","ForeignInfluence+1","REME_EmptyShield+1","WheelKick+1","Parasite","Wish+1","REME_Flogging+1","DeusExMachina+1","REME_PuzzleBox+1"],"relics":["PureWater","AT_ATBox","DaveBox","testmod-TestBox","REME_ComplimentaryCards","NeowsBlessing","FrostBlade","testmod-AscensionHeart","Question Card","testmod-Muramasa","ArrowTower","ImportantClient","DiscerningMonocle","Akabeko","Juzu Bracelet","Snack Pack","Guide Book","AT_SeraphEmbrace","AT_GuinsooRageblade","Medical Kit","TeardropLocket","Potion Belt","Red Mask","testmod-IncinerationGenerator","Pet Ghost","Gremlin Horn","Membership Card","testmod-AssaultLearning","Blue Candle","Regal Pillow","Divine Protection","War Paint","Lee\u0027s Waffle","Replay:Bottled Flurry","Chameleon Ring","testmod-OneHitWonder","BrkXgEgg","testmod-CrystalShield"],"acts_visited":["Exordium","TheCity","TheBeyond","TheEnding"],"potions_floor_usage":[42],"damage_taken":[{"damage":0.0,"enemies":"Cultist","floor":1.0,"turns":1.0},{"damage":0.0,"enemies":"Jaw Worm","floor":2.0,"turns":1.0},{"damage":0.0,"enemies":"Lagavulin","floor":6.0,"turns":1.0},{"damage":0.0,"enemies":"2 Louse","floor":8.0,"turns":1.0},{"damage":1.0,"enemies":"3 Sentries","floor":10.0,"turns":2.0},{"damage":0.0,"enemies":"Exordium Thugs","floor":11.0,"turns":3.0},{"damage":0.0,"enemies":"Looter","floor":12.0,"turns":3.0},{"damage":5.0,"enemies":"Exordium Wildlife","floor":14.0,"turns":2.0},{"damage":30.0,"enemies":"Hexaghost","floor":16.0,"turns":5.0},{"damage":2.0,"enemies":"3 Byrds","floor":18.0,"turns":3.0},{"damage":0,"enemies":"Chosen","floor":20,"turns":2},{"damage":30,"enemies":"Shelled Parasite and Fungi","floor":21,"turns":3},{"damage":3,"enemies":"Centurion and Healer","floor":25,"turns":3},{"damage":0,"enemies":"Snecko","floor":28,"turns":1},{"damage":0,"enemies":"Gremlin Leader","floor":29,"turns":3},{"damage":0,"enemies":"Masked Bandits","floor":30,"turns":3},{"damage":10,"enemies":"Pondfish","floor":33,"turns":6},{"damage":0,"enemies":"3 Darklings","floor":35,"turns":1},{"damage":21,"enemies":"3 Shapes","floor":38,"turns":1},{"damage":0,"enemies":"Sphere and 2 Shapes","floor":39,"turns":2},{"damage":0,"enemies":"Nemesis","floor":40,"turns":3},{"damage":0,"enemies":"Spire Growth","floor":42,"turns":1},{"damage":0,"enemies":"Writhing Mass","floor":44,"turns":3},{"damage":1,"enemies":"R_Hoarder","floor":47,"turns":8},{"damage":11,"enemies":"Awakened One","floor":50,"turns":3},{"damage":0,"enemies":"Replay:Hell Engine","floor":51,"turns":2},{"damage":14,"enemies":"Shield and Spear","floor":55,"turns":3},{"damage":100,"enemies":"The Heart","floor":56,"turns":6}],"seed_played":"486560479540509230","potions_obtained":[{"floor":8.0,"key":"Ancient Potion"},{"floor":12.0,"key":"AttackPotion"},{"floor":28,"key":"Block Potion"},{"floor":30,"key":"BottledMiracle"},{"floor":35,"key":"Venom Potion"},{"floor":42,"key":"SkillPotion"}],"is_trial":false,"path_per_floor":["M","M","?","?","$","E","R","M","T","E","M","M","R","M","R","B",null,"M","?","M","M","?","R","$","M","T","$","M","E","?","?","R","B",null,"M","$","?","M","M","E","R","M","T","M","?","R","E","$","R","B","B",null,"R","$","E","B",null],"character_chosen":"WATCHER","items_purchased":["Juzu Bracelet","Snack Pack","Guide Book","MostiFishMod:Speedup","AT_GuinsooRageblade","Medical Kit","TeardropLocket","Pet Ghost","Gremlin Horn","Membership Card","REME_Flogging","War Paint","Lee\u0027s Waffle","Replay:Bottled Flurry","Chameleon Ring","testmod-OneHitWonder","BrkXgEgg"],"campfire_rested":0,"item_purchase_floors":[24,24,24,24,27,27,27,36,36,36,48,48,48,48,54,54,54],"current_hp_per_floor":[62,63,60,60,60,62,62,63,63,64,65,66,66,62,62,38,66,65,65,66,37,37,37,37,37,37,37,38,40,41,41,41,50,73,74,74,74,56,57,61,61,67,67,70,75,75,81,95,95,95,104,105,105,105,94,22],"gold":1036,"neow_bonus":"THREE_ENEMY_KILL","is_daily":false,"chose_seed":false,"campfire_upgraded":8,"win_rate":0.0,"timestamp":1608477614,"path_taken":["M","M","?","?","?","E","R","?","T","E","M","M","R","M","R","BOSS","M","?","M","M","?","R","$","M","T","$","M","E","?","?","R","BOSS","M","$","?","M","M","E","R","M","T","M","?","R","E","$","R","BOSS","BOSS","R","$","E","BOSS"],"items_purchased_type":["Relic","Relic","Relic","Card","Relic","Relic","Relic","Relic","Relic","Relic","Card","Relic","Relic","Relic","Relic","Relic","Relic"],"build_version":"2020-12-13","purchased_purges":5,"victory":true,"max_hp_per_floor":[68,68,68,68,68,69,69,69,69,70,70,70,70,70,70,75,75,75,75,75,75,75,75,75,75,75,75,75,76,76,76,76,81,81,81,81,81,81,81,82,82,82,82,82,87,87,88,95,95,100,105,105,105,105,106,111],"card_choices":[{"not_picked":["ClearTheMind","Halt"],"picked":"FearNoEvil","floor":1.0},{"not_picked":["Prostrate","Replay:AtTheReady","Study"],"picked":"Adaptation","floor":2.0},{"not_picked":["MostiFishMod:KamiSmash","MostiFishMod:MemoryFragments","Establishment"],"picked":"AT_RealColorLess","floor":6.0},{"not_picked":["CrushJoints","Adaptation","PathToVictory","CutThroughFate"],"picked":"SKIP","floor":8.0},{"not_picked":["Judgement","Ragnarok","MostiFishMod:StarOceanP"],"picked":"LessonLearned","floor":10.0},{"not_picked":["JustLucky","Replay:Vibes","Pray","Consecrate"],"picked":"SKIP","floor":11.0},{"not_picked":["PathToVictory","Replay:Cycle","Replay:BluntJabs","ThirdEye"],"picked":"SKIP","floor":12.0},{"not_picked":["EmptyFist","ThirdEye","WheelKick"],"picked":"MostiFishMod:Unraveling","floor":14.0},{"not_picked":["Establishment","MostiFishMod:UniPurple","AT_IrregularMenstruation"],"picked":"AT_MachinaRedman","floor":16.0},{"not_picked":["Prostrate","Replay:Vibes","Weave","Replay:Hum"],"picked":"SKIP","floor":18},{"not_picked":["CrushJoints","BowlingBash","JustLucky"],"picked":"Vault","floor":20},{"not_picked":["Adaptation+1","Replay:Vibes","PathToVictory","MostiFishMod:LegendTransform"],"picked":"SKIP","floor":21},{"not_picked":["CutThroughFate","Evaluate","SashWhip","REME_Repentance"],"picked":"SKIP","floor":25},{"not_picked":["EmptyFist","MasterReality","Replay:ManipulateFuture","Consecrate"],"picked":"SKIP","floor":28},{"not_picked":["Vault","MostiFishMod:OutWit","MostiFishMod:CyberBuddha"],"picked":"AT_IrregularMenstruation","floor":29},{"not_picked":["LessonLearned","SpiritShield","DevaForm"],"picked":"REME_EmptyShield","floor":33},{"not_picked":["REME_MusicOfDeath","Evaluate","REME_Repentance+1"],"picked":"WheelKick","floor":35},{"not_picked":["MostiFishMod:Speedup","Indignation","AT_ChampionStep","Replay:ManipulateFuture"],"picked":"SKIP","floor":38},{"not_picked":["MostiFishMod:Clarity","Crescendo+1","Consecrate","SashWhip+1"],"picked":"SKIP","floor":39},{"not_picked":["MostiFishMod:PathToVictory","MostiFishMod:CyberBuddha","MostiFishMod:OutWit","REME_EmptyShield"],"picked":"SKIP","floor":40},{"not_picked":["BowlingBash","ThirdEye","FlurryOfBlows","Conclude"],"picked":"SKIP","floor":42},{"not_picked":["Halt","CarveReality","ClearTheMind"],"picked":"Wish","floor":44},{"not_picked":["REME_CRH","MostiFishMod:Pointsdynamics","REME_EmptyShield","MostiFishMod:ScryFuture"],"picked":"SKIP","floor":47},{"not_picked":["LessonLearned","MasterReality","AT_ChampionKick"],"picked":"DeusExMachina","floor":55}],"player_experience":250942,"relics_obtained":[{"floor":1.0,"key":"Question Card"},{"floor":6.0,"key":"testmod-Muramasa"},{"floor":10.0,"key":"ArrowTower"},{"floor":16.0,"key":"ImportantClient"},{"floor":26,"key":"AT_ArchangelStaff"},{"floor":29,"key":"Potion Belt"},{"floor":30,"key":"Red Mask"},{"floor":37,"key":"testmod-AssaultLearning"},{"floor":40,"key":"Blue Candle"},{"floor":43,"key":"Regal Pillow"},{"floor":47,"key":"Divine Protection"},{"floor":55,"key":"testmod-CrystalShield"}],"event_choices":[{"cards_removed":["Strike_P"],"damage_healed":0.0,"max_hp_gain":0.0,"max_hp_loss":0.0,"gold_gain":0.0,"event_name":"Golden Wing","player_choice":"Card Removal","floor":3.0,"gold_loss":0.0,"damage_taken":7.0},{"cards_removed":["Strike_P"],"damage_healed":0,"gold_gain":0,"player_choice":"Gave Gold","damage_taken":0,"max_hp_gain":0,"max_hp_loss":0,"event_name":"Beggar","floor":19,"gold_loss":75},{"damage_healed":0,"gold_gain":0,"player_choice":"Gave Potion","damage_taken":0,"relics_obtained":["Akabeko"],"max_hp_gain":0,"max_hp_loss":0,"event_name":"WeMeetAgain","floor":22,"gold_loss":0},{"damage_healed":0,"gold_gain":0,"player_choice":"Fought Bandits","damage_taken":0,"max_hp_gain":0,"max_hp_loss":0,"event_name":"Masked Bandits","floor":30,"gold_loss":0},{"damage_healed":0,"gold_gain":0,"player_choice":"Read","damage_taken":0,"max_hp_gain":0,"max_hp_loss":0,"event_name":"The Library","floor":31,"gold_loss":0,"cards_obtained":["ForeignInfluence"]},{"damage_healed":0,"gold_gain":0,"player_choice":"Relic","damage_taken":0,"max_hp_gain":0,"max_hp_loss":0,"event_name":"Wheel of Change","floor":37,"gold_loss":0},{"damage_healed":0,"gold_gain":0,"player_choice":"Swap Relic","damage_taken":0,"relics_obtained":["Tiny House"],"max_hp_gain":0,"max_hp_loss":0,"event_name":"给自己的盒子","floor":45,"relics_lost":["Tiny House"],"gold_loss":0}],"is_beta":false,"boss_relics":[{"not_picked":["MoonlightInvasionPlan","EE1DDrone"],"picked":"DiscerningMonocle"},{"not_picked":["ReplayTheSpireMod:DimensionalGlitch","Pandora\u0027s Box"],"picked":"testmod-IncinerationGenerator"}],"items_purged_floors":[24,27,36,48,54],"is_endless":false,"potions_floor_spawned":[8,12,14,16,18,21,28,30,35,38,39,42,47,55],"ascension_level":20}}