{"host":"yuhy0i501zzmn1iz","time":1608428697,"event":{"mods":["BaseMod","Better Third Choice","Downfall","Minty Spire (QoL Compilation)","StSLib","The Blue Laboratory"],"gold_per_floor":[99,99,99,199,232,332,402,413,413,444,463,463,165,179,199,199,199],"floor_reached":16,"playtime":1024,"items_purged":[],"score":133,"play_id":"e097e1a4-694c-4a49-90cc-7db4a9315dec","local_time":"20201219204457","is_ascension_mode":false,"campfire_choices":[{"data":"champ:Taunt","floor":1,"key":"SMITH"},{"data":"champ:HeartStrike","floor":3,"key":"SMITH"},{"data":"champ:LastStand","floor":9,"key":"SMITH"}],"circlet_count":0,"master_deck":["champ:Strike","champ:Strike","champ:Strike","champ:Strike","champ:Defend","champ:Defend","champ:Defend","champ:Defend","champ:Execute","champ:Taunt+1","champ:HeartStrike+1","champ:LastStand+1","champ:Backstep","champ:AdrenalArmor","champ:Encircle+1","champ:Balance","champ:FaceSlap","champ:Aggression","champ:BerserkersShout"],"relics":["champ:ChampionCrown","downfall:HeartsMalice","Singing Bowl","CloakClasp","Frozen Egg 2","Bottled Flame","White Beast Statue"],"acts_visited":["Exordium"],"potions_floor_usage":[15,16,16],"damage_taken":[{"damage":0,"enemies":"Small Slimes","floor":2,"turns":1},{"damage":0,"enemies":"Lagavulin","floor":5,"turns":1},{"damage":0,"enemies":"Lagavulin","floor":6,"turns":1},{"damage":10,"enemies":"2 Louse","floor":8,"turns":2},{"damage":38,"enemies":"3 Sentries","floor":10,"turns":10},{"damage":13,"enemies":"Cultist","floor":11,"turns":6},{"damage":15,"enemies":"downfall:FleeingMerchant","floor":13,"turns":4},{"damage":18,"enemies":"3 Louse","floor":14,"turns":2},{"damage":33,"enemies":"Exordium Thugs","floor":15,"turns":3},{"damage":44,"enemies":"downfall:Silent","floor":16,"turns":5}],"seed_played":"6150260833954114384","potions_obtained":[{"floor":6,"key":"blueLaboratory:LouseDecoction"},{"floor":11,"key":"EssenceOfSteel"},{"floor":14,"key":"blueLaboratory:ArtificerPotion"},{"floor":15,"key":"Ancient Potion"}],"is_trial":false,"path_per_floor":["R","M","R","?","E","?","T","M","R","E","M","?","$","M","M","B"],"character_chosen":"THE_CHAMP","items_purchased":["champ:FaceSlap","White Beast Statue"],"campfire_rested":0,"item_purchase_floors":[13,13],"current_hp_per_floor":[90,90,90,90,90,90,90,87,87,64,64,64,64,53,41,0,0],"gold":199,"neow_bonus":"THREE_ENEMY_KILL","is_daily":false,"chose_seed":false,"campfire_upgraded":3,"win_rate":0.0,"timestamp":1608428697,"path_taken":["R","M","R","?","E","?","T","M","R","E","M","?","$","M","M","BOSS"],"items_purchased_type":["Card","Relic"],"build_version":"2020-12-13","purchased_purges":0,"victory":false,"max_hp_per_floor":[90,90,90,90,90,90,90,92,92,92,92,92,92,92,92,92,92],"card_choices":[{"not_picked":["champ:Control","champ:ViciousMockery"],"picked":"champ:HeartStrike","floor":2},{"not_picked":["champ:GladiatorStyle","champ:FocusedDefense"],"picked":"champ:LastStand","floor":5},{"not_picked":["champ:BladeFlurry","champ:FaceSlap"],"picked":"champ:Backstep","floor":6},{"not_picked":["champ:Circumvent","champ:Riposte","champ:BladeFlurry"],"picked":"Singing Bowl","floor":8},{"not_picked":["champ:GladiatorsShout","champ:ShieldWall+1"],"picked":"champ:AdrenalArmor","floor":10},{"not_picked":["champ:GladiatorsShout","champ:Circumvent"],"picked":"champ:Encircle","floor":11},{"not_picked":["champ:DefensiveShout","champ:GladiatorsShout"],"picked":"champ:Balance","floor":13},{"not_picked":["champ:EndlessRage+1","champ:SkillfulDodge"],"picked":"champ:Aggression","floor":14},{"not_picked":["champ:FlashCut","champ:DefensiveShout"],"picked":"champ:BerserkersShout","floor":15}],"player_experience":209965,"relics_obtained":[{"floor":5,"key":"Singing Bowl"},{"floor":6,"key":"CloakClasp"},{"floor":7,"key":"Frozen Egg 2"},{"floor":10,"key":"Bottled Flame"}],"event_choices":[{"damage_healed":0,"gold_gain":0,"player_choice":"Upgraded","damage_taken":0,"max_hp_gain":0,"max_hp_loss":0,"event_name":"Upgrade Shrine","floor":12,"gold_loss":0,"cards_upgraded":["champ:Encircle"]}],"is_beta":false,"boss_relics":[],"items_purged_floors":[],"is_endless":false,"potions_floor_spawned":[6,11,14,15],"killed_by":"downfall:Silent","ascension_level":0}}