{"host":"ssbj2e5691x5ub3h","time":1608483619,"event":{"mods":["BaseMod","Duelist Mod","Minty Spire (QoL Compilation)","StSLib"],"gold_per_floor":[137,149,162,176,193,222,222,252,252,252,252,270,270,290,290,393,393,393,333,333,333,333,333,333,333,333,333,333,176,176,176,176,176,176,176,176,176,176,176,176,176],"floor_reached":40,"playtime":2671,"items_purged":[],"score":426,"play_id":"9b1bc609-a5c1-4c8a-aabf-e095bfd014b7","local_time":"20201220150019","is_ascension_mode":true,"campfire_choices":[{"data":"theDuelist:SangaThunder","floor":7,"key":"SMITH"},{"data":"theDuelist:InjectionFairy","floor":13,"key":"SMITH"},{"data":"theDuelist:RainbowMagician","floor":15,"key":"SMITH"},{"floor":23,"key":"REST"},{"floor":27,"key":"REST"},{"data":"theDuelist:BookSecret","floor":32,"key":"SMITH"}],"circlet_count":0,"master_deck":["theDuelist:CastleWalls","theDuelist:CastleWalls+1","theDuelist:DarkMagician","theDuelist:MysticalElf","theDuelist:MysticalElf","theDuelist:NeoMagic","theDuelist:Sparks+1","theDuelist:Sparks","theDuelist:Illusionist","theDuelist:SangaThunder+1","theDuelist:RainbowMagician+1","theDuelist:InjectionFairy+1","theDuelist:GoldSarcophagus","theDuelist:IrisEarthMother","theDuelist:BookSecret+1","theDuelist:RainbowDarkDragon"],"relics":["theDuelist:MillenniumPuzzle","theDuelist:CardPoolRelic","theDuelist:CardPoolBasicRelic","theDuelist:BoosterPackPoolRelic","theDuelist:CardPoolAddRelic","theDuelist:CardPoolMinusRelic","theDuelist:CardPoolSaveRelic","theDuelist:CardPoolOptionsRelic","theDuelist:DuelistTeaSet","Toy Ornithopter","Paper Frog","Ectoplasm","HornCleat","Vajra","SacredBark","Anchor"],"acts_visited":["Exordium","TheCity","TheBeyond"],"potions_floor_usage":[6,12,16,18,22,33],"damage_taken":[{"damage":0,"enemies":"2 Louse","floor":1,"turns":2},{"damage":0,"enemies":"Jaw Worm","floor":2,"turns":5},{"damage":0,"enemies":"Small Slimes","floor":3,"turns":4},{"damage":0,"enemies":"2 Fungi Beasts","floor":4,"turns":3},{"damage":0,"enemies":"Blue Slaver","floor":5,"turns":3},{"damage":2,"enemies":"3 Sentries","floor":6,"turns":7},{"damage":3,"enemies":"Lagavulin","floor":8,"turns":5},{"damage":0,"enemies":"Lots of Slimes","floor":12,"turns":5},{"damage":6,"enemies":"Exordium Thugs","floor":14,"turns":4},{"damage":20,"enemies":"The Guardian","floor":16,"turns":9},{"damage":0,"enemies":"3 Byrds","floor":18,"turns":5},{"damage":0,"enemies":"2 Thieves","floor":19,"turns":4},{"damage":12,"enemies":"Snecko","floor":20,"turns":5},{"damage":32,"enemies":"Shelled Parasite and Fungi","floor":21,"turns":7},{"damage":24,"enemies":"Centurion and Healer","floor":22,"turns":8},{"damage":21,"enemies":"Snecko","floor":24,"turns":6},{"damage":0,"enemies":"Snake Plant","floor":28,"turns":3},{"damage":0,"enemies":"3 Cultists","floor":30,"turns":6},{"damage":0,"enemies":"Chosen and Byrds","floor":31,"turns":3},{"damage":66,"enemies":"Automaton","floor":33,"turns":11},{"damage":27,"enemies":"3 Darklings","floor":35,"turns":5},{"damage":5,"enemies":"Orb Walker","floor":36,"turns":4},{"damage":61,"enemies":"Nemesis","floor":40,"turns":5}],"seed_played":"-590132885188764261","potions_obtained":[{"floor":1,"key":"Strength Potion"},{"floor":2,"key":"GamblersBrew"},{"floor":4,"key":"theDuelist:TokenPotion"},{"floor":8,"key":"SkillPotion"},{"floor":19,"key":"BlessingOfTheForge"},{"floor":22,"key":"theDuelist:ExtraOrbsBottle"},{"floor":28,"key":"AttackPotion"},{"floor":30,"key":"ColorlessPotion"},{"floor":33,"key":"theDuelist:IcePotion"},{"floor":35,"key":"theDuelist:StunPotion"}],"is_trial":false,"path_per_floor":["M","M","M","M","M","E","R","E","T","?","?","M","R","M","R","B",null,"M","M","M","M","M","R","M","?","T","R","M","$","M","M","R","B",null,"M","M","?","?","T","E"],"character_chosen":"THE_DUELIST","items_purchased":["Vajra"],"campfire_rested":2,"item_purchase_floors":[29],"current_hp_per_floor":[88,88,88,88,88,86,86,83,83,65,65,78,78,72,72,67,88,88,88,81,54,40,66,50,50,50,76,81,81,88,88,88,29,88,61,61,61,61,61,0,0],"gold":176,"neow_bonus":"TEN_PERCENT_HP_BONUS","is_daily":false,"chose_seed":false,"campfire_upgraded":4,"win_rate":0.0,"timestamp":1608483619,"path_taken":["M","M","M","M","M","E","R","E","T","?","?","M","R","M","R","BOSS","M","M","M","M","M","R","M","?","T","R","M","$","M","M","R","BOSS","M","M","?","?","?","E"],"items_purchased_type":["Relic"],"build_version":"2020-12-13","purchased_purges":0,"victory":false,"max_hp_per_floor":[88,88,88,88,88,88,88,88,88,88,88,88,88,88,88,88,88,88,88,88,88,88,88,88,88,88,88,88,88,88,88,88,88,88,88,88,88,88,88,88,88],"card_choices":[{"not_picked":["theDuelist:CyberValley","theDuelist:CoralDragon","theDuelist:MoltenDestruction","theDuelist:AncientElf"],"picked":"theDuelist:Illusionist","floor":1},{"not_picked":["theDuelist:LesserDragon","theDuelist:CyberValley","theDuelist:CurseDragon","theDuelist:MirageDragon"],"picked":"theDuelist:SangaThunder","floor":2},{"not_picked":["theDuelist:IrisEarthMother","theDuelist:RainbowDarkDragon","theDuelist:RainbowKuriboh","theDuelist:RainbowOverdragon"],"picked":"theDuelist:RainbowMagician","floor":3},{"not_picked":["theDuelist:MaskedDragon","theDuelist:Anthrosaurus","theDuelist:CyberDragonNachster","theDuelist:TwinBarrelDragon","theDuelist:MiraculousDescent"],"picked":"SKIP","floor":4},{"not_picked":["theDuelist:Hydrogeddon","theDuelist:Earthquake","theDuelist:LordD","theDuelist:Mudballman","theDuelist:MetalDragon"],"picked":"SKIP","floor":5},{"not_picked":["theDuelist:Hydrogeddon","theDuelist:DarkHorus","theDuelist:DarkDriceratops","theDuelist:Beatraptor","theDuelist:BusterBlader"],"picked":"SKIP","floor":6},{"not_picked":["theDuelist:MaskedDragon","theDuelist:CurseDragon","theDuelist:BlackPtera","theDuelist:Destroyersaurus"],"picked":"theDuelist:InjectionFairy","floor":8},{"not_picked":["theDuelist:BlizzardWarrior","theDuelist:Mudballman","theDuelist:SnowDragon","theDuelist:SpellShatteringArrow","theDuelist:MoltenDestruction"],"picked":"SKIP","floor":12},{"not_picked":["theDuelist:InjectionFairy","theDuelist:SnowDragon","theDuelist:SphereChaos","theDuelist:DarkDriceratops","theDuelist:InariFire"],"picked":"SKIP","floor":14},{"not_picked":["theDuelist:RainbowMagician","theDuelist:RainbowDarkDragon","theDuelist:RainbowKuriboh","theDuelist:RainbowOverdragon"],"picked":"theDuelist:IrisEarthMother","floor":16},{"not_picked":["theDuelist:DummyGolem","theDuelist:EvilswarmHeliotrope","theDuelist:GemElephant","theDuelist:LabyrinthWall","theDuelist:RainbowOverdragon"],"picked":"SKIP","floor":18},{"not_picked":["theDuelist:BlockGolem","theDuelist:EarthEffigy","theDuelist:EarthquakeGiant","theDuelist:MillenniumGolem","theDuelist:PowerGiant"],"picked":"SKIP","floor":19},{"not_picked":["theDuelist:MagiciansRobe","theDuelist:Vandalgyon","theDuelist:BoosterDragon","theDuelist:Berserking","theDuelist:GalaxySoldier"],"picked":"SKIP","floor":20},{"not_picked":["theDuelist:TrihornedDragon","theDuelist:DreadnoughtDreadnoid+1","theDuelist:DarkHorus","theDuelist:VeilDarkness","theDuelist:BlackVeloci"],"picked":"SKIP","floor":21},{"not_picked":["theDuelist:EarthquakeGiant","theDuelist:EvilswarmHeliotrope","theDuelist:GolemSentry","theDuelist:LabyrinthWall","theDuelist:RainbowOverdragon"],"picked":"SKIP","floor":22},{"not_picked":["theDuelist:BeserkDragon","theDuelist:SuperancientDinobeast","theDuelist:CrystalWingDragon","theDuelist:GravityLash"],"picked":"theDuelist:BookSecret","floor":24},{"not_picked":["theDuelist:EvilswarmHeliotrope","theDuelist:RainbowOverdragon","theDuelist:WingedKuriboh","theDuelist:WormWarlord","theDuelist:SmashingGround"],"picked":"SKIP","floor":28},{"not_picked":["theDuelist:AltarTribute","theDuelist:StarlightRoad","theDuelist:ScrapIronScarecrow+1","theDuelist:SafeZone","theDuelist:DefenseDraw"],"picked":"SKIP","floor":30},{"not_picked":["theDuelist:BlizzardWarrior+1","theDuelist:Carboneddon","theDuelist:GalaxyTyranno","theDuelist:VeilDarkness","theDuelist:CastleDragonSouls+1"],"picked":"SKIP","floor":31},{"not_picked":["theDuelist:RainbowMagician","theDuelist:IrisEarthMother","theDuelist:RainbowKuriboh","theDuelist:RainbowOverdragon+1"],"picked":"theDuelist:RainbowDarkDragon","floor":33},{"not_picked":["theDuelist:RainbowMagician+1","theDuelist:IrisEarthMother","theDuelist:RainbowDarkDragon","theDuelist:RainbowKuriboh+1","theDuelist:RainbowOverdragon+1"],"picked":"SKIP","floor":35},{"not_picked":["theDuelist:EvilMind","theDuelist:DreadnoughtDreadnoid+1","theDuelist:DarkHorus","theDuelist:BlackTyranno","theDuelist:BlackBrutdrago+1"],"picked":"SKIP","floor":36}],"player_experience":154189,"relics_obtained":[{"floor":6,"key":"theDuelist:DuelistTeaSet"},{"floor":8,"key":"Toy Ornithopter"},{"floor":9,"key":"Paper Frog"},{"floor":26,"key":"HornCleat"},{"floor":39,"key":"Anchor"}],"event_choices":[{"damage_healed":0,"gold_gain":0,"player_choice":"Entered Light","damage_taken":18,"max_hp_gain":0,"max_hp_loss":0,"event_name":"Shining Light","floor":10,"gold_loss":0,"cards_upgraded":["theDuelist:CastleWalls","theDuelist:Sparks"]},{"damage_healed":0,"gold_gain":0,"cards_transformed":["theDuelist:Sparks"],"player_choice":"Change","damage_taken":0,"max_hp_gain":0,"max_hp_loss":0,"event_name":"Living Wall","floor":11,"gold_loss":0,"cards_obtained":["theDuelist:GoldSarcophagus"]},{"damage_healed":0,"gold_gain":0,"player_choice":"Ignored","damage_taken":0,"max_hp_gain":0,"max_hp_loss":0,"event_name":"Vampires","floor":25,"gold_loss":0},{"cards_removed":["theDuelist:NeoMagic"],"damage_healed":0,"gold_gain":0,"player_choice":"Removed Attack","damage_taken":0,"max_hp_gain":0,"max_hp_loss":0,"event_name":"Falling","floor":37,"gold_loss":0},{"damage_healed":0,"gold_gain":0,"player_choice":"Leave","duelist":true,"damage_taken":0,"max_hp_gain":0,"max_hp_loss":0,"event_name":"Card Trader","floor":38,"gold_loss":0}],"is_beta":false,"boss_relics":[{"not_picked":["SlaversCollar","Empty Cage"],"picked":"Ectoplasm"},{"not_picked":["Inserter","HoveringKite"],"picked":"SacredBark"}],"items_purged_floors":[],"is_endless":false,"potions_floor_spawned":[1,2,4,8,19,22,28,30,33,35],"killed_by":"Nemesis","ascension_level":1}}