{"host":"ged1bqtamtf4sn4x","time":1608468996,"event":{"mods":["BaseMod","Colored Map","DeckTracker","Highlight Path","Keyboard Shortcuts","Minty Spire (QoL Compilation)","Permanent Neow","Quick Restart","SuperFastMode","everything is the same but u backflip on backflip"],"gold_per_floor":[117,117,134,154,154,154,188,188,188,188,218,235,255,24,24,129,129,110,123,23,39,39,39],"floor_reached":22,"playtime":1299,"items_purged":["Strike_G","Strike_G"],"score":235,"play_id":"baccba15-edd4-4007-b6bf-37b160066aba","local_time":"20201220215636","is_ascension_mode":true,"campfire_choices":[{"data":"Night Terror","floor":6.0,"key":"SMITH"},{"data":"After Image","floor":8.0,"key":"SMITH"},{"data":"Bane","floor":10.0,"key":"SMITH"},{"data":"Prepared","floor":15.0,"key":"SMITH"}],"circlet_count":0,"master_deck":["Strike_G","Strike_G","Defend_G","Defend_G","Defend_G","Defend_G","Defend_G","Survivor","Neutralize+1","Quick Slash","Bane+1","Bouncing Flask","Acrobatics","Night Terror+1","Reflex","After Image+1","Flying Knee","Prepared+1","Prepared","After Image+1","Corpse Explosion","Reflex+1","Dagger Spray+1"],"relics":["Ring of the Snake","WingedGreaves","Du-Vu Doll","Oddly Smooth Stone","DollysMirror","Black Star"],"acts_visited":["Exordium","TheCity"],"potions_floor_usage":[],"damage_taken":[{"damage":0.0,"enemies":"Cultist","floor":1.0,"turns":5.0},{"damage":0.0,"enemies":"Small Slimes","floor":3.0,"turns":3.0},{"damage":1.0,"enemies":"2 Louse","floor":4.0,"turns":3.0},{"damage":27.0,"enemies":"3 Sentries","floor":7.0,"turns":14.0},{"damage":7.0,"enemies":"Lagavulin","floor":11.0,"turns":7.0},{"damage":0.0,"enemies":"Large Slime","floor":12.0,"turns":9.0},{"damage":3.0,"enemies":"Lots of Slimes","floor":13.0,"turns":6.0},{"damage":2.0,"enemies":"Hexaghost","floor":16.0,"turns":11.0},{"damage":14.0,"enemies":"2 Thieves","floor":18.0,"turns":5.0},{"damage":0.0,"enemies":"Shell Parasite","floor":19.0,"turns":5.0},{"damage":22.0,"enemies":"Snake Plant","floor":21.0,"turns":7.0},{"damage":68,"enemies":"Cultist and Chosen","floor":22,"turns":6}],"seed_played":"4742209545906660727","potions_obtained":[{"floor":1.0,"key":"Swift Potion"},{"floor":7.0,"key":"Block Potion"},{"floor":11.0,"key":"FearPotion"},{"floor":13.0,"key":"Explosive Potion"},{"floor":16.0,"key":"SteroidPotion"}],"is_trial":false,"path_per_floor":["M","?","M","M","?","R","E","R","T","R","E","M","M","$","R","B",null,"M","M","$","M","M"],"character_chosen":"THE_SILENT","items_purchased":["DollysMirror"],"campfire_rested":0,"item_purchase_floors":[14],"current_hp_per_floor":[70,70,70,69,69,69,42,42,42,42,35,35,32,32,32,30,70,56,56,56,34,0,0],"gold":39,"neow_bonus":"UPGRADE_CARD","is_daily":false,"chose_seed":false,"campfire_upgraded":4,"win_rate":0.0,"timestamp":1608468996,"path_taken":["M","?","M","M","?","R","E","R","T","R","E","M","M","$","R","BOSS","M","M","$","M","M"],"items_purchased_type":["Relic"],"build_version":"2020-12-13","purchased_purges":2,"victory":false,"max_hp_per_floor":[70,70,70,70,70,70,70,70,70,70,70,70,70,70,70,70,70,70,70,70,70,70,70],"card_choices":[{"not_picked":["Noxious Fumes","Deadly Poison"],"picked":"Quick Slash","floor":1.0},{"not_picked":["PiercingWail","Quick Slash"],"picked":"Bouncing Flask","floor":3.0},{"not_picked":["Dodge and Roll","Quick Slash"],"picked":"Acrobatics","floor":4.0},{"not_picked":["Backstab","Blade Dance"],"picked":"After Image","floor":7.0},{"not_picked":["Footwork","Bane"],"picked":"Flying Knee","floor":11.0},{"not_picked":["Flying Knee","Skewer"],"picked":"Prepared","floor":12.0},{"not_picked":["Outmaneuver","Expertise"],"picked":"Prepared","floor":13.0},{"not_picked":["Glass Knife","Grand Finale"],"picked":"Corpse Explosion","floor":16.0},{"not_picked":["Blade Dance","Flying Knee"],"picked":"Reflex+1","floor":18.0},{"not_picked":["Flechettes","Backstab"],"picked":"Dagger Spray+1","floor":19.0},{"not_picked":["Endless Agony","Blade Dance+1","Acrobatics"],"picked":"SKIP","floor":21.0}],"player_experience":384081,"relics_obtained":[{"floor":7.0,"key":"WingedGreaves"},{"floor":9.0,"key":"Du-Vu Doll"},{"floor":11.0,"key":"Oddly Smooth Stone"}],"event_choices":[{"damage_healed":0.0,"max_hp_gain":0.0,"max_hp_loss":0.0,"gold_gain":0.0,"cards_transformed":["Strike_G"],"event_name":"Living Wall","player_choice":"Change","floor":2.0,"gold_loss":0.0,"damage_taken":0.0,"cards_obtained":["Bane"]},{"damage_healed":0.0,"max_hp_gain":0.0,"max_hp_loss":0.0,"gold_gain":0.0,"event_name":"Match and Keep!","player_choice":"2 cards matched","floor":5.0,"gold_loss":0.0,"damage_taken":0.0,"cards_obtained":["Night Terror","Reflex"]}],"is_beta":false,"boss_relics":[{"not_picked":["Tiny House","Philosopher\u0027s Stone"],"picked":"Black Star"}],"items_purged_floors":[14,20],"is_endless":false,"potions_floor_spawned":[1,7,11,13,16],"killed_by":"Cultist and Chosen","ascension_level":4}}