{"host":"2461dio7vetlq1z3","time":1608427252,"event":{"mods":["2.2 Compatiblity","AchievementEnabler","BaseMod","Better Third Choice","Hermit","Marisa????????","Minty Spire (QoL Compilation)","Relic Stats","Spicy Shops","StSLib","Waifu the Spire"],"gold_per_floor":[112,112,124,136,152,152,182,182,228,228,261,271,306,319,319,393,393,409,424,424,442,458,489,489,489,489,489,156,167,193,17,17,90,90,107,157,167,181,4,33,33,47,47,92,103,115,115,115,115,115,115,115,115,31,57,57],"floor_reached":57,"playtime":2787,"items_purged":["Strike_R","Anger+1"],"score":2738,"play_id":"65753814-45b4-42cb-a0e7-c86f6a53f8a7","local_time":"20201220022052","is_ascension_mode":true,"campfire_choices":[{"data":"Bash","floor":6,"key":"SMITH"},{"data":"Clothesline","floor":8,"key":"SMITH"},{"floor":10,"key":"REST"},{"data":"Spot Weakness","floor":15,"key":"SMITH"},{"data":"Dark Embrace","floor":24,"key":"SMITH"},{"data":"Shrug It Off","floor":27,"key":"SMITH"},{"data":"GalacticHalo","floor":32,"key":"SMITH"},{"floor":41,"key":"RECALL"},{"floor":47,"key":"REST"},{"floor":49,"key":"REST"},{"floor":53,"key":"REST"}],"circlet_count":0,"master_deck":["AscendersBane","Strike_R+1","Strike_R+1","Strike_R","Defend_R","Defend_R","Defend_R","Defend_R","Bash+1","Twin Strike","Spot Weakness+1","Shrug It Off+1","Clothesline+1","Sword Boomerang+1","Impervious","Carnage+1","Pommel Strike+1","Feed+1","Shrug It Off","Dark Embrace+1","Feed+1","Shrug It Off","Heavy Blade+1","Bludgeon+1","Fiend Fire+1","GalacticHalo+1","MaximisePower","Entrench","Meteor Strike+1","hermit:Roulette+1","Bludgeon+1","hermit:RoundhouseKick+1","Madness","Madness","EscapeVelocity"],"relics":["Burning Blood","Molten Egg 2","Centennial Puzzle","Whetstone","Question Card","Snecko Eye","Blue Candle","Eternal Feather","PrismaticShard","Oddly Smooth Stone","Fusion Hammer","Juzu Bracelet","Calipers","Mummified Hand"],"acts_visited":["Exordium","TheCity","TheBeyond","TheEnding"],"potions_floor_usage":[5,12,21,23,30,51,55,56],"damage_taken":[{"damage":7,"enemies":"Small Slimes","floor":1,"turns":3},{"damage":1,"enemies":"Cultist","floor":3,"turns":3},{"damage":4,"enemies":"Jaw Worm","floor":4,"turns":5},{"damage":0,"enemies":"Lots of Slimes","floor":5,"turns":3},{"damage":44,"enemies":"3 Sentries","floor":7,"turns":9},{"damage":6,"enemies":"Gremlin Nob","floor":11,"turns":3},{"damage":10,"enemies":"2 Fungi Beasts","floor":12,"turns":4},{"damage":12,"enemies":"Lagavulin","floor":13,"turns":5},{"damage":18,"enemies":"Exordium Wildlife","floor":14,"turns":4},{"damage":36,"enemies":"The Guardian","floor":16,"turns":6},{"damage":3,"enemies":"Spheric Guardian","floor":18,"turns":3},{"damage":0,"enemies":"Chosen","floor":19,"turns":4},{"damage":0,"enemies":"Snecko","floor":21,"turns":4},{"damage":18,"enemies":"Snake Plant","floor":22,"turns":4},{"damage":19,"enemies":"Book of Stabbing","floor":23,"turns":4},{"damage":4,"enemies":"3 Cultists","floor":29,"turns":4},{"damage":46,"enemies":"Slavers","floor":30,"turns":10},{"damage":13,"enemies":"Automaton","floor":33,"turns":6},{"damage":26,"enemies":"3 Darklings","floor":35,"turns":3},{"damage":0,"enemies":"3 Shapes","floor":37,"turns":2},{"damage":20,"enemies":"Sphere and 2 Shapes","floor":38,"turns":4},{"damage":7,"enemies":"Reptomancer","floor":40,"turns":6},{"damage":5,"enemies":"Jaw Worm Horde","floor":42,"turns":3},{"damage":0,"enemies":"2 Orb Walkers","floor":44,"turns":3},{"damage":0,"enemies":"Transient","floor":45,"turns":6},{"damage":26,"enemies":"Maw","floor":46,"turns":7},{"damage":98,"enemies":"Time Eater","floor":50,"turns":14},{"damage":35,"enemies":"Donu and Deca","floor":51,"turns":5},{"damage":53,"enemies":"Shield and Spear","floor":55,"turns":5},{"damage":97,"enemies":"The Heart","floor":56,"turns":8}],"seed_played":"-7378654922507655958","potions_obtained":[{"floor":4,"key":"AttackPotion"},{"floor":11,"key":"SpeedPotion"},{"floor":13,"key":"SneckoOil"},{"floor":14,"key":"FearPotion"},{"floor":21,"key":"ElixirPotion"},{"floor":29,"key":"ColorlessPotion"},{"floor":37,"key":"DuplicationPotion"},{"floor":45,"key":"SteroidPotion"}],"is_trial":false,"path_per_floor":["M","?","M","M","M","R","E","R","T","R","E","M","E","M","R","B",null,"M","M","?","M","M","E","R","?","T","R","$","M","E","$","R","B",null,"M","?","M","M","$","E","R","M","T","?","M","M","R","?","R","B","B",null,"R","$","E","B",null],"character_chosen":"IRONCLAD","items_purchased":["Fiend Fire+1","PrismaticShard","Entrench","Bludgeon+1","GamblersBrew"],"campfire_rested":4,"item_purchase_floors":[28,28,31,39,54],"current_hp_per_floor":[74,74,79,81,82,82,44,44,44,68,68,64,58,46,46,16,66,73,83,83,93,85,72,72,72,72,87,87,97,61,61,76,73,104,88,88,98,88,88,91,109,114,114,128,138,122,150,123,150,58,29,120,150,150,103,16],"gold":57,"neow_bonus":"TEN_PERCENT_HP_BONUS","is_daily":false,"chose_seed":false,"campfire_upgraded":6,"win_rate":0.0,"timestamp":1608427252,"path_taken":["M","?","M","M","M","R","E","R","T","R","E","M","E","?","R","BOSS","M","M","?","?","M","E","R","?","T","R","$","M","E","?","R","BOSS","M","?","M","?","$","E","R","M","T","?","M","M","R","?","R","BOSS","BOSS","R","$","E","BOSS"],"items_purchased_type":["Card","Relic","Card","Card","Potion"],"build_version":"2020-12-13","purchased_purges":2,"victory":true,"max_hp_per_floor":[82,82,82,82,82,82,82,82,82,82,82,82,82,82,82,82,82,86,90,90,94,98,98,98,98,98,98,98,106,110,110,110,114,114,118,118,122,126,126,130,130,134,134,142,146,150,150,150,150,150,150,150,150,150,150,154],"relic_stats":{"Centennial Puzzle":[60],"counters":[30,150],"Mummified Hand":[5],"Blue Candle":[1],"Snecko Eye":[250,249,236,243],"Eternal Feather":102,"Juzu Bracelet":0,"Whetstone":["Strike_R","Strike_R"],"Question Card":19,"obtain_stats":[{"Calipers":44,"Blue Candle":23,"Oddly Smooth Stone":30,"Eternal Feather":26,"Juzu Bracelet":40,"Whetstone":11,"Question Card":13,"PrismaticShard":28,"Burning Blood":0,"Centennial Puzzle":9,"Mummified Hand":55,"Snecko Eye":17,"Molten Egg 2":7,"Fusion Hammer":34},{"Calipers":24,"Blue Candle":15,"Oddly Smooth Stone":17,"Eternal Feather":15,"Juzu Bracelet":22,"Whetstone":6,"Question Card":8,"PrismaticShard":15,"Burning Blood":0,"Centennial Puzzle":5,"Mummified Hand":29,"Snecko Eye":10,"Molten Egg 2":5,"Fusion Hammer":18},{"Calipers":105,"Blue Candle":64,"Oddly Smooth Stone":78,"Eternal Feather":64,"Juzu Bracelet":99,"Whetstone":26,"Question Card":35,"PrismaticShard":64,"Burning Blood":0,"Centennial Puzzle":23,"Mummified Hand":142,"Snecko Eye":45,"Molten Egg 2":23,"Fusion Hammer":84}],"Burning Blood":175},"card_choices":[{"not_picked":["Second Wind","Entrench"],"picked":"Twin Strike","floor":1},{"not_picked":["Wild Strike","Clothesline"],"picked":"Spot Weakness","floor":3},{"not_picked":["Ghostly Armor","Sever Soul"],"picked":"Shrug It Off","floor":4},{"not_picked":["Armaments","Iron Wave"],"picked":"Clothesline","floor":5},{"not_picked":["Wild Strike+1","Flex"],"picked":"Sword Boomerang+1","floor":7},{"not_picked":["Headbutt+1","Intimidate"],"picked":"Impervious","floor":11},{"not_picked":["Clothesline+1","Fire Breathing"],"picked":"Carnage+1","floor":12},{"not_picked":["Reckless Charge+1","Warcry"],"picked":"Pommel Strike+1","floor":13},{"not_picked":["Intimidate","Entrench","Evolve"],"picked":"Anger+1","floor":14},{"not_picked":["Juggernaut","Reaper+1","Corruption"],"picked":"Feed+1","floor":16},{"not_picked":["Anger+1","Clash+1","Sword Boomerang+1"],"picked":"Shrug It Off","floor":18},{"not_picked":["Havoc","Clash+1","Battle Trance"],"picked":"Dark Embrace","floor":19},{"not_picked":["Havoc","Thunderclap+1","Sentinel"],"picked":"Shrug It Off","floor":21},{"not_picked":["Thunderclap+1","True Grit","Battle Trance"],"picked":"Heavy Blade+1","floor":22},{"not_picked":["Iron Wave+1","Warcry","Thunderclap+1","Sword Boomerang+1"],"picked":"SKIP","floor":23},{"not_picked":["hermit:Desperado+1","Deep Breath","Blind"],"picked":"GalacticHalo","floor":29},{"not_picked":["Reckless Charge+1","hermit:BodyArmor+1","Die Die Die+1"],"picked":"MaximisePower","floor":30},{"not_picked":["BinaryStars","hermit:Dissolve","BigCrunch"],"picked":"Meteor Strike+1","floor":33},{"not_picked":["Deadly Poison","hermit:Snipe","ClearTheMind+1"],"picked":"hermit:Roulette+1","floor":35},{"not_picked":["Prostrate","Havoc","Flex","Dagger Spray+1"],"picked":"SKIP","floor":37},{"not_picked":["PathToVictory","Coolheaded+1","Ball Lightning+1","Distraction"],"picked":"SKIP","floor":38},{"not_picked":["Hemokinesis+1","OortCloud+1","BowlingBash+1"],"picked":"hermit:RoundhouseKick+1","floor":40},{"not_picked":["WindmillStrike+1","Blade Dance","GasGiant+1","Steam Power+1"],"picked":"SKIP","floor":42},{"not_picked":["Heavy Blade+1","hermit:Quickdraw+1","Tactician","Cloak And Dagger"],"picked":"SKIP","floor":45},{"not_picked":["CrushJoints+1","hermit:Horror+1","hermit:Headshot+1","FlyingSleeves+1"],"picked":"SKIP","floor":46},{"not_picked":["CarveReality+1","Flame Barrier","hermit:Spite+1"],"picked":"EscapeVelocity","floor":55}],"player_experience":867768,"relics_obtained":[{"floor":7,"key":"Molten Egg 2"},{"floor":9,"key":"Centennial Puzzle"},{"floor":11,"key":"Whetstone"},{"floor":13,"key":"Question Card"},{"floor":23,"key":"Blue Candle"},{"floor":26,"key":"Eternal Feather"},{"floor":30,"key":"Oddly Smooth Stone"},{"floor":40,"key":"Juzu Bracelet"},{"floor":44,"key":"Calipers"},{"floor":55,"key":"Mummified Hand"}],"event_choices":[{"cards_removed":["Strike_R"],"damage_healed":0,"gold_gain":0,"player_choice":"Purged","damage_taken":0,"max_hp_gain":0,"max_hp_loss":0,"event_name":"Purifier","floor":2,"gold_loss":0},{"damage_healed":0,"gold_gain":0,"player_choice":"Copied","damage_taken":0,"max_hp_gain":0,"max_hp_loss":0,"event_name":"Duplicator","floor":20,"gold_loss":0,"cards_obtained":["Feed"]},{"damage_healed":0,"gold_gain":0,"player_choice":"Read","damage_taken":0,"max_hp_gain":0,"max_hp_loss":0,"event_name":"The Library","floor":25,"gold_loss":0,"cards_obtained":["Bludgeon"]},{"damage_healed":0,"gold_gain":50,"player_choice":"Pray","damage_taken":0,"max_hp_gain":0,"max_hp_loss":0,"event_name":"Golden Shrine","floor":36,"gold_loss":0},{"damage_healed":0,"gold_gain":0,"player_choice":"Fight","damage_taken":0,"max_hp_gain":0,"max_hp_loss":0,"event_name":"Mysterious Sphere","floor":44,"gold_loss":0},{"damage_healed":0,"gold_gain":0,"player_choice":"Embrace Madness","damage_taken":27,"max_hp_gain":0,"max_hp_loss":0,"event_name":"Winding Halls","floor":48,"gold_loss":0,"cards_obtained":["Madness","Madness"]}],"is_beta":false,"boss_relics":[{"not_picked":["Runic Cube","Cursed Key"],"picked":"Snecko Eye"},{"not_picked":["Calling Bell","Tiny House"],"picked":"Fusion Hammer"}],"items_purged_floors":[28,31],"is_endless":false,"potions_floor_spawned":[4,11,13,14,16,21,29,37,42,45,46],"ascension_level":20}}