{"host":"xb2tau8pgi8aflss","time":1608439899,"event":{"mods":["AchievementEnabler","BaseMod","Hermit","Minty Spire (QoL Compilation)","StSLib","SuperFastMode"],"gold_per_floor":[15,15,25,25,42,59,59,69,69,69,17,17,31,47,47,148,148,165,20,20,36,36,36],"floor_reached":22,"playtime":595,"items_purged":["Defend_B"],"score":223,"play_id":"b786e442-cfbb-4a92-adc3-b9e31e96bb2f","local_time":"20201220135139","is_ascension_mode":true,"campfire_choices":[{"data":"Self Repair","floor":7,"key":"SMITH"},{"data":"Sweeping Beam","floor":10,"key":"SMITH"},{"data":"Coolheaded","floor":15,"key":"SMITH"}],"circlet_count":0,"master_deck":["Strike_B","Strike_B","Strike_B","Defend_B","Zap","Dualcast","Coolheaded","Self Repair+1","Conserve Battery","Sweeping Beam+1","Coolheaded+1","Capacitor","Conserve Battery","Buffer","Blizzard","Shame","Fusion"],"relics":["Cracked Core","Letter Opener","Pantograph","Fusion Hammer","Eternal Feather"],"acts_visited":["Exordium","TheCity"],"potions_floor_usage":[6,8,18,22],"damage_taken":[{"damage":7,"enemies":"Jaw Worm","floor":1,"turns":3},{"damage":6,"enemies":"Cultist","floor":3,"turns":3},{"damage":0,"enemies":"2 Louse","floor":5,"turns":2},{"damage":8,"enemies":"Looter","floor":6,"turns":3},{"damage":27,"enemies":"Exordium Thugs","floor":8,"turns":6},{"damage":0,"enemies":"Exordium Wildlife","floor":13,"turns":3},{"damage":0,"enemies":"Lots of Slimes","floor":14,"turns":2},{"damage":32,"enemies":"The Guardian","floor":16,"turns":14},{"damage":38,"enemies":"2 Thieves","floor":18,"turns":5},{"damage":39,"enemies":"3 Byrds","floor":21,"turns":6},{"damage":10,"enemies":"Shelled Parasite and Fungi","floor":22,"turns":2}],"seed_played":"1091200810133880245","potions_obtained":[{"floor":3,"key":"Fire Potion"},{"floor":6,"key":"Energy Potion"},{"floor":14,"key":"Dexterity Potion"},{"floor":18,"key":"Strength Potion"},{"floor":21,"key":"DistilledChaos"}],"is_trial":false,"path_per_floor":["M","$","M","?","M","M","R","M","T","R","$","T","M","M","R","B",null,"M","$","?","M","M"],"character_chosen":"DEFECT","items_purchased":["Coolheaded","Blizzard"],"campfire_rested":0,"item_purchase_floors":[11,19],"current_hp_per_floor":[68,68,62,62,62,61,61,44,44,44,44,44,54,64,64,53,70,42,42,42,3,0,0],"gold":36,"neow_bonus":"REMOVE_TWO","is_daily":false,"chose_seed":false,"campfire_upgraded":3,"win_rate":0.0,"timestamp":1608439899,"path_taken":["M","$","M","?","M","M","R","M","T","R","?","?","?","M","R","BOSS","M","?","?","M","M"],"items_purchased_type":["Card","Card"],"build_version":"2020-12-13","purchased_purges":1,"victory":false,"max_hp_per_floor":[75,75,75,75,75,75,75,75,75,75,75,75,75,75,75,75,75,75,75,75,75,75,75],"card_choices":[{"not_picked":["Cold Snap","Steam","Leap"],"picked":"SKIP","floor":1},{"not_picked":["Cold Snap","Undo"],"picked":"Coolheaded","floor":3},{"not_picked":["Blizzard","Ball Lightning"],"picked":"Self Repair","floor":5},{"not_picked":["Compile Driver","Go for the Eyes"],"picked":"Conserve Battery","floor":6},{"not_picked":["Glacier","Redo"],"picked":"Sweeping Beam","floor":8},{"not_picked":["Thunder Strike","Reinforced Body"],"picked":"Capacitor","floor":13},{"not_picked":["Cold Snap","Gash"],"picked":"Conserve Battery","floor":14},{"not_picked":["Reboot","Rainbow"],"picked":"Buffer","floor":16},{"not_picked":["Sweeping Beam","Rebound","Leap"],"picked":"SKIP","floor":18},{"not_picked":["Go for the Eyes","Reprogram"],"picked":"Fusion","floor":21}],"player_experience":747156,"relics_obtained":[{"floor":9,"key":"Letter Opener"},{"floor":12,"key":"Pantograph"}],"event_choices":[{"cards_removed":["Defend_B"],"damage_healed":0,"gold_gain":0,"player_choice":"Offered Basic","damage_taken":0,"max_hp_gain":0,"max_hp_loss":0,"event_name":"Bonfire Elementals","floor":4,"gold_loss":0},{"damage_healed":0,"gold_gain":0,"player_choice":"Stole Relic","damage_taken":0,"relics_obtained":["Eternal Feather"],"max_hp_gain":0,"max_hp_loss":0,"event_name":"Addict","floor":20,"gold_loss":0,"cards_obtained":["Shame"]}],"is_beta":false,"boss_relics":[{"not_picked":["Philosopher\u0027s Stone","Runic Dome"],"picked":"Fusion Hammer"}],"items_purged_floors":[19],"is_endless":false,"potions_floor_spawned":[3,6,14,18,21],"killed_by":"Shelled Parasite and Fungi","ascension_level":5}}