{"host":"tknto047uabgu3zm","time":1608444404,"event":{"mods":["AchievementEnabler","BaseMod","Block Reminder","Colored Map","Colored Powertips","Highlight Path","Minty Spire (QoL Compilation)","MonsterHotkey","Permanent Neow","Random Character Button","Rare Cards Sparkle","Relic Sorter","StSLib"],"gold_per_floor":[112,112,112,124,4,33,33,48,48,75,225,245,245,255,255,329,329,343,329,93,106,106,106,21,21,21,33,51,70,70,105,105,182,182,192,217,217,228,246,246,265,265,288,305,319,47,64,64,64,64],"floor_reached":51,"playtime":3122,"items_purged":["Strike_B"],"score":1231,"play_id":"91c245ad-20c5-4791-a7e9-c7f48616c23d","local_time":"20201219220643","is_ascension_mode":true,"campfire_choices":[{"data":"Chaos","floor":7.0,"key":"SMITH"},{"data":"Auto Shields","floor":15.0,"key":"SMITH"},{"floor":23.0,"key":"REST"},{"data":"Multi-Cast","floor":30.0,"key":"SMITH"},{"floor":32.0,"key":"REST"},{"data":"FTL","floor":40.0,"key":"SMITH"},{"floor":42.0,"key":"REST"},{"data":"Doom and Gloom","floor":49,"key":"SMITH"}],"circlet_count":0,"master_deck":["AscendersBane","Zap","Dualcast","Auto Shields+1","Chaos+1","Aggregate+1","Rebound","Multi-Cast+1","Doubt","Glacier","Coolheaded","Machine Learning+1","Glacier","Sweeping Beam","Defragment+1","FTL+1","Bite","Bite","Bite","Bite","Bite","Defragment+1","Buffer+1","Fusion+1","Fission+1","Blizzard+1","Doom and Gloom+1","Parasite"],"relics":["Cracked Core","NeowsBlessing","Torii","Frozen Egg 2","Bag of Preparation","Velvet Choker","ClockworkSouvenir","Singing Bowl","Blood Vial","Kunai","Astrolabe","Emotion Chip","Oddly Smooth Stone","Letter Opener"],"acts_visited":["Exordium","TheCity","TheBeyond"],"potions_floor_usage":[50,50],"damage_taken":[{"damage":0.0,"enemies":"2 Louse","floor":1.0,"turns":1.0},{"damage":0.0,"enemies":"Jaw Worm","floor":4.0,"turns":1.0},{"damage":0.0,"enemies":"3 Sentries","floor":6.0,"turns":1.0},{"damage":0.0,"enemies":"Cultist","floor":8.0,"turns":2.0},{"damage":9.0,"enemies":"Gremlin Nob","floor":10.0,"turns":4.0},{"damage":0.0,"enemies":"2 Fungi Beasts","floor":12.0,"turns":3.0},{"damage":6.0,"enemies":"Blue Slaver","floor":14.0,"turns":3.0},{"damage":17.0,"enemies":"The Guardian","floor":16.0,"turns":19.0},{"damage":17.0,"enemies":"Shell Parasite","floor":18.0,"turns":10.0},{"damage":13.0,"enemies":"2 Thieves","floor":19.0,"turns":4.0},{"damage":21.0,"enemies":"Centurion and Healer","floor":21.0,"turns":12.0},{"damage":2.0,"enemies":"Snake Plant","floor":27.0,"turns":5.0},{"damage":8.0,"enemies":"3 Cultists","floor":28.0,"turns":6.0},{"damage":7.0,"enemies":"Centurion and Healer","floor":29.0,"turns":8.0},{"damage":24.0,"enemies":"Slavers","floor":31.0,"turns":9.0},{"damage":43.0,"enemies":"Automaton","floor":33.0,"turns":15.0},{"damage":14.0,"enemies":"3 Shapes","floor":35.0,"turns":9.0},{"damage":5.0,"enemies":"Mind Bloom Boss Battle","floor":36.0,"turns":7.0},{"damage":19.0,"enemies":"3 Darklings","floor":38.0,"turns":6.0},{"damage":18.0,"enemies":"Spire Growth","floor":39.0,"turns":7.0},{"damage":49.0,"enemies":"Maw","floor":41.0,"turns":10.0},{"damage":2.0,"enemies":"4 Shapes","floor":44.0,"turns":9.0},{"damage":0.0,"enemies":"Spire Growth","floor":45.0,"turns":6.0},{"damage":12,"enemies":"Writhing Mass","floor":47,"turns":7},{"damage":62,"enemies":"Donu and Deca","floor":50,"turns":10}],"seed_played":"-2809801181839070525","potions_obtained":[{"floor":1.0,"key":"ColorlessPotion"},{"floor":4.0,"key":"ColorlessPotion"},{"floor":12.0,"key":"Fire Potion"},{"floor":18.0,"key":"FocusPotion"},{"floor":27.0,"key":"Strength Potion"},{"floor":29.0,"key":"BlessingOfTheForge"},{"floor":38.0,"key":"BlessingOfTheForge"},{"floor":44.0,"key":"PotionOfCapacity"}],"is_trial":false,"path_per_floor":["M","?","?","M","$","E","R","M","T","E","?","M","?","M","R","B",null,"M","M","$","M","?","R","?","$","T","M","M","M","R","E","R","B",null,"M","?","?","M","M","R","M","R","T","M","M","$","M","?","R","B",null],"character_chosen":"DEFECT","items_purchased":["Aggregate","Defragment+1","ClockworkSouvenir","Letter Opener"],"campfire_rested":3,"item_purchase_floors":[5,20,20,46],"current_hp_per_floor":[64,57,53,53,53,53,53,53,53,44,44,44,49,43,43,26,64,47,34,34,13,13,28,28,28,28,40,48,55,55,47,59,29,52,48,61,61,52,52,52,31,51,51,61,71,71,65,65,65,20],"gold":64,"neow_bonus":"THREE_ENEMY_KILL","is_daily":false,"chose_seed":false,"campfire_upgraded":5,"win_rate":0.0,"timestamp":1608444403,"path_taken":["M","?","?","M","$","E","R","?","T","E","?","M","?","M","R","BOSS","M","M","$","M","?","R","?","$","T","M","M","M","R","E","R","BOSS","M","?","?","M","M","R","M","R","T","M","?","$","M","?","R","BOSS"],"items_purchased_type":["Card","Card","Relic","Relic"],"build_version":"2020-12-13","purchased_purges":1,"victory":true,"max_hp_per_floor":[71,71,71,71,71,71,71,71,71,71,71,71,76,76,76,76,76,76,76,76,76,53,53,53,53,53,55,57,57,57,59,59,59,59,61,63,63,65,67,67,69,69,69,71,71,71,73,73,73,73],"card_choices":[{"not_picked":["Darkness","Leap"],"picked":"Auto Shields","floor":1.0},{"not_picked":["Leap","Rebound"],"picked":"Chaos","floor":4.0},{"not_picked":["Gash","Leap"],"picked":"Rebound","floor":6.0},{"not_picked":["Sweeping Beam","Coolheaded"],"picked":"Cold Snap","floor":8.0},{"not_picked":["Cold Snap","Streamline"],"picked":"Multi-Cast","floor":10.0},{"not_picked":["Rebound","Go for the Eyes"],"picked":"Glacier","floor":12.0},{"not_picked":["Turbo","Sweeping Beam"],"picked":"Coolheaded","floor":14.0},{"not_picked":["Rainbow","Thunder Strike"],"picked":"Machine Learning+1","floor":16.0},{"not_picked":["Recycle","Conserve Battery"],"picked":"Glacier","floor":18.0},{"not_picked":["Tempest","Leap"],"picked":"Sweeping Beam","floor":19.0},{"not_picked":["Beam Cell","Streamline"],"picked":"FTL","floor":21.0},{"not_picked":["Cold Snap","Conserve Battery","Steam"],"picked":"Singing Bowl","floor":27.0},{"not_picked":["Chill","Multi-Cast","Steam"],"picked":"Singing Bowl","floor":28.0},{"not_picked":["Coolheaded","Streamline"],"picked":"Defragment+1","floor":29.0},{"not_picked":["Force Field+1","Undo","Go for the Eyes"],"picked":"Singing Bowl","floor":31.0},{"not_picked":["Core Surge","Rainbow"],"picked":"Buffer+1","floor":33.0},{"not_picked":["Stack","Blizzard","Hologram+1"],"picked":"Singing Bowl","floor":35.0},{"not_picked":["Auto Shields","Stack","Consume"],"picked":"Singing Bowl","floor":36.0},{"not_picked":["Blizzard","Reinforced Body","Rebound"],"picked":"Singing Bowl","floor":38.0},{"not_picked":["Consume","Chill+1","Skim"],"picked":"Singing Bowl","floor":39.0},{"not_picked":["Leap","Hello World+1","Rebound"],"picked":"Singing Bowl","floor":41.0},{"not_picked":["Recycle+1","Turbo","Steam"],"picked":"Singing Bowl","floor":44.0},{"not_picked":["Coolheaded","Turbo"],"picked":"Doom and Gloom","floor":45.0},{"not_picked":["Conserve Battery","Redo+1","Darkness"],"picked":"Singing Bowl","floor":47}],"player_experience":460152,"relics_obtained":[{"floor":6.0,"key":"Torii"},{"floor":9.0,"key":"Frozen Egg 2"},{"floor":10.0,"key":"Bag of Preparation"},{"floor":26.0,"key":"Blood Vial"},{"floor":31.0,"key":"Kunai"},{"floor":36.0,"key":"Emotion Chip"},{"floor":43.0,"key":"Oddly Smooth Stone"}],"event_choices":[{"cards_removed":["Defend_B"],"damage_healed":0.0,"max_hp_gain":0.0,"max_hp_loss":0.0,"gold_gain":0.0,"event_name":"Golden Wing","player_choice":"Card Removal","floor":2.0,"gold_loss":0.0,"damage_taken":7.0},{"damage_healed":0.0,"max_hp_gain":0.0,"max_hp_loss":0.0,"gold_gain":0.0,"event_name":"The Woman in Blue","player_choice":"Bought 0 Potions","floor":3.0,"gold_loss":0.0,"damage_taken":0.0},{"damage_healed":0.0,"max_hp_gain":0.0,"max_hp_loss":0.0,"gold_gain":150.0,"event_name":"Liars Game","player_choice":"AGREE","floor":11.0,"gold_loss":0.0,"damage_taken":0.0,"cards_obtained":["Doubt"]},{"damage_healed":0.0,"max_hp_gain":5.0,"max_hp_loss":0.0,"gold_gain":0.0,"event_name":"Big Fish","player_choice":"Donut","floor":13.0,"gold_loss":0.0,"damage_taken":0.0},{"damage_healed":0.0,"max_hp_gain":0.0,"max_hp_loss":23.0,"gold_gain":0.0,"event_name":"Vampires","player_choice":"Became a vampire","floor":22.0,"gold_loss":0.0,"damage_taken":0.0,"cards_obtained":["Bite","Bite","Bite","Bite","Bite"]},{"damage_healed":0.0,"max_hp_gain":0.0,"max_hp_loss":0.0,"gold_gain":0.0,"event_name":"Addict","player_choice":"Obtained Relic","floor":24.0,"gold_loss":85.0,"damage_taken":0.0,"relics_obtained":["Singing Bowl"]},{"damage_healed":0.0,"max_hp_gain":0.0,"max_hp_loss":0.0,"gold_gain":0.0,"event_name":"MindBloom","player_choice":"Fight","floor":36.0,"gold_loss":0.0,"damage_taken":0.0},{"damage_healed":0.0,"max_hp_gain":0.0,"max_hp_loss":0.0,"gold_gain":0.0,"event_name":"Upgrade Shrine","player_choice":"Upgraded","floor":37.0,"gold_loss":0.0,"damage_taken":0.0,"cards_upgraded":["Aggregate"]},{"cards_removed":["Cold Snap"],"damage_healed":0,"gold_gain":0,"player_choice":"Removed Attack","damage_taken":0,"max_hp_gain":0,"max_hp_loss":0,"event_name":"Falling","floor":48,"gold_loss":0}],"is_beta":false,"boss_relics":[{"not_picked":["Coffee Dripper","Runic Dome"],"picked":"Velvet Choker"},{"not_picked":["Runic Pyramid","Tiny House"],"picked":"Astrolabe"}],"items_purged_floors":[5],"is_endless":false,"potions_floor_spawned":[1,4,12,18,27,29,38,44],"ascension_level":16}}