{"host":"fne7yx97fnz7kq05","time":1608474899,"event":{"mods":["BaseMod","Colored Map","Colored Powertips","Highlight Path","Minty Spire (QoL Compilation)","Relic Stats"],"gold_per_floor":[119,136,146,166,19,19,54,54,354,381,381,381,447,462,462,557,557,569,587,587,11,26,56,56,71,153,153,182,199,227,237,237,334,334,350,350,6,56,8,39,50,69,69,94,0,26,36,47,47,47,47,47,47,77,77,77],"floor_reached":55,"playtime":3572,"items_purged":["Strike_R","Strike_R"],"score":1453,"play_id":"4f8d1a8d-8428-4454-8d75-9503e71e5896","local_time":"20201220083459","is_ascension_mode":true,"campfire_choices":[{"data":"Clothesline","floor":6,"key":"SMITH"},{"data":"Pommel Strike","floor":8,"key":"SMITH"},{"data":"Uppercut","floor":11,"key":"SMITH"},{"data":"Whirlwind","floor":15,"key":"SMITH"},{"data":"True Grit","floor":24,"key":"SMITH"},{"floor":32,"key":"REST"},{"floor":49,"key":"RECALL"},{"data":"Pommel Strike","floor":52,"key":"SMITH"}],"circlet_count":0,"master_deck":["AscendersBane","Strike_R","Strike_R","Strike_R","Defend_R","Defend_R","Defend_R","Defend_R","Bash","Clothesline+1","Twin Strike","True Grit+1","Pommel Strike+1","Uppercut+1","Whirlwind+1","Impervious","Inflame+1","Berserk+1","Berserk+1","Discovery","Sadistic Nature+1","Shrug It Off","Pommel Strike+1","Feel No Pain+1"],"relics":["Busted Crown","ClockworkSouvenir","Frozen Egg 2","Old Coin","Champion Belt","Snecko Eye","OrangePellets","Pocketwatch","Meat on the Bone","Gremlin Horn","Potion Belt","Paper Frog","Black Star","FossilizedHelix","Toxic Egg 2","Smiling Mask","Charon\u0027s Ashes","Singing Bowl","Red Mask","TungstenRod","Blood Vial","Sundial","Self Forming Clay"],"acts_visited":["Exordium","TheCity","TheBeyond","TheEnding"],"potions_floor_usage":[16,19,23,28,30,40,46,48,50,55,55],"damage_taken":[{"damage":0,"enemies":"2 Louse","floor":1,"turns":3},{"damage":4,"enemies":"Jaw Worm","floor":2,"turns":3},{"damage":1,"enemies":"Small Slimes","floor":3,"turns":3},{"damage":17,"enemies":"Exordium Thugs","floor":4,"turns":5},{"damage":24,"enemies":"Gremlin Nob","floor":7,"turns":4},{"damage":8,"enemies":"Lagavulin","floor":10,"turns":7},{"damage":4,"enemies":"2 Fungi Beasts","floor":14,"turns":3},{"damage":0,"enemies":"Slime Boss","floor":16,"turns":6},{"damage":3,"enemies":"Chosen","floor":18,"turns":3},{"damage":4,"enemies":"Shell Parasite","floor":19,"turns":3},{"damage":0,"enemies":"Snake Plant","floor":22,"turns":2},{"damage":12,"enemies":"Gremlin Leader","floor":23,"turns":3},{"damage":4,"enemies":"Shelled Parasite and Fungi","floor":25,"turns":3},{"damage":0,"enemies":"Slavers","floor":28,"turns":3},{"damage":0,"enemies":"Snecko","floor":29,"turns":3},{"damage":39,"enemies":"Book of Stabbing","floor":30,"turns":5},{"damage":2,"enemies":"Chosen and Byrds","floor":31,"turns":3},{"damage":31,"enemies":"Champ","floor":33,"turns":8},{"damage":11,"enemies":"3 Darklings","floor":35,"turns":3},{"damage":0,"enemies":"Mind Bloom Boss Battle","floor":38,"turns":4},{"damage":0,"enemies":"Giant Head","floor":40,"turns":5},{"damage":27,"enemies":"3 Shapes","floor":41,"turns":3},{"damage":0,"enemies":"Writhing Mass","floor":42,"turns":4},{"damage":20,"enemies":"Reptomancer","floor":44,"turns":5},{"damage":4,"enemies":"Giant Head","floor":46,"turns":5},{"damage":7,"enemies":"Jaw Worm Horde","floor":47,"turns":2},{"damage":0,"enemies":"3 Darklings","floor":48,"turns":2},{"damage":43,"enemies":"Time Eater","floor":50,"turns":11},{"damage":81,"enemies":"Shield and Spear","floor":54,"turns":8},{"damage":16,"enemies":"The Heart","floor":55,"turns":6}],"seed_played":"979289970927723662","potions_obtained":[{"floor":2,"key":"BloodPotion"},{"floor":10,"key":"ElixirPotion"},{"floor":16,"key":"Fruit Juice"},{"floor":18,"key":"AttackPotion"},{"floor":19,"key":"FearPotion"},{"floor":23,"key":"AttackPotion"},{"floor":31,"key":"AttackPotion"},{"floor":33,"key":"Swift Potion"},{"floor":35,"key":"CultistPotion"},{"floor":38,"key":"DuplicationPotion"},{"floor":42,"key":"PowerPotion"},{"floor":54,"key":"DistilledChaos"}],"is_trial":false,"path_per_floor":["M","M","M","M","$","R","E","R","T","E","R","?","?","M","R","B",null,"M","M","?","$","M","E","R","M","T","?","E","M","E","M","R","B",null,"M","?","$","?","$","E","M","M","T","E","?","E","M","M","R","B",null,"R","$","E","B"],"character_chosen":"IRONCLAD","items_purchased":["ClockworkSouvenir","OrangePellets","Pocketwatch","Inflame+1","Sadistic Nature+1","PowerPotion","Pommel Strike"],"campfire_rested":1,"item_purchase_floors":[5,21,21,21,37,37,39],"current_hp_per_floor":[72,68,67,50,50,50,26,26,26,18,18,44,44,40,40,45,75,72,85,85,85,85,73,73,69,69,53,53,53,26,36,63,44,79,68,58,58,58,58,58,43,55,55,49,49,59,56,60,60,31,81,81,81,14,0,0],"gold":77,"neow_bonus":"BOSS_RELIC","is_daily":false,"chose_seed":false,"campfire_upgraded":6,"win_rate":0.0,"timestamp":1608474899,"path_taken":["M","M","M","M","$","R","E","R","T","E","R","?","?","M","R","BOSS","M","M","?","$","M","E","R","M","T","?","E","M","E","M","R","BOSS","M","?","$","?","?","E","M","M","T","E","?","E","M","M","R","BOSS","R","$","E","BOSS"],"items_purchased_type":["Relic","Relic","Relic","Card","Card","Potion","Card"],"build_version":"2020-12-13","purchased_purges":2,"victory":false,"max_hp_per_floor":[80,80,80,80,80,80,80,80,80,80,80,80,80,80,80,85,85,85,85,85,85,85,85,85,85,85,90,90,90,90,90,90,90,90,90,90,90,90,90,90,90,90,90,92,92,94,96,98,98,98,98,98,98,98,98,98],"relic_stats":{"Gremlin Horn":[15,16],"Singing Bowl":8,"counters":[30,128],"Self Forming Clay":[15],"Charon\u0027s Ashes":[87],"Smiling Mask":0,"Blood Vial":10,"OrangePellets":[29],"Busted Crown":62,"Sundial":[2],"Snecko Eye":[90,137,79,79],"Black Star":4,"Champion Belt":[58],"obtain_stats":[{"Potion Belt":28,"Gremlin Horn":26,"Singing Bowl":44,"Self Forming Clay":54,"Charon\u0027s Ashes":44,"Frozen Egg 2":7,"Smiling Mask":40,"Burning Blood":0,"ClockworkSouvenir":5,"Old Coin":9,"Blood Vial":46,"OrangePellets":21,"Busted Crown":0,"Sundial":54,"Snecko Eye":17,"Black Star":34,"Red Mask":45,"Champion Belt":10,"Toxic Egg 2":40,"FossilizedHelix":38,"TungstenRod":46,"Pocketwatch":21,"Meat on the Bone":23,"Paper Frog":30},{"Potion Belt":14,"Gremlin Horn":13,"Singing Bowl":24,"Self Forming Clay":29,"Charon\u0027s Ashes":24,"Frozen Egg 2":5,"Smiling Mask":21,"Burning Blood":0,"ClockworkSouvenir":4,"Old Coin":5,"Blood Vial":25,"OrangePellets":10,"Busted Crown":0,"Sundial":29,"Snecko Eye":8,"Black Star":18,"Red Mask":24,"Champion Belt":6,"Toxic Egg 2":21,"FossilizedHelix":20,"TungstenRod":25,"Pocketwatch":10,"Meat on the Bone":12,"Paper Frog":16},{"Potion Belt":51,"Gremlin Horn":48,"Singing Bowl":94,"Self Forming Clay":122,"Charon\u0027s Ashes":94,"Frozen Egg 2":18,"Smiling Mask":82,"Burning Blood":0,"ClockworkSouvenir":14,"Old Coin":18,"Blood Vial":99,"OrangePellets":40,"Busted Crown":0,"Sundial":122,"Snecko Eye":34,"Black Star":70,"Red Mask":94,"Champion Belt":25,"Toxic Egg 2":82,"FossilizedHelix":77,"TungstenRod":99,"Pocketwatch":40,"Meat on the Bone":45,"Paper Frog":59}],"TungstenRod":32,"Pocketwatch":[84],"Meat on the Bone":108},"card_choices":[{"not_picked":[],"picked":"Clothesline","floor":1},{"not_picked":[],"picked":"Twin Strike","floor":2},{"not_picked":[],"picked":"True Grit","floor":3},{"not_picked":["Perfected Strike"],"picked":"SKIP","floor":4},{"not_picked":[],"picked":"Pommel Strike","floor":7},{"not_picked":[],"picked":"Uppercut","floor":10},{"not_picked":[],"picked":"Whirlwind","floor":14},{"not_picked":[],"picked":"Impervious","floor":16},{"not_picked":["Wild Strike"],"picked":"SKIP","floor":18},{"not_picked":["Sever Soul"],"picked":"SKIP","floor":19},{"not_picked":["Combust+1"],"picked":"SKIP","floor":22},{"not_picked":["Perfected Strike"],"picked":"SKIP","floor":23},{"not_picked":["Armaments"],"picked":"SKIP","floor":25},{"not_picked":[],"picked":"Berserk+1","floor":28},{"not_picked":["Thunderclap+1"],"picked":"SKIP","floor":29},{"not_picked":["Searing Blow"],"picked":"SKIP","floor":30},{"not_picked":["Sword Boomerang"],"picked":"SKIP","floor":31},{"not_picked":[],"picked":"Berserk+1","floor":33},{"not_picked":["Dual Wield"],"picked":"SKIP","floor":35},{"not_picked":[],"picked":"Discovery","floor":36},{"not_picked":[],"picked":"Shrug It Off","floor":38},{"not_picked":["Anger+1"],"picked":"SKIP","floor":40},{"not_picked":["Cleave"],"picked":"SKIP","floor":41},{"not_picked":["Sentinel+1"],"picked":"SKIP","floor":42},{"not_picked":["Feel No Pain+1"],"picked":"Singing Bowl","floor":44},{"not_picked":["Feel No Pain+1"],"picked":"Singing Bowl","floor":46},{"not_picked":["Fire Breathing+1"],"picked":"Singing Bowl","floor":47},{"not_picked":["Havoc+1"],"picked":"Singing Bowl","floor":48},{"not_picked":[],"picked":"Feel No Pain+1","floor":54}],"player_experience":73498,"relics_obtained":[{"floor":7,"key":"Frozen Egg 2"},{"floor":9,"key":"Old Coin"},{"floor":10,"key":"Champion Belt"},{"floor":23,"key":"Meat on the Bone"},{"floor":26,"key":"Gremlin Horn"},{"floor":28,"key":"Potion Belt"},{"floor":30,"key":"Paper Frog"},{"floor":38,"key":"FossilizedHelix"},{"floor":40,"key":"Toxic Egg 2"},{"floor":40,"key":"Smiling Mask"},{"floor":44,"key":"Charon\u0027s Ashes"},{"floor":44,"key":"Singing Bowl"},{"floor":46,"key":"TungstenRod"},{"floor":46,"key":"Blood Vial"},{"floor":54,"key":"Sundial"},{"floor":54,"key":"Self Forming Clay"}],"event_choices":[{"damage_healed":26,"gold_gain":0,"player_choice":"Banana","damage_taken":0,"max_hp_gain":0,"max_hp_loss":0,"event_name":"Big Fish","floor":12,"gold_loss":0},{"damage_healed":0,"gold_gain":66,"player_choice":"Gained Gold","damage_taken":0,"max_hp_gain":0,"max_hp_loss":0,"event_name":"Golden Wing","floor":13,"gold_loss":0},{"damage_healed":0,"gold_gain":0,"player_choice":"Ignored","damage_taken":0,"max_hp_gain":0,"max_hp_loss":0,"event_name":"Vampires","floor":20,"gold_loss":0},{"damage_healed":0,"gold_gain":0,"player_choice":"Shed Blood","damage_taken":21,"max_hp_gain":5,"max_hp_loss":0,"event_name":"Forgotten Altar","floor":27,"gold_loss":0},{"damage_healed":0,"gold_gain":0,"player_choice":"Memory 3","damage_taken":10,"max_hp_gain":0,"max_hp_loss":0,"event_name":"SensoryStone","floor":36,"gold_loss":0},{"damage_healed":0,"gold_gain":0,"player_choice":"Fight","damage_taken":0,"max_hp_gain":0,"max_hp_loss":0,"event_name":"MindBloom","floor":38,"gold_loss":0},{"damage_healed":0,"gold_gain":0,"player_choice":"Paid","damage_taken":0,"relics_obtained":["Red Mask"],"max_hp_gain":0,"max_hp_loss":0,"event_name":"Tomb of Lord Red Mask","floor":45,"gold_loss":94}],"is_beta":false,"boss_relics":[{"not_picked":["Tiny House","Velvet Choker"],"picked":"Snecko Eye"},{"not_picked":["Philosopher\u0027s Stone","Fusion Hammer"],"picked":"Black Star"}],"items_purged_floors":[21,37],"is_endless":false,"potions_floor_spawned":[2,10,16,18,19,23,31,33,35,38,42,44,54],"killed_by":"The Heart","ascension_level":12}}