{"host":"q5vpntglr38zhb0c","time":1608424486,"event":{"mods":["BaseMod","Colored Map","DeckTracker","Keyboard Shortcuts","Minty Spire (QoL Compilation)","Permanent Neow","StSLib","SuperFastMode","everything is the same but u backflip on backflip"],"gold_per_floor":[366,291,306,104,118,118,149,149,196,63,63,90,158,148,148,223,223,233,7,106,126,145,145,120,134,161,230,69,82,132,182,182,256,256,275,288,93,103,153,153,164,195,195,12,62,72,72,88,88,88,88,88,88,9,37,37,37],"floor_reached":56,"playtime":2320,"items_purged":["Defend_P","Strike_P","Defend_P","Strike_P","CarveReality+1","Vigilance"],"score":1899,"play_id":"a1d82873-b4c4-465d-8592-e902f49b15c8","local_time":"20201220093446","is_ascension_mode":true,"campfire_choices":[{"data":"Eruption","floor":6.0,"key":"SMITH"},{"data":"EmptyFist","floor":8.0,"key":"SMITH"},{"data":"MentalFortress","floor":15.0,"key":"SMITH"},{"data":"WheelKick","floor":23.0,"key":"SMITH"},{"data":"FlurryOfBlows","floor":32.0,"key":"SMITH"},{"data":"Thinking Ahead","floor":40.0,"key":"SMITH"},{"floor":47.0,"key":"REST"},{"floor":49.0,"key":"RECALL"},{"data":"FearNoEvil","floor":53,"key":"SMITH"}],"circlet_count":0,"master_deck":["AscendersBane","Eruption+1","EmptyFist+1","FlurryOfBlows+1","MentalFortress+1","WheelKick+1","FearNoEvil+1","ClearTheMind+1","Meditate+1","DeusExMachina+1","Thinking Ahead+1","MentalFortress+1","Tantrum+1"],"relics":["PureWater","Membership Card","Tiny Chest","MealTicket","SsserpentHead","Oddly Smooth Stone","Sozu","Gambling Chip","Regal Pillow","Happy Flower","Lee\u0027s Waffle","Vajra","Astrolabe","Lantern","OrangePellets","Medical Kit","Shuriken"],"acts_visited":["Exordium","TheCity","TheBeyond","TheEnding"],"potions_floor_usage":[56],"damage_taken":[{"damage":4.0,"enemies":"Small Slimes","floor":1.0,"turns":6.0},{"damage":7.0,"enemies":"Jaw Worm","floor":3.0,"turns":3.0},{"damage":0.0,"enemies":"Cultist","floor":5.0,"turns":2.0},{"damage":7.0,"enemies":"3 Sentries","floor":7.0,"turns":4.0},{"damage":16.0,"enemies":"Gremlin Nob","floor":12.0,"turns":3.0},{"damage":5.0,"enemies":"Looter","floor":13.0,"turns":2.0},{"damage":12.0,"enemies":"Hexaghost","floor":16.0,"turns":8.0},{"damage":6.0,"enemies":"Shell Parasite","floor":18.0,"turns":2.0},{"damage":12.0,"enemies":"3 Byrds","floor":21.0,"turns":3.0},{"damage":12.0,"enemies":"Shelled Parasite and Fungi","floor":22.0,"turns":2.0},{"damage":0.0,"enemies":"Snecko","floor":25.0,"turns":3.0},{"damage":0.0,"enemies":"Cultist and Chosen","floor":27.0,"turns":3.0},{"damage":0.0,"enemies":"Centurion and Healer","floor":29.0,"turns":2.0},{"damage":44.0,"enemies":"Champ","floor":33.0,"turns":7.0},{"damage":21.0,"enemies":"3 Shapes","floor":35.0,"turns":3.0},{"damage":7.0,"enemies":"3 Darklings","floor":36.0,"turns":3.0},{"damage":15.0,"enemies":"4 Shapes","floor":38.0,"turns":3.0},{"damage":9.0,"enemies":"Writhing Mass","floor":41.0,"turns":3.0},{"damage":0.0,"enemies":"Reptomancer","floor":42.0,"turns":3.0},{"damage":4.0,"enemies":"3 Darklings","floor":46.0,"turns":2.0},{"damage":0.0,"enemies":"Spire Growth","floor":48.0,"turns":2.0},{"damage":6,"enemies":"Donu and Deca","floor":50,"turns":6},{"damage":0,"enemies":"Awakened One","floor":51,"turns":6},{"damage":15,"enemies":"Shield and Spear","floor":55,"turns":4},{"damage":65,"enemies":"The Heart","floor":56,"turns":3}],"seed_played":"-5724778053479990863","potions_obtained":[{"floor":5.0,"key":"GamblersBrew"},{"floor":12.0,"key":"Ancient Potion"},{"floor":13.0,"key":"DuplicationPotion"},{"floor":16.0,"key":"BottledMiracle"}],"is_trial":false,"path_per_floor":["M","?","M","$","M","R","E","R","T","$","?","E","M","?","R","B",null,"M","$","T","M","M","R","?","M","T","M","$","M","?","T","R","B",null,"M","M","$","M","?","R","M","E","T","$","?","M","R","M","R","B","B",null,"R","$","E","B"],"character_chosen":"WATCHER","items_purchased":["Membership Card","MentalFortress","WheelKick","Gambling Chip","Lee\u0027s Waffle","Thinking Ahead","OrangePellets","Medical Kit"],"campfire_rested":1,"item_purchase_floors":[4,10,10,19,28,37,44,54],"current_hp_per_floor":[39,39,32,32,32,32,25,25,25,40,40,24,19,19,19,7,53,47,62,62,50,38,38,38,38,38,38,75,75,54,54,54,10,63,42,35,50,35,35,35,26,26,26,41,37,33,72,72,72,66,66,77,77,80,65,0,0],"gold":37,"neow_bonus":"TWO_FIFTY_GOLD","is_daily":false,"chose_seed":false,"campfire_upgraded":7,"win_rate":0.0,"timestamp":1608424486,"path_taken":["M","?","M","$","M","R","E","R","T","$","?","E","?","?","R","BOSS","M","$","?","M","M","R","?","M","T","?","$","M","?","?","R","BOSS","M","M","$","M","?","R","M","E","T","$","?","M","R","M","R","BOSS","BOSS","R","$","E","BOSS"],"items_purchased_type":["Relic","Card","Card","Relic","Relic","Card","Relic","Relic"],"build_version":"2020-12-13","purchased_purges":6,"victory":false,"max_hp_per_floor":[68,68,68,68,68,68,68,68,68,68,68,68,68,68,68,68,68,68,68,68,68,68,68,68,68,68,68,75,75,80,80,80,80,80,80,80,80,80,80,80,80,80,80,80,80,80,80,80,80,80,80,80,80,80,80,80,80],"card_choices":[{"not_picked":["CutThroughFate","Meditate"],"picked":"BowlingBash","floor":1.0},{"not_picked":["Evaluate","FlurryOfBlows"],"picked":"EmptyFist","floor":3.0},{"not_picked":["Pray","Prostrate"],"picked":"FlurryOfBlows","floor":5.0},{"not_picked":["Prostrate","Indignation","JustLucky"],"picked":"SKIP","floor":7.0},{"not_picked":["Establishment","PathToVictory","DevaForm"],"picked":"SKIP","floor":12.0},{"not_picked":["SashWhip","WindmillStrike"],"picked":"FearNoEvil","floor":13.0},{"not_picked":["CarveReality","Fasting2","MentalFortress"],"picked":"SKIP","floor":18.0},{"not_picked":["Worship","SignatureMove","FollowUp"],"picked":"SKIP","floor":21.0},{"not_picked":["CutThroughFate","Halt+1","Sanctity"],"picked":"SKIP","floor":22.0},{"not_picked":["Evaluate","Prostrate","SashWhip"],"picked":"SKIP","floor":25.0},{"not_picked":["Perseverance","BowlingBash","Protect"],"picked":"SKIP","floor":27.0},{"not_picked":["ClearTheMind+1","FlurryOfBlows+1","SashWhip"],"picked":"SKIP","floor":29.0},{"not_picked":["FlurryOfBlows+1","SashWhip"],"picked":"ClearTheMind+1","floor":29.0},{"not_picked":["CutThroughFate","WheelKick","Conclude"],"picked":"SKIP","floor":35.0},{"not_picked":["BowlingBash","ClearTheMind","FlyingSleeves"],"picked":"SKIP","floor":36.0},{"not_picked":["SandsOfTime","Crescendo"],"picked":"MentalFortress+1","floor":38.0},{"not_picked":["ThirdEye","SignatureMove"],"picked":"Tantrum+1","floor":41.0},{"not_picked":["Protect+1","ClearTheMind","ForeignInfluence"],"picked":"SKIP","floor":42.0},{"not_picked":["Indignation+1","BowlingBash+1","FlyingSleeves+1"],"picked":"SKIP","floor":46.0},{"not_picked":["EmptyBody","Consecrate","Prostrate"],"picked":"SKIP","floor":48.0},{"not_picked":["Sanctity+1","Protect","LessonLearned"],"picked":"SKIP","floor":55},{"not_picked":["Sanctity+1","Protect","LessonLearned"],"picked":"SKIP","floor":55}],"player_experience":1307156,"relics_obtained":[{"floor":7.0,"key":"Tiny Chest"},{"floor":9.0,"key":"MealTicket"},{"floor":12.0,"key":"Oddly Smooth Stone"},{"floor":20.0,"key":"Regal Pillow"},{"floor":26.0,"key":"Happy Flower"},{"floor":31.0,"key":"Vajra"},{"floor":42.0,"key":"Lantern"},{"floor":55,"key":"Shuriken"}],"event_choices":[{"cards_removed":["Defend_P"],"damage_healed":0.0,"max_hp_gain":0.0,"max_hp_loss":0.0,"gold_gain":0.0,"event_name":"The Cleric","player_choice":"Card Removal","floor":2.0,"gold_loss":75.0,"damage_taken":0.0},{"damage_healed":0.0,"max_hp_gain":0.0,"max_hp_loss":0.0,"gold_gain":0.0,"event_name":"FaceTrader","player_choice":"Trade","floor":11.0,"gold_loss":0.0,"damage_taken":0.0,"relics_obtained":["SsserpentHead"]},{"damage_healed":0.0,"max_hp_gain":0.0,"max_hp_loss":0.0,"gold_gain":0.0,"event_name":"World of Goop","player_choice":"Left Gold","floor":14.0,"gold_loss":60.0,"damage_taken":0.0},{"cards_removed":["Strike_P"],"damage_healed":0.0,"max_hp_gain":0.0,"max_hp_loss":0.0,"gold_gain":0.0,"event_name":"Designer","player_choice":"Single Remove","floor":24.0,"gold_loss":75.0,"damage_taken":0.0},{"damage_healed":0.0,"max_hp_gain":5.0,"max_hp_loss":0.0,"gold_gain":0.0,"event_name":"Forgotten Altar","player_choice":"Shed Blood","floor":30.0,"gold_loss":0.0,"damage_taken":26.0},{"damage_healed":0.0,"max_hp_gain":0.0,"max_hp_loss":0.0,"gold_gain":0.0,"event_name":"Tomb of Lord Red Mask","player_choice":"Ignored","floor":39.0,"gold_loss":0.0,"damage_taken":0.0},{"damage_healed":0.0,"max_hp_gain":0.0,"max_hp_loss":0.0,"gold_gain":0.0,"event_name":"The Woman in Blue","player_choice":"Bought 0 Potions","floor":45.0,"gold_loss":0.0,"damage_taken":0.0}],"is_beta":false,"boss_relics":[{"not_picked":["SlaversCollar","Calling Bell"],"picked":"Sozu"},{"not_picked":["Black Star","Velvet Choker"],"picked":"Astrolabe"}],"items_purged_floors":[4,10,19,28,37,44],"is_endless":false,"potions_floor_spawned":[5,12,13,16,18,22,29,33,36,41,48],"killed_by":"The Heart","ascension_level":20}}