{"host":"a5e2zwd8c2ad7the","time":1608427690,"event":{"mods":["BaseMod","Colored Map","Colored Powertips","GungeonMod","Highlight Path","Minty Spire (QoL Compilation)","Quick Restart","Rare Cards Sparkle","StSLib"],"gold_per_floor":[111,130,130,130,182,182,211,211,257,257,287,306,306,325,325,427,427,446,446,460,475,475,475],"floor_reached":22,"playtime":1002,"items_purged":[],"score":221,"play_id":"48eced57-af7e-437c-8898-f7f8bcf60639","local_time":"20201220092810","is_ascension_mode":false,"campfire_choices":[{"data":"DemoMod:ChanceBullets","floor":6,"key":"SMITH"},{"data":"DemoMod:PotionOfGunFriendShip","floor":8,"key":"SMITH"},{"data":"DemoMod:ManualReload","floor":10,"key":"SMITH"},{"floor":15,"key":"REST"}],"circlet_count":0,"master_deck":["DemoMod:Strike_Huntress","DemoMod:Strike_Huntress","DemoMod:Strike_Huntress+1","DemoMod:Defend_Huntress","DemoMod:Defend_Huntress","DemoMod:Defend_Huntress","DemoMod:Defend_Huntress","DemoMod:Roll","DemoMod:ManualReload+1","DemoMod:RustySidearm","DemoMod:CrossBow+1","DemoMod:ChanceBullets+1","DemoMod:Polaris","DemoMod:CombinedRifle","DemoMod:PotionOfGunFriendShip+1","DemoMod:DarkMarker","DemoMod:TripleGun","DemoMod:SuppressiveFire","DemoMod:BSG","DemoMod:TripleGun+1","DemoMod:AWP","DemoMod:Unity+1"],"relics":["DemoMod:Dog","DemoMod:ClearGuonStone","PreservedInsect","Potion Belt","DemoMod:Bottle","Black Star"],"acts_visited":["Exordium","TheCity"],"potions_floor_usage":[16,16,20,20],"damage_taken":[{"damage":10,"enemies":"Cultist","floor":1,"turns":5},{"damage":5,"enemies":"Small Slimes","floor":2,"turns":4},{"damage":12,"enemies":"Jaw Worm","floor":5,"turns":5},{"damage":9,"enemies":"3 Sentries","floor":7,"turns":11},{"damage":0,"enemies":"Gremlin Nob","floor":11,"turns":2},{"damage":12,"enemies":"Exordium Wildlife","floor":12,"turns":3},{"damage":10,"enemies":"Lots of Slimes","floor":14,"turns":4},{"damage":70,"enemies":"The Guardian","floor":16,"turns":9},{"damage":25,"enemies":"Shell Parasite","floor":18,"turns":4},{"damage":25,"enemies":"3 Byrds","floor":20,"turns":3},{"damage":25,"enemies":"Sentry and Sphere","floor":21,"turns":5},{"damage":3,"enemies":"Chosen and Byrds","floor":22,"turns":1}],"seed_played":"-259041035907232608","potions_obtained":[{"floor":1,"key":"PowerPotion"},{"floor":2,"key":"Regen Potion"},{"floor":12,"key":"LiquidBronze"},{"floor":19,"key":"ColorlessPotion"},{"floor":19,"key":"Explosive Potion"},{"floor":19,"key":"Energy Potion"}],"is_trial":false,"path_per_floor":["M","M","?","?","M","R","E","R","T","R","E","M","?","M","R","B",null,"M","?","M","M","M"],"character_chosen":"HUNTRESS","items_purchased":[],"campfire_rested":1,"item_purchase_floors":[],"current_hp_per_floor":[60,55,55,55,43,43,34,34,34,34,34,22,8,4,25,15,70,45,45,26,1,0,0],"gold":475,"neow_bonus":"RANDOM_COMMON_RELIC","is_daily":false,"chose_seed":false,"campfire_upgraded":3,"win_rate":0.0,"timestamp":1608427690,"path_taken":["M","?","?","?","M","R","E","R","T","R","E","?","?","M","R","BOSS","M","?","?","M","?"],"items_purchased_type":[],"build_version":"2020-12-13","purchased_purges":0,"victory":false,"max_hp_per_floor":[70,70,70,70,70,70,70,70,70,70,70,70,70,70,70,70,70,70,70,70,70,70,70],"card_choices":[{"not_picked":["DemoMod:PotionOfGunFriendShip","DemoMod:HuntsMan"],"picked":"DemoMod:ChanceBullets","floor":1},{"not_picked":["DemoMod:HardPowerCard","DemoMod:FastSwitch"],"picked":"DemoMod:Polaris","floor":2},{"not_picked":["DemoMod:PotionOfGunFriendShip","DemoMod:BoxingGlove"],"picked":"DemoMod:CombinedRifle","floor":5},{"not_picked":["DemoMod:ConditionalReflex","DemoMod:MachoBrace"],"picked":"DemoMod:PotionOfGunFriendShip","floor":7},{"not_picked":["DemoMod:HardPowerCard","DemoMod:EasyReloadBullets"],"picked":"DemoMod:DarkMarker","floor":11},{"not_picked":["DemoMod:ConditionalReflex","DemoMod:FastSwitch","DemoMod:BoxingGlove"],"picked":"SKIP","floor":12},{"not_picked":["DemoMod:TeaPot","DemoMod:RadGun"],"picked":"DemoMod:TripleGun","floor":14},{"not_picked":["DemoMod:Slinger","DemoMod:Desperate"],"picked":"DemoMod:SuppressiveFire","floor":16},{"not_picked":["DemoMod:DarkMarker","DemoMod:BlackHoleGun"],"picked":"DemoMod:BSG","floor":16},{"not_picked":["DemoMod:SAA+1","DemoMod:AC15+1"],"picked":"DemoMod:TripleGun+1","floor":18},{"not_picked":["DemoMod:FastSwitch+1","DemoMod:BattleInHaste"],"picked":"DemoMod:AWP","floor":20},{"not_picked":["DemoMod:Unmoved","DemoMod:Ejector"],"picked":"DemoMod:Unity+1","floor":21}],"player_experience":26086,"relics_obtained":[{"floor":7,"key":"PreservedInsect"},{"floor":9,"key":"Potion Belt"},{"floor":11,"key":"DemoMod:Bottle"}],"event_choices":[{"damage_healed":0,"gold_gain":0,"player_choice":"Ignored","damage_taken":0,"max_hp_gain":0,"max_hp_loss":0,"event_name":"Golden Wing","floor":3,"gold_loss":0},{"damage_healed":0,"gold_gain":0,"player_choice":"Ignored","damage_taken":0,"max_hp_gain":0,"max_hp_loss":0,"event_name":"NoteForYourself","floor":4,"gold_loss":0},{"damage_healed":0,"gold_gain":0,"player_choice":"Entered Light","damage_taken":14,"max_hp_gain":0,"max_hp_loss":0,"event_name":"Shining Light","floor":13,"gold_loss":0,"cards_upgraded":["DemoMod:Strike_Huntress","DemoMod:CrossBow"]},{"damage_healed":0,"gold_gain":0,"player_choice":"Got Potions","damage_taken":0,"max_hp_gain":0,"max_hp_loss":0,"event_name":"Lab","floor":19,"gold_loss":0}],"is_beta":false,"boss_relics":[{"not_picked":["Runic Dome","Runic Pyramid"],"picked":"Black Star"}],"items_purged_floors":[],"is_endless":false,"potions_floor_spawned":[1,2,12],"killed_by":"Chosen and Byrds","ascension_level":0}}