{"host":"x1qj4d8ympd5jdqh","time":1608450829,"event":{"mods":["AchievementEnabler","AlwaysNeverKeys","BaseMod","Colored Map","Custom Start","DeckTracker","Highlight Path","Minty Spire (QoL Compilation)","StSLib","SuperFastMode"],"gold_per_floor":[214,214,225,225,13,47,65,65,89,101,130,130,20,40,40,119,119,138,67,81,81,98,98,123,123,123,73,89,104,104,104,104],"floor_reached":31,"playtime":787,"items_purged":["Pain","Strike_R"],"score":530,"play_id":"6f18a307-a1df-4c5b-b00e-4a5c287bbc76","local_time":"20201220165349","is_ascension_mode":true,"campfire_choices":[{"data":"Bash","floor":8.0,"key":"SMITH"},{"floor":12.0,"key":"REST"},{"data":"Whirlwind","floor":15.0,"key":"SMITH"},{"data":"Power Through","floor":23.0,"key":"SMITH"},{"floor":30.0,"key":"REST"}],"circlet_count":0,"master_deck":["AscendersBane","Strike_R","Strike_R","Defend_R","Defend_R","Defend_R","Defend_R","Bash+1","Hemokinesis","Whirlwind+1","Anger","Corruption+1","Power Through+1","Barricade+1","Dark Embrace+1","Shrug It Off","Limit Break","Juggernaut+1","Body Slam+1","Shrug It Off"],"relics":["Burning Blood","Smiling Mask","WarpedTongs","Membership Card","Frozen Egg 2","Tiny Chest","Juzu Bracelet","Red Skull","Sozu","Pear","Lantern"],"acts_visited":["Exordium","TheCity"],"potions_floor_usage":[31],"damage_taken":[{"damage":9.0,"enemies":"Jaw Worm","floor":1.0,"turns":4.0},{"damage":5.0,"enemies":"2 Louse","floor":3.0,"turns":2.0},{"damage":12.0,"enemies":"Gremlin Nob","floor":6.0,"turns":3.0},{"damage":3.0,"enemies":"Cultist","floor":7.0,"turns":3.0},{"damage":6.0,"enemies":"2 Fungi Beasts","floor":10.0,"turns":3.0},{"damage":10.0,"enemies":"3 Sentries","floor":11.0,"turns":7.0},{"damage":0.0,"enemies":"Gremlin Gang","floor":14.0,"turns":1.0},{"damage":56.0,"enemies":"Slime Boss","floor":16.0,"turns":11.0},{"damage":23.0,"enemies":"Shell Parasite","floor":18.0,"turns":5.0},{"damage":2.0,"enemies":"3 Byrds","floor":20.0,"turns":4.0},{"damage":9.0,"enemies":"Centurion and Healer","floor":22.0,"turns":6.0},{"damage":34.0,"enemies":"Slavers","floor":24.0,"turns":6.0},{"damage":7.0,"enemies":"Sentry and Sphere","floor":28.0,"turns":4.0},{"damage":16.0,"enemies":"Snake Plant","floor":29.0,"turns":3.0},{"damage":27,"enemies":"Cultist and Chosen","floor":31,"turns":4}],"seed_played":"334607213809166191","potions_obtained":[{"floor":1.0,"key":"Fire Potion"},{"floor":6.0,"key":"Block Potion"},{"floor":7.0,"key":"SpeedPotion"},{"floor":16.0,"key":"Dexterity Potion"}],"is_trial":false,"path_per_floor":["M","?","M","?","$","E","M","R","T","M","E","R","$","M","R","B",null,"M","$","M","?","M","R","E","?","T","?","M","M","R","M"],"character_chosen":"IRONCLAD","items_purchased":["Membership Card","Red Skull","Fire Potion","Dark Embrace+1"],"campfire_rested":2,"item_purchase_floors":[5,13,13,19],"current_hp_per_floor":[65,39,40,40,40,34,37,37,37,37,33,55,55,61,61,11,59,42,42,46,46,43,43,25,25,25,25,24,14,39,12,12],"gold":104,"neow_bonus":"HUNDRED_GOLD","is_daily":false,"chose_seed":false,"campfire_upgraded":3,"win_rate":0.0,"timestamp":1608450829,"path_taken":["M","?","M","?","$","E","M","R","T","M","E","R","$","M","R","BOSS","M","$","M","?","M","R","E","?","T","?","M","M","R","M"],"items_purchased_type":["Relic","Relic","Potion","Card"],"build_version":"2020-12-13","purchased_purges":2,"victory":false,"max_hp_per_floor":[75,75,75,75,75,75,75,75,75,75,75,75,75,75,75,75,75,75,75,75,75,75,75,85,85,85,85,85,85,85,85,85],"card_choices":[{"not_picked":["Dark Embrace","Power Through"],"picked":"Hemokinesis","floor":1.0},{"not_picked":["Thunderclap","Pummel","Heavy Blade"],"picked":"SKIP","floor":3.0},{"not_picked":["Dark Embrace+1","Infernal Blade"],"picked":"Whirlwind","floor":6.0},{"not_picked":["Perfected Strike","Thunderclap"],"picked":"Anger","floor":7.0},{"not_picked":["Pommel Strike","True Grit","Wild Strike"],"picked":"SKIP","floor":10.0},{"not_picked":["Shockwave","Armaments"],"picked":"Corruption+1","floor":11.0},{"not_picked":["Clash","Headbutt"],"picked":"Power Through","floor":14.0},{"not_picked":["Feed","Immolate"],"picked":"Barricade+1","floor":16.0},{"not_picked":["Armaments","Flex","Reckless Charge"],"picked":"SKIP","floor":18.0},{"not_picked":["Perfected Strike","Dropkick","Wild Strike"],"picked":"SKIP","floor":20.0},{"not_picked":["Evolve+1","Anger"],"picked":"Shrug It Off","floor":22.0},{"not_picked":["Reaper","Wild Strike","Sever Soul"],"picked":"SKIP","floor":24.0},{"not_picked":["Spot Weakness","Clothesline"],"picked":"Body Slam+1","floor":28.0},{"not_picked":["Warcry","Twin Strike"],"picked":"Shrug It Off","floor":29.0}],"player_experience":1249463,"relics_obtained":[{"floor":6.0,"key":"Frozen Egg 2"},{"floor":9.0,"key":"Tiny Chest"},{"floor":11.0,"key":"Juzu Bracelet"},{"floor":24.0,"key":"Pear"},{"floor":26.0,"key":"Lantern"}],"event_choices":[{"damage_healed":0.0,"max_hp_gain":0.0,"max_hp_loss":0.0,"gold_gain":0.0,"event_name":"Scrap Ooze","player_choice":"Success","floor":2.0,"gold_loss":0.0,"damage_taken":26.0,"relics_obtained":["Smiling Mask"]},{"damage_healed":0.0,"max_hp_gain":0.0,"max_hp_loss":0.0,"gold_gain":0.0,"event_name":"Accursed Blacksmith","player_choice":"Rummage","floor":4.0,"gold_loss":0.0,"damage_taken":0.0,"relics_obtained":["WarpedTongs"],"cards_obtained":["Pain"]},{"damage_healed":0.0,"max_hp_gain":0.0,"max_hp_loss":0.0,"gold_gain":0.0,"event_name":"Vampires","player_choice":"Ignored","floor":21.0,"gold_loss":0.0,"damage_taken":0.0},{"damage_healed":0.0,"max_hp_gain":0.0,"max_hp_loss":0.0,"gold_gain":0.0,"cards_transformed":["Strike_R","Strike_R"],"event_name":"Drug Dealer","player_choice":"Became Test Subject","floor":25.0,"gold_loss":0.0,"damage_taken":0.0,"cards_obtained":["Limit Break","Juggernaut"]},{"damage_healed":0.0,"max_hp_gain":0.0,"max_hp_loss":0.0,"gold_gain":0.0,"event_name":"The Joust","player_choice":"Bet on Murderer","floor":27.0,"gold_loss":50.0,"damage_taken":0.0}],"is_beta":false,"boss_relics":[{"not_picked":["Runic Dome","Coffee Dripper"],"picked":"Sozu"}],"items_purged_floors":[5,19],"is_endless":false,"potions_floor_spawned":[1,6,7,16,22,29],"killed_by":"Cultist and Chosen","ascension_level":20}}