{"host":"92108ef2q9tm8rod","time":1608475788,"event":{"mods":["BaseMod","Defuse TimeMaze Blight","Minty Spire (QoL Compilation)","StSLib","The Jungle"],"gold_per_floor":[116,131,131,151,169,195,12,50,77,104,104,137,137,27,27,129,129,141,141,158,174,47,47,73,73,119,152,152,166,17,35,35,133,183,197,547,399,410,455,488,488,514,587,587,605,260,277,303,303,303],"floor_reached":51,"playtime":3708,"items_purged":["Discovery","Deflect","PiercingWail","Deep Breath"],"score":1218,"play_id":"e78bdfc1-aeec-4089-9367-c34093b1316e","local_time":"20201220144948","daily_mods":["SealedDeck","Colorless Cards","Heirloom","Flight"],"is_ascension_mode":false,"campfire_choices":[{"data":"Catalyst","floor":11.0,"key":"SMITH"},{"data":"Blind","floor":13.0,"key":"SMITH"},{"data":"Good Instincts","floor":15.0,"key":"SMITH"},{"data":"Noxious Fumes","floor":23.0,"key":"SMITH"},{"data":"Deadly Poison","floor":25,"key":"SMITH"},{"data":"Corpse Explosion","floor":28,"key":"SMITH"},{"data":"Sadistic Nature","floor":32,"key":"SMITH"},{"data":"Adrenaline","floor":41,"key":"SMITH"},{"data":"Blur","floor":44,"key":"SMITH"},{"floor":49,"key":"DIG"}],"circlet_count":0,"master_deck":["Blind+1","Skewer+1","Good Instincts+1","Finesse","Catalyst+1","Deadly Poison+1","Blur+1","Poisoned Stab+1","Corpse Explosion+1","Noxious Fumes+1","Blur+1","Sadistic Nature+1","Adrenaline+1"],"relics":["Ring of the Snake","The Specimen","Blue Candle","Membership Card","Bronze Scales","Pen Nib","Blood Vial","Oddly Smooth Stone","Busted Crown","Whetstone","PreservedInsect","Regal Pillow","Molten Egg 2","Tiny House","Old Coin","Chemical X","Bag of Marbles","The Courier","Art of War","Question Card","ClockworkSouvenir","Shovel","Bottled Lightning","Snake Skull","Darkstone Periapt","Nunchaku"],"acts_visited":["Exordium","Exordium","TheBeyond"],"potions_floor_usage":[33,48,50,50,50],"damage_taken":[{"damage":0.0,"enemies":"Jaw Worm","floor":1.0,"turns":2.0},{"damage":0.0,"enemies":"Cultist","floor":2.0,"turns":4.0},{"damage":0.0,"enemies":"Small Slimes","floor":4.0,"turns":3.0},{"damage":0.0,"enemies":"Exordium Wildlife","floor":5.0,"turns":6.0},{"damage":3.0,"enemies":"Lagavulin","floor":6.0,"turns":6.0},{"damage":0.0,"enemies":"Looter","floor":8.0,"turns":3.0},{"damage":0.0,"enemies":"3 Sentries","floor":10.0,"turns":3.0},{"damage":0.0,"enemies":"Lagavulin","floor":12.0,"turns":6.0},{"damage":0.0,"enemies":"Slime Boss","floor":16.0,"turns":10.0},{"damage":0.0,"enemies":"theJungle:GiantWrat","floor":18.0,"turns":4.0},{"damage":0.0,"enemies":"theJungle:MUSHROOMGANG","floor":20.0,"turns":3.0},{"damage":0.0,"enemies":"theJungle:Snecko_Cultist_And_Trap","floor":21.0,"turns":4.0},{"damage":0,"enemies":"theJungle:MamaSnecko","floor":24,"turns":4},{"damage":0,"enemies":"theJungle:Cassacara","floor":27,"turns":4},{"damage":0,"enemies":"theJungle:JungleHuntersEncounter","floor":29,"turns":3},{"damage":0,"enemies":"theJungle:2_Flameangoes","floor":31,"turns":4},{"damage":0,"enemies":"theJungle:QueenSpyder","floor":33,"turns":4},{"damage":0,"enemies":"Orb Walker","floor":35,"turns":2},{"damage":0,"enemies":"Mind Bloom Boss Battle","floor":36,"turns":4},{"damage":0,"enemies":"3 Darklings","floor":38,"turns":1},{"damage":0,"enemies":"Reptomancer","floor":40,"turns":4},{"damage":0,"enemies":"Giant Head","floor":42,"turns":4},{"damage":0,"enemies":"Spire Growth","floor":45,"turns":2},{"damage":0,"enemies":"4 Shapes","floor":47,"turns":2},{"damage":0,"enemies":"Nemesis","floor":48,"turns":1},{"damage":0,"enemies":"Donu and Deca","floor":50,"turns":3}],"seed_played":"3320038981713765172","potions_obtained":[{"floor":2.0,"key":"Block Potion"},{"floor":6.0,"key":"Explosive Potion"},{"floor":10.0,"key":"Swift Potion"},{"floor":16.0,"key":"Explosive Potion"},{"floor":19.0,"key":"DuplicationPotion"},{"floor":19.0,"key":"Dexterity Potion"},{"floor":27,"key":"Ancient Potion"},{"floor":33,"key":"ColorlessPotion"},{"floor":38,"key":"GhostInAJar"},{"floor":48,"key":"Ancient Potion"}],"is_trial":true,"path_per_floor":["M","M","?","M","M","E","$","M","T","E","R","E","R","$","R","B",null,"M","?","M","M","$","R","E","R","T","E","R","M","$","M","R","B",null,"M","?","$","M","T","E","R","E","T","R","M","$","M","E","R","B",null],"character_chosen":"THE_SILENT","items_purchased":["Membership Card","Noxious Fumes","Oddly Smooth Stone","Whetstone","Sadistic Nature","Chemical X","ClockworkSouvenir","Shovel","Bottled Lightning","Snake Skull"],"campfire_rested":0,"item_purchase_floors":[7,7,14,22,30,37,46,46,46,46],"current_hp_per_floor":[70,70,70,70,70,67,67,67,67,67,67,67,67,67,67,69,70,70,70,70,70,70,70,70,70,70,70,70,70,70,70,70,70,75,75,75,75,75,75,75,75,75,75,75,75,75,75,75,75,75],"gold":303,"neow_bonus":"","is_daily":false,"chose_seed":false,"campfire_upgraded":9,"win_rate":0.0,"timestamp":1608475788,"path_taken":["M","M","?","M","M","E","$","M","T","E","R","E","R","$","R","BOSS","M","?","M","M","$","R","E","R","T","E","R","?","$","M","R","BOSS","M","?","$","M","?","E","R","E","T","R","M","$","M","E","R","BOSS"],"items_purchased_type":["Relic","Card","Relic","Relic","Card","Relic","Relic","Relic","Relic","Relic"],"build_version":"2020-12-13","purchased_purges":4,"victory":true,"max_hp_per_floor":[70,70,70,70,70,70,70,70,70,70,70,70,70,70,70,70,70,70,70,70,70,70,70,70,70,70,70,70,70,70,70,70,70,75,75,75,75,75,75,75,75,75,75,75,75,75,75,75,75,75],"card_choices":[{"not_picked":["Dagger Spray","Quick Slash"],"picked":"Blur","floor":1.0},{"not_picked":["Outmaneuver","Dodge and Roll","PiercingWail"],"picked":"SKIP","floor":2.0},{"not_picked":["Heel Hook","Quick Slash"],"picked":"Poisoned Stab","floor":4.0},{"not_picked":["Choke","Setup","Deflect"],"picked":"SKIP","floor":5.0},{"not_picked":["Acrobatics","Master of Strategy"],"picked":"Corpse Explosion","floor":6.0},{"not_picked":["Acrobatics","Infinite Blades"],"picked":"Blur","floor":8.0},{"not_picked":["Bandage Up","Acrobatics","Quick Slash"],"picked":"SKIP","floor":10.0},{"not_picked":["Heel Hook","Poisoned Stab","Riddle With Holes"],"picked":"SKIP","floor":12.0},{"not_picked":["Flying Knee"],"picked":"SKIP","floor":18.0},{"not_picked":["Dagger Spray"],"picked":"SKIP","floor":20.0},{"not_picked":["Dodge and Roll"],"picked":"SKIP","floor":21.0},{"not_picked":["Skewer"],"picked":"SKIP","floor":24},{"not_picked":["Skewer+1"],"picked":"SKIP","floor":27},{"not_picked":["Terror"],"picked":"SKIP","floor":29},{"not_picked":["Predator+1"],"picked":"SKIP","floor":31},{"not_picked":[],"picked":"Adrenaline","floor":33},{"not_picked":["Crippling Poison"],"picked":"SKIP","floor":35},{"not_picked":["Slice+1"],"picked":"SKIP","floor":38},{"not_picked":["Blade Dance"],"picked":"SKIP","floor":40},{"not_picked":["Outmaneuver"],"picked":"SKIP","floor":42},{"not_picked":["Cloak And Dagger","Footwork"],"picked":"SKIP","floor":45},{"not_picked":["Flash of Steel+1","Endless Agony+1"],"picked":"SKIP","floor":47},{"not_picked":["A Thousand Cuts","Backstab+1"],"picked":"SKIP","floor":48}],"player_experience":3163061,"relics_obtained":[{"floor":6.0,"key":"Blue Candle"},{"floor":9.0,"key":"Bronze Scales"},{"floor":10.0,"key":"Pen Nib"},{"floor":12.0,"key":"Blood Vial"},{"floor":24,"key":"PreservedInsect"},{"floor":26,"key":"Regal Pillow"},{"floor":27,"key":"Molten Egg 2"},{"floor":36,"key":"Old Coin"},{"floor":39,"key":"Bag of Marbles"},{"floor":40,"key":"The Courier"},{"floor":42,"key":"Art of War"},{"floor":43,"key":"Question Card"},{"floor":48,"key":"Darkstone Periapt"},{"floor":49,"key":"Nunchaku"}],"event_choices":[{"damage_healed":0.0,"max_hp_gain":0.0,"max_hp_loss":0.0,"gold_gain":0.0,"event_name":"NoteForYourself","player_choice":"Ignored","floor":3.0,"gold_loss":0.0,"damage_taken":0.0},{"damage_healed":0.0,"max_hp_gain":0.0,"max_hp_loss":0.0,"gold_gain":0.0,"event_name":"Lab","player_choice":"Got Potions","floor":19.0,"gold_loss":0.0,"damage_taken":0.0},{"damage_healed":0,"gold_gain":0,"player_choice":"Fight","damage_taken":0,"max_hp_gain":0,"max_hp_loss":0,"event_name":"MindBloom","floor":36,"gold_loss":0}],"is_beta":false,"boss_relics":[{"not_picked":["Astrolabe","Calling Bell"],"picked":"Busted Crown"},{"not_picked":["SlaversCollar","Empty Cage"],"picked":"Tiny House"}],"items_purged_floors":[14,22,30,37],"is_endless":false,"potions_floor_spawned":[2,6,10,16,24,27,29,33,36,38,42,48],"ascension_level":0}}