{"host":"brnfk772nsb90w3t","time":1608435697,"event":{"mods":["AchievementEnabler","BaseMod","Colored Powertips","Downfall","Highlight Path","Minty Spire (QoL Compilation)","Quick Restart","Shop Mod","StSLib","SuperFastMode"],"gold_per_floor":[99,111,125,156,156,156,201,228,59,234,254,268,284,335,352,352,352],"floor_reached":16,"playtime":1312,"items_purged":[],"score":112,"play_id":"9d0e0c33-5b0c-4c80-8555-ac6558e7a6f2","local_time":"20201220114137","is_ascension_mode":false,"campfire_choices":[{"data":"champ:Taunt","floor":1,"key":"SMITH"},{"data":"champ:Execute","floor":6,"key":"SMITH"}],"circlet_count":0,"master_deck":["champ:Strike","champ:Strike","champ:Strike","champ:Strike","champ:Defend","champ:Defend","champ:Defend","champ:Defend","champ:Execute+1","champ:Taunt+1","champ:BringItOn","champ:FocusedDefense","champ:AdrenalArmor","champ:FlashCut","champ:IgnorePain","Doubt","champ:ArenaPreparation","champ:DefensiveShout"],"relics":["champ:ChampionCrown","Nunchaku","Potion Belt","Art of War","Oddly Smooth Stone"],"acts_visited":["Exordium"],"potions_floor_usage":[12,13,13],"damage_taken":[{"damage":11,"enemies":"Small Slimes","floor":2,"turns":4},{"damage":0,"enemies":"Jaw Worm","floor":3,"turns":5},{"damage":55,"enemies":"Lagavulin","floor":4,"turns":9},{"damage":44,"enemies":"3 Sentries","floor":8,"turns":10},{"damage":9,"enemies":"downfall:FleeingMerchant","floor":9,"turns":4},{"damage":14,"enemies":"Cultist","floor":11,"turns":4},{"damage":18,"enemies":"Gremlin Gang","floor":12,"turns":6},{"damage":18,"enemies":"Exordium Wildlife","floor":13,"turns":5},{"damage":7,"enemies":"Red Slaver","floor":15,"turns":2},{"damage":12,"enemies":"downfall:Silent","floor":16,"turns":11}],"seed_played":"3477914822611744096","potions_obtained":[{"floor":3,"key":"SneckoOil"},{"floor":4,"key":"PowerPotion"},{"floor":11,"key":"Weak Potion"},{"floor":12,"key":"EssenceOfSteel"}],"is_trial":false,"path_per_floor":["R","M","M","E","?","R","T","E","$","?","M","M","M","T","M","B"],"character_chosen":"THE_CHAMP","items_purchased":["champ:IgnorePain"],"campfire_rested":0,"item_purchase_floors":[9],"current_hp_per_floor":[99,96,96,54,59,59,59,25,25,25,21,12,12,12,12,0,0],"gold":352,"neow_bonus":"TEN_PERCENT_HP_BONUS","is_daily":false,"chose_seed":false,"campfire_upgraded":2,"win_rate":0.0,"timestamp":1608435697,"path_taken":["R","M","M","E","?","R","T","E","$","?","M","M","M","?","M","BOSS"],"items_purchased_type":["Card"],"build_version":"2020-12-13","purchased_purges":0,"victory":false,"max_hp_per_floor":[99,99,99,99,104,104,104,104,104,104,104,104,104,104,104,104,104],"card_choices":[{"not_picked":["champ:FocusedDefense","champ:EndlessRage"],"picked":"champ:BringItOn","floor":2},{"not_picked":["champ:StanceDance","champ:FalseCounter"],"picked":"champ:FocusedDefense","floor":3},{"not_picked":["champ:DeathBlow","champ:Backstep","champ:EnragedBash"],"picked":"SKIP","floor":4},{"not_picked":["champ:Haymaker","champ:MurderStrike"],"picked":"champ:AdrenalArmor","floor":8},{"not_picked":["champ:PerfectedStrike","champ:Haymaker"],"picked":"champ:FlashCut","floor":9},{"not_picked":["champ:SkillfulDodge","champ:Riposte","champ:FocusedGladiator"],"picked":"SKIP","floor":11},{"not_picked":["champ:Encircle","champ:DefensiveStyle"],"picked":"champ:ArenaPreparation","floor":12},{"not_picked":["champ:PerfectedStrike","champ:Lariat","champ:Circumvent"],"picked":"SKIP","floor":13},{"not_picked":["champ:CheapShot","champ:Backstep"],"picked":"champ:DefensiveShout","floor":15}],"player_experience":617281,"relics_obtained":[{"floor":4,"key":"Nunchaku"},{"floor":7,"key":"Potion Belt"},{"floor":8,"key":"Art of War"},{"floor":14,"key":"Oddly Smooth Stone"}],"event_choices":[{"damage_healed":0,"gold_gain":0,"player_choice":"Donut","damage_taken":0,"max_hp_gain":5,"max_hp_loss":0,"event_name":"Big Fish","floor":5,"gold_loss":0}],"is_beta":false,"boss_relics":[],"items_purged_floors":[],"is_endless":false,"potions_floor_spawned":[3,4,11,12],"killed_by":"downfall:Silent","ascension_level":0}}