{"host":"agbyy69nq62afhwx","time":1608456137,"event":{"mods":["BaseMod","Colored Map","Highlight Path","Keyboard Shortcuts","Minty Spire (QoL Compilation)","Quick Restart","StSLib","SuperFastMode","everything is the same but u backflip on backflip"],"gold_per_floor":[110,125,142,152,152,152,168,168,168,168,202,212,66,66,66,197,197,210,225,256,275,32,32,32],"floor_reached":23,"playtime":814,"items_purged":["Strike_G"],"score":241,"play_id":"4dd59937-78c5-4115-9e23-494e48c1263b","local_time":"20201220182217","is_ascension_mode":true,"campfire_choices":[{"data":"Prepared","floor":6.0,"key":"SMITH"},{"data":"Eviscerate","floor":8.0,"key":"SMITH"},{"data":"Reflex","floor":15.0,"key":"SMITH"}],"circlet_count":0,"master_deck":["Strike_G","Strike_G","Strike_G","Defend_G","Defend_G","Defend_G","Defend_G","Defend_G","Survivor","Neutralize","Blade Dance","Acrobatics","Riddle With Holes","Prepared+1","Eviscerate+1","Reflex+1","Burst","Distraction+1","Prepared+1","Tactician","Acrobatics"],"relics":["Ring of the Snake","Bronze Scales","Paper Crane","Pantograph","Matryoshka","Lee\u0027s Waffle","Golden Idol","Black Star","Red Mask","Bag of Preparation"],"acts_visited":["Exordium","TheCity"],"potions_floor_usage":[23,23],"damage_taken":[{"damage":0.0,"enemies":"Jaw Worm","floor":1.0,"turns":4.0},{"damage":0.0,"enemies":"2 Louse","floor":2.0,"turns":2.0},{"damage":0.0,"enemies":"Small Slimes","floor":3.0,"turns":3.0},{"damage":17.0,"enemies":"Exordium Wildlife","floor":4.0,"turns":7.0},{"damage":10.0,"enemies":"2 Fungi Beasts","floor":7.0,"turns":4.0},{"damage":22.0,"enemies":"Gremlin Nob","floor":11.0,"turns":4.0},{"damage":1.0,"enemies":"Looter","floor":12.0,"turns":3.0},{"damage":63.0,"enemies":"Hexaghost","floor":16.0,"turns":11.0},{"damage":6.0,"enemies":"Shell Parasite","floor":18.0,"turns":7.0},{"damage":28.0,"enemies":"Chosen","floor":19.0,"turns":7.0},{"damage":17.0,"enemies":"Masked Bandits","floor":20.0,"turns":4.0},{"damage":0.0,"enemies":"Snake Plant","floor":21.0,"turns":3.0},{"damage":5,"enemies":"Book of Stabbing","floor":23,"turns":5}],"seed_played":"-6086391533928095984","potions_obtained":[{"floor":7.0,"key":"Poison Potion"},{"floor":11.0,"key":"EssenceOfSteel"},{"floor":12.0,"key":"FearPotion"}],"is_trial":false,"path_per_floor":["M","M","M","M","?","R","M","R","T","?","E","M","$","?","R","B",null,"M","M","?","M","$","E"],"character_chosen":"THE_SILENT","items_purchased":["Lee\u0027s Waffle","Bag of Preparation","Acrobatics"],"campfire_rested":0,"item_purchase_floors":[13,22,22],"current_hp_per_floor":[70,70,70,53,35,35,25,25,25,25,3,2,77,58,58,14,61,55,27,10,10,10,5,5],"gold":32,"neow_bonus":"RANDOM_COMMON_RELIC","is_daily":false,"chose_seed":false,"campfire_upgraded":3,"win_rate":0.0,"timestamp":1608456137,"path_taken":["M","M","M","M","?","R","M","R","T","?","E","M","$","?","R","BOSS","M","M","?","M","$","E"],"items_purchased_type":["Relic","Relic","Card"],"build_version":"2020-12-13","purchased_purges":1,"victory":false,"max_hp_per_floor":[70,70,70,70,70,70,70,70,70,70,70,70,77,77,77,77,77,77,77,77,77,77,77,77],"card_choices":[{"not_picked":["Bane","Terror"],"picked":"Blade Dance","floor":1.0},{"not_picked":["Deadly Poison","Dagger Spray"],"picked":"Acrobatics","floor":2.0},{"not_picked":["PiercingWail","Sucker Punch"],"picked":"Riddle With Holes","floor":3.0},{"not_picked":["Deflect","Poisoned Stab"],"picked":"Prepared","floor":4.0},{"not_picked":["Prepared","Cloak And Dagger"],"picked":"Eviscerate","floor":7.0},{"not_picked":["Deadly Poison","Dagger Spray","Acrobatics"],"picked":"SKIP","floor":11.0},{"not_picked":["Riddle With Holes","Distraction"],"picked":"Reflex","floor":12.0},{"not_picked":["Glass Knife","Bullet Time"],"picked":"Burst","floor":16.0},{"not_picked":["PiercingWail","Cloak And Dagger","Footwork"],"picked":"SKIP","floor":18.0},{"not_picked":["Acrobatics","Catalyst"],"picked":"Distraction+1","floor":19.0},{"not_picked":["Escape Plan+1","Poisoned Stab+1"],"picked":"Prepared+1","floor":20.0},{"not_picked":["Dagger Throw","Cloak And Dagger"],"picked":"Tactician","floor":21.0}],"player_experience":342118,"relics_obtained":[{"floor":9.0,"key":"Pantograph"},{"floor":11.0,"key":"Matryoshka"},{"floor":20.0,"key":"Red Mask"}],"event_choices":[{"damage_healed":0.0,"max_hp_gain":0.0,"max_hp_loss":0.0,"gold_gain":0.0,"event_name":"Scrap Ooze","player_choice":"Success","floor":5.0,"gold_loss":0.0,"damage_taken":18.0,"relics_obtained":["Paper Crane"]},{"cards_removed":["Strike_G"],"damage_healed":0.0,"max_hp_gain":0.0,"max_hp_loss":0.0,"gold_gain":0.0,"event_name":"Living Wall","player_choice":"Forget","floor":10.0,"gold_loss":0.0,"damage_taken":0.0},{"damage_healed":0.0,"max_hp_gain":0.0,"max_hp_loss":0.0,"gold_gain":0.0,"event_name":"Golden Idol","player_choice":"Take Damage","floor":14.0,"gold_loss":0.0,"damage_taken":19.0,"relics_obtained":["Golden Idol"]},{"damage_healed":0.0,"max_hp_gain":0.0,"max_hp_loss":0.0,"gold_gain":0.0,"event_name":"Masked Bandits","player_choice":"Fought Bandits","floor":20.0,"gold_loss":0.0,"damage_taken":0.0}],"is_beta":false,"boss_relics":[{"not_picked":["Fusion Hammer","Busted Crown"],"picked":"Black Star"}],"items_purged_floors":[22],"is_endless":false,"potions_floor_spawned":[7,11,12,19],"killed_by":"Book of Stabbing","ascension_level":5}}