{"host":"ix2a18c4ohfsrslv","time":1608506662,"event":{"mods":["BaseMod","Better Third Choice","Downfall","Halation","Marisa????????","Minty Spire (QoL Compilation)","Replay The Spire","StSLib","The Bladedancer","The Blue Laboratory"],"gold_per_floor":[119,219,231,231,250,250,267,282,282,310,328,339,339,392,392,522,522,510,510,510,609,9,24,55,55,78,30,53,53,53,74,74,200,200,218,239,302,423,423,423,13,13,13,29,29,29,29,50,50,50],"floor_reached":51,"playtime":3406,"items_purged":["Zap"],"score":1115,"play_id":"b13dbe67-761e-4db3-90af-9d49cad6d23a","local_time":"20201220152422","is_ascension_mode":false,"campfire_choices":[{"data":"Sunder","floor":6.0,"key":"SMITH"},{"floor":15.0,"key":"REST"},{"data":"Crystallizer","floor":25.0,"key":"SMITH"},{"data":"ReplayTheSpireMod:Calculation Training","floor":29.0,"key":"SMITH"},{"floor":32.0,"key":"DIG"},{"floor":40,"key":"REST"},{"floor":45,"key":"REST"},{"data":"Capacitor","floor":46,"key":"SMITH"},{"data":"Panic Button","floor":47,"key":"SMITH"},{"data":"Leap","floor":49,"key":"SMITH"}],"circlet_count":0,"master_deck":["Strike_B+1","Strike_B","Strike_B+1","Strike_B+1","Defend_B","Defend_B","Defend_B","Defend_B","Dualcast","hexamod:Sear","champ:Strike","Crystallizer+1","Cold Snap","Zap","Sunder+1","Barrage","Capacitor+1","Panic Button+1","ReplayTheSpireMod:Calculation Training+1","Leap+1","Barrage","FTL","Loop+1","Barrage","FIFO Queue+1","Crow Ritual+1","BootSequence+1","Barrage+1"],"relics":["FrozenCore","Torii","Pet Ghost","Bronze Scales","Golden Idol","Oddly Smooth Stone","MutagenicStrength","BargainBundle","Whetstone","Garlic","Simple Rune","Blue Doll","Quantum Egg","ReplayTheSpireMod:DimensionalGlitch","Thread and Needle","Ring of Shattering","Ring of Chaos","halation:PrussianBluePaint","halation:Komachan","Juzu Bracelet"],"acts_visited":["Exordium","TheCity","TheBeyond"],"potions_floor_usage":[50],"damage_taken":[{"damage":3.0,"enemies":"Jaw Worm","floor":1.0,"turns":4.0},{"damage":1.0,"enemies":"Cultist","floor":3.0,"turns":4.0},{"damage":1.0,"enemies":"2 Louse","floor":5.0,"turns":2.0},{"damage":19.0,"enemies":"Gremlin Gang","floor":7.0,"turns":4.0},{"damage":0.0,"enemies":"Large Slime","floor":8.0,"turns":3.0},{"damage":14.0,"enemies":"Gremlin Nob","floor":10.0,"turns":3.0},{"damage":1.0,"enemies":"Looter","floor":11.0,"turns":3.0},{"damage":0.0,"enemies":"3 Louse","floor":12.0,"turns":2.0},{"damage":0.0,"enemies":"Slime Boss","floor":16.0,"turns":6.0},{"damage":1.0,"enemies":"2 Thieves","floor":18.0,"turns":4.0},{"damage":1.0,"enemies":"Chosen","floor":23.0,"turns":5.0},{"damage":12.0,"enemies":"Book of Stabbing","floor":24.0,"turns":6.0},{"damage":0.0,"enemies":"3 Cultists","floor":28.0,"turns":5.0},{"damage":0.0,"enemies":"Snecko","floor":31.0,"turns":6.0},{"damage":3.0,"enemies":"Pondfish","floor":33.0,"turns":12.0},{"damage":6.0,"enemies":"3 Darklings","floor":35.0,"turns":5.0},{"damage":26,"enemies":"3 Shapes","floor":36,"turns":5},{"damage":0,"enemies":"Mind Bloom Boss Battle","floor":37,"turns":9},{"damage":0,"enemies":"Jaw Worm Horde","floor":44,"turns":5},{"damage":0,"enemies":"3 Darklings","floor":48,"turns":8},{"damage":0,"enemies":"Time Eater","floor":50,"turns":12}],"seed_played":"-5544847462922640970","potions_obtained":[{"floor":1.0,"key":"blueLaboratory:BottleOfRum"},{"floor":3.0,"key":"blueLaboratory:PhilterOfMotion"},{"floor":11.0,"key":"blueLaboratory:PhilterOfMotion"},{"floor":12.0,"key":"Block Potion"},{"floor":16.0,"key":"DuplicationPotion"},{"floor":24.0,"key":"blueLaboratory:BubblePotion"},{"floor":37,"key":"blueLaboratory:PhilterOfMotion"}],"is_trial":false,"path_per_floor":["M","?","M","?","M","R","M","M","T","E","M","M","?","T","R","B",null,"M","?","?","?","$","M","E","R","T","$","M","R","?","M","R","B",null,"M","M","?","?","?","R","$","?","T","M","R","R","R","M","R","B",null],"character_chosen":"DEFECT","items_purchased":["BargainBundle","Whetstone","Strength Potion","Garlic","Barrage","FocusPotion","halation:PrussianBluePaint","Crow Ritual+1","halation:Komachan"],"campfire_rested":3,"item_purchase_floors":[22,22,22,22,22,27,41,41,41],"current_hp_per_floor":[72,72,71,71,70,70,51,51,51,37,36,36,36,36,56,56,69,68,68,68,68,68,67,55,55,55,55,55,55,55,55,55,52,69,63,37,37,10,10,30,30,30,30,30,50,50,50,50,50,50],"gold":50,"neow_bonus":"ONE_RARE_RELIC","is_daily":false,"chose_seed":false,"campfire_upgraded":6,"win_rate":0.0,"timestamp":1608506662,"path_taken":["M","?","?","?","?","R","M","M","T","E","M","?","?","?","R","BOSS","M","?","?","?","?","M","E","R","T","$","M","R","?","M","R","BOSS","M","M","?","?","?","R","$","?","T","M","R","R","R","M","R","BOSS"],"items_purchased_type":["Relic","Relic","Potion","Relic","Card","Potion","Relic","Card","Relic"],"build_version":"2020-12-13","purchased_purges":1,"victory":true,"max_hp_per_floor":[75,75,75,75,75,75,75,75,75,75,75,75,69,69,69,69,69,69,69,69,69,69,69,69,69,69,69,69,69,69,69,69,69,69,69,69,69,69,69,69,69,69,69,69,69,69,69,69,69,69],"card_choices":[{"not_picked":["Self Repair","Consume"],"picked":"Crystallizer","floor":1.0},{"not_picked":["Glacier","ReplayTheSpireMod:Reroute Power"],"picked":"Cold Snap","floor":3.0},{"not_picked":["Time Bomb","Leap"],"picked":"Barrage","floor":5.0},{"not_picked":["Panic Button","Auto Shields"],"picked":"Capacitor","floor":7.0},{"not_picked":["Sunder","Gash"],"picked":"Panic Button","floor":8.0},{"not_picked":["Compile Driver","Ball Lightning"],"picked":"ReplayTheSpireMod:Calculation Training","floor":10.0},{"not_picked":["Steam","Stack","Turbo"],"picked":"SKIP","floor":11.0},{"not_picked":["Hologram","Blizzard"],"picked":"Leap","floor":12.0},{"not_picked":["Rebound","Cold Snap","Redo"],"picked":"SKIP","floor":18.0},{"not_picked":["ReplayTheSpireMod:GoodbyeWorld","Doom and Gloom","Redo"],"picked":"SKIP","floor":23.0},{"not_picked":["Sweeping Beam","Steam","ReplayRNGCard"],"picked":"SKIP","floor":24.0},{"not_picked":["Compile Driver","Glacier"],"picked":"FTL","floor":28.0},{"not_picked":["Cold Snap","Turbo","Hologram+1"],"picked":"SKIP","floor":31.0},{"not_picked":["Turbo","Cold Snap+1","Chaos"],"picked":"SKIP","floor":35.0},{"not_picked":["Steam+1","Ball Lightning+1"],"picked":"Loop+1","floor":36},{"not_picked":["Meteor Strike","Sunder"],"picked":"Barrage","floor":38},{"not_picked":["Ball Lightning+1","Double Energy+1"],"picked":"FIFO Queue+1","floor":38},{"not_picked":["ReplaySort","Redo"],"picked":"BootSequence+1","floor":44},{"not_picked":["Hologram","Genetic Algorithm+1"],"picked":"Barrage+1","floor":48}],"player_experience":90782,"relics_obtained":[{"floor":9.0,"key":"Pet Ghost"},{"floor":10.0,"key":"Bronze Scales"},{"floor":14.0,"key":"Oddly Smooth Stone"},{"floor":24.0,"key":"Simple Rune"},{"floor":26.0,"key":"Blue Doll"},{"floor":32.0,"key":"Quantum Egg"},{"floor":37,"key":"Thread and Needle"},{"floor":39,"key":"Ring of Shattering"},{"floor":39,"key":"Ring of Chaos"},{"floor":43,"key":"Juzu Bracelet"}],"event_choices":[{"damage_healed":0.0,"max_hp_gain":0.0,"max_hp_loss":0.0,"gold_gain":100.0,"event_name":"Golden Shrine","player_choice":"Pray","floor":2.0,"gold_loss":0.0,"damage_taken":0.0},{"damage_healed":0.0,"max_hp_gain":0.0,"max_hp_loss":0.0,"gold_gain":0.0,"event_name":"Match and Keep!","player_choice":"2 cards matched","floor":4.0,"gold_loss":0.0,"damage_taken":0.0,"cards_obtained":["Zap","Sunder"]},{"damage_healed":0.0,"max_hp_gain":0.0,"max_hp_loss":6.0,"gold_gain":0.0,"event_name":"Golden Idol","player_choice":"Lose Max HP","floor":13.0,"gold_loss":0.0,"damage_taken":0.0,"relics_obtained":["Golden Idol"]},{"damage_healed":0.0,"max_hp_gain":0.0,"max_hp_loss":0.0,"gold_gain":0.0,"event_name":"Drug Dealer","player_choice":"Inject Mutagens","floor":19.0,"gold_loss":0.0,"damage_taken":0.0,"relics_obtained":["MutagenicStrength"]},{"damage_healed":0.0,"max_hp_gain":0.0,"max_hp_loss":0.0,"gold_gain":99.0,"event_name":"betterThird:BetterNest","player_choice":"Steal","floor":21.0,"gold_loss":0.0,"damage_taken":0.0},{"damage_healed":0,"gold_gain":0,"player_choice":"Fight","damage_taken":0,"max_hp_gain":0,"max_hp_loss":0,"event_name":"MindBloom","floor":37,"gold_loss":0},{"cards_removed":["Looming Evil"],"damage_healed":0,"gold_gain":0,"player_choice":"Removed Curses","damage_taken":0,"max_hp_gain":0,"max_hp_loss":0,"event_name":"Fountain of Cleansing","floor":42,"gold_loss":0}],"is_beta":false,"boss_relics":[{"not_picked":["ChewingGum","ReplayTheSpireMod:Onyx Gauntlets"],"picked":"FrozenCore"},{"not_picked":["Runic Pyramid","halation:Yufonium"],"picked":"ReplayTheSpireMod:DimensionalGlitch"}],"items_purged_floors":[22],"is_endless":false,"potions_floor_spawned":[1,3,11,12,16,23,24,37,48],"ascension_level":0}}