{"host":"ufl0k2so27eic2iy","time":1608501281,"event":{"mods":["BaseMod","Minty Spire (QoL Compilation)","StSLib","The Animator"],"gold_per_floor":[123,137,156,156,0,0,27,27,27,27,71,85,32,79,79,157,157,189,41,41,41,59,90,90,120,143,143,143,156,173,48,48,123,123,140,151,176,66,95,95,95],"floor_reached":40,"playtime":2486,"items_purged":["animator:Strike","animator:YoshinoHaruhiko","animator:Arpeggio"],"score":760,"play_id":"3dc0cc44-e51c-4ad4-8e03-9e410ecdb0d7","local_time":"20201220215441","is_ascension_mode":true,"campfire_choices":[{"data":"animator:UneriGinkaku","floor":6.0,"key":"SMITH"},{"data":"animator:Shimako","floor":8.0,"key":"SMITH"},{"floor":10.0,"key":"REST"},{"data":"animator:Souei","floor":15.0,"key":"SMITH"},{"floor":24.0,"key":"REST"},{"floor":27.0,"key":"REST"},{"floor":32.0,"key":"REST"}],"circlet_count":0,"master_deck":["AscendersBane","animator:ShizuruNakatsu","animator:Kuroyukihime+1","animator:Shimako+1","animator:UneriGinkaku+1","animator:GuildGirl","animator:Kaijin","animator:Chibimoth","animator:Albedo","animator:Shichika","animator:Azekura+1","animator:Souei+1","animator:Ainz","animator:HighElfArcher","animator:Biyorigo","animator:Azekura","animator:ChihayaOhtori","animator:Witch","animator:ToukaNishikujou","animator:SougenEsaka","animator:Souei","animator:Chibimoth+1","animator:LuciaKonohana","animator:Shuna","animator:Sonic","animator:Shuna+1","animator:Shimako+1","animator:Nanami"],"relics":["animator:LivingPicture","animator:TheMissingPiece","Bronze Scales","Gambling Chip","Odd Mushroom","Mercury Hourglass","Pandora\u0027s Box","Dream Catcher","Tiny Chest","animator:WornHelmet","Sozu"],"acts_visited":["Exordium","TheCity","TheBeyond"],"potions_floor_usage":[33,33],"damage_taken":[{"damage":3.0,"enemies":"Cultist","floor":1.0,"turns":5.0},{"damage":4.0,"enemies":"Small Slimes","floor":2.0,"turns":4.0},{"damage":7.0,"enemies":"Jaw Worm","floor":3.0,"turns":4.0},{"damage":15.0,"enemies":"Lagavulin","floor":7.0,"turns":7.0},{"damage":9.0,"enemies":"The Mushroom Lair","floor":11.0,"turns":3.0},{"damage":0.0,"enemies":"3 Louse","floor":12.0,"turns":2.0},{"damage":6.0,"enemies":"3 Sentries","floor":14.0,"turns":6.0},{"damage":8.0,"enemies":"Slime Boss","floor":16.0,"turns":10.0},{"damage":3.0,"enemies":"Chosen","floor":18.0,"turns":5.0},{"damage":6.0,"enemies":"Spheric Guardian","floor":22.0,"turns":3.0},{"damage":34.0,"enemies":"Gremlin Leader","floor":23.0,"turns":10.0},{"damage":23.0,"enemies":"Book of Stabbing","floor":25.0,"turns":7.0},{"damage":15.0,"enemies":"Shelled Parasite and Fungi","floor":29.0,"turns":7.0},{"damage":8.0,"enemies":"Snake Plant","floor":30.0,"turns":4.0},{"damage":8,"enemies":"Champ","floor":33,"turns":16},{"damage":6,"enemies":"Orb Walker","floor":35,"turns":5},{"damage":23,"enemies":"3 Shapes","floor":36,"turns":4},{"damage":10,"enemies":"3 Darklings","floor":37,"turns":9},{"damage":4,"enemies":"4 Shapes","floor":39,"turns":8},{"damage":10,"enemies":"Reptomancer","floor":40,"turns":3}],"seed_played":"113251002146742131","potions_obtained":[{"floor":7.0,"key":"Dexterity Potion"},{"floor":11.0,"key":"Block Potion"},{"floor":16.0,"key":"DuplicationPotion"},{"floor":23.0,"key":"EssenceOfSteel"},{"floor":29.0,"key":"GamblersBrew"},{"floor":30.0,"key":"EntropicBrew"}],"is_trial":false,"path_per_floor":["M","M","M","?","$","R","E","R","T","R","?","M","$","E","R","B",null,"M","$","?","?","M","E","R","E","T","R","?","M","M","$","R","B",null,"M","M","M","?","M","E"],"character_chosen":"THE_ANIMATOR","items_purchased":["animator:Kaijin","animator:Azekura","animator:SougenEsaka"],"campfire_rested":4,"item_purchase_floors":[5,13,19],"current_hp_per_floor":[51,47,40,40,40,40,26,26,26,44,35,35,35,29,29,21,51,48,48,48,48,42,8,26,4,4,22,34,19,11,11,29,21,52,46,23,13,13,9,0,0],"gold":95,"neow_bonus":"RANDOM_COLORLESS","is_daily":false,"chose_seed":true,"campfire_upgraded":3,"win_rate":0.0,"timestamp":1608501281,"path_taken":["M","M","M","?","$","R","E","R","T","R","?","M","?","E","R","BOSS","M","$","?","?","M","E","R","E","T","R","?","M","M","?","R","BOSS","M","M","M","?","M","E"],"items_purchased_type":["Card","Card","Card"],"build_version":"2020-12-13","purchased_purges":3,"victory":false,"max_hp_per_floor":[60,60,60,60,60,60,61,61,61,61,61,61,61,61,61,61,61,61,61,61,61,61,61,61,62,62,62,62,62,62,62,62,62,62,62,62,62,62,62,62,62],"card_choices":[{"not_picked":["animator:Cirno","animator:MisakiNakahara"],"picked":"animator:Kuroyukihime","floor":0.0},{"not_picked":["animator:Nanami","animator:Demiurge"],"picked":"animator:Shimako","floor":1.0},{"not_picked":["animator:Kuribayashi","animator:GazelDwargon"],"picked":"animator:UneriGinkaku","floor":2.0},{"not_picked":["animator:Millim","animator:Tatsumaki"],"picked":"animator:GuildGirl","floor":3.0},{"not_picked":["animator:ShizuruNakatsu","animator:SakuyaOhtori"],"picked":"animator:Chibimoth","floor":7.0},{"not_picked":["animator:Kuribayashi","animator:Millim"],"picked":"animator:Albedo","floor":11.0},{"not_picked":["animator:Vesta","animator:Togame"],"picked":"animator:Shichika","floor":12.0},{"not_picked":["animator:TsurugaMeisai","animator:Emonzaemon"],"picked":"animator:Souei","floor":14.0},{"not_picked":["animator:Albedo","animator:KotarouTennouji"],"picked":"animator:Saitama","floor":16.0},{"not_picked":["animator:Konayuki","animator:Benimaru"],"picked":"animator:ToukaNishikujou","floor":18.0},{"not_picked":["animator:Shuna","animator:GazelDwargon"],"picked":"animator:Souei","floor":22.0},{"not_picked":["animator:Benimaru","animator:GazelDwargon","animator:NarberalGamma+1"],"picked":"SKIP","floor":23.0},{"not_picked":["animator:NarberalGamma","animator:Melzalgald"],"picked":"animator:Chibimoth+1","floor":24.0},{"not_picked":["animator:Arpeggio","animator:Shalltear"],"picked":"animator:LuciaKonohana","floor":25.0},{"not_picked":["animator:LeleiLaLalena","animator:MumenRider"],"picked":"animator:Shuna","floor":29.0},{"not_picked":["animator:Tyuule","animator:Cocytus"],"picked":"animator:Sonic","floor":32.0},{"not_picked":["animator:TsurugaMeisai","animator:Souei"],"picked":"animator:Shuna+1","floor":35},{"not_picked":["animator:Geryuganshoop","animator:NarberalGamma","animator:ChihayaOhtori"],"picked":"SKIP","floor":36},{"not_picked":["animator:SougenEsaka","animator:MumenRider"],"picked":"animator:Shimako+1","floor":37},{"not_picked":["animator:Togame","animator:TsurugaMeisai"],"picked":"animator:Nanami","floor":39}],"player_experience":2336337,"relics_obtained":[{"floor":7.0,"key":"Bronze Scales"},{"floor":9.0,"key":"Gambling Chip"},{"floor":11.0,"key":"Odd Mushroom"},{"floor":14.0,"key":"Mercury Hourglass"},{"floor":23.0,"key":"Dream Catcher"},{"floor":25.0,"key":"Tiny Chest"},{"floor":26.0,"key":"animator:WornHelmet"}],"event_choices":[{"damage_healed":0.0,"max_hp_gain":0.0,"max_hp_loss":0.0,"gold_gain":0.0,"event_name":"Living Wall","player_choice":"Grow","floor":4.0,"gold_loss":0.0,"damage_taken":0.0,"cards_upgraded":["animator:Kuroyukihime"]},{"damage_healed":0.0,"max_hp_gain":0.0,"max_hp_loss":0.0,"gold_gain":0.0,"event_name":"Mushrooms","player_choice":"Fought Mushrooms","floor":11.0,"gold_loss":0.0,"damage_taken":0.0},{"damage_healed":0.0,"max_hp_gain":0.0,"max_hp_loss":0.0,"gold_gain":0.0,"event_name":"Vampires","player_choice":"Ignored","floor":20.0,"gold_loss":0.0,"damage_taken":0.0},{"damage_healed":12.0,"max_hp_gain":0.0,"max_hp_loss":0.0,"gold_gain":0.0,"event_name":"The Library","player_choice":"Heal","floor":28.0,"gold_loss":0.0,"damage_taken":0.0},{"cards_removed":["animator:Saitama"],"damage_healed":0,"gold_gain":0,"player_choice":"Upgrade and Remove","damage_taken":0,"max_hp_gain":0,"max_hp_loss":0,"event_name":"Designer","floor":38,"gold_loss":110,"cards_upgraded":["animator:Azekura"]}],"is_beta":false,"boss_relics":[{"not_picked":["animator:RacePiece","Busted Crown"],"picked":"Pandora\u0027s Box"},{"not_picked":["Calling Bell","Fusion Hammer"],"picked":"Sozu"}],"items_purged_floors":[5,19,31],"is_endless":false,"potions_floor_spawned":[7,11,16,22,23,29,30],"killed_by":"Reptomancer","ascension_level":15}}