{"host":"050ensmz1fh1c58u","time":1608462589,"event":{"mods":["BaseMod","Downfall","Gremlin Mod","Minty Spire (QoL Compilation)","READ ME - Guardian Mod","StSLib","The Animator","The Bug Knight","The Cursed","The Disciple","The Servant 0.9.4"],"gold_per_floor":[99,99,128,147,181,281,281,298,328,328,346,360,55,68,84,182,182,182,211,221,221,321,383,410,335,363,288,305,355,366,436,455,557,557,557,607,449,449,464,251,251,176,194,225,225,275,287,305,324,324],"floor_reached":51,"playtime":4616,"items_purged":[],"score":945,"play_id":"cb2d9eb5-f361-4396-9d09-df977e6bd9c5","local_time":"20201220120949","is_ascension_mode":true,"campfire_choices":[{"data":"hexamod:Sear","floor":1,"key":"SMITH"},{"floor":10,"key":"REST"},{"floor":18,"key":"RECALL"},{"floor":25,"key":"REST"},{"floor":27,"key":"REST"},{"floor":35,"key":"REST"},{"floor":38,"key":"REST"},{"floor":42,"key":"REST"}],"circlet_count":0,"master_deck":["hexamod:Strike+1","hexamod:Strike+1","hexamod:Strike+1","hexamod:Defend+1","hexamod:Defend+1","hexamod:Defend+1","hexamod:Defend+1","hexamod:Sear+1","hexamod:Float+1","hexamod:SixthSeal","hexamod:ExtraCrispy+1","hexamod:NightmareGuise+1","hexamod:GiftsFromTheDead+1","hexamod:SpectralSpark+1","hexamod:SpectralSpark+1","hexamod:TimeOfNeed+1","hexamod:GhostflameBarrier+1","hexamod:SearingWound+1","hexamod:FourthSeal","hexamod:GhostShield+1","hexamod:ExtraCrispy+1","hexamod:HexaLevel+1","hexamod:SpectralSpark+1","hexamod:UnleashSpirits+1","expansioncontent:DonusPower+1"],"relics":["hexamod:SpiritBrand","Anchor","Kunai","Toxic Egg 2","CaptainsWheel","hexamod:RecyclingMachine","Fusion Hammer","Gambling Chip","downfall:CloakOfManyFaces","CultistMask","FaceOfCleric","NlothsMask","GremlinMask","SsserpentHead","downfall:HeartBlessingRed","Pantograph","downfall:HeartBlessingGreen","Busted Crown","hexamod:JarOfFuel","downfall:HeartBlessingBlue","Potion Belt"],"acts_visited":["Exordium","TheCity","TheBeyond"],"potions_floor_usage":[9,19,20,33,44,44,45,49,49,49,50,50,50,50],"damage_taken":[{"damage":15,"enemies":"Lagavulin","floor":3,"turns":6},{"damage":2,"enemies":"Jaw Worm","floor":4,"turns":7},{"damage":4,"enemies":"3 Sentries","floor":5,"turns":11},{"damage":0,"enemies":"2 Louse","floor":8,"turns":4},{"damage":24,"enemies":"Gremlin Nob","floor":9,"turns":5},{"damage":0,"enemies":"Cultist","floor":11,"turns":3},{"damage":0,"enemies":"3 Louse","floor":12,"turns":3},{"damage":0,"enemies":"downfall:FleeingMerchant","floor":13,"turns":4},{"damage":0,"enemies":"Lots of Slimes","floor":14,"turns":4},{"damage":0,"enemies":"Large Slime","floor":15,"turns":3},{"damage":20,"enemies":"downfall:Defect","floor":16,"turns":7},{"damage":0,"enemies":"HollowMod:Nosk","floor":19,"turns":5},{"damage":8,"enemies":"3 Byrds","floor":20,"turns":3},{"damage":0,"enemies":"downfall:FaceTrader","floor":22,"turns":7},{"damage":8,"enemies":"3 Cultists","floor":23,"turns":6},{"damage":13,"enemies":"Gremlin Leader","floor":26,"turns":5},{"damage":1,"enemies":"Snecko","floor":28,"turns":4},{"damage":15,"enemies":"Cultist and Chosen","floor":30,"turns":5},{"damage":0,"enemies":"Snake Plant","floor":31,"turns":3},{"damage":0,"enemies":"Chosen and Byrds","floor":32,"turns":4},{"damage":16,"enemies":"downfall:Silent","floor":33,"turns":9},{"damage":0,"enemies":"downfall:FleeingMerchant","floor":37,"turns":4},{"damage":0,"enemies":"Orb Walker","floor":39,"turns":4},{"damage":0,"enemies":"downfall:FleeingMerchant","floor":40,"turns":4},{"damage":0,"enemies":"3 Shapes","floor":43,"turns":3},{"damage":11,"enemies":"Reptomancer","floor":44,"turns":3},{"damage":0,"enemies":"3 Darklings","floor":45,"turns":2},{"damage":6,"enemies":"Spire Growth","floor":47,"turns":4},{"damage":0,"enemies":"4 Shapes","floor":48,"turns":5},{"damage":11,"enemies":"Writhing Mass","floor":49,"turns":4},{"damage":0,"enemies":"downfall:Watcher","floor":50,"turns":5}],"seed_played":"-1602125844955725425","potions_obtained":[{"floor":5,"key":"Strength Potion"},{"floor":12,"key":"Swift Potion"},{"floor":14,"key":"Weak Potion"},{"floor":20,"key":"Swift Potion"},{"floor":21,"key":"CultistPotion"},{"floor":23,"key":"Explosive Potion"},{"floor":26,"key":"SkillPotion"},{"floor":29,"key":"DuplicationPotion"},{"floor":29,"key":"CultistPotion"},{"floor":33,"key":"Block Potion"},{"floor":39,"key":"DuplicationPotion"},{"floor":44,"key":"SmokeBomb"},{"floor":47,"key":"DistilledChaos"},{"floor":47,"key":"Weak Potion"},{"floor":48,"key":"Fire Potion"},{"floor":49,"key":"Fire Potion"},{"floor":49,"key":"EntropicBrew"}],"is_trial":false,"path_per_floor":["R","?","E","M","E","?","T","M","E","R","M","M","$","M","M","B",null,"R","E","M","?","?","M","T","R","E","R","M","?","M","M","M","B",null,"R","?","$","R","M","$","T","R","M","E","M","?","M","M","M","B",null],"character_chosen":"THE_SPIRIT","items_purchased":["hexamod:TimeOfNeed+1","hexamod:RecyclingMachine","hexamod:JarOfFuel","hexamod:SpectralSpark+1","hexamod:UnleashSpirits"],"campfire_rested":6,"item_purchase_floors":[13,13,37,40,40],"current_hp_per_floor":[70,75,60,58,54,54,54,54,30,52,52,52,52,52,52,32,75,75,75,67,67,67,60,60,76,64,77,77,77,63,64,65,66,82,82,82,83,83,84,85,85,95,96,86,87,87,82,83,73,99],"gold":324,"neow_bonus":"TRANSFORM_CARD","is_daily":false,"chose_seed":false,"campfire_upgraded":1,"win_rate":0.0,"timestamp":1608462589,"path_taken":["R","?","E","M","E","?","T","?","E","R","M","M","$","M","M","BOSS","R","E","M","?","?","?","T","R","E","R","M","?","M","?","M","BOSS","R","?","$","R","M","$","T","R","M","E","M","?","M","M","M","BOSS"],"items_purchased_type":["Card","Relic","Relic","Card","Card"],"build_version":"2020-12-13","purchased_purges":0,"victory":true,"max_hp_per_floor":[70,75,75,75,75,75,75,75,75,75,75,75,75,75,75,75,75,75,75,75,75,75,76,76,76,77,77,78,78,79,80,81,82,82,82,82,83,83,84,85,85,95,96,97,98,98,99,100,101,102],"card_choices":[{"not_picked":["hexamod:NightmareGuise","hexamod:SpectersWail"],"picked":"hexamod:ExtraCrispy","floor":3},{"not_picked":["hexamod:GhostLash","hexamod:AdvancingGuard"],"picked":"hexamod:NightmareGuise","floor":4},{"not_picked":["hexamod:GhostShield","hexamod:SwordOfDarkness"],"picked":"hexamod:GiftsFromTheDead","floor":5},{"not_picked":["hexamod:BurningTouch+1","hexamod:RainOfEmbers"],"picked":"hexamod:SpectralSpark+1","floor":8},{"not_picked":["hexamod:GhostLash","hexamod:SwordOfDarkness"],"picked":"hexamod:SpectralSpark+1","floor":9},{"not_picked":["hexamod:SwordOfDarkness","hexamod:BacktrackSmack","hexamod:ThermalTransfer"],"picked":"SKIP","floor":11},{"not_picked":["hexamod:GiftsFromTheDead","hexamod:EmpoweredFlame","hexamod:NightmareStrike"],"picked":"SKIP","floor":12},{"not_picked":["hexamod:HeatMetal","hexamod:GhostLash","hexamod:Firestarter"],"picked":"SKIP","floor":13},{"not_picked":["hexamod:BacktrackSmack","hexamod:RainOfEmbers"],"picked":"hexamod:GhostflameBarrier+1","floor":14},{"not_picked":["hexamod:ShieldOfDarkness+1","hexamod:Hexaguard+1","hexamod:ParanormalForm"],"picked":"SKIP","floor":15},{"not_picked":["hexamod:GhostflameInferno+1","hexamod:ApocalypticArmor"],"picked":"hexamod:SearingWound+1","floor":16},{"not_picked":["hexamod:Firestarter+1","hexamod:SecondSeal","hexamod:FastForward+1"],"picked":"SKIP","floor":19},{"not_picked":["hexamod:ThirdSeal","hexamod:SkipABeat+1"],"picked":"hexamod:FourthSeal","floor":20},{"not_picked":["hexamod:SpectersWail","hexamod:Firestarter+1"],"picked":"hexamod:GhostShield+1","floor":23},{"not_picked":["hexamod:GhostShield+1","hexamod:TurnItUp+1"],"picked":"hexamod:ExtraCrispy","floor":26},{"not_picked":["hexamod:GhostShield+1","hexamod:FastForward+1","hexamod:Haunt+1"],"picked":"SKIP","floor":28},{"not_picked":["hexamod:AdvancingGuard+1","hexamod:SpectersWail","hexamod:PhantomCloak"],"picked":"SKIP","floor":30},{"not_picked":["hexamod:GhostShield+1","hexamod:NightmareStrike","hexamod:ApocalypseNow+1"],"picked":"SKIP","floor":31},{"not_picked":["hexamod:SecondSeal","hexamod:PhantomCloak","hexamod:BurningTouch+1"],"picked":"SKIP","floor":32},{"not_picked":["hexamod:UnleashSpirits","hexamod:TimeOfNeed+1"],"picked":"hexamod:HexaLevel","floor":33},{"not_picked":["hexamod:ThermalTransfer+1"],"picked":"SKIP","floor":37},{"not_picked":["hexamod:GhostLash+1"],"picked":"SKIP","floor":39},{"not_picked":["hexamod:BurningTouch+1"],"picked":"SKIP","floor":40},{"not_picked":["hexamod:FirstSeal"],"picked":"SKIP","floor":43},{"not_picked":["hexamod:GhostShield+1"],"picked":"SKIP","floor":44},{"not_picked":[],"picked":"expansioncontent:DonusPower+1","floor":46},{"not_picked":["hexamod:FirstSeal"],"picked":"SKIP","floor":47},{"not_picked":["hexamod:ThermalTransfer+1"],"picked":"SKIP","floor":48},{"not_picked":["hexamod:NightmareGuise+1"],"picked":"SKIP","floor":49}],"player_experience":1546568,"relics_obtained":[{"floor":3,"key":"Anchor"},{"floor":5,"key":"Kunai"},{"floor":7,"key":"Toxic Egg 2"},{"floor":9,"key":"CaptainsWheel"},{"floor":19,"key":"Gambling Chip"},{"floor":22,"key":"downfall:CloakOfManyFaces"},{"floor":26,"key":"Pantograph"},{"floor":44,"key":"Potion Belt"}],"event_choices":[{"damage_healed":0,"gold_gain":0,"player_choice":"Donut","damage_taken":0,"max_hp_gain":5,"max_hp_loss":0,"event_name":"Big Fish","floor":2,"gold_loss":0},{"damage_healed":0,"gold_gain":0,"player_choice":"Got Potions","damage_taken":0,"max_hp_gain":0,"max_hp_loss":0,"event_name":"Lab","floor":29,"gold_loss":0}],"is_beta":false,"boss_relics":[{"not_picked":["Runic Dome","Black Star"],"picked":"Fusion Hammer"},{"not_picked":["Calling Bell","Velvet Choker"],"picked":"Busted Crown"}],"items_purged_floors":[],"is_endless":false,"potions_floor_spawned":[5,12,14,20,23,28,33,39,47,49],"ascension_level":2}}