{"host":"msepye59htvs4aw4","time":1608469170,"event":{"mods":["BaseMod","Colored Map","DeckTracker","Highlight Path","Minty Spire (QoL Compilation)","Shop Mod","StSLib","SuperFastMode"],"gold_per_floor":[118,118,46,63,73,73,99,99,99,99,115,133,133,145,145,216,216,231,247,247,247],"floor_reached":20,"playtime":445,"items_purged":[],"score":308,"play_id":"f91923d7-414c-4672-b859-5fc7030db603","local_time":"20201220135930","is_ascension_mode":true,"campfire_choices":[{"floor":6,"key":"REST"},{"floor":8,"key":"REST"},{"floor":10,"key":"REST"},{"floor":13,"key":"REST"},{"floor":15,"key":"REST"}],"circlet_count":0,"master_deck":["AscendersBane","Strike_G","Strike_G","Strike_G","Strike_G","Strike_G","Defend_G","Defend_G","Defend_G","Defend_G","Survivor","Neutralize","Noxious Fumes","Caltrops","Noxious Fumes","Deadly Poison","Crippling Poison","Bouncing Flask","Corpse Explosion","Well Laid Plans"],"relics":["Ring of the Snake","Dead Branch","Letter Opener","Busted Crown"],"acts_visited":["Exordium","TheCity"],"potions_floor_usage":[5,7,14,16,20],"damage_taken":[{"damage":1,"enemies":"Jaw Worm","floor":1,"turns":4},{"damage":2,"enemies":"Cultist","floor":4,"turns":4},{"damage":12,"enemies":"2 Louse","floor":5,"turns":3},{"damage":36,"enemies":"Gremlin Nob","floor":7,"turns":5},{"damage":12,"enemies":"Exordium Wildlife","floor":11,"turns":4},{"damage":5,"enemies":"3 Louse","floor":12,"turns":3},{"damage":23,"enemies":"Lots of Slimes","floor":14,"turns":3},{"damage":66,"enemies":"Slime Boss","floor":16,"turns":9},{"damage":13,"enemies":"Spheric Guardian","floor":18,"turns":4},{"damage":7,"enemies":"Chosen","floor":19,"turns":5},{"damage":45,"enemies":"Masked Bandits","floor":20,"turns":3}],"seed_played":"509047812720852363","potions_obtained":[{"floor":1,"key":"DistilledChaos"},{"floor":4,"key":"Dexterity Potion"},{"floor":5,"key":"PowerPotion"},{"floor":11,"key":"FearPotion"},{"floor":19,"key":"CultistPotion"}],"is_trial":false,"path_per_floor":["M","?","$","M","M","R","E","R","T","R","M","M","R","M","R","B",null,"M","M","?"],"character_chosen":"THE_SILENT","items_purchased":["Noxious Fumes"],"campfire_rested":5,"item_purchase_floors":[3],"current_hp_per_floor":[64,64,64,62,50,71,35,56,56,72,60,55,72,49,70,4,55,42,35,0,0],"gold":247,"neow_bonus":"TEN_PERCENT_HP_BONUS","is_daily":false,"chose_seed":false,"campfire_upgraded":0,"win_rate":0.0,"timestamp":1608469170,"path_taken":["M","?","?","M","M","R","E","R","T","R","?","M","R","M","R","BOSS","M","M","?"],"items_purchased_type":["Card"],"build_version":"2020-12-13","purchased_purges":0,"victory":false,"max_hp_per_floor":[72,72,72,72,72,72,72,72,72,72,72,72,72,72,72,72,72,72,72,72,72],"card_choices":[{"not_picked":["Flying Knee","Dash"],"picked":"Noxious Fumes","floor":1},{"not_picked":["Masterful Stab","Expertise","Concentrate"],"picked":"SKIP","floor":4},{"not_picked":["Dash","Bane"],"picked":"Deadly Poison","floor":5},{"not_picked":["Concentrate","Acrobatics","Deflect"],"picked":"SKIP","floor":7},{"not_picked":["PiercingWail","Acrobatics"],"picked":"Crippling Poison","floor":11},{"not_picked":["Dagger Throw","Flechettes","Masterful Stab"],"picked":"SKIP","floor":12},{"not_picked":["Bullet Time","Infinite Blades"],"picked":"Bouncing Flask","floor":14},{"not_picked":["Phantasmal Killer","Wraith Form v2"],"picked":"Corpse Explosion","floor":16},{"not_picked":["Quick Slash"],"picked":"SKIP","floor":18},{"not_picked":[],"picked":"Well Laid Plans","floor":19}],"player_experience":1607999,"relics_obtained":[{"floor":7,"key":"Dead Branch"},{"floor":9,"key":"Letter Opener"}],"event_choices":[{"damage_healed":0,"gold_gain":0,"cards_transformed":["Defend_G"],"player_choice":"Transformed","damage_taken":0,"max_hp_gain":0,"max_hp_loss":0,"event_name":"Transmorgrifier","floor":2,"gold_loss":0,"cards_obtained":["Caltrops"]},{"damage_healed":0,"gold_gain":0,"player_choice":"Fought Bandits","damage_taken":0,"max_hp_gain":0,"max_hp_loss":0,"event_name":"Masked Bandits","floor":20,"gold_loss":0}],"is_beta":false,"boss_relics":[{"not_picked":["Fusion Hammer","HoveringKite"],"picked":"Busted Crown"}],"items_purged_floors":[],"is_endless":false,"potions_floor_spawned":[1,4,5,11,19],"killed_by":"Masked Bandits","ascension_level":15}}