{"host":"7t8rqoeeopyy0nh0","time":1608453528,"event":{"mods":["AchievementEnabler","BaseMod","Better Third Choice","BetterRewards","Colored Map","Colored Powertips","Downfall","Hubris","Infinite Spire","Minty Spire (QoL Compilation)","Replay The Spire","StSLib"],"gold_per_floor":[116,116,116,216,231,231,243,277,277,310,310,310,340,416,416,518,518,458,238,238,238,238,238,238,238,238,238,238,238,238,238,238,238,238,238,238,238,238,238,238,238,238,238,238,238,138,138,138,138,138],"floor_reached":51,"playtime":2501,"items_purged":["Strike_B","Strike_B"],"score":1237,"play_id":"7ce917bb-3b58-422a-aeaf-f945522189eb","local_time":"20201220033848","is_ascension_mode":true,"campfire_choices":[{"floor":6.0,"key":"REST"},{"floor":11.0,"key":"REST"},{"floor":15.0,"key":"REST"},{"data":"Static Discharge","floor":24.0,"key":"SMITH"},{"data":"Barrage","floor":32.0,"key":"SMITH"},{"data":"Creative AI","floor":47,"key":"SMITH"},{"data":"ReplayTheSpireMod:Book of Names","floor":49,"key":"SMITH"}],"circlet_count":0,"master_deck":["Strike_B","Strike_B","Defend_B","Defend_B","Defend_B","Defend_B","Zap+1","Dualcast","Coolheaded","Static Discharge+1","Leap","Coolheaded","Stack","Cold Snap","Chaos+1","Fission+1","Self Repair","ReplayTheSpireMod:Book of Names+1","Barrage+1","ReplayTheSpireMod:Calculation Training+1","BasicCrystalCard+1","Creative AI+1","CurseOfTheBell","Genetic Algorithm+1","expansioncontent:Corrupt+1","Panacea+1","Capacitor+1","Defragment+1"],"relics":["Cracked Core","Mummified Hand","Blue Doll","hubris:SphereOfDissonance","Boot","Juzu Bracelet","Toxic Egg 2","Letter Opener","Meat on the Bone","Ectoplasm","MealTicket","Akabeko","PreservedInsect","MutagenicStrength","hubris:BottledRain","Calling Bell","Oddly Smooth Stone","hubris:MobiusCoin","Calipers","Torii","ReplayTheSpireMod:TigerMarble","Pantograph","StrikeDummy"],"acts_visited":["Exordium","TheCity","TheBeyond"],"potions_floor_usage":[40,42,50],"damage_taken":[{"damage":7.0,"enemies":"2 Louse","floor":1.0,"turns":2.0},{"damage":0.0,"enemies":"Cultist","floor":5.0,"turns":3.0},{"damage":2.0,"enemies":"Small Slimes","floor":7.0,"turns":4.0},{"damage":33.0,"enemies":"Gremlin Nob","floor":8.0,"turns":4.0},{"damage":7.0,"enemies":"3 Sentries","floor":10.0,"turns":10.0},{"damage":12.0,"enemies":"Gremlin Nob","floor":13.0,"turns":4.0},{"damage":32.0,"enemies":"Fading Forest","floor":16.0,"turns":11.0},{"damage":6.0,"enemies":"2 Thieves","floor":18.0,"turns":4.0},{"damage":7.0,"enemies":"Shell Parasite","floor":22.0,"turns":4.0},{"damage":13.0,"enemies":"Replay:Snechameleon","floor":23.0,"turns":6.0},{"damage":0.0,"enemies":"3 Cultists","floor":25.0,"turns":4.0},{"damage":9.0,"enemies":"Centurion and Healer","floor":29.0,"turns":6.0},{"damage":26.0,"enemies":"Slavers","floor":30.0,"turns":4.0},{"damage":4.0,"enemies":"Cultist and Chosen","floor":31.0,"turns":5.0},{"damage":0.0,"enemies":"Automaton","floor":33.0,"turns":10.0},{"damage":9,"enemies":"Orb Walker","floor":35,"turns":3},{"damage":4,"enemies":"3 Shapes","floor":39,"turns":3},{"damage":14,"enemies":"R_Hoarder","floor":40,"turns":3},{"damage":43,"enemies":"Sphere and 2 Shapes","floor":41,"turns":5},{"damage":16,"enemies":"Reptomancer","floor":42,"turns":5},{"damage":1,"enemies":"Giant Head","floor":45,"turns":5},{"damage":12,"enemies":"Spire Growth","floor":48,"turns":3},{"damage":25,"enemies":"hubris:GrandSnecko","floor":50,"turns":9}],"seed_played":"-8740185056659865704","potions_obtained":[{"floor":8.0,"key":"Reflective Coating"},{"floor":13.0,"key":"champ:CounterPotion"},{"floor":18.0,"key":"ColorlessPotion"},{"floor":23.0,"key":"Venom Potion"},{"floor":33.0,"key":"AttackPotion"},{"floor":40,"key":"Explosive Potion"},{"floor":42,"key":"DuplicationPotion"},{"floor":48,"key":"infinitespire:BlackPotion"}],"is_trial":false,"path_per_floor":["M","?","?","?","M","R","M","E","T","E","R","?","E","T","R","B",null,"M","$","?","?","M","E","R","M","T","?","?","M","E","M","R","B",null,"M","?","?","?","M","E","M","E","T","?","E","$","R","M","R","B",null],"character_chosen":"DEFECT","items_purchased":["Coolheaded","Mummified Hand","Blue Doll","Static Discharge","MealTicket"],"campfire_rested":3,"item_purchase_floors":[0,0,0,0,19],"current_hp_per_floor":[38,38,38,38,38,60,58,25,25,18,40,43,31,34,56,48,75,69,69,55,58,58,52,52,59,59,62,65,63,56,59,59,66,75,73,65,68,71,67,53,29,32,32,66,66,66,66,54,54,48],"gold":138,"neow_bonus":"","is_daily":false,"chose_seed":false,"campfire_upgraded":4,"win_rate":0.0,"timestamp":1608453528,"path_taken":["M","?","?","?","M","R","M","E","T","E","R","?","E","?","R","BOSS","M","$","?","?","M","E","R","M","T","?","?","M","E","M","R","BOSS","M","?","?","?","M","E","M","E","T","?","E","?","R","M","R","BOSS"],"items_purchased_type":["Card","Relic","Relic","Card","Relic"],"build_version":"2020-12-13","purchased_purges":2,"victory":true,"max_hp_per_floor":[75,75,75,75,75,75,75,75,75,75,75,75,75,75,75,75,75,75,75,75,75,75,75,75,75,75,75,75,75,75,75,75,75,75,75,75,75,75,75,75,75,75,75,66,66,66,66,66,66,66],"card_choices":[{"not_picked":["Streamline","Skim"],"picked":"Leap","floor":1.0},{"not_picked":["Conserve Battery","Reprogram"],"picked":"Stack","floor":5.0},{"not_picked":["BasicCrystalCard","Gash","Panic Button"],"picked":"SKIP","floor":7.0},{"not_picked":["Coolheaded","Panic Button"],"picked":"Cold Snap","floor":8.0},{"not_picked":["Reprogram+1","Lockon","Rebound"],"picked":"SKIP","floor":10.0},{"not_picked":["Compile Driver","Turbo+1"],"picked":"Chaos+1","floor":13.0},{"not_picked":["hubris:SpecializedCircuitry","All For One"],"picked":"Fission+1","floor":16.0},{"not_picked":["Turbo+1","Undo+1"],"picked":"Self Repair","floor":18.0},{"not_picked":["infinitespire:DeathsTouch","infinitespire:NeuralNetwork"],"picked":"ReplayTheSpireMod:Book of Names","floor":20.0},{"not_picked":["Beam Cell","Ball Lightning","Turbo+1"],"picked":"SKIP","floor":22.0},{"not_picked":["ReplaySolidLightProjector+1","Auto Shields+1","BasicCrystalCard+1"],"picked":"SKIP","floor":23.0},{"not_picked":["Rebound","Tempest+1","Scrape"],"picked":"SKIP","floor":25.0},{"not_picked":["Turbo+1","Compile Driver"],"picked":"Barrage","floor":29.0},{"not_picked":["Doom and Gloom","Rainbow+1"],"picked":"ReplayTheSpireMod:Calculation Training+1","floor":30.0},{"not_picked":["Streamline","Conserve Battery+1"],"picked":"BasicCrystalCard+1","floor":31.0},{"not_picked":["ReplayTheSpireMod:Fabricate Wheel+1","Biased Cognition"],"picked":"Creative AI","floor":33.0},{"not_picked":["FTL+1","Heatsinks+1"],"picked":"Genetic Algorithm+1","floor":35},{"not_picked":["expansioncontent:PrepareCrush+1","expansioncontent:DarkVoid"],"picked":"expansioncontent:Corrupt+1","floor":36},{"not_picked":["Enlightenment+1","hubris:Insight+1"],"picked":"Panacea+1","floor":36},{"not_picked":["Beam Cell","Skim+1","Steam+1"],"picked":"SKIP","floor":39},{"not_picked":["Cold Snap+1","Redo+1"],"picked":"Capacitor+1","floor":40},{"not_picked":["Reinforced Body+1","Leap+1"],"picked":"Defragment+1","floor":41},{"not_picked":["Stack+1","Static Discharge","Redo+1"],"picked":"SKIP","floor":42},{"not_picked":["Stack+1","Static Discharge","Redo+1"],"picked":"SKIP","floor":42},{"not_picked":["Capacitor+1","Rip and Tear","Coolheaded+1"],"picked":"SKIP","floor":45},{"not_picked":["BasicCrystalCard+1","ReplayTheSpireMod:Omega Cannon","Storm"],"picked":"SKIP","floor":48}],"player_experience":343584,"relics_obtained":[{"floor":8.0,"key":"Boot"},{"floor":9.0,"key":"Juzu Bracelet"},{"floor":10.0,"key":"Toxic Egg 2"},{"floor":13.0,"key":"Letter Opener"},{"floor":14.0,"key":"Meat on the Bone"},{"floor":23.0,"key":"Akabeko"},{"floor":26.0,"key":"PreservedInsect"},{"floor":30.0,"key":"hubris:BottledRain"},{"floor":34,"key":"Oddly Smooth Stone"},{"floor":34,"key":"hubris:MobiusCoin"},{"floor":34,"key":"Calipers"},{"floor":40,"key":"Torii"},{"floor":42,"key":"ReplayTheSpireMod:TigerMarble"},{"floor":43,"key":"Pantograph"},{"floor":45,"key":"StrikeDummy"}],"event_choices":[{"damage_healed":0.0,"max_hp_gain":0.0,"max_hp_loss":0.0,"gold_gain":100.0,"event_name":"Golden Shrine","player_choice":"Pray","floor":4.0,"gold_loss":0.0,"damage_taken":0.0},{"damage_healed":0.0,"max_hp_gain":0.0,"max_hp_loss":0.0,"gold_gain":0.0,"event_name":"Drug Dealer","player_choice":"Inject Mutagens","floor":27.0,"gold_loss":0.0,"damage_taken":0.0,"relics_obtained":["MutagenicStrength"]},{"damage_healed":0.0,"max_hp_gain":0.0,"max_hp_loss":0.0,"gold_gain":0.0,"event_name":"betterThird:BetterWriting","player_choice":"Adaptability","floor":28.0,"gold_loss":0.0,"damage_taken":0.0},{"damage_healed":0,"gold_gain":0,"player_choice":"Memory 3","damage_taken":10,"max_hp_gain":0,"max_hp_loss":0,"event_name":"SensoryStone","floor":36,"gold_loss":0},{"damage_healed":66,"gold_gain":0,"player_choice":"Heal","damage_taken":0,"max_hp_gain":0,"max_hp_loss":9,"event_name":"The Moai Head","floor":44,"gold_loss":0}],"is_beta":false,"boss_relics":[{"not_picked":["Replay:Grab Bag","SacredBark"],"picked":"Ectoplasm"},{"not_picked":["Fusion Hammer","Painkiller Herb"],"picked":"Calling Bell"}],"items_purged_floors":[19,46],"is_endless":false,"potions_floor_spawned":[8,13,18,23,33,40,42,48],"ascension_level":4}}