{"host":"a5lz0e76zb3fcwkm","time":1608499844,"event":{"mods":["AchievementEnabler","BaseMod","Colored Map","Colored Powertips","Minty Spire (QoL Compilation)","StSLib","SuperFastMode"],"gold_per_floor":[114,128,403,416,416,445,445,465,465,493,503,523,523,533,533,533,533],"floor_reached":16,"playtime":683,"items_purged":[],"score":228,"play_id":"9e567c52-1e11-4b00-88c5-c14fb31265b3","local_time":"20201221063044","is_ascension_mode":true,"campfire_choices":[{"data":"Blood for Blood","floor":7.0,"key":"SMITH"},{"data":"Shockwave","floor":13,"key":"SMITH"},{"floor":15,"key":"DIG"}],"circlet_count":0,"master_deck":["AscendersBane","Strike_R","Strike_R","Strike_R","Strike_R","Strike_R","Defend_R","Defend_R","Defend_R","Defend_R","Bash","Pommel Strike","Hemokinesis","Blood for Blood+1","Shockwave+1"],"relics":["Burning Blood","NeowsBlessing","Eternal Feather","Shovel","Torii","Bag of Preparation"],"acts_visited":["Exordium"],"potions_floor_usage":[12,12,16],"damage_taken":[{"damage":0.0,"enemies":"Cultist","floor":1.0,"turns":1.0},{"damage":0.0,"enemies":"2 Louse","floor":2.0,"turns":1.0},{"damage":2.0,"enemies":"Small Slimes","floor":4.0,"turns":2.0},{"damage":37.0,"enemies":"Lagavulin","floor":6.0,"turns":7.0},{"damage":23.0,"enemies":"3 Louse","floor":8.0,"turns":3.0},{"damage":10.0,"enemies":"Gremlin Nob","floor":10.0,"turns":3.0},{"damage":20.0,"enemies":"Exordium Wildlife","floor":11.0,"turns":3.0},{"damage":3,"enemies":"2 Fungi Beasts","floor":12,"turns":3},{"damage":12,"enemies":"Blue Slaver","floor":14,"turns":3},{"damage":24,"enemies":"The Guardian","floor":16,"turns":9}],"seed_played":"-2861112875024058177","potions_obtained":[{"floor":4.0,"key":"LiquidBronze"},{"floor":10.0,"key":"GamblersBrew"},{"floor":11.0,"key":"SkillPotion"},{"floor":12,"key":"DistilledChaos"}],"is_trial":false,"path_per_floor":["M","M","?","M","?","E","R","M","T","E","M","M","R","M","R","B"],"character_chosen":"IRONCLAD","items_purchased":[],"campfire_rested":0,"item_purchase_floors":[],"current_hp_per_floor":[74,75,75,75,68,37,43,26,26,22,8,11,20,14,23,0,0],"gold":533,"neow_bonus":"THREE_ENEMY_KILL","is_daily":false,"chose_seed":false,"campfire_upgraded":2,"win_rate":0.0,"timestamp":1608499844,"path_taken":["M","M","?","?","?","E","R","M","T","E","M","M","R","M","R","BOSS"],"items_purchased_type":[],"build_version":"2020-12-13","purchased_purges":0,"victory":false,"max_hp_per_floor":[75,75,75,75,75,75,75,75,75,75,75,75,75,75,75,75,75],"card_choices":[{"not_picked":["True Grit","Shrug It Off"],"picked":"Pommel Strike","floor":1.0},{"not_picked":["Battle Trance","Seeing Red"],"picked":"Hemokinesis","floor":2.0},{"not_picked":["Headbutt","Rage"],"picked":"Blood for Blood","floor":4.0},{"not_picked":["Flex","Body Slam","Anger"],"picked":"SKIP","floor":6.0},{"not_picked":["Iron Wave","Reckless Charge","Wild Strike"],"picked":"SKIP","floor":8.0},{"not_picked":["Rupture","Twin Strike","Berserk"],"picked":"SKIP","floor":10.0},{"not_picked":["Sword Boomerang","Entrench","Perfected Strike"],"picked":"SKIP","floor":11.0},{"not_picked":["Rampage","Warcry"],"picked":"Shockwave","floor":12},{"not_picked":["Armaments","Warcry","Clothesline"],"picked":"SKIP","floor":14}],"player_experience":1629934,"relics_obtained":[{"floor":6.0,"key":"Eternal Feather"},{"floor":9.0,"key":"Shovel"},{"floor":10.0,"key":"Torii"},{"floor":15,"key":"Bag of Preparation"}],"event_choices":[{"damage_healed":0.0,"max_hp_gain":0.0,"max_hp_loss":0.0,"gold_gain":275.0,"event_name":"Golden Shrine","player_choice":"Desecrate","floor":3.0,"gold_loss":0.0,"damage_taken":0.0,"cards_obtained":["Regret"]},{"cards_removed":["Regret"],"damage_healed":0.0,"max_hp_gain":0.0,"max_hp_loss":0.0,"gold_gain":0.0,"event_name":"Golden Wing","player_choice":"Card Removal","floor":5.0,"gold_loss":0.0,"damage_taken":7.0}],"is_beta":false,"boss_relics":[],"items_purged_floors":[],"is_endless":false,"potions_floor_spawned":[4,10,11,12],"killed_by":"The Guardian","ascension_level":20}}