{"host":"e4hse1vg61zltgzv","time":1608468096,"event":{"mods":["AchievementEnabler","BaseMod","Block Reminder","Colored Map","DeckTracker","GifTheSpireLib","Minty Spire (QoL Compilation)","Rare Cards Sparkle","StSLib","SuperFastMode","everything is the same but u backflip on backflip"],"gold_per_floor":[110,124,140,153,171,202,220,220,220,253,273,300,316,343,343,421,421,436,451,465,465,485,513,513,526,526,551,551,576,576,609,609,681,681,694,712,712,732,732,762,782,817,840,840,854,583,601,612,612,612,612,612,612,57,88,88],"floor_reached":57,"playtime":981,"items_purged":[],"score":3960,"play_id":"8d62801b-4f0b-420b-8e09-b05468a40c3b","local_time":"20201220214136","is_ascension_mode":true,"campfire_choices":[{"data":"Evolve","floor":15,"key":"SMITH"},{"floor":24,"key":"DIG"},{"floor":28,"key":"DIG"},{"floor":32,"key":"DIG"},{"floor":44,"key":"RECALL"},{"floor":49,"key":"DIG"},{"floor":53,"key":"DIG"}],"circlet_count":0,"master_deck":["Shrug It Off+1","Entrench+1","Body Slam+1","Shrug It Off+1","Evolve+1","Second Wind"],"relics":["Burning Blood","Calipers","Sundial","Singing Bowl","Shovel","Smiling Mask","Oddly Smooth Stone","Bottled Flame","Pocketwatch","Fusion Hammer","MutagenicStrength","Question Card","Pantograph","Centennial Puzzle","PreservedInsect","Bottled Lightning","Bronze Scales","CeramicFish","Bird Faced Urn","SacredBark","Omamori","Du-Vu Doll","Ancient Tea Set","Gremlin Horn","Blue Candle","Shuriken","Mummified Hand","Bottled Tornado","Pen Nib"],"acts_visited":["Exordium","TheCity","TheBeyond","TheEnding"],"potions_floor_usage":[56,56],"damage_taken":[{"damage":0,"enemies":"Cultist","floor":1,"turns":1},{"damage":0,"enemies":"2 Louse","floor":2,"turns":1},{"damage":0,"enemies":"Small Slimes","floor":3,"turns":1},{"damage":0,"enemies":"Exordium Wildlife","floor":4,"turns":1},{"damage":0,"enemies":"2 Fungi Beasts","floor":5,"turns":1},{"damage":0,"enemies":"Lagavulin","floor":6,"turns":1},{"damage":0,"enemies":"Exordium Thugs","floor":7,"turns":1},{"damage":0,"enemies":"Gremlin Nob","floor":10,"turns":1},{"damage":0,"enemies":"Gremlin Gang","floor":11,"turns":2},{"damage":0,"enemies":"Lagavulin","floor":12,"turns":1},{"damage":0,"enemies":"Lots of Slimes","floor":13,"turns":2},{"damage":0,"enemies":"Gremlin Nob","floor":14,"turns":1},{"damage":0,"enemies":"Slime Boss","floor":16,"turns":3},{"damage":0,"enemies":"3 Byrds","floor":18,"turns":2},{"damage":0,"enemies":"2 Thieves","floor":19,"turns":1},{"damage":0,"enemies":"Shelled Parasite and Fungi","floor":20,"turns":2},{"damage":0,"enemies":"Snecko","floor":22,"turns":2},{"damage":0,"enemies":"Book of Stabbing","floor":23,"turns":1},{"damage":0,"enemies":"Centurion and Healer","floor":25,"turns":2},{"damage":0,"enemies":"Gremlin Leader","floor":27,"turns":1},{"damage":0,"enemies":"Slavers","floor":29,"turns":2},{"damage":0,"enemies":"Book of Stabbing","floor":31,"turns":2},{"damage":0,"enemies":"Champ","floor":33,"turns":3},{"damage":0,"enemies":"3 Darklings","floor":35,"turns":3},{"damage":0,"enemies":"Orb Walker","floor":36,"turns":1},{"damage":0,"enemies":"3 Darklings","floor":38,"turns":2},{"damage":0,"enemies":"Giant Head","floor":40,"turns":2},{"damage":0,"enemies":"Maw","floor":41,"turns":2},{"damage":0,"enemies":"Nemesis","floor":42,"turns":3},{"damage":0,"enemies":"Jaw Worm Horde","floor":45,"turns":2},{"damage":0,"enemies":"3 Darklings","floor":47,"turns":1},{"damage":0,"enemies":"4 Shapes","floor":48,"turns":1},{"damage":0,"enemies":"Time Eater","floor":50,"turns":3},{"damage":0,"enemies":"Awakened One","floor":51,"turns":3},{"damage":0,"enemies":"Shield and Spear","floor":55,"turns":1},{"damage":0,"enemies":"The Heart","floor":56,"turns":9}],"seed_played":"-9092436832168501787","potions_obtained":[{"floor":1,"key":"SpeedPotion"},{"floor":4,"key":"Explosive Potion"},{"floor":7,"key":"SpeedPotion"},{"floor":19,"key":"Ancient Potion"}],"is_trial":false,"path_per_floor":["M","M","M","M","M","E","M","$","T","E","M","E","M","E","R","B",null,"M","M","M","?","M","E","R","M","T","E","R","E","?","E","R","B",null,"M","M","?","M","?","E","M","E","T","R","M","$","M","M","R","B","B",null,"R","$","E","B",null],"character_chosen":"IRONCLAD","items_purchased":["Gremlin Horn","Mummified Hand","Bottled Tornado"],"campfire_rested":0,"item_purchase_floors":[46,54,54],"current_hp_per_floor":[78,81,83,85,87,89,91,91,91,93,95,97,97,99,99,101,101,103,105,107,107,109,111,111,113,113,115,115,117,117,119,119,121,121,123,125,125,127,127,129,131,133,133,133,135,135,137,139,139,139,139,139,139,139,141,141],"gold":88,"neow_bonus":"THREE_CARDS","is_daily":false,"chose_seed":false,"campfire_upgraded":1,"win_rate":0.0,"timestamp":1608468096,"path_taken":["M","M","M","M","M","E","M","$","T","E","?","E","M","E","R","BOSS","M","M","M","?","M","E","R","M","T","E","R","E","?","E","R","BOSS","M","M","?","M","?","E","?","E","T","R","M","$","M","M","R","BOSS","BOSS","R","$","E","BOSS"],"items_purchased_type":["Relic","Relic","Relic"],"build_version":"2020-12-13","purchased_purges":0,"victory":true,"max_hp_per_floor":[79,81,83,85,87,89,91,91,91,93,95,97,97,99,99,101,101,103,105,107,107,109,111,111,113,113,115,115,117,117,119,119,121,121,123,125,125,127,127,129,131,133,133,133,135,135,137,139,139,139,139,139,139,139,141,141],"card_choices":[{"not_picked":["Whirlwind","Disarm","Havoc"],"picked":"Singing Bowl","floor":0},{"not_picked":["Carnage","Iron Wave","Clothesline"],"picked":"Singing Bowl","floor":1},{"not_picked":["Armaments","Anger","Evolve"],"picked":"Singing Bowl","floor":2},{"not_picked":["Clash","Shrug It Off","True Grit"],"picked":"Singing Bowl","floor":3},{"not_picked":["True Grit","Dual Wield","Disarm"],"picked":"Singing Bowl","floor":4},{"not_picked":["Ghostly Armor","Brutality","Havoc"],"picked":"Singing Bowl","floor":5},{"not_picked":["Cleave","Iron Wave","Clash"],"picked":"Singing Bowl","floor":6},{"not_picked":["Sword Boomerang","Cleave","Feel No Pain"],"picked":"Singing Bowl","floor":7},{"not_picked":["Flame Barrier","Double Tap","Clash"],"picked":"Singing Bowl","floor":10},{"not_picked":["Burning Pact","Sever Soul","Body Slam"],"picked":"Singing Bowl","floor":11},{"not_picked":["Sever Soul","Thunderclap","Dual Wield"],"picked":"Singing Bowl","floor":12},{"not_picked":["True Grit","Sword Boomerang"],"picked":"Evolve","floor":13},{"not_picked":["Carnage","Bloodletting","Perfected Strike"],"picked":"Singing Bowl","floor":14},{"not_picked":["Limit Break","Barricade","Bludgeon"],"picked":"Singing Bowl","floor":16},{"not_picked":["Heavy Blade","Pommel Strike","Thunderclap"],"picked":"Singing Bowl","floor":18},{"not_picked":["Armaments","Headbutt","Thunderclap"],"picked":"Singing Bowl","floor":19},{"not_picked":["Berserk","Iron Wave+1","Reckless Charge+1"],"picked":"Singing Bowl","floor":20},{"not_picked":["Seeing Red","Armaments","Heavy Blade"],"picked":"Singing Bowl","floor":22},{"not_picked":["Limit Break","Dual Wield+1","Body Slam"],"picked":"Singing Bowl","floor":23},{"not_picked":["Perfected Strike","Heavy Blade","Second Wind","Flex"],"picked":"Singing Bowl","floor":25},{"not_picked":["Bludgeon","Fire Breathing","Twin Strike","True Grit"],"picked":"Singing Bowl","floor":27},{"not_picked":["Clash","Iron Wave","Havoc","Reaper"],"picked":"Singing Bowl","floor":29},{"not_picked":["Pommel Strike","Intimidate","Twin Strike","Sword Boomerang"],"picked":"Singing Bowl","floor":31},{"not_picked":["Feed","Bludgeon","Demon Form","Exhume"],"picked":"Singing Bowl","floor":33},{"not_picked":["Thunderclap","Heavy Blade","Hemokinesis","Searing Blow+1"],"picked":"Singing Bowl","floor":35},{"not_picked":["Second Wind","Armaments","Shockwave","Havoc"],"picked":"Singing Bowl","floor":36},{"not_picked":["Havoc","Fire Breathing","Ghostly Armor+1","Heavy Blade"],"picked":"Singing Bowl","floor":38},{"not_picked":["Sword Boomerang","Thunderclap","Heavy Blade","Carnage"],"picked":"Singing Bowl","floor":40},{"not_picked":["Twin Strike","Rage","Armaments","Cleave"],"picked":"Singing Bowl","floor":41},{"not_picked":["Barricade","Pommel Strike","Iron Wave+1","Clash"],"picked":"Singing Bowl","floor":42},{"not_picked":["Iron Wave","Thunderclap+1","Cleave","Headbutt"],"picked":"Singing Bowl","floor":45},{"not_picked":["Iron Wave","Thunderclap","Pommel Strike+1","Battle Trance"],"picked":"Singing Bowl","floor":47},{"not_picked":["Anger","Sever Soul","Cleave","Twin Strike"],"picked":"Singing Bowl","floor":48},{"not_picked":["Clothesline+1","Perfected Strike","Reckless Charge+1","Wild Strike"],"picked":"Singing Bowl","floor":55}],"player_experience":748447,"relics_obtained":[{"floor":6,"key":"Smiling Mask"},{"floor":10,"key":"Oddly Smooth Stone"},{"floor":12,"key":"Bottled Flame"},{"floor":14,"key":"Pocketwatch"},{"floor":23,"key":"Question Card"},{"floor":24,"key":"Pantograph"},{"floor":26,"key":"Centennial Puzzle"},{"floor":27,"key":"PreservedInsect"},{"floor":28,"key":"Bottled Lightning"},{"floor":29,"key":"Bronze Scales"},{"floor":31,"key":"CeramicFish"},{"floor":32,"key":"Bird Faced Urn"},{"floor":40,"key":"Omamori"},{"floor":42,"key":"Du-Vu Doll"},{"floor":43,"key":"Ancient Tea Set"},{"floor":49,"key":"Blue Candle"},{"floor":53,"key":"Shuriken"},{"floor":55,"key":"Pen Nib"}],"event_choices":[{"damage_healed":0,"gold_gain":0,"player_choice":"Inject Mutagens","damage_taken":0,"relics_obtained":["MutagenicStrength"],"max_hp_gain":0,"max_hp_loss":0,"event_name":"Drug Dealer","floor":21,"gold_loss":0},{"damage_healed":0,"gold_gain":0,"player_choice":"Read","damage_taken":0,"max_hp_gain":0,"max_hp_loss":0,"event_name":"The Library","floor":30,"gold_loss":0,"cards_obtained":["Second Wind"]},{"damage_healed":0,"gold_gain":0,"player_choice":"Ignored","damage_taken":0,"max_hp_gain":0,"max_hp_loss":0,"event_name":"Tomb of Lord Red Mask","floor":37,"gold_loss":0},{"damage_healed":0,"gold_gain":0,"player_choice":"Ignored","damage_taken":0,"max_hp_gain":0,"max_hp_loss":0,"event_name":"Duplicator","floor":39,"gold_loss":0}],"is_beta":false,"boss_relics":[{"not_picked":["Runic Dome","Runic Cube"],"picked":"Fusion Hammer"},{"not_picked":["Calling Bell","Velvet Choker"],"picked":"SacredBark"}],"items_purged_floors":[],"is_endless":false,"potions_floor_spawned":[1,4,7,12,13,14,16,19,22,27,29,33,35,38,40,45],"ascension_level":20}}