{"host":"0azimyi6n3ugndj4","time":1608472585,"event":{"mods":["BaseMod","Bestiary","Conspire","Curses Come First","Defuse TimeMaze Blight","Hyrulean Relics","Infinite Spire","Minty Spire (QoL Compilation)","Relic Sorter","Relic Stats","Replay The Spire","StSLib","SuperFastMode","Uncapped","¡¼?Úª?ø«¡½REMEMod"],"gold_per_floor":[132,189,189,26,26,26,131,185,185,263,293,293,293],"floor_reached":12,"playtime":189,"items_purged":[],"score":301,"play_id":"e62ac735-3a14-43b9-8a34-9d81364e5303","local_time":"20201220225625","daily_mods":["Insanity","Chimera","Specialized","Vintage","ControlledChaos","Allstar","Diverse","Colorless Cards","Heirloom","Time Dilation","Binary","Elite Swarm","Lethality","Midas","Uncertain Future"],"is_ascension_mode":true,"campfire_choices":[{"floor":6,"key":"REST"}],"circlet_count":0,"master_deck":["Demon Form","Wraith Form v2","Echo Form","DevaForm","AscendersBane","Bash","Survivor","Zap","Eruption","Strike_R","Strike_G","Strike_B","Defend_R","Defend_G","Defend_P","Hologram","conspire:Rain","Armaments","Catalyst","Doom and Gloom","CrushJoints","Flying Knee","Aggregate","Meditate","Beam Cell","Dagger Spray","Blizzard","Auto Shields","Feel No Pain","Sweeping Beam","Anger","Headbutt","Reinforced Body","Redo","Crescendo","PiercingWail","Catalyst","Infernal Blade","PathToVictory","Dagger Spray","Hidden Blade","Blade Dance","Cold Snap","Dodge and Roll","ReplayTheSpireMod:The Works","REME_Cut","Bane","Evaluate","Heavy Blade","LikeWater","EmptyFist","Life Link","REME_SelfUpgrade","Acrobatics","Clash","Shrug It Off","Replay:Cycle","Flechettes","Rebound","Well Laid Plans","Anger","ReplayTheSpireMod:Reroute Power","Skim","Panic Button","Gash","Replay:AtTheReady","Replay:AtTheReady","Replay:AtTheReady","Replay:AtTheReady","Replay:AtTheReady","ReplayTheSpireMod:Brewmster","Bandage Up","ReplayTheSpireMod:Brewmster","PanicButton","REME_TwoStrings","ReplayTheSpireMod:The Works","Brutality","Omniscience"],"relics":["Replay:M_SmolderingBlood","Frozen Eye","REME_ComplimentaryCards","conspire:InfiniteJournal","Pear","REME_PuzzleBoxRelic","infinitespire:Cubic Diamond","OrangePellets","FaceOfCleric","zeldaRelics:CourageTriforce","infinitespire:Beetle Shell","ReplayTheSpireMod:Shallot"],"acts_visited":["Exordium"],"potions_floor_usage":[12,12],"damage_taken":[{"damage":0.0,"enemies":"Jaw Worm","floor":1.0,"turns":2.0},{"damage":50.0,"enemies":"2 Louse","floor":2.0,"turns":6.0},{"damage":52,"enemies":"3 Sentries","floor":7,"turns":4},{"damage":0,"enemies":"Cultist","floor":8,"turns":2},{"damage":0,"enemies":"Gremlin Nob","floor":10,"turns":2},{"damage":0,"enemies":"Large Slime","floor":11,"turns":2},{"damage":21,"enemies":"Lagavulin","floor":12,"turns":2}],"seed_played":"-1727617792285286184","potions_obtained":[{"floor":2.0,"key":"Ancient Potion"},{"floor":7,"key":"BlessingOfTheForge"}],"is_trial":true,"path_per_floor":["M","M","?","$","?","R","E","M","T","E","M","E"],"character_chosen":"IRONCLAD","items_purchased":["OrangePellets"],"campfire_rested":1,"item_purchase_floors":[4],"current_hp_per_floor":[84,40,40,40,40,65,14,15,15,16,17,0,0],"gold":293,"neow_bonus":"","is_daily":false,"chose_seed":false,"campfire_upgraded":0,"win_rate":0.0,"timestamp":1608472585,"path_taken":["M","M","?","$","?","R","E","M","T","E","?","E"],"items_purchased_type":["Relic"],"build_version":"2020-12-13","purchased_purges":0,"victory":false,"max_hp_per_floor":[85,85,85,85,85,85,86,87,87,88,89,89,89],"relic_stats":{"OrangePellets":[0],"FaceOfCleric":4,"counters":[7,20],"obtain_stats":[{"Pear":1,"infinitespire:Cubic Diamond":3,"infinitespire:Beetle Shell":8,"Burning Blood":0,"zeldaRelics:CourageTriforce":10,"conspire:InfiniteJournal":0,"Frozen Eye":0,"OrangePellets":4,"FaceOfCleric":5,"ReplayTheSpireMod:Shallot":11,"Replay:M_SmolderingBlood":3,"zeldaRelics:CouragePiece":7,"REME_PuzzleBoxRelic":2,"REME_ComplimentaryCards":0},{"Pear":1,"infinitespire:Cubic Diamond":2,"infinitespire:Beetle Shell":4,"Burning Blood":0,"zeldaRelics:CourageTriforce":5,"conspire:InfiniteJournal":0,"Frozen Eye":0,"OrangePellets":2,"FaceOfCleric":2,"ReplayTheSpireMod:Shallot":6,"Replay:M_SmolderingBlood":2,"zeldaRelics:CouragePiece":3,"REME_PuzzleBoxRelic":2,"REME_ComplimentaryCards":0},{"Pear":2,"infinitespire:Cubic Diamond":8,"infinitespire:Beetle Shell":14,"Burning Blood":0,"zeldaRelics:CourageTriforce":16,"conspire:InfiniteJournal":0,"Frozen Eye":0,"OrangePellets":8,"FaceOfCleric":8,"ReplayTheSpireMod:Shallot":18,"Replay:M_SmolderingBlood":8,"zeldaRelics:CouragePiece":12,"REME_PuzzleBoxRelic":8,"REME_ComplimentaryCards":0}]},"card_choices":[{"not_picked":["Double Tap"],"picked":"Brutality","floor":7},{"not_picked":["Rainbow"],"picked":"Omniscience","floor":10}],"player_experience":1481981,"relics_obtained":[{"floor":1.0,"key":"Pear"},{"floor":2.0,"key":"REME_PuzzleBoxRelic"},{"floor":7,"key":"zeldaRelics:CouragePiece"},{"floor":8,"key":"infinitespire:Beetle Shell"},{"floor":9,"key":"zeldaRelics:CouragePiece"},{"floor":10,"key":"zeldaRelics:CouragePiece"},{"floor":11,"key":"ReplayTheSpireMod:Shallot"}],"event_choices":[{"damage_healed":0,"gold_gain":0,"player_choice":"Trade","damage_taken":0,"relics_obtained":["FaceOfCleric"],"max_hp_gain":0,"max_hp_loss":0,"event_name":"FaceTrader","floor":5,"gold_loss":0}],"is_beta":false,"boss_relics":[],"items_purged_floors":[],"is_endless":false,"potions_floor_spawned":[2,7,11],"killed_by":"Lagavulin","ascension_level":20}}