{"host":"07tcb8n8jdavk3gs","time":1608489050,"event":{"mods":["BaseMod","Colored Map","Hermit","Marisa????????","Minty Spire (QoL Compilation)","StSLib","The Animator","The Cursed","The Servant 0.9.4"],"gold_per_floor":[265,283,263,283,303,303,303,346,371,371,408,408,450,471,471,481,481],"floor_reached":16,"playtime":727,"items_purged":[],"score":210,"play_id":"d3c4d02e-36b4-44fa-bc66-5713381fbc8c","local_time":"20201220123050","is_ascension_mode":true,"campfire_choices":[{"data":"animator:Pride","floor":6,"key":"SMITH"},{"floor":10,"key":"REST"},{"floor":12,"key":"REST"},{"data":"animator:KrulTepes","floor":15,"key":"SMITH"}],"circlet_count":0,"master_deck":["AscendersBane","animator:Strike_Kancolle","animator:Defend_Kancolle","animator:Strike","animator:Strike","animator:Strike","animator:Defend","animator:Defend","animator:Defend","animator:Shimakaze","animator:Pride+1","animator:RoyMustang","animator:SakuraMatou","animator:Sloth","animator:Illya","animator:KrulTepes+1","animator:RoyMustang"],"relics":["animator:LivingPicture","animator:TheMissingPiece","NeowsBlessing","Oddly Smooth Stone","Art of War","Strawberry","Paper Crane","animator:ShionDessert"],"acts_visited":["Exordium"],"potions_floor_usage":[11,11,16],"damage_taken":[{"damage":0,"enemies":"Cultist","floor":1,"turns":1},{"damage":0,"enemies":"2 Louse","floor":2,"turns":1},{"damage":0,"enemies":"Jaw Worm","floor":4,"turns":1},{"damage":8,"enemies":"Blue Slaver","floor":5,"turns":6},{"damage":12,"enemies":"Lagavulin","floor":8,"turns":8},{"damage":8,"enemies":"3 Sentries","floor":11,"turns":5},{"damage":10,"enemies":"Lagavulin","floor":13,"turns":6},{"damage":6,"enemies":"3 Louse","floor":14,"turns":2},{"damage":32,"enemies":"Slime Boss","floor":16,"turns":3}],"seed_played":"-497568657715283511","potions_obtained":[{"floor":1,"key":"Explosive Potion"},{"floor":3,"key":"Explosive Potion"},{"floor":13,"key":"FearPotion"}],"is_trial":false,"path_per_floor":["M","M","?","M","M","R","?","E","T","R","E","R","E","M","R","B"],"character_chosen":"THE_ANIMATOR","items_purchased":[],"campfire_rested":2,"item_purchase_floors":[],"current_hp_per_floor":[54,54,54,54,46,46,20,8,15,35,27,47,37,31,31,0,0],"gold":481,"neow_bonus":"THREE_ENEMY_KILL","is_daily":false,"chose_seed":false,"campfire_upgraded":2,"win_rate":0.0,"timestamp":1608489050,"path_taken":["M","M","?","?","?","R","?","E","T","R","E","R","E","M","R","BOSS"],"items_purchased_type":[],"build_version":"2020-12-13","purchased_purges":0,"victory":false,"max_hp_per_floor":[60,60,60,60,60,60,60,60,67,67,67,67,67,67,67,67,67],"card_choices":[{"not_picked":["animator:DolaRiku","animator:Shigure"],"picked":"animator:Pride","floor":1},{"not_picked":["animator:Rider","animator:MamiTomoe"],"picked":"animator:RoyMustang","floor":2},{"not_picked":["animator:DolaSchwi","animator:GuildGirl"],"picked":"animator:SakuraMatou","floor":4},{"not_picked":["animator:MaesHughes","animator:WinryRockbell"],"picked":"animator:Sloth","floor":5},{"not_picked":["animator:Kyubey","animator:Sloth"],"picked":"animator:Illya","floor":8},{"not_picked":["animator:Yoichi","animator:Shinoa","animator:HighElfArcher"],"picked":"SKIP","floor":11},{"not_picked":["animator:DolaStephanie","animator:SayakaMiki"],"picked":"animator:KrulTepes","floor":13},{"not_picked":["animator:ElricEdward","animator:Sloth"],"picked":"animator:RoyMustang","floor":14}],"player_experience":896818,"relics_obtained":[{"floor":8,"key":"Art of War"},{"floor":9,"key":"Strawberry"},{"floor":11,"key":"Paper Crane"},{"floor":13,"key":"animator:ShionDessert"}],"event_choices":[{"damage_healed":0,"gold_gain":0,"player_choice":"Bought 1 Potion","damage_taken":0,"max_hp_gain":0,"max_hp_loss":0,"event_name":"The Woman in Blue","floor":3,"gold_loss":0},{"damage_healed":0,"gold_gain":0,"player_choice":"Success","damage_taken":26,"relics_obtained":["Oddly Smooth Stone"],"max_hp_gain":0,"max_hp_loss":0,"event_name":"Scrap Ooze","floor":7,"gold_loss":0}],"is_beta":false,"boss_relics":[],"items_purged_floors":[],"is_endless":false,"potions_floor_spawned":[1,4,13],"killed_by":"Slime Boss","ascension_level":15}}