{"host":"4qkvkh7pd9qr2mca","time":1608480044,"event":{"mods":["AchievementEnabler","BaseMod","Colored Map","Colored Powertips","Highlight Path","Minty Spire (QoL Compilation)","Permanent Neow","Quick Restart","StSLib","SuperFastMode"],"gold_per_floor":[13,32,45,45,60,60,73,73,73],"floor_reached":8,"playtime":292,"items_purged":[],"score":100,"play_id":"9dae0ee1-4191-49aa-ac2b-bc5777cec2c3","local_time":"20201220170044","is_ascension_mode":true,"campfire_choices":[{"data":"Uppercut","floor":6,"key":"SMITH"}],"circlet_count":0,"master_deck":["AscendersBane","Strike_R","Strike_R","Strike_R","Strike_R","Defend_R","Defend_R","Defend_R","Defend_R","Bash","Corruption","Shrug It Off","Burning Pact","Uppercut+1","Pommel Strike","Reaper"],"relics":["Burning Blood"],"acts_visited":["Exordium"],"potions_floor_usage":[8],"damage_taken":[{"damage":14,"enemies":"Jaw Worm","floor":1,"turns":6},{"damage":6,"enemies":"Cultist","floor":2,"turns":4},{"damage":6,"enemies":"Small Slimes","floor":3,"turns":6},{"damage":20,"enemies":"Exordium Thugs","floor":5,"turns":5},{"damage":9,"enemies":"3 Louse","floor":7,"turns":5},{"damage":40,"enemies":"3 Sentries","floor":8,"turns":8}],"seed_played":"-9031390701592957251","potions_obtained":[{"floor":5,"key":"EssenceOfSteel"},{"floor":7,"key":"Dexterity Potion"}],"is_trial":false,"path_per_floor":["M","M","M","?","M","R","M","E"],"character_chosen":"IRONCLAD","items_purchased":[],"campfire_rested":0,"item_purchase_floors":[],"current_hp_per_floor":[60,60,60,60,46,46,43,15,15],"gold":73,"neow_bonus":"THREE_RARE_CARDS","is_daily":false,"chose_seed":false,"campfire_upgraded":1,"win_rate":0.0,"timestamp":1608480044,"path_taken":["M","M","M","?","M","R","?","E"],"items_purchased_type":[],"build_version":"2020-12-13","purchased_purges":0,"victory":false,"max_hp_per_floor":[75,75,75,75,75,75,75,75,75],"card_choices":[{"not_picked":["Reaper","Double Tap"],"picked":"Corruption","floor":0},{"not_picked":["Thunderclap","Armaments"],"picked":"Shrug It Off","floor":1},{"not_picked":["Body Slam","Headbutt"],"picked":"Burning Pact","floor":2},{"not_picked":["Armaments","Headbutt"],"picked":"Uppercut","floor":3},{"not_picked":["Bloodletting","Clash"],"picked":"Pommel Strike","floor":5},{"not_picked":["Shrug It Off","Headbutt"],"picked":"Reaper","floor":7}],"player_experience":471188,"relics_obtained":[],"event_choices":[{"cards_removed":["Strike_R"],"damage_healed":0,"gold_gain":0,"player_choice":"Purged","damage_taken":0,"max_hp_gain":0,"max_hp_loss":0,"event_name":"Purifier","floor":4,"gold_loss":0}],"is_beta":false,"boss_relics":[],"items_purged_floors":[],"is_endless":false,"potions_floor_spawned":[5,7],"killed_by":"3 Sentries","ascension_level":20}}