{"host":"69rply1jf2d1wbmp","time":1608478653,"event":{"mods":["BaseMod","Minty Spire (QoL Compilation)","Quick Restart"],"gold_per_floor":[18,34,34,48,58,58,71,103,103,130,130,130,10,28,28,125,125,99,116,131,16,16,16,29,29,53,87,101,112,132,142,142,142,142],"floor_reached":33,"playtime":1553,"items_purged":["Defend_R"],"score":283,"play_id":"92c33ce1-c854-47cb-b9c3-19ad5906b4cb","local_time":"20201220103733","is_ascension_mode":false,"campfire_choices":[{"data":"Inflame","floor":6,"key":"SMITH"},{"floor":11,"key":"REST"},{"data":"Armaments","floor":15,"key":"SMITH"},{"data":"Metallicize","floor":23,"key":"SMITH"},{"data":"Metallicize","floor":25,"key":"SMITH"},{"floor":32,"key":"REST"}],"circlet_count":0,"master_deck":["Strike_R","Strike_R","Strike_R","Defend_R","Defend_R","Defend_R","Bash+1","Inflame+1","Twin Strike","Pommel Strike","Armaments+1","Twin Strike","Metallicize+1","Shrug It Off","Shrug It Off","Double Tap","Cleave","Metallicize+1","Anger+1","Shrug It Off+1"],"relics":["Black Blood","Bottled Flame","Potion Belt","Regal Pillow","Pear","Nunchaku","PreservedInsect"],"acts_visited":["Exordium","TheCity"],"potions_floor_usage":[10,18,18,27,28,28,30,31,31,33],"damage_taken":[{"damage":1,"enemies":"Cultist","floor":1,"turns":5},{"damage":2,"enemies":"2 Louse","floor":2,"turns":4},{"damage":7,"enemies":"Small Slimes","floor":4,"turns":3},{"damage":14,"enemies":"Blue Slaver","floor":5,"turns":3},{"damage":16,"enemies":"Lots of Slimes","floor":7,"turns":4},{"damage":6,"enemies":"Gremlin Nob","floor":8,"turns":3},{"damage":15,"enemies":"3 Sentries","floor":10,"turns":11},{"damage":0,"enemies":"3 Louse","floor":14,"turns":3},{"damage":53,"enemies":"Hexaghost","floor":16,"turns":10},{"damage":19,"enemies":"2 Thieves","floor":18,"turns":5},{"damage":25,"enemies":"Spheric Guardian","floor":19,"turns":6},{"damage":20,"enemies":"Snecko","floor":20,"turns":5},{"damage":8,"enemies":"Centurion and Healer","floor":24,"turns":9},{"damage":50,"enemies":"Gremlin Leader","floor":27,"turns":7},{"damage":41,"enemies":"3 Cultists","floor":28,"turns":8},{"damage":27,"enemies":"Sentry and Sphere","floor":29,"turns":7},{"damage":20,"enemies":"Snake Plant","floor":30,"turns":6},{"damage":25,"enemies":"Snecko","floor":31,"turns":7},{"damage":68,"enemies":"Collector","floor":33,"turns":11}],"seed_played":"2972195489980854571","potions_obtained":[{"floor":4,"key":"DuplicationPotion"},{"floor":7,"key":"EssenceOfSteel"},{"floor":8,"key":"Dexterity Potion"},{"floor":10,"key":"ElixirPotion"},{"floor":14,"key":"Regen Potion"},{"floor":16,"key":"Fire Potion"},{"floor":20,"key":"Fire Potion"},{"floor":22,"key":"EssenceOfSteel"},{"floor":22,"key":"Regen Potion"},{"floor":22,"key":"CultistPotion"},{"floor":28,"key":"FairyPotion"},{"floor":30,"key":"Regen Potion"},{"floor":31,"key":"EssenceOfSteel"}],"is_trial":false,"path_per_floor":["M","M","?","M","M","R","M","E","T","E","R","?","$","M","R","B",null,"M","M","M","$","?","R","M","R","T","E","M","M","M","M","R","B"],"character_chosen":"IRONCLAD","items_purchased":["Metallicize","Shrug It Off","Metallicize"],"campfire_rested":2,"item_purchase_floors":[13,13,21],"current_hp_per_floor":[80,80,80,79,71,71,61,61,61,52,80,83,83,89,89,42,90,83,70,62,62,62,62,66,66,66,28,14,26,18,20,62,0,0],"gold":142,"neow_bonus":"REMOVE_TWO","is_daily":false,"chose_seed":false,"campfire_upgraded":4,"win_rate":0.0,"timestamp":1608478653,"path_taken":["M","?","?","M","M","R","M","E","T","E","R","?","?","M","R","BOSS","M","?","M","$","?","R","M","R","T","E","M","M","?","M","R","BOSS"],"items_purchased_type":["Card","Card","Card"],"build_version":"2020-12-13","purchased_purges":1,"victory":false,"max_hp_per_floor":[80,80,80,80,80,80,80,80,80,80,80,90,90,90,90,90,90,90,90,90,90,90,90,90,90,90,90,90,90,90,90,90,90,90],"card_choices":[{"not_picked":["Clash","Pommel Strike"],"picked":"Inflame","floor":1},{"not_picked":["Headbutt","Thunderclap"],"picked":"Twin Strike","floor":2},{"not_picked":["True Grit","Fire Breathing"],"picked":"Pommel Strike","floor":4},{"not_picked":["True Grit","Warcry","Havoc"],"picked":"SKIP","floor":5},{"not_picked":["Pummel","Iron Wave","Flex"],"picked":"SKIP","floor":7},{"not_picked":["Warcry","Dark Embrace"],"picked":"Armaments","floor":8},{"not_picked":["Sentinel","Armaments"],"picked":"Twin Strike","floor":10},{"not_picked":["Wild Strike","Fire Breathing"],"picked":"Shrug It Off","floor":14},{"not_picked":["Bludgeon","Barricade"],"picked":"Double Tap","floor":16},{"not_picked":["True Grit+1","Headbutt"],"picked":"Cleave","floor":18},{"not_picked":["Pommel Strike+1","Power Through","Thunderclap"],"picked":"SKIP","floor":19},{"not_picked":["Rupture","True Grit+1","Sever Soul+1"],"picked":"SKIP","floor":20},{"not_picked":["Disarm","Blood for Blood","Wild Strike+1"],"picked":"SKIP","floor":24},{"not_picked":["Sentinel","Exhume","Pommel Strike"],"picked":"SKIP","floor":27},{"not_picked":["Twin Strike","Warcry","Sword Boomerang"],"picked":"SKIP","floor":28},{"not_picked":["True Grit+1","Sever Soul","Flex"],"picked":"SKIP","floor":29},{"not_picked":["Blood for Blood","Sword Boomerang"],"picked":"Anger+1","floor":30},{"not_picked":["Seeing Red","Twin Strike"],"picked":"Shrug It Off+1","floor":31}],"player_experience":366815,"relics_obtained":[{"floor":8,"key":"Bottled Flame"},{"floor":9,"key":"Potion Belt"},{"floor":10,"key":"Regal Pillow"},{"floor":26,"key":"Nunchaku"},{"floor":27,"key":"PreservedInsect"}],"event_choices":[{"damage_healed":0,"gold_gain":0,"player_choice":"Grow","damage_taken":0,"max_hp_gain":0,"max_hp_loss":0,"event_name":"Living Wall","floor":3,"gold_loss":0,"cards_upgraded":["Bash"]},{"damage_healed":0,"gold_gain":0,"player_choice":"Success","damage_taken":7,"relics_obtained":["Pear"],"max_hp_gain":0,"max_hp_loss":0,"event_name":"Scrap Ooze","floor":12,"gold_loss":0},{"damage_healed":0,"gold_gain":0,"player_choice":"Got Potions","damage_taken":0,"max_hp_gain":0,"max_hp_loss":0,"event_name":"Lab","floor":22,"gold_loss":0}],"is_beta":false,"boss_relics":[{"not_picked":["Pandora\u0027s Box","Busted Crown"],"picked":"Black Blood"}],"items_purged_floors":[21],"is_endless":false,"potions_floor_spawned":[4,7,8,10,14,16,20,28,30,31],"killed_by":"Collector","ascension_level":0}}