{"host":"3h5qf14xt40jhha0","time":1608450291,"event":{"mods":["AlwaysNeverKeys","BaseMod","Colored Powertips","Minty Spire (QoL Compilation)","Permanent Neow","Relic Stats","StSLib"],"gold_per_floor":[210,224,224,243,243,278,278,311,311,311,311,311],"floor_reached":11,"playtime":414,"items_purged":[],"score":162,"play_id":"84d2bf53-524c-4137-9489-698c94027e50","local_time":"20201220024451","is_ascension_mode":true,"campfire_choices":[{"floor":10,"key":"REST"}],"circlet_count":0,"master_deck":["AscendersBane","Strike_B","Strike_B","Strike_B","Defend_B","Defend_B","Defend_B","Defend_B","Zap","Dualcast","Ball Lightning","Hologram","Creative AI","Biased Cognition","Reinforced Body"],"relics":["Cracked Core","DataDisk","Golden Idol","Peace Pipe"],"acts_visited":["Exordium"],"potions_floor_usage":[6,11],"damage_taken":[{"damage":2,"enemies":"Jaw Worm","floor":1,"turns":3},{"damage":0,"enemies":"Cultist","floor":2,"turns":3},{"damage":4,"enemies":"Small Slimes","floor":4,"turns":3},{"damage":37,"enemies":"3 Sentries","floor":6,"turns":6},{"damage":39,"enemies":"Lagavulin","floor":8,"turns":8},{"damage":25,"enemies":"3 Sentries","floor":11,"turns":5}],"seed_played":"5753051583736244855","potions_obtained":[{"floor":2,"key":"SneckoOil"},{"floor":8,"key":"FocusPotion"}],"is_trial":false,"path_per_floor":["M","M","?","M","?","E","?","E","T","R","E"],"character_chosen":"DEFECT","items_purchased":[],"campfire_rested":1,"item_purchase_floors":[],"current_hp_per_floor":[62,62,81,77,77,40,40,1,1,22,0,0],"gold":311,"neow_bonus":"HUNDRED_GOLD","is_daily":false,"chose_seed":false,"campfire_upgraded":0,"win_rate":0.0,"timestamp":1608450291,"path_taken":["M","M","?","?","?","E","?","E","T","R","E"],"items_purchased_type":[],"build_version":"2020-12-13","purchased_purges":0,"victory":false,"max_hp_per_floor":[71,71,81,81,81,81,73,73,73,73,73,73],"relic_stats":{"Peace Pipe":0,"counters":[6,28],"Golden Idol":7,"obtain_stats":[{"Peace Pipe":8,"DataDisk":6,"Golden Idol":7,"Cracked Core":0},{"Peace Pipe":5,"DataDisk":4,"Golden Idol":4,"Cracked Core":0},{"Peace Pipe":23,"DataDisk":15,"Golden Idol":15,"Cracked Core":0}]},"card_choices":[{"not_picked":["Rebound","Darkness"],"picked":"Ball Lightning","floor":1},{"not_picked":["Stack","Coolheaded"],"picked":"Reboot","floor":2},{"not_picked":["Coolheaded","Steam"],"picked":"Hologram","floor":4},{"not_picked":["Cold Snap","Hello World"],"picked":"Biased Cognition","floor":6},{"not_picked":["Loop","Barrage"],"picked":"Reinforced Body","floor":8}],"player_experience":1259662,"relics_obtained":[{"floor":6,"key":"DataDisk"},{"floor":8,"key":"Peace Pipe"}],"event_choices":[{"cards_removed":["Reboot"],"damage_healed":9,"gold_gain":0,"player_choice":"Offered Rare","damage_taken":0,"max_hp_gain":10,"max_hp_loss":0,"event_name":"Bonfire Elementals","floor":3,"gold_loss":0},{"damage_healed":0,"gold_gain":0,"cards_transformed":["Strike_B"],"player_choice":"Change","damage_taken":0,"max_hp_gain":0,"max_hp_loss":0,"event_name":"Living Wall","floor":5,"gold_loss":0,"cards_obtained":["Creative AI"]},{"damage_healed":0,"gold_gain":0,"player_choice":"Lose Max HP","damage_taken":0,"relics_obtained":["Golden Idol"],"max_hp_gain":0,"max_hp_loss":8,"event_name":"Golden Idol","floor":7,"gold_loss":0}],"is_beta":false,"boss_relics":[],"items_purged_floors":[],"is_endless":false,"potions_floor_spawned":[2,8],"killed_by":"3 Sentries","ascension_level":20}}