{"host":"yo9wwslrag05lh37","time":1608428616,"event":{"mods":["AchievementEnabler","BaseMod","Block Reminder","Colored Map","Colored Powertips","GifTheSpireLib","HexUI Lib","Highlight Path","Minty Spire (QoL Compilation)","Rare Cards Sparkle","Relic Stats","StSLib","everything is the same but u backflip on backflip"],"gold_per_floor":[112,122,272,286,82,114,114,149,200,200,200,211,211,223,223,300,300,314,327,343,41,53,53,53],"floor_reached":23,"playtime":803,"items_purged":["Doubt","Strike_B"],"score":406,"play_id":"a47a309d-7e03-4f5f-91d5-c2295703194c","local_time":"20201220024336","is_ascension_mode":true,"campfire_choices":[{"floor":7.0,"key":"REST"},{"data":"Static Discharge","floor":10.0,"key":"SMITH"},{"data":"Thunder Strike","floor":15.0,"key":"SMITH"}],"circlet_count":0,"master_deck":["AscendersBane","Strike_B","Strike_B","Strike_B","Defend_B","Defend_B","Defend_B","Defend_B","Zap+1","Dualcast","Conserve Battery","Hello World","Static Discharge+1","Loop","Conserve Battery","Thunder Strike+1","Melter","Ball Lightning","Echo Form","Lockon","Self Repair","Coolheaded","Steam+1"],"relics":["Cracked Core","Shuriken","DataDisk","Omamori","Busted Crown","Membership Card"],"acts_visited":["Exordium","TheCity"],"potions_floor_usage":[23],"damage_taken":[{"damage":14.0,"enemies":"Small Slimes","floor":1.0,"turns":4.0},{"damage":1.0,"enemies":"2 Louse","floor":2.0,"turns":2.0},{"damage":6.0,"enemies":"Cultist","floor":4.0,"turns":4.0},{"damage":40.0,"enemies":"Gremlin Nob","floor":6.0,"turns":5.0},{"damage":11.0,"enemies":"Lagavulin","floor":8.0,"turns":7.0},{"damage":6.0,"enemies":"Looter","floor":12.0,"turns":3.0},{"damage":16.0,"enemies":"Gremlin Gang","floor":14.0,"turns":5.0},{"damage":37.0,"enemies":"The Guardian","floor":16.0,"turns":8.0},{"damage":22.0,"enemies":"Shell Parasite","floor":18.0,"turns":3.0},{"damage":0.0,"enemies":"Spheric Guardian","floor":19.0,"turns":1.0},{"damage":38.0,"enemies":"Cultist and Chosen","floor":20.0,"turns":5.0},{"damage":1.0,"enemies":"Snecko","floor":22.0,"turns":3.0},{"damage":8,"enemies":"Book of Stabbing","floor":23,"turns":1}],"seed_played":"-1674291917849918855","potions_obtained":[{"floor":6.0,"key":"EssenceOfSteel"},{"floor":8.0,"key":"Swift Potion"},{"floor":12.0,"key":"Dexterity Potion"},{"floor":16.0,"key":"SteroidPotion"},{"floor":20.0,"key":"AttackPotion"},{"floor":22.0,"key":"SpeedPotion"}],"is_trial":false,"path_per_floor":["M","M","?","M","$","E","R","E","T","R","?","M","?","M","R","B",null,"M","M","M","$","M","E"],"character_chosen":"DEFECT","items_purchased":["Loop","Block Potion","Membership Card","Lockon","Self Repair","Coolheaded"],"campfire_rested":1,"item_purchase_floors":[5,5,21,21,21,21],"current_hp_per_floor":[57,56,56,50,50,10,33,22,22,22,22,16,78,62,62,25,65,43,43,5,5,4,0,0],"gold":53,"neow_bonus":"TEN_PERCENT_HP_BONUS","is_daily":false,"chose_seed":false,"campfire_upgraded":2,"win_rate":0.0,"timestamp":1608428616,"path_taken":["M","M","?","M","$","E","R","E","T","R","?","?","?","M","R","BOSS","M","M","?","$","M","E"],"items_purchased_type":["Card","Potion","Relic","Card","Card","Card"],"build_version":"2020-12-13","purchased_purges":2,"victory":false,"max_hp_per_floor":[78,78,78,78,78,78,78,78,78,78,78,78,78,78,78,78,78,78,78,78,78,78,78,78],"relic_stats":{"Busted Crown":8,"counters":[13,51],"Shuriken":[6],"obtain_stats":[{"DataDisk":8,"Busted Crown":17,"Shuriken":6,"Omamori":9,"Membership Card":21,"Cracked Core":0},{"DataDisk":5,"Busted Crown":8,"Shuriken":4,"Omamori":5,"Membership Card":11,"Cracked Core":0},{"DataDisk":22,"Busted Crown":38,"Shuriken":15,"Omamori":22,"Membership Card":47,"Cracked Core":0}]},"card_choices":[{"not_picked":["Cold Snap","FTL"],"picked":"Conserve Battery","floor":1.0},{"not_picked":["Coolheaded","Beam Cell"],"picked":"Hello World","floor":2.0},{"not_picked":["Gash","Skim"],"picked":"Static Discharge","floor":4.0},{"not_picked":["Reprogram","Rip and Tear"],"picked":"Conserve Battery","floor":6.0},{"not_picked":["Heatsinks","Steam"],"picked":"Thunder Strike","floor":8.0},{"not_picked":["Recycle","Go for the Eyes"],"picked":"Melter","floor":12.0},{"not_picked":["Conserve Battery","Aggregate"],"picked":"Ball Lightning","floor":14.0},{"not_picked":["Creative AI","Thunder Strike"],"picked":"Echo Form","floor":16.0},{"not_picked":["Gash+1"],"picked":"SKIP","floor":18.0},{"not_picked":["Redo+1"],"picked":"SKIP","floor":19.0},{"not_picked":["Barrage"],"picked":"SKIP","floor":20.0},{"not_picked":[],"picked":"Steam+1","floor":22.0}],"player_experience":1354903,"relics_obtained":[{"floor":6.0,"key":"Shuriken"},{"floor":8.0,"key":"DataDisk"},{"floor":9.0,"key":"Omamori"}],"event_choices":[{"damage_healed":0.0,"max_hp_gain":0.0,"max_hp_loss":0.0,"gold_gain":150.0,"event_name":"Liars Game","player_choice":"AGREE","floor":3.0,"gold_loss":0.0,"damage_taken":0.0,"cards_obtained":["Doubt"]},{"damage_healed":0.0,"max_hp_gain":0.0,"max_hp_loss":0.0,"gold_gain":0.0,"event_name":"Upgrade Shrine","player_choice":"Upgraded","floor":11.0,"gold_loss":0.0,"damage_taken":0.0,"cards_upgraded":["Zap"]},{"damage_healed":62.0,"max_hp_gain":0.0,"max_hp_loss":0.0,"gold_gain":0.0,"event_name":"Wheel of Change","player_choice":"Full Heal","floor":13.0,"gold_loss":0.0,"damage_taken":0.0}],"is_beta":false,"boss_relics":[{"not_picked":["Runic Dome","Tiny House"],"picked":"Busted Crown"}],"items_purged_floors":[5,21],"is_endless":false,"potions_floor_spawned":[6,8,12,16,19,20,22],"killed_by":"Book of Stabbing","ascension_level":20}}