{"host":"9r4xop0yxveozoj0","time":1608506569,"event":{"mods":["2.2 Compatiblity","BaseMod","Better Third Choice","Colored Map","Colored Powertips","Hubris","Infinite Spire","Minty Spire (QoL Compilation)","Permanent Neow","Replay The Spire","StSLib","The Blue Laboratory"],"gold_per_floor":[109,120,137,155,173,202,202,222,248,248,277,295,322,339,339,443,443,462,181,230,240,253,288,301,316,366,382,382,382],"floor_reached":28,"playtime":7435,"items_purged":["Dualcast"],"score":318,"play_id":"eb75ffd4-fdf3-460b-929d-272105db8275","local_time":"20201220182249","is_ascension_mode":false,"campfire_choices":[{"floor":7,"key":"REST"},{"floor":10,"key":"REST"},{"floor":15,"key":"REST"}],"circlet_count":0,"master_deck":["Strike_B","Strike_B","Strike_B","Strike_B","Defend_B","Defend_B","Defend_B","Defend_B+1","Zap","ReplayTheSpireMod:Calculation Training+1","Static Discharge","Ball Lightning","ReplayTheSpireMod:Calculation Training","hubris:PowerSurge","hubris:Ukulele","Thunder Strike","hubris:PowerSurge+1","ReplayTheSpireMod:Calculation Training","Loop+1"],"relics":["Cracked Core","TungstenRod","ReplayTheSpireMod:TigerMarble","Regal Pillow","CaptainsWheel","Orichalcum","infinitespire:Cupcake","hubris:EmptyBottle","infinitespire:CheckeredPen","infinitespire:Broken Mirror","War Paint"],"acts_visited":["Exordium","TheCity"],"potions_floor_usage":[2,3,6,11,16,16,21,21,24,25,27,27],"damage_taken":[{"damage":4,"enemies":"Small Slimes","floor":1,"turns":3},{"damage":0,"enemies":"2 Louse","floor":2,"turns":3},{"damage":8,"enemies":"Jaw Worm","floor":3,"turns":4},{"damage":5,"enemies":"Exordium Thugs","floor":4,"turns":4},{"damage":8,"enemies":"Red Slaver","floor":5,"turns":3},{"damage":19,"enemies":"Lagavulin","floor":6,"turns":4},{"damage":4,"enemies":"Looter","floor":8,"turns":3},{"damage":19,"enemies":"3 Sentries","floor":11,"turns":4},{"damage":15,"enemies":"Large Slime","floor":12,"turns":2},{"damage":7,"enemies":"Lagavulin","floor":13,"turns":5},{"damage":0,"enemies":"Blue Slaver","floor":14,"turns":2},{"damage":0,"enemies":"Slime Boss","floor":16,"turns":5},{"damage":0,"enemies":"Shell Parasite","floor":18,"turns":5},{"damage":0,"enemies":"3 Byrds","floor":21,"turns":2},{"damage":1,"enemies":"3 Cultists","floor":22,"turns":4},{"damage":11,"enemies":"Book of Stabbing","floor":23,"turns":3},{"damage":12,"enemies":"Snake Plant","floor":24,"turns":3},{"damage":20,"enemies":"Shelled Parasite and Fungi","floor":25,"turns":2},{"damage":0,"enemies":"Chosen and Byrds","floor":27,"turns":3}],"seed_played":"5520721708662622531","potions_obtained":[{"floor":1,"key":"PowerPotion"},{"floor":2,"key":"SpeedPotion"},{"floor":3,"key":"Elixir"},{"floor":5,"key":"LiquidMemories"},{"floor":13,"key":"blueLaboratory:PyrophylliteBrew"},{"floor":14,"key":"DuplicationPotion"},{"floor":18,"key":"SkillPotion"},{"floor":23,"key":"blueLaboratory:LouseDecoction"},{"floor":25,"key":"blueLaboratory:BottledHope"}],"is_trial":false,"path_per_floor":["M","M","M","M","M","E","R","M","T","R","E","M","E","M","R","B",null,"M","$","?","M","M","E","M","M","T","M","?"],"character_chosen":"DEFECT","items_purchased":["hubris:PowerSurge+1","hubris:EmptyBottle"],"campfire_rested":3,"item_purchase_floors":[19,19],"current_hp_per_floor":[64,64,56,51,43,24,44,40,40,68,49,34,27,27,62,62,68,68,68,52,52,51,40,28,8,8,8,0,0],"gold":382,"neow_bonus":"ONE_RARE_RELIC","is_daily":false,"chose_seed":false,"campfire_upgraded":0,"win_rate":0.0,"timestamp":1608506569,"path_taken":["M","M","M","M","M","E","R","M","T","R","E","M","E","M","R","BOSS","M","$","?","M","M","E","M","M","T","M","?"],"items_purchased_type":["Card","Relic"],"build_version":"2020-12-13","purchased_purges":1,"victory":false,"max_hp_per_floor":[68,68,68,68,68,68,68,68,68,68,68,68,68,68,68,68,68,68,68,68,68,68,68,68,68,68,68,68,68],"card_choices":[{"not_picked":["Compile Driver","Redo"],"picked":"ReplayTheSpireMod:Calculation Training","floor":1},{"not_picked":["Gash","ReplaySolidLightProjector"],"picked":"Static Discharge","floor":2},{"not_picked":["Double Energy","Steam"],"picked":"Ball Lightning","floor":3},{"not_picked":["Ball Lightning","Barrage"],"picked":"ReplayTheSpireMod:Calculation Training","floor":4},{"not_picked":["Rebound","Stack"],"picked":"hubris:PowerSurge","floor":5},{"not_picked":["Aggregate","Rebound","Reboot"],"picked":"SKIP","floor":6},{"not_picked":["ReplayTheSpireMod:Repulse","Compile Driver","Beam Cell"],"picked":"SKIP","floor":8},{"not_picked":["BootSequence","FTL","Gash"],"picked":"SKIP","floor":11},{"not_picked":["Streamline","Sunder"],"picked":"hubris:Ukulele","floor":12},{"not_picked":["Aggregate","Redo"],"picked":"Thunder Strike","floor":13},{"not_picked":["Streamline","Darkness","Go for the Eyes"],"picked":"SKIP","floor":14},{"not_picked":["Compile Driver+1","Beam Cell","Redo"],"picked":"SKIP","floor":18},{"not_picked":["Hologram","Machine Learning","Steam"],"picked":"SKIP","floor":21},{"not_picked":["Leap+1","Hello World","ReplayTheSpireMod:Repulse+1"],"picked":"SKIP","floor":22},{"not_picked":["Compile Driver","Auto Shields"],"picked":"ReplayTheSpireMod:Calculation Training","floor":23},{"not_picked":["BasicCrystalCard+1","FIFO Queue"],"picked":"Loop+1","floor":24},{"not_picked":["Stack","Beam Cell+1","Turbo+1"],"picked":"SKIP","floor":25},{"not_picked":["Stack","Conserve Battery","Barrage"],"picked":"SKIP","floor":27}],"player_experience":160045,"relics_obtained":[{"floor":6,"key":"ReplayTheSpireMod:TigerMarble"},{"floor":9,"key":"Regal Pillow"},{"floor":11,"key":"CaptainsWheel"},{"floor":13,"key":"Orichalcum"},{"floor":20,"key":"infinitespire:CheckeredPen"},{"floor":23,"key":"infinitespire:Broken Mirror"},{"floor":26,"key":"War Paint"}],"event_choices":[],"is_beta":false,"boss_relics":[{"not_picked":["hubris:HollowSoul","ReplayTheSpireMod:SealedPack"],"picked":"infinitespire:Cupcake"}],"items_purged_floors":[19],"is_endless":false,"potions_floor_spawned":[1,2,3,5,13,14,18,23,25],"ascension_level":0}}