{"host":"cuki0l1gmktphd86","time":1608453884,"event":{"mods":["ATMod(阿瑾Mod)","BaseMod","Challenge The Spire","Downfall","Luminous","Minty Spire (QoL Compilation)","MostiFishMod","StSLib","The Alterego","noobMod","【东方二次创作】八云紫mod","【角色mod】十八桐人","【遗物Mod】死灵法师NEW","【遗物卡牌】REMEMod"],"gold_per_floor":[117,117,67,79,3,3,18,37,37,72,83,111,186,231,231,360,360,404,443,77,178,178,236,236,338,406,465,528,571,631,783,783,907,907,1048,1141,1236,1458,1498,1657,1703,1703,1703,1703,1703,1753,1753,1808,1808,1933,1933,1933,1933,2010,2035],"floor_reached":56,"playtime":2121,"items_purged":["MostiFishMod:WinterMarkForm+1","Kiriko_Black+1"],"score":2280,"play_id":"92fdc6e2-34aa-45ea-ac6a-202257dc5203","local_time":"20201220164444","is_ascension_mode":true,"campfire_choices":[{"data":"HeroicBearing_Black","floor":6,"key":"SMITH"},{"data":"MostiFishMod:WinterMarkForm","floor":15,"key":"SMITH"},{"data":"Elucidator_Black","floor":24,"key":"SMITH"},{"data":"SwordDance_Black","floor":32,"key":"SMITH"},{"data":"DarkRepulser_Black","floor":45,"key":"SMITH"},{"floor":47,"key":"RECALL"},{"floor":49,"key":"REST"},{"floor":52,"key":"REST"}],"circlet_count":0,"master_deck":["Strike_Black+1","Strike_Black+1","Strike_Black+1","Strike_Black+1","Defend_Black+1","Defend_Black+1","Defend_Black+1","Defend_Black+1","Observe_Black+1","AT_IchimonjiDouble+1","MostiFishMod:FrostNova+1","SharpCut_Black+1","Strike_Black+1","HeroicBearing_Black+1","SwordDance_Black+1","Attacker_Black+1","Mark_Black+1","FlashPuncture_Black+1","SwordDance_Black+1","SwordDance_Black+1","DarkRepulser_Black+1","Attacker_Black+1","Attacker_Black+1","Elucidator_Black+1","HeroicBearing_Black+1","Exercise1_Black+1","Beater_Black+1","Attacker_Black+1","FlashPuncture_Black+1","SunBlade_Black"],"relics":["TheHeartOfYui","Aincard","ice","AT_ATBox","REME_ComplimentaryCards","DaveBox","NeowsBlessing","FrostBlade","Question Card","AT_ImmortalShieldbow","MidnightCoat","Boot","AT_MibuBalloonWealth","ImportantClient","REME_LowDesire","MealTicket","Vajra","AT_LudenTempest","HandDrill","Red Mask","AT_RedTearstoneRing","AT_ChloranthyRing","Pear","Singing Bowl","SumUndead","DiscerningMonocle","PlanX","AT_ArchangelStaff","Whetstone","Dream Catcher","Strange Spoon","Meat on the Bone","Nunchaku","Gremlin Horn","TimeFreeze","Du-Vu Doll"],"acts_visited":["Exordium","TheCity","TheBeyond","TheEnding"],"potions_floor_usage":[55],"damage_taken":[{"damage":0,"enemies":"Small Slimes","floor":1,"turns":2},{"damage":4,"enemies":"Jaw Worm","floor":4,"turns":2},{"damage":0,"enemies":"Cultist","floor":7,"turns":1},{"damage":23,"enemies":"Gremlin Gang","floor":8,"turns":3},{"damage":0,"enemies":"Lagavulin","floor":10,"turns":3},{"damage":0,"enemies":"Blue Slaver","floor":11,"turns":2},{"damage":0,"enemies":"Gremlin Nob","floor":12,"turns":3},{"damage":0,"enemies":"Looter","floor":14,"turns":2},{"damage":0,"enemies":"Slime Boss","floor":16,"turns":2},{"damage":1,"enemies":"Chosen","floor":18,"turns":4},{"damage":58,"enemies":"Shell Parasite","floor":19,"turns":9},{"damage":6,"enemies":"Masked Bandits","floor":21,"turns":2},{"damage":0,"enemies":"Book of Stabbing","floor":23,"turns":3},{"damage":1,"enemies":"Gremlin Leader","floor":25,"turns":4},{"damage":14,"enemies":"Book of Stabbing","floor":27,"turns":4},{"damage":9,"enemies":"Shelled Parasite and Fungi","floor":28,"turns":2},{"damage":6,"enemies":"Snecko","floor":29,"turns":3},{"damage":0,"enemies":"Centurion and Healer","floor":30,"turns":4},{"damage":0,"enemies":"Gremlin Leader","floor":31,"turns":4},{"damage":65,"enemies":"Champ","floor":33,"turns":7},{"damage":8,"enemies":"3 Darklings","floor":35,"turns":4},{"damage":15,"enemies":"3 Shapes","floor":36,"turns":3},{"damage":89,"enemies":"Sphere and 2 Shapes","floor":37,"turns":7},{"damage":0,"enemies":"Writhing Mass","floor":39,"turns":2},{"damage":0,"enemies":"Reptomancer","floor":40,"turns":3},{"damage":60,"enemies":"Reptomancer","floor":46,"turns":9},{"damage":0,"enemies":"Nemesis","floor":48,"turns":3},{"damage":0,"enemies":"Awakened One","floor":50,"turns":7},{"damage":14,"enemies":"Shield and Spear","floor":54,"turns":3},{"damage":43,"enemies":"The Heart","floor":55,"turns":6}],"seed_played":"-4211936564526581522","potions_obtained":[{"floor":10,"key":"DistilledChaos"},{"floor":11,"key":"DuplicationPotion"},{"floor":12,"key":"Energy Potion"}],"is_trial":false,"path_per_floor":["M","?","?","M","?","R","M","M","T","E","M","E","?","M","R","B",null,"M","M","$","?","?","E","R","E","T","E","M","M","M","E","R","B",null,"M","M","M","?","M","E","T","T","T","$","R","?","R","E","R","B",null,"R","$","E","B",null],"character_chosen":"THE_KIRITO","items_purchased":["AT_LudenTempest","HandDrill","Whetstone","Dream Catcher","Strange Spoon","FlashPuncture_Black","Nunchaku","Gremlin Horn","TimeFreeze","SunBlade_Black"],"campfire_rested":2,"item_purchase_floors":[20,20,44,44,44,44,53,53,53,53],"current_hp_per_floor":[72,77,77,73,73,73,73,50,50,50,50,50,41,41,41,41,74,73,85,85,79,79,79,79,78,88,74,67,61,63,65,65,74,109,101,86,146,146,148,150,150,150,150,154,154,162,162,164,166,166,168,170,170,161,118],"gold":2035,"neow_bonus":"THREE_ENEMY_KILL","is_daily":false,"chose_seed":false,"campfire_upgraded":5,"win_rate":0.0,"timestamp":1608453884,"path_taken":["M","?","?","M","?","R","?","?","T","E","M","E","?","M","R","BOSS","M","M","$","?","?","E","R","E","T","E","M","M","M","E","R","BOSS","M","M","M","?","M","E","?","?","T","$","R","?","R","E","R","BOSS","R","$","E","BOSS"],"items_purchased_type":["Relic","Relic","Relic","Relic","Relic","Card","Relic","Relic","Relic","Card"],"build_version":"2020-12-13","purchased_purges":2,"victory":true,"max_hp_per_floor":[80,85,85,85,85,85,85,85,85,85,85,85,85,85,85,85,85,85,85,85,87,87,88,88,92,102,107,110,111,114,116,116,121,121,125,132,146,146,151,154,154,154,154,154,154,162,162,164,166,168,168,170,170,175,208],"card_choices":[{"not_picked":["Defender_Black","WeakHit_Black"],"picked":"SharpCut_Black","floor":1},{"not_picked":["Exercise1_Black","FlashPuncture_Black","Track_Black"],"picked":"HeroicBearing_Black","floor":4},{"not_picked":["Defender_Black","Guard_Black","ThespeedofsoundToattack_Black"],"picked":"SwordDance_Black","floor":7},{"not_picked":["StarBurstStream_Black","SharpCut_Black","SmokeScreen_Black"],"picked":"Attacker_Black","floor":8},{"not_picked":["Unreasonable_Black","WeakHit_Black","SpiritCrash_Black"],"picked":"Mark_Black","floor":10},{"not_picked":["BrokenRibs_Black","GunFight_Black","HorizontalSquareChopping_Black"],"picked":"FlashPuncture_Black","floor":11},{"not_picked":["HorizontalSquareChopping_Black","Flash_Black","HeartyMeal_Black"],"picked":"SwordDance_Black","floor":12},{"not_picked":["HorizontalSquareChopping_Black","ThespeedofsoundToattack_Black","Track_Black"],"picked":"SwordDance_Black","floor":14},{"not_picked":["Unreasonable_Black","DrawingSword_Black","DoubleSword_Black"],"picked":"DarkRepulser_Black","floor":16},{"not_picked":["SmokeScreen_Black","DoubleAttack_Black","Ghost_Black","Dramatic Entrance"],"picked":"Attacker_Black","floor":18},{"not_picked":["SmokeScreen_Black","PrewarPrepare_Black+1","ThespeedofsoundToattack_Black","REME_TwoStrings"],"picked":"Attacker_Black","floor":19},{"not_picked":["WeakHit_Black","TakeAdvantage_Black+1","Stab_Black","expansioncontent:Flail+1"],"picked":"Elucidator_Black","floor":23},{"not_picked":["Advantage_Black+1","DefensiveStance_Black","Exercise2_Black","PrewarPrepare_Black","AT_LightSaberMaster"],"picked":"SKIP","floor":25},{"not_picked":["Smile_Black+1","Injury_Black","Guard_Black","Impatience"],"picked":"HeroicBearing_Black","floor":27},{"not_picked":["Stab_Black","DoubleCut_Black","HorizontalSquareChopping_Black","Thrust_Black+1","Discovery+1"],"picked":"Singing Bowl","floor":28},{"not_picked":["StrengthTransform_Black","Advantage_Black+1","Attacker_Black","REME_FirmDetermination"],"picked":"Exercise1_Black+1","floor":29},{"not_picked":["WeakHit_Black+1","SharpCut_Black","SmokeScreen_Black+1","FlashPuncture_Black+1","Jack Of All Trades"],"picked":"Singing Bowl","floor":30},{"not_picked":["CureCrystal_Black","DexterityTransform_Black+1","Exercise1_Black","BrilliantBlade_Black","Blind+1"],"picked":"Singing Bowl","floor":31},{"not_picked":["DarkRepulser_Black","ThrowKnife_Black","NotreDame_Black","Chrysalis"],"picked":"Beater_Black","floor":33},{"not_picked":["Guard_Black+1","HorizontalSquareChopping_Black","StarSpatter_Black","Master of Strategy"],"picked":"Kiriko_Black","floor":35},{"not_picked":["Spitting_Black+1","Thrust_Black+1","SwordDance_Black","MostiFishMod:Awakening"],"picked":"Attacker_Black+1","floor":36},{"not_picked":["Thrust_Black","WeakHit_Black","Spitting_Black+1","Ghost_Black","expansioncontent:HyperBeam"],"picked":"Singing Bowl","floor":37},{"not_picked":["BrilliantBlade_Black","StarBurstStream_Black+1","TakeAdvantage_Black","LevelUp_Black","MostiFishMod:SupremeArchaeology"],"picked":"Singing Bowl","floor":39},{"not_picked":["SmokeScreen_Black+1","WartimeReply_Black+1","Defender_Black+1","Stab_Black","expansioncontent:SuperHexaguard+1"],"picked":"Singing Bowl","floor":40},{"not_picked":["SharpCut_Black","PrewarPrepare_Black+1","HorizontalSquareChopping_Black","SwordDance_Black","expansioncontent:YouAreMine"],"picked":"Singing Bowl","floor":46},{"not_picked":["Flash_Black","BrilliantBlade_Black","BrokenRibs_Black","SpiritCrash_Black","Secret Weapon"],"picked":"Singing Bowl","floor":48},{"not_picked":["MentalLevelUp_Black","BrilliantBlade_Black+1","ThespeedofsoundToattack_Black+1","CuttingEdge_Black","MostiFishMod:Kaleido"],"picked":"Singing Bowl","floor":49},{"not_picked":["WartimeReply_Black+1","DoubleCut_Black","Exercise1_Black","Thrust_Black","expansioncontent:Chronoboost+1"],"picked":"Singing Bowl","floor":52},{"not_picked":["SelfCongested_Black","PrewarPrepare_Black","Stab_Black","WeakHit_Black","Mayhem"],"picked":"Singing Bowl","floor":54}],"player_experience":35794,"relics_obtained":[{"floor":1,"key":"Question Card"},{"floor":9,"key":"MidnightCoat"},{"floor":10,"key":"Boot"},{"floor":12,"key":"AT_MibuBalloonWealth"},{"floor":16,"key":"ImportantClient"},{"floor":17,"key":"MealTicket"},{"floor":17,"key":"Vajra"},{"floor":21,"key":"Red Mask"},{"floor":23,"key":"AT_RedTearstoneRing"},{"floor":25,"key":"AT_ChloranthyRing"},{"floor":26,"key":"Pear"},{"floor":27,"key":"Singing Bowl"},{"floor":31,"key":"SumUndead"},{"floor":40,"key":"PlanX"},{"floor":43,"key":"AT_ArchangelStaff"},{"floor":48,"key":"Meat on the Bone"},{"floor":54,"key":"Du-Vu Doll"}],"event_choices":[{"damage_healed":0,"gold_gain":0,"player_choice":"Donut","damage_taken":0,"max_hp_gain":5,"max_hp_loss":0,"event_name":"Big Fish","floor":2,"gold_loss":0},{"damage_healed":0,"gold_gain":0,"player_choice":"Paid Gold","damage_taken":0,"relics_obtained":["AT_ImmortalShieldbow"],"max_hp_gain":0,"max_hp_loss":0,"event_name":"WeMeetAgain","floor":5,"gold_loss":76},{"damage_healed":0,"gold_gain":75,"player_choice":"Gather Gold","damage_taken":11,"max_hp_gain":0,"max_hp_loss":0,"event_name":"World of Goop","floor":13,"gold_loss":0},{"damage_healed":0,"gold_gain":0,"player_choice":"Fought Bandits","damage_taken":0,"max_hp_gain":0,"max_hp_loss":0,"event_name":"Masked Bandits","floor":21,"gold_loss":0},{"damage_healed":0,"gold_gain":0,"player_choice":"Simplicity","damage_taken":0,"max_hp_gain":0,"max_hp_loss":0,"event_name":"Back to Basics","floor":22,"gold_loss":0,"cards_upgraded":["Strike_Black","Strike_Black","Strike_Black","Strike_Black","Defend_Black","Defend_Black","Defend_Black","Defend_Black"]},{"damage_healed":0,"gold_gain":222,"player_choice":"Wore Mask","damage_taken":0,"max_hp_gain":0,"max_hp_loss":0,"event_name":"Tomb of Lord Red Mask","floor":38,"gold_loss":0}],"is_beta":false,"boss_relics":[{"not_picked":["Fusion Hammer","Empty Cage"],"picked":"REME_LowDesire"},{"not_picked":["Busted Crown","AddBug"],"picked":"DiscerningMonocle"}],"items_purged_floors":[44,53],"is_endless":false,"potions_floor_spawned":[10,11,12,16,19,21,25,31,33,36,39,40],"ascension_level":9}}