{"host":"hfvpa4llnnjpeawn","time":1608457390,"event":{"mods":["2.2 Compatiblity","AchievementEnabler","Act Like it!","Aspiration","Bard","BaseMod","Beaked The Cultist","Better Sensory Stone","Better Skull","Better Third Choice","BetterRewards","CapriCore","Conspire","Downfall","Elementarium","Energized Spire","Hermit","Hubris","Jorbs\u0027s Wanderer Trilogy","Koishi","Lobotomy","LobotomyExtend","Minty Spire (QoL Compilation)","Replay The Spire","Shade Mod","Spicy Shops","StSLib","The Bladedancer","The Factory","The Gatherer","The Jungle","Waifu the Spire","Wandering Minibosses"],"gold_per_floor":[112,112,130,143,143,169,169,197,197,213,213,213,225,225,225],"floor_reached":14,"playtime":592,"items_purged":[],"score":155,"play_id":"68a7fd78-802d-4446-9700-e442ec4432d7","local_time":"20201220044310","is_ascension_mode":true,"campfire_choices":[{"data":"conspire:Charge","floor":7,"key":"SMITH"}],"circlet_count":0,"master_deck":["conspire:GhostlyStrike","conspire:GhostlyStrike","conspire:GhostlyStrike","conspire:GhostlyStrike","conspire:GhostlyStrike","conspire:GhostlyDefend","conspire:GhostlyDefend","conspire:GhostlyDefend","conspire:GhostlyDefend","Bash","CrumblingArmor","RedShoes","Whirlwind","Perfected Strike","DespairKnight","conspire:Charge+1","OSAHOGD","Shockwave","Scarecrow","MeatLantern","Battle Trance"],"relics":["Burning Blood","CogitoBucket","LetterFromLob","Replay:Baseball","Smiling Mask","Self Forming Clay","SkinProphecy"],"acts_visited":["Exordium"],"potions_floor_usage":[6,8,10,10],"damage_taken":[{"damage":8,"enemies":"Small Slimes","floor":1,"turns":4},{"damage":1,"enemies":"Cultist","floor":3,"turns":3},{"damage":0,"enemies":"2 Louse","floor":4,"turns":1},{"damage":15,"enemies":"Gremlin Nob","floor":6,"turns":4},{"damage":21,"enemies":"Lagavulin","floor":8,"turns":5},{"damage":41,"enemies":"Gremlin Gang","floor":10,"turns":4},{"damage":2,"enemies":"Blue Slaver","floor":13,"turns":4},{"damage":54,"enemies":"3 Sentries","floor":14,"turns":4}],"seed_played":"2237388366391267418","potions_obtained":[{"floor":2,"key":"Elixir"},{"floor":2,"key":"BloodPotion"},{"floor":2,"key":"Doom Potion"},{"floor":3,"key":"AttackPotion"},{"floor":6,"key":"BloodPotion"},{"floor":8,"key":"BlessingOfTheForge"}],"is_trial":false,"path_per_floor":["M","?","M","M","?","E","R","E","T","M","PTL","PTL","M","E"],"character_chosen":"IRONCLAD","items_purchased":[],"campfire_rested":0,"item_purchase_floors":[],"current_hp_per_floor":[78,78,80,80,80,71,71,72,72,53,53,53,53,0,0],"gold":225,"neow_bonus":"","is_daily":false,"chose_seed":false,"campfire_upgraded":1,"win_rate":0.0,"timestamp":1608457390,"path_taken":["M","?","?","?","?","E","R","E","T","M","PTL","PTL","M","E"],"items_purchased_type":[],"build_version":"2020-12-13","purchased_purges":0,"victory":false,"max_hp_per_floor":[80,80,80,80,80,80,80,80,80,80,80,80,82,84,84],"card_choices":[{"not_picked":["DespairKnight","LittlePrince"],"picked":"CrumblingArmor","floor":1},{"not_picked":["Burning Pact","Body Slam","Iron Wave"],"picked":"SKIP","floor":1},{"not_picked":["UniverseFragment","CherryBlossoms","FairyFestival"],"picked":"Singing Bowl","floor":3},{"not_picked":["PunishingBird","CherryBlossoms"],"picked":"RedShoes","floor":3},{"not_picked":["Headbutt","Warcry"],"picked":"Whirlwind","floor":3},{"not_picked":["Scorched","ShyLook","FairyFestival"],"picked":"Singing Bowl","floor":4},{"not_picked":["Run Through","Brutality"],"picked":"Perfected Strike","floor":4},{"not_picked":["NakedNest","Scorched"],"picked":"DespairKnight","floor":6},{"not_picked":["Headbutt","True Grit"],"picked":"conspire:Charge","floor":6},{"not_picked":["LittleHelper","OldLady"],"picked":"OSAHOGD","floor":8},{"not_picked":["Uppercut","Pommel Strike"],"picked":"Shockwave","floor":8},{"not_picked":["LongBird","Laetitia"],"picked":"Scarecrow","floor":10},{"not_picked":["Body Slam","Warcry","True Grit"],"picked":"SKIP","floor":10},{"not_picked":["MeatLantern","Scorched","PunishingBird"],"picked":"Singing Bowl","floor":13},{"not_picked":["ShyLook","OldLady"],"picked":"MeatLantern","floor":13},{"not_picked":["Corruption","Hemokinesis"],"picked":"Battle Trance","floor":13}],"player_experience":289967,"relics_obtained":[{"floor":1,"key":"LetterFromLob"},{"floor":6,"key":"Replay:Baseball"},{"floor":8,"key":"Smiling Mask"},{"floor":9,"key":"Self Forming Clay"}],"event_choices":[{"damage_healed":0,"gold_gain":0,"player_choice":"Got Potions","damage_taken":0,"max_hp_gain":0,"max_hp_loss":0,"event_name":"Lab","floor":2,"gold_loss":0},{"damage_healed":0,"gold_gain":0,"player_choice":"Agree","damage_taken":0,"max_hp_gain":0,"max_hp_loss":0,"event_name":"conspire:LoneGhost","floor":5,"gold_loss":0}],"is_beta":false,"boss_relics":[],"items_purged_floors":[],"is_endless":false,"potions_floor_spawned":[3,6,8],"killed_by":"3 Sentries","ascension_level":1}}