{"host":"lhth1efayex2023z","time":1608435459,"event":{"mods":["BaseMod","Colored Map","Googly Eyes","Minty Spire (QoL Compilation)","StSLib"],"gold_per_floor":[113,113,129,143,161,194,194,224,224,237,237,237],"floor_reached":11,"playtime":408,"items_purged":[],"score":136,"play_id":"1bc7ca20-246a-4782-87ea-6ead9b7569c7","local_time":"20201219203739","is_ascension_mode":true,"campfire_choices":[{"data":"Reprogram","floor":7.0,"key":"SMITH"}],"circlet_count":0,"master_deck":["AscendersBane","Strike_B","Strike_B","Strike_B","Strike_B","Defend_B","Defend_B","Defend_B","Defend_B","Zap+1","Dualcast","Coolheaded","Reprogram+1","Undo","Conserve Battery","FTL","Coolheaded"],"relics":["Cracked Core","NeowsBlessing","Incense Burner","Bottled Flame","Sundial"],"acts_visited":["Exordium"],"potions_floor_usage":[11],"damage_taken":[{"damage":0.0,"enemies":"Small Slimes","floor":1.0,"turns":1.0},{"damage":0.0,"enemies":"Cultist","floor":3.0,"turns":1.0},{"damage":0.0,"enemies":"2 Louse","floor":4.0,"turns":1.0},{"damage":8.0,"enemies":"Gremlin Gang","floor":5.0,"turns":8.0},{"damage":17.0,"enemies":"Gremlin Nob","floor":6.0,"turns":4.0},{"damage":2.0,"enemies":"Lagavulin","floor":8.0,"turns":10.0},{"damage":3.0,"enemies":"Exordium Wildlife","floor":10.0,"turns":2.0},{"damage":55,"enemies":"Gremlin Nob","floor":11,"turns":4}],"seed_played":"-8767545254770223652","potions_obtained":[{"floor":1.0,"key":"Dexterity Potion"},{"floor":3.0,"key":"PotionOfCapacity"},{"floor":4.0,"key":"FocusPotion"}],"is_trial":false,"path_per_floor":["M","?","M","M","M","E","R","E","T","M","E"],"character_chosen":"DEFECT","items_purchased":[],"campfire_rested":0,"item_purchase_floors":[],"current_hp_per_floor":[68,68,68,68,60,43,43,41,41,38,0,0],"gold":237,"neow_bonus":"THREE_ENEMY_KILL","is_daily":false,"chose_seed":false,"campfire_upgraded":1,"win_rate":0.0,"timestamp":1608435459,"path_taken":["M","?","?","M","?","E","R","E","T","?","E"],"items_purchased_type":[],"build_version":"2020-12-13","purchased_purges":0,"victory":false,"max_hp_per_floor":[75,75,75,75,75,75,75,75,75,75,75,75],"card_choices":[{"not_picked":["Hello World","Hologram"],"picked":"Coolheaded","floor":1.0},{"not_picked":["Melter","Stack"],"picked":"Reprogram","floor":3.0},{"not_picked":["Compile Driver","Sweeping Beam"],"picked":"Undo","floor":4.0},{"not_picked":["Redo","Loop"],"picked":"Conserve Battery","floor":5.0},{"not_picked":["Fission","Doom and Gloom"],"picked":"FTL","floor":6.0},{"not_picked":["Turbo","Leap"],"picked":"Coolheaded","floor":8.0},{"not_picked":["Ball Lightning","Heatsinks","Glacier"],"picked":"SKIP","floor":10.0}],"player_experience":377545,"relics_obtained":[{"floor":6.0,"key":"Incense Burner"},{"floor":8.0,"key":"Bottled Flame"},{"floor":9.0,"key":"Sundial"}],"event_choices":[{"damage_healed":0.0,"max_hp_gain":0.0,"max_hp_loss":0.0,"gold_gain":0.0,"event_name":"Upgrade Shrine","player_choice":"Upgraded","floor":2.0,"gold_loss":0.0,"damage_taken":0.0,"cards_upgraded":["Zap"]}],"is_beta":false,"boss_relics":[],"items_purged_floors":[],"is_endless":false,"potions_floor_spawned":[1,3,4],"killed_by":"Gremlin Nob","ascension_level":12}}