{"host":"xb2tau8pgi8aflss","time":1608469554,"event":{"mods":["AchievementEnabler","BaseMod","Minty Spire (QoL Compilation)","StSLib","SuperFastMode"],"gold_per_floor":[17,17,34,50,65,65,124,124,124,144,144,173,187,207,207,207,207],"floor_reached":16,"playtime":469,"items_purged":[],"score":130,"play_id":"b5eb685a-2c8a-4ce3-8697-b410619161ab","local_time":"20201220220554","is_ascension_mode":true,"campfire_choices":[{"data":"Aggregate","floor":6.0,"key":"SMITH"},{"floor":8.0,"key":"REST"},{"data":"Dualcast","floor":15.0,"key":"SMITH"}],"circlet_count":0,"master_deck":["Strike_B","Strike_B","Strike_B","Strike_B","Defend_B","Defend_B","Defend_B","Defend_B","Zap","Dualcast+1","Echo Form","Chaos","Pain","Doom and Gloom","Aggregate+1","Darkness","Hologram","Darkness","Self Repair"],"relics":["Cracked Core","WarpedTongs","HornCleat","Anchor","Pear","Bottled Lightning"],"acts_visited":["Exordium"],"potions_floor_usage":[16,16],"damage_taken":[{"damage":0.0,"enemies":"2 Louse","floor":1.0,"turns":1.0},{"damage":6.0,"enemies":"Cultist","floor":3.0,"turns":3.0},{"damage":12.0,"enemies":"Jaw Worm","floor":4.0,"turns":5.0},{"damage":6.0,"enemies":"2 Fungi Beasts","floor":5.0,"turns":2.0},{"damage":24.0,"enemies":"3 Sentries","floor":7.0,"turns":4.0},{"damage":8.0,"enemies":"Lots of Slimes","floor":10.0,"turns":3.0},{"damage":20.0,"enemies":"Lagavulin","floor":12.0,"turns":5.0},{"damage":7.0,"enemies":"Large Slime","floor":13.0,"turns":3.0},{"damage":0.0,"enemies":"2 Fungi Beasts","floor":14.0,"turns":3.0},{"damage":32,"enemies":"Slime Boss","floor":16,"turns":6}],"seed_played":"4913690748271982920","potions_obtained":[{"floor":1.0,"key":"Explosive Potion"},{"floor":4.0,"key":"Weak Potion"},{"floor":7.0,"key":"Strength Potion"},{"floor":14.0,"key":"BlessingOfTheForge"}],"is_trial":false,"path_per_floor":["M","?","M","M","M","R","?","R","T","M","?","E","M","M","R","B"],"character_chosen":"DEFECT","items_purchased":[],"campfire_rested":1,"item_purchase_floors":[],"current_hp_per_floor":[75,75,69,57,51,51,27,49,49,41,51,31,24,24,24,0,0],"gold":207,"neow_bonus":"THREE_RARE_CARDS","is_daily":false,"chose_seed":false,"campfire_upgraded":2,"win_rate":0.0,"timestamp":1608469554,"path_taken":["M","?","M","?","M","R","?","R","T","M","?","E","M","M","R","BOSS"],"items_purchased_type":[],"build_version":"2020-12-13","purchased_purges":0,"victory":false,"max_hp_per_floor":[75,75,75,75,75,75,75,75,75,75,85,85,85,85,85,85,85],"card_choices":[{"not_picked":["Electrodynamics","Rainbow"],"picked":"Echo Form","floor":0.0},{"not_picked":["Scrape","Reprogram"],"picked":"Chaos","floor":1.0},{"not_picked":["Redo","Go for the Eyes","Leap"],"picked":"SKIP","floor":3.0},{"not_picked":["Lockon","Cold Snap"],"picked":"Doom and Gloom","floor":4.0},{"not_picked":["Rebound","Beam Cell"],"picked":"Aggregate","floor":5.0},{"not_picked":["Beam Cell","Recycle"],"picked":"Darkness","floor":7.0},{"not_picked":["Steam Power","Leap"],"picked":"Hologram","floor":10.0},{"not_picked":["Force Field","Steam","Gash"],"picked":"SKIP","floor":12.0},{"not_picked":["Scrape","Fission"],"picked":"Darkness","floor":13.0},{"not_picked":["Undo","Streamline"],"picked":"Self Repair","floor":14.0}],"player_experience":719158,"relics_obtained":[{"floor":9.0,"key":"Anchor"},{"floor":12.0,"key":"Bottled Lightning"}],"event_choices":[{"damage_healed":0.0,"max_hp_gain":0.0,"max_hp_loss":0.0,"gold_gain":0.0,"event_name":"Accursed Blacksmith","player_choice":"Rummage","floor":2.0,"gold_loss":0.0,"damage_taken":0.0,"relics_obtained":["WarpedTongs"],"cards_obtained":["Pain"]},{"damage_healed":0.0,"max_hp_gain":0.0,"max_hp_loss":0.0,"gold_gain":0.0,"event_name":"Dead Adventurer","player_choice":"Searched \u00272\u0027 times","floor":7.0,"gold_loss":0.0,"damage_taken":0.0,"relics_obtained":["HornCleat"]},{"damage_healed":0.0,"max_hp_gain":0.0,"max_hp_loss":0.0,"gold_gain":0.0,"event_name":"WeMeetAgain","player_choice":"Gave Potion","floor":11.0,"gold_loss":0.0,"damage_taken":0.0,"relics_obtained":["Pear"]}],"is_beta":false,"boss_relics":[],"items_purged_floors":[],"is_endless":false,"potions_floor_spawned":[1,4,7,14],"killed_by":"Slime Boss","ascension_level":5}}