{"host":"7z347kdhnquy3q4q","time":1608439325,"event":{"mods":["Act Like it!","Aspiration","BaseMod","Downfall","Hubris","Minty Spire (QoL Compilation)","MostiFishMod","Permanent Neow","Potionbrewer","Replay The Spire","Robot Space Explorer","Spicy Shops","StSLib","Wandering Minibosses","vexMod"],"gold_per_floor":[114,126,140,55,75,75,103,103,128,140,157,157,177,189,189,293,293,308,321,421,437,453,453,467,494,494,494,494,77,77,77,77,176,176,190,205,27,27,127,127,140,140,165,165,199,2,14,28,28,28],"floor_reached":51,"playtime":2889,"items_purged":["Regret"],"score":976,"play_id":"21a9a011-06a0-48b4-b54e-1a2ff972d06f","local_time":"20201219224205","is_ascension_mode":true,"campfire_choices":[{"data":"Whirlwind","floor":6,"key":"SMITH"},{"data":"RobotSpaceExplorer:MiniLasers","floor":8,"key":"SMITH"},{"data":"Guardian:DecasProtection","floor":12,"key":"SMITH"},{"floor":15,"key":"DIG"},{"data":"sneckomod:WideSting","floor":23,"key":"SMITH"},{"data":"RobotSpaceExplorer:Scan","floor":27,"key":"SMITH"},{"data":"hexamod:NightmareStrike","floor":30,"key":"SMITH"},{"floor":32,"key":"REST"},{"data":"MostiFishMod:Neptune","floor":40,"key":"SMITH"},{"data":"MostiFishMod:NightSea","floor":42,"key":"SMITH"},{"data":"Defragment","floor":44,"key":"SMITH"},{"data":"hexamod:DynamicBlow","floor":49,"key":"SMITH"}],"circlet_count":0,"master_deck":["RobotSpaceExplorer:Strike","RobotSpaceExplorer:Strike","RobotSpaceExplorer:Strike","RobotSpaceExplorer:Strike","RobotSpaceExplorer:Defend+1","RobotSpaceExplorer:Defend","RobotSpaceExplorer:Defend","RobotSpaceExplorer:Defend","RobotSpaceExplorer:Scan+1","RobotSpaceExplorer:MiniLasers+1","Whirlwind+1","Panic Button+1","hexamod:DynamicBlow+1","Replay:SS_forest_2","champ:ShieldWall","Guardian:DecasProtection+1","hexamod:NightmareStrike+1","Cold Snap","Loop","Core Surge","sneckomod:WideSting+1","Ball Lightning","Defragment+1","RobotSpaceExplorer:BigMissile+1","MostiFishMod:Mottled","MostiFishMod:Neptune+1","MostiFishMod:TheEndOfMoonlight","MostiFishMod:SparklingWater","MostiFishMod:FantasySummer","MostiFishMod:NightSea+1","RobotSpaceExplorer:PowerCollector+1","expansioncontent:Collect","RobotSpaceExplorer:Arsenal","RobotSpaceExplorer:SurgingShield","BasicCrystalCard+1","RobotSpaceExplorer:PowerCollector+1","RobotSpaceExplorer:Discharger+1"],"relics":["RobotSpaceExplorer:RoboCore","DaveBox","aspiration:Nostalgia","Iron Core","BionicSphere","Question Card","PrismaticShard","TungstenRod","aspiration:Lifesprig","Replay:Bottled Snecko","ImportantClient","Painkiller Herb","wanderingMiniBosses:AbyssPearl","Juzu Bracelet","hubris:MysteriousPyramids","aspiration:Stabinomicon","RobotSpaceExplorer:SlideRule","Snack Pack","War Paint","MoonlightInvasionPlan","Guardian:PocketSentry","potionbrewer:Torch","Replay:Bottled Steam","DollysMirror","Mango"],"acts_visited":["Exordium","TheCity","TheBeyond"],"potions_floor_usage":[7,16,21,25],"damage_taken":[{"damage":0.0,"enemies":"2 Louse","floor":1.0,"turns":2.0},{"damage":0.0,"enemies":"Cultist","floor":2.0,"turns":2.0},{"damage":0.0,"enemies":"Small Slimes","floor":3.0,"turns":1.0},{"damage":0,"enemies":"2 Fungi Beasts","floor":5,"turns":5},{"damage":0,"enemies":"Gremlin Nob","floor":7,"turns":3},{"damage":0,"enemies":"Lots of Slimes","floor":10,"turns":6},{"damage":0,"enemies":"Exordium Thugs","floor":11,"turns":3},{"damage":0,"enemies":"Looter","floor":13,"turns":2},{"damage":0,"enemies":"Blue Slaver","floor":14,"turns":2},{"damage":6,"enemies":"Hexaghost","floor":16,"turns":6},{"damage":0,"enemies":"3 Byrds","floor":18,"turns":4},{"damage":0,"enemies":"Shell Parasite","floor":19,"turns":3},{"damage":0,"enemies":"Centurion and Healer","floor":21,"turns":2},{"damage":0,"enemies":"Cultist and Chosen","floor":22,"turns":4},{"damage":0,"enemies":"Snake Plant","floor":24,"turns":3},{"damage":0,"enemies":"Slavers","floor":25,"turns":2},{"damage":7,"enemies":"hubris:MusketHawk","floor":33,"turns":4},{"damage":0,"enemies":"Orb Walker","floor":35,"turns":2},{"damage":4,"enemies":"3 Darklings","floor":36,"turns":4},{"damage":0,"enemies":"Spire Growth","floor":41,"turns":3},{"damage":4,"enemies":"R_Hoarder","floor":45,"turns":3},{"damage":4,"enemies":"4 Shapes","floor":47,"turns":3},{"damage":4,"enemies":"Maw","floor":48,"turns":4},{"damage":4,"enemies":"Replay:Hell Engine","floor":50,"turns":3}],"seed_played":"122396504718691108","potions_obtained":[{"floor":2.0,"key":"Elixir"},{"floor":3.0,"key":"SkillPotion"},{"floor":7,"key":"BlessingOfTheForge"},{"floor":10,"key":"Strength Potion"},{"floor":18,"key":"SkillPotion"},{"floor":24,"key":"potionbrewer:HastePotion"},{"floor":41,"key":"SteroidPotion"},{"floor":45,"key":"LifebloodPotion"},{"floor":48,"key":"Swift Potion"}],"is_trial":false,"path_per_floor":["M","M","M","$","M","R","E","R","T","M","M","R","M","M","R","B",null,"?","?","?","?","?","T","?","E","T","T","?","T","T","?","T","B",null,"?","?","T","?","?","T","?","T","T","T","E","T","?","?","T","B",null],"character_chosen":"RobotSpaceExplorer","items_purchased":["Replay:SS_forest_2","RobotSpaceExplorer:SlideRule","Snack Pack","RobotSpaceExplorer:BigMissile+1","War Paint","Guardian:PocketSentry","RobotSpaceExplorer:PowerCollector+1","DollysMirror","Mango"],"campfire_rested":1,"item_purchase_floors":[4,29,29,29,29,37,37,46,46],"current_hp_per_floor":[68,68,68,68,68,68,68,68,68,68,68,68,68,68,68,62,72,72,72,72,72,72,72,72,72,72,72,60,60,60,60,75,71,74,75,73,73,73,73,73,75,75,75,75,73,87,83,79,79,79],"gold":28,"neow_bonus":"NOSTALGIA","is_daily":false,"chose_seed":false,"campfire_upgraded":10,"win_rate":0.0,"timestamp":1608439325,"path_taken":["M","M","M","$","M","R","E","R","T","M","M","R","M","M","R","BOSS","?","?","?","?","?","T","?","E","T","T","?","T","T","?","T","BOSS","?","?","T","?","?","T","?","T","T","T","E","T","?","?","T","BOSS"],"items_purchased_type":["Card","Relic","Relic","Card","Relic","Relic","Card","Relic","Relic"],"build_version":"2020-12-13","purchased_purges":1,"victory":true,"max_hp_per_floor":[75,75,75,75,75,75,75,75,75,75,75,75,75,75,75,75,75,75,75,75,75,75,75,75,75,75,75,75,75,75,75,75,75,75,75,75,75,75,75,75,75,75,75,75,75,89,89,89,89,89],"card_choices":[{"not_picked":["Iron Wave","Body Slam"],"picked":"Whirlwind","floor":1.0},{"not_picked":["potionbrewer:Contingency","champ:FlashCut","MostiFishMod:PoisonShield"],"picked":"Panic Button","floor":2.0},{"not_picked":["RobotSpaceExplorer:ScrapShield","CutThroughFate","Prepared"],"picked":"hexamod:DynamicBlow","floor":3.0},{"not_picked":["sneckomod:QuickMove","ReplayTheSpireMod:Repulse","RobotSpaceExplorer:ScrapShield"],"picked":"champ:ShieldWall","floor":5},{"not_picked":["sneckomod:Mudshield","Specialist","potionbrewer:TestSubject","Guardian:TemporalStrike"],"picked":"SKIP","floor":7},{"not_picked":["sneckomod:DefensiveFlair","Dark Embrace","Noxious Fumes"],"picked":"Guardian:DecasProtection","floor":10},{"not_picked":["Thunderclap","hexamod:ThermalTransfer","Slimebound:Chomp"],"picked":"hexamod:NightmareStrike","floor":11},{"not_picked":["Steam","ReplayTheSpireMod:Shiv Toss","Halt"],"picked":"Cold Snap","floor":13},{"not_picked":["Tantrum","potionbrewer:LeftoverSpecimen","Flying Knee"],"picked":"Loop","floor":14},{"not_picked":["Eclipse","MostiFishMod:OrdinaryWorld","ReplayTheSpireMod:Necrogeddon"],"picked":"Core Surge","floor":16},{"not_picked":["Guardian:PrimingBeam+1","potionbrewer:BalancedFormula","Slimebound:Dissolve","Cleave"],"picked":"SKIP","floor":18},{"not_picked":["Go for the Eyes","Twin Strike","All Out Attack","expansioncontent:ManipulateTime"],"picked":"SKIP","floor":19},{"not_picked":["champ:BringItOn","Steam","FlyingSleeves"],"picked":"sneckomod:WideSting","floor":21},{"not_picked":["Choke+1","Slimebound:LivingWall+1","Guardian:Gem_Green"],"picked":"Ball Lightning","floor":22},{"not_picked":["hexamod:InspiringFlames","champ:BerserkersShout","hexamod:PhantomFireball"],"picked":"Defragment","floor":24},{"not_picked":["ReplayTheSpireMod:Reroute Power","hexamod:StepThrough","Thunder Strike","hexamod:ChargedBarrage"],"picked":"SKIP","floor":25},{"not_picked":["Guardian:ExploitGems","DeusExMachina","MostiFishMod:Awakening"],"picked":"MostiFishMod:Mottled","floor":33},{"not_picked":["hexamod:ChargedBarrage+1","sneckomod:UnknownVulnerable+1","sneckomod:QuickBite","RobotSpaceExplorer:FrostMissile"],"picked":"SKIP","floor":35},{"not_picked":["champ:Encircle+1","RobotSpaceExplorer:MetalStrike","RobotSpaceExplorer:SurgingShield","potionbrewer:FortifiedSerum"],"picked":"SKIP","floor":36},{"not_picked":["Demonic Infusion","potionbrewer:BlindingMist","Slimebound:SlimeSpikes+1"],"picked":"BasicCrystalCard+1","floor":41},{"not_picked":["Slimebound:Dissolve","ReplayTheSpireMod:Scrap Shanks","Bouncing Flask+1","Static Discharge+1"],"picked":"SKIP","floor":45},{"not_picked":["expansioncontent:LastStand","ReplayTheSpireMod:Corrosion Curse+1","potionbrewer:Smokescreen+1","Slimebound:SlimeSpikes"],"picked":"SKIP","floor":47},{"not_picked":["champ:FlashCut","Dramatic Entrance","Indignation+1"],"picked":"RobotSpaceExplorer:Discharger+1","floor":48}],"player_experience":1887212,"relics_obtained":[{"floor":1.0,"key":"Question Card"},{"floor":1.0,"key":"PrismaticShard"},{"floor":7,"key":"TungstenRod"},{"floor":9,"key":"aspiration:Lifesprig"},{"floor":15,"key":"Replay:Bottled Snecko"},{"floor":16,"key":"ImportantClient"},{"floor":22,"key":"wanderingMiniBosses:AbyssPearl"},{"floor":25,"key":"Juzu Bracelet"},{"floor":26,"key":"hubris:MysteriousPyramids"},{"floor":28,"key":"aspiration:Stabinomicon"},{"floor":43,"key":"potionbrewer:Torch"},{"floor":45,"key":"Replay:Bottled Steam"}],"event_choices":[{"damage_healed":0,"gold_gain":100,"player_choice":"Pray","damage_taken":0,"max_hp_gain":0,"max_hp_loss":0,"event_name":"Golden Shrine","floor":20,"gold_loss":0},{"damage_healed":0,"gold_gain":0,"player_choice":"Obtained Book","damage_taken":16,"max_hp_gain":0,"max_hp_loss":0,"event_name":"Cursed Tome","floor":28,"gold_loss":0},{"damage_healed":0,"gold_gain":0,"player_choice":"Ignored","damage_taken":0,"max_hp_gain":0,"max_hp_loss":0,"event_name":"Vampires","floor":31,"gold_loss":0},{"damage_healed":0,"gold_gain":0,"player_choice":"3 cards matched","damage_taken":0,"max_hp_gain":0,"max_hp_loss":0,"event_name":"Match and Keep!","floor":38,"gold_loss":0,"cards_obtained":["expansioncontent:Collect","RobotSpaceExplorer:Arsenal","RobotSpaceExplorer:SurgingShield"]},{"damage_healed":0,"gold_gain":100,"player_choice":"Pray","damage_taken":0,"max_hp_gain":0,"max_hp_loss":0,"event_name":"Golden Shrine","floor":39,"gold_loss":0}],"is_beta":false,"boss_relics":[{"not_picked":["TimeKeys","SlaversCollar"],"picked":"Painkiller Herb"},{"not_picked":["Kintsugi","RobotSpaceExplorer:TurboCore"],"picked":"MoonlightInvasionPlan"}],"items_purged_floors":[29],"is_endless":false,"potions_floor_spawned":[2,3,7,10,13,18,24,41,45,48],"ascension_level":8}}