{"host":"ftc0tgnuzn0d2s6e","time":1608430417,"event":{"mods":["Act Like it!","Ascension Reborn","BaseMod","CapriCore","Colored Powertips","Conspire","Downfall","Gensokyo","GifTheSpireLib","KinomotoSakuraMod(ƒæ÷Æ±æ”£)","Lobotomy","LobotomyExtend","Marisa£®ÏF”Í°°ƒß¿Ì…≥£©","Minty Spire (QoL Compilation)","MostiFishMod","Quick Restart","Reimu£®≤©¿ˆ¡È√Œ£©","Replay The Spire","Shop Mod","StSLib","TestMod","The Administrix","The Animator","The Immortal","The Jungle","The Servant 0.9.4","Youmu£®ªÍ∆«—˝√Œ£©","vexMod"],"gold_per_floor":[117,134,150,167,190,190,232,252,281,295,319,319,349,349,349,470,470,486,498,498,498,798,798,404,442,442,442,473,473,307,323,323,443,443,466,484,294,308,188,188,205,205,261,273,51,65,82,95,95,95,95,95,95,95,95,7,45,45],"floor_reached":59,"playtime":2406,"items_purged":["Defend_R+1","PunishingBird","BigBird","Defend_R+1","Infernal Blade+1","Scorched"],"score":1893,"play_id":"d60404a9-ca0d-4f7d-8baa-07313695d4ce","local_time":"20201220101337","is_ascension_mode":true,"campfire_choices":[{"data":"Infernal Blade","floor":6.0,"key":"SMITH"},{"data":"Pommel Strike","floor":12.0,"key":"SMITH"},{"floor":15.0,"key":"RECALL"},{"data":"MostiFishMod:RacingGame","floor":23.0,"key":"SMITH"},{"data":"Pot Of Greed","floor":27.0,"key":"SMITH"},{"data":"Rage","floor":32.0,"key":"SMITH"},{"floor":40.0,"key":"REST"},{"data":"Limit Break","floor":49,"key":"SMITH"},{"floor":54,"key":"REST"}],"circlet_count":0,"master_deck":["ApocalypseBird","LongBird","Strike_R+1","Strike_R+1","Strike_R+1","Strike_R+1","Bash+1","Pommel Strike+1","OSAHOGD","MostiFishMod:RacingGame+1","Pot Of Greed+1","ReplayReversal+1","Rage+1","ReplayReversal+1","Limit Break+1"],"relics":["Burning Blood","testmod-TestBox","DaveBox","testmod-OneHitWonder","EGODaCapo","CogitoBucket","RabbitCall","LetterFromLob","RedMistMask","Quantum Egg","AdjustmentMirror","ImprovedEquipment","Ancient Tea Set","Justitia_r","Toy Ornithopter","SentryEyes","ImportantClient","conspire:RoyalGoblet","ChangeAnything","MerchantsRug","Paper Frog","Sling","Nunchaku","Mango","Eternal Feather","vexMod:InvisibilityCloak","Twilight","ReplayTheSpireMod:TigerMarble","AtMidnight","BackwardClock","Incense Burner","SlaversCollar","Tea:ReiMu","Replay:Bottled Snecko","TimeFreeze","Torii","Gremlin Food","Replay:Bottled Flurry"],"acts_visited":["Exordium","Gensokyo:Gensokyo","TheBeyond","TheEnding"],"potions_floor_usage":[],"damage_taken":[{"damage":0.0,"enemies":"Gensokyo:Python","floor":1.0,"turns":2.0},{"damage":0.0,"enemies":"Gensokyo:2_Kodama","floor":2.0,"turns":2.0},{"damage":0.0,"enemies":"Gensokyo:Gryphon","floor":3.0,"turns":2.0},{"damage":0.0,"enemies":"Gensokyo:VengefulSpirit","floor":4.0,"turns":2.0},{"damage":0.0,"enemies":"Gensokyo:2_Rabbits","floor":5.0,"turns":2.0},{"damage":12.0,"enemies":"Gensokyo:Cirno","floor":7.0,"turns":5.0},{"damage":0.0,"enemies":"Gensokyo:Python_and_Kodama","floor":8.0,"turns":2.0},{"damage":0.0,"enemies":"Gensokyo:5_Fairies","floor":10.0,"turns":2.0},{"damage":0.0,"enemies":"Gensokyo:Gryphon_and_Rabbit","floor":11.0,"turns":2.0},{"damage":0.0,"enemies":"Gensokyo:Aya","floor":13.0,"turns":3.0},{"damage":0.0,"enemies":"Gensokyo:Kokoro","floor":16.0,"turns":3.0},{"damage":0.0,"enemies":"Gensokyo:Chomper","floor":18.0,"turns":2.0},{"damage":0.0,"enemies":"Gensokyo:3_Dogs","floor":19.0,"turns":1.0},{"damage":0.0,"enemies":"Gensokyo:Koishi","floor":25.0,"turns":2.0},{"damage":0.0,"enemies":"Gensokyo:Tenshi","floor":28.0,"turns":1.0},{"damage":8.0,"enemies":"Gensokyo:Slime_Group","floor":29.0,"turns":3.0},{"damage":0.0,"enemies":"Gensokyo:Slime_Group","floor":31.0,"turns":2.0},{"damage":0.0,"enemies":"Gensokyo:Eternal_Rivals","floor":33.0,"turns":3.0},{"damage":0.0,"enemies":"Orb Walker","floor":35.0,"turns":1.0},{"damage":0.0,"enemies":"3 Darklings","floor":36.0,"turns":2.0},{"damage":5.0,"enemies":"Jaw Worm Horde","floor":38.0,"turns":1.0},{"damage":0.0,"enemies":"Writhing Mass","floor":41.0,"turns":2.0},{"damage":5,"enemies":"Transient","floor":44,"turns":4},{"damage":0,"enemies":"Maw","floor":46,"turns":3},{"damage":0,"enemies":"Writhing Mass","floor":47,"turns":2},{"damage":0,"enemies":"Transient","floor":48,"turns":5},{"damage":10,"enemies":"Donu and Deca","floor":50,"turns":6},{"damage":0,"enemies":"Awakened One","floor":51,"turns":5},{"damage":0,"enemies":"Shield and Spear","floor":57,"turns":1},{"damage":1,"enemies":"The Heart","floor":58,"turns":4}],"seed_played":"-7905293956633936494","potions_obtained":[{"floor":1.0,"key":"ElixirPotion"},{"floor":2.0,"key":"Toxic Potion"},{"floor":2.0,"key":"Explosive Potion"},{"floor":5.0,"key":"Adrenaline Potion"}],"is_trial":false,"path_per_floor":["M","M","M","M","M","R","E","M","T","M","M","R","E","?","R","B",null,"M","M","?","?","?","R","$","E","T","R","E","M","$","M","R","B",null,"M","M","$","M","$","R","M","?","T","M","$","M","M","M","R","B","B",null,null,"R","??","$","E","B",null],"character_chosen":"IRONCLAD","items_purchased":["MerchantsRug","Paper Frog","Sling","ReplayTheSpireMod:TigerMarble","TimeFreeze","Limit Break"],"campfire_rested":2,"item_purchase_floors":[24,24,24,30,37,45],"current_hp_per_floor":[85,85,85,85,85,85,81,85,85,85,85,85,85,85,85,90,90,90,90,90,90,85,85,85,85,99,99,99,99,99,99,99,104,104,104,104,104,104,104,104,104,104,104,104,104,104,104,104,104,109,114,114,114,114,114,114,114,119],"gold":45,"neow_bonus":"","is_daily":false,"chose_seed":false,"campfire_upgraded":6,"win_rate":0.0,"timestamp":1608430417,"path_taken":["M","M","M","M","M","R","E","M","T","M","M","R","E","?","R","BOSS","M","?","?","?","?","R","$","E","T","R","E","?","$","M","R","BOSS","M","M","$","M","$","R","M","?","T","M","$","M","M","?","R","BOSS","BOSS","R","??","$","E","BOSS"],"items_purchased_type":["Relic","Relic","Relic","Relic","Relic","Card"],"build_version":"2020-12-13","purchased_purges":6,"victory":true,"max_hp_per_floor":[85,85,85,85,85,85,85,85,85,85,85,85,85,85,85,90,90,90,90,90,90,85,85,85,85,99,99,99,99,99,99,99,104,104,104,104,104,104,104,104,104,104,104,104,104,104,104,104,104,109,114,114,114,114,114,114,114,119],"card_choices":[{"not_picked":["BigBadWolf","OldLady","MeltingLove"],"picked":"Singing Bowl","floor":1.0},{"not_picked":["Bloodbath","WallGazer"],"picked":"LongBird","floor":1.0},{"not_picked":["Carnage","Iron Wave"],"picked":"Pommel Strike","floor":1.0},{"not_picked":["FairyFestival","UniverseFragment","CrumblingArmor"],"picked":"Singing Bowl","floor":2.0},{"not_picked":["Perfected Strike","Flex","Intimidate","Clothesline"],"picked":"SKIP","floor":2.0},{"not_picked":["HeroicMonk","ShyLook","GalaxyChild"],"picked":"Singing Bowl","floor":3.0},{"not_picked":["Iron Wave","Pummel","ReplayTheSpireMod:Strike From Hell","Flex"],"picked":"SKIP","floor":3.0},{"not_picked":["HappyTeddy","PunishingBird","WallGazer"],"picked":"Singing Bowl","floor":4.0},{"not_picked":["MeatLantern","Murderer"],"picked":"PunishingBird","floor":4.0},{"not_picked":["ReplayTheSpireMod:Limb From Limb","Shockwave","Headbutt"],"picked":"Infernal Blade","floor":4.0},{"not_picked":["BeautyBeast","UniverseFragment","Mercenary"],"picked":"Singing Bowl","floor":5.0},{"not_picked":["OldLady","CherryBlossoms"],"picked":"OSAHOGD","floor":5.0},{"not_picked":["Perfected Strike","Pummel","ReplayTheSpireMod:Corrosion Curse","MostiFishMod:ChineseTea"],"picked":"SKIP","floor":5.0},{"not_picked":["Perfected Strike","Pummel","ReplayTheSpireMod:Corrosion Curse","MostiFishMod:ChineseTea"],"picked":"SKIP","floor":5.0},{"not_picked":["FairyFestival","ShyLook","NakedNest"],"picked":"Singing Bowl","floor":7.0},{"not_picked":["Iron Wave","Perfected Strike","Flex","Headbutt"],"picked":"SKIP","floor":7.0},{"not_picked":["MeatLantern","LittleHelper","Bloodbath"],"picked":"Singing Bowl","floor":8.0},{"not_picked":["Havoc","Heavy Blade","Armaments","Dark Embrace"],"picked":"SKIP","floor":8.0},{"not_picked":["LittleHelper","GreedKing","BeautyBeast"],"picked":"Singing Bowl","floor":10.0},{"not_picked":["Armaments","Cleave","Flame Barrier","Warcry"],"picked":"SKIP","floor":10.0},{"not_picked":["Freischutz","OldLady","Funeral"],"picked":"Singing Bowl","floor":11.0},{"not_picked":["Clothesline","Shrug It Off","Headbutt","Feel No Pain"],"picked":"SKIP","floor":11.0},{"not_picked":["BlueStar","ShyLook"],"picked":"Scorched","floor":13.0},{"not_picked":["Perfected Strike","Warcry","ReplayTheSpireMod:Stacked","Combust"],"picked":"SKIP","floor":13.0},{"not_picked":["SpiderBud","ShyLook","MeatLantern"],"picked":"Singing Bowl","floor":16.0},{"not_picked":["MostiFishMod:NeverNightCountry","Reaper","MostiFishMod:NewArrival"],"picked":"MostiFishMod:RacingGame","floor":16.0},{"not_picked":["ShyLook","BeautyBeast","WallGazer"],"picked":"Singing Bowl","floor":18.0},{"not_picked":["Warcry+1","Searing Blow","Dual Wield+1","Anger"],"picked":"SKIP","floor":18.0},{"not_picked":["HeroicMonk","CrumblingArmor","BigBadWolf"],"picked":"Singing Bowl","floor":19.0},{"not_picked":["Demon Form","Flex","Metallicize","Anger+1"],"picked":"SKIP","floor":19.0},{"not_picked":["FieryBird","Murderer","BodiesMountain"],"picked":"Singing Bowl","floor":25.0},{"not_picked":["Defy Death","Body Slam","Dropkick"],"picked":"ReplayReversal+1","floor":25.0},{"not_picked":["WhitesApple","UniverseFragment","OldLady"],"picked":"Singing Bowl","floor":28.0},{"not_picked":["WallGazer","SpiderBud"],"picked":"BigBird","floor":28.0},{"not_picked":["ReplayTheSpireMod:Limb From Limb","Wild Strike","MostiFishMod:BrandingRite"],"picked":"Rage","floor":28.0},{"not_picked":["BlackArmy","GreedKing","Woodsman"],"picked":"Singing Bowl","floor":29.0},{"not_picked":["UniverseFragment","BlueStar","BodiesMountain"],"picked":"Singing Bowl","floor":31.0},{"not_picked":["True Grit","MostiFishMod:TemporaryOutbreak","Thunderclap","Pommel Strike"],"picked":"SKIP","floor":31.0},{"not_picked":["Woodsman","ShyLook","Wellcheers"],"picked":"Singing Bowl","floor":33.0},{"not_picked":["BlueStar","Mercenary","BigBadWolf"],"picked":"Singing Bowl","floor":35.0},{"not_picked":["Perfected Strike+1","Intimidate+1","True Grit"],"picked":"ReplayReversal+1","floor":35.0},{"not_picked":["Murderer","OldLady","SilentOrchestra"],"picked":"Singing Bowl","floor":36.0},{"not_picked":["Anger","Twin Strike+1","Armaments","Burning Pact+1"],"picked":"SKIP","floor":36.0},{"not_picked":["Freischutz","LittleHelper","QueenBee"],"picked":"Singing Bowl","floor":38.0},{"not_picked":["Iron Wave+1","Sentinel+1","Flex+1","Run Through+1"],"picked":"SKIP","floor":38.0},{"not_picked":["LittlePrince","Rudolta","Funeral"],"picked":"Singing Bowl","floor":41.0},{"not_picked":["Havoc+1","ReplayTheSpireMod:LeadingStrike+1","Burning Pact+1","ReplayTheSpireMod:Muscle Training+1"],"picked":"SKIP","floor":41.0},{"not_picked":["HeroicMonk","QueenOfHatred","Scarecrow"],"picked":"Singing Bowl","floor":44},{"not_picked":["Searing Blow+1","Feel No Pain+1","Inflame+1","Pommel Strike+1"],"picked":"SKIP","floor":44},{"not_picked":["QueenOfHatred","GreedKing","QueenBee"],"picked":"Singing Bowl","floor":46},{"not_picked":["MostiFishMod:BrandingRite+1","Perfected Strike+1","Sword Boomerang+1","Thunderclap+1"],"picked":"SKIP","floor":46},{"not_picked":["BigBadWolf","QueenOfHatred","CrumblingArmor"],"picked":"Singing Bowl","floor":47},{"not_picked":["Twin Strike+1","Headbutt+1","Dark Embrace+1","Armaments+1"],"picked":"SKIP","floor":47},{"not_picked":["WhiteNight","DreamingCurrent","Porccubus"],"picked":"Singing Bowl","floor":48},{"not_picked":["MostiFishMod:RacingGame","Flex+1","Combust+1","Carnage+1"],"picked":"SKIP","floor":48},{"not_picked":["GalaxyChild","QueenOfHatred","DespairKnight"],"picked":"Singing Bowl","floor":57},{"not_picked":["Intimidate","ReplayTheSpireMod:Muscle Training+1","Sentinel"],"picked":"SKIP","floor":57}],"player_experience":182034,"relics_obtained":[{"floor":1.0,"key":"Question Card"},{"floor":1.0,"key":"LetterFromLob"},{"floor":7.0,"key":"RedMistMask"},{"floor":7.0,"key":"Quantum Egg"},{"floor":9.0,"key":"ImprovedEquipment"},{"floor":10.0,"key":"Ancient Tea Set"},{"floor":13.0,"key":"Toy Ornithopter"},{"floor":16.0,"key":"SentryEyes"},{"floor":16.0,"key":"ImportantClient"},{"floor":25.0,"key":"Nunchaku"},{"floor":26.0,"key":"Mango"},{"floor":26.0,"key":"Eternal Feather"},{"floor":28.0,"key":"vexMod:InvisibilityCloak"},{"floor":29.0,"key":"Twilight"},{"floor":31.0,"key":"AtMidnight"},{"floor":33.0,"key":"Incense Burner"},{"floor":35.0,"key":"Tea:ReiMu"},{"floor":36.0,"key":"Replay:Bottled Snecko"},{"floor":43,"key":"Torii"},{"floor":43,"key":"Gremlin Food"},{"floor":57,"key":"Replay:Bottled Flurry"}],"event_choices":[{"damage_healed":0,"gold_gain":0,"player_choice":"0 cards matched","damage_taken":0,"max_hp_gain":0,"max_hp_loss":0,"event_name":"Match and Keep!","floor":42,"gold_loss":0,"cards_obtained":[]}],"is_beta":false,"boss_relics":[{"not_picked":["FixedStarFall","testmod-Nine"],"picked":"conspire:RoyalGoblet"},{"not_picked":["testmod-Recursion","Tiny House"],"picked":"SlaversCollar"}],"items_purged_floors":[24,30,37,39,45,56],"is_endless":false,"potions_floor_spawned":[2,5,11,19,38,46,47],"ascension_level":0}}