{"host":"d8hh7rr4yzitjeuj","time":1608454319,"event":{"mods":["2.2 Compatiblity","AchievementEnabler","BaseMod","CapriCore","Colored Map","Colored Powertips","Highlight Path","Keyboard Shortcuts","Minty Spire (QoL Compilation)","Permanent Neow","Quick Restart","StSLib","SuperFastMode"],"gold_per_floor":[109,126,136,150,163,163,175,175,175,133,133,149,169,187,187,258,258,273,79,129,141,158,158,158],"floor_reached":23,"playtime":807,"items_purged":["Strike_B"],"score":378,"play_id":"d9e94550-21c1-48c3-85ad-6613e890f308","local_time":"20201220175159","is_ascension_mode":true,"campfire_choices":[{"data":"Streamline","floor":6,"key":"SMITH"},{"data":"Fusion","floor":15,"key":"SMITH"}],"circlet_count":0,"master_deck":["AscendersBane","Strike_B","Strike_B","Strike_B","Defend_B","Defend_B","Defend_B","Defend_B","Zap","Dualcast","Sweeping Beam","Sweeping Beam","Streamline+1","Coolheaded","Echo Form","Reinforced Body","Fusion+1","Steam","Meteor Strike","Buffer","Coolheaded","Turbo"],"relics":["SacredBark","The Courier","Bag of Preparation","Nuclear Battery","Lee\u0027s Waffle"],"acts_visited":["Exordium","TheCity"],"potions_floor_usage":[7,14,16],"damage_taken":[{"damage":0,"enemies":"2 Louse","floor":1,"turns":5},{"damage":7,"enemies":"Cultist","floor":2,"turns":4},{"damage":9,"enemies":"Jaw Worm","floor":3,"turns":5},{"damage":13,"enemies":"Red Slaver","floor":4,"turns":4},{"damage":13,"enemies":"Gremlin Gang","floor":5,"turns":3},{"damage":7,"enemies":"Exordium Wildlife","floor":7,"turns":2},{"damage":2,"enemies":"Blue Slaver","floor":12,"turns":6},{"damage":2,"enemies":"3 Louse","floor":13,"turns":3},{"damage":9,"enemies":"2 Fungi Beasts","floor":14,"turns":10},{"damage":31,"enemies":"Slime Boss","floor":16,"turns":8},{"damage":25,"enemies":"3 Byrds","floor":18,"turns":5},{"damage":37,"enemies":"Chosen","floor":21,"turns":8},{"damage":20,"enemies":"Centurion and Healer","floor":22,"turns":7},{"damage":14,"enemies":"Book of Stabbing","floor":23,"turns":1}],"seed_played":"-1052484280662116819","potions_obtained":[{"floor":3,"key":"PowerPotion"},{"floor":4,"key":"FearPotion"},{"floor":13,"key":"Regen Potion"},{"floor":16,"key":"LiquidBronze"},{"floor":18,"key":"Ancient Potion"}],"is_trial":false,"path_per_floor":["M","M","M","M","M","R","M","?","T","$","T","M","M","M","R","B",null,"M","$","?","M","M","E"],"character_chosen":"DEFECT","items_purchased":["Steam","Lee\u0027s Waffle"],"campfire_rested":0,"item_purchase_floors":[10,19],"current_hp_per_floor":[64,57,48,35,22,22,15,15,15,15,15,13,11,56,56,25,60,35,78,71,34,14,0,0],"gold":158,"neow_bonus":"BOSS_RELIC","is_daily":false,"chose_seed":false,"campfire_upgraded":2,"win_rate":0.0,"timestamp":1608454319,"path_taken":["M","M","M","M","M","R","M","?","T","$","?","?","M","M","R","BOSS","M","$","?","?","M","E"],"items_purchased_type":["Card","Relic"],"build_version":"2020-12-13","purchased_purges":1,"victory":false,"max_hp_per_floor":[71,71,71,71,71,71,71,71,71,71,71,71,71,71,71,71,71,71,78,78,78,78,78,78],"card_choices":[{"not_picked":["Turbo","Compile Driver"],"picked":"Sweeping Beam","floor":1},{"not_picked":["Steam","Redo"],"picked":"Sweeping Beam","floor":2},{"not_picked":["All For One","Steam"],"picked":"Streamline","floor":3},{"not_picked":["Compile Driver","Skim"],"picked":"Coolheaded","floor":4},{"not_picked":["Consume","Streamline"],"picked":"Echo Form","floor":5},{"not_picked":["Go for the Eyes","Beam Cell"],"picked":"Reinforced Body","floor":7},{"not_picked":["FTL","Steam"],"picked":"Meteor Strike","floor":12},{"not_picked":["Reinforced Body","Blizzard","Streamline"],"picked":"SKIP","floor":13},{"not_picked":["Cold Snap","Rebound","Conserve Battery"],"picked":"SKIP","floor":14},{"not_picked":["Amplify","Creative AI"],"picked":"Buffer","floor":16},{"not_picked":["Hologram","Leap","Steam+1"],"picked":"SKIP","floor":18},{"not_picked":["Stack","Chill"],"picked":"Coolheaded","floor":21},{"not_picked":["Leap","Steam"],"picked":"Turbo","floor":22}],"player_experience":1371957,"relics_obtained":[{"floor":9,"key":"The Courier"},{"floor":11,"key":"Bag of Preparation"}],"event_choices":[{"damage_healed":0,"gold_gain":0,"player_choice":"1 cards matched","damage_taken":0,"max_hp_gain":0,"max_hp_loss":0,"event_name":"Match and Keep!","floor":8,"gold_loss":0,"cards_obtained":["Fusion"]},{"damage_healed":0,"gold_gain":50,"player_choice":"Touch","damage_taken":7,"max_hp_gain":0,"max_hp_loss":0,"event_name":"FaceTrader","floor":20,"gold_loss":0}],"is_beta":false,"boss_relics":[{"not_picked":["Velvet Choker","Coffee Dripper"],"picked":"Nuclear Battery"}],"items_purged_floors":[19],"is_endless":false,"potions_floor_spawned":[3,4,5,13,16,18],"killed_by":"Book of Stabbing","ascension_level":20}}