{"host":"v9ordiuf4xzdpttp","time":1608488067,"event":{"mods":["AchievementEnabler","Act Like it!","AlwaysNeverKeys","Aspiration","BaseMod","Better Third Choice","Better Vampires","BetterRewards","Colored Map","Conspire","Dio Mod","Downfall","Energized Spire","Gold Saver","GungeonMod","Hubris","Infinite Spire","Marked Mod","Melee Mod","Minty Spire (QoL Compilation)","Pale of the Ancients","Remove Card Discount Mod","Replay The Spire","SOS???????","Shop Mod","Small Relic Pack","Spicy Shops","StSLib","The Bladedancer","The Bug Knight","The Construct","The Hayseed","The Runesmith","The Servant 0.9.4","The Wild Card","???Mod??????Boss","??????REMEMod"],"gold_per_floor":[1293,1293,1293,1311,285,315,327,371,464,476,505,19,37,62,62,164,164,176,176,176,58,71,105,105,130,185,220,220,220,237,237,257,277,277,375,375,389,389,389,409,52,52,63,105,129,147,147,147,176,187,187,187,197,215,215,215,215,231,231,19,19,19],"floor_reached":63,"playtime":7832,"items_purged":["Replay:Vibes","Indignation","Halt","FearNoEvil","Eruption","Vigilance","FollowUp","FollowUp","Strike_P","Strike_P","Strike_P","Strike_P","Regret"],"score":1334,"play_id":"38b1f547-a390-4ab4-8778-9ed433156ea2","local_time":"20201220131427","is_ascension_mode":true,"campfire_choices":[{"floor":7,"key":"REST"},{"floor":10,"key":"REST"},{"floor":15,"key":"REST"},{"floor":24,"key":"REST"},{"floor":31,"key":"RECALL"},{"data":"MarkedMod:NorthStar","floor":34,"key":"SMITH"},{"floor":42,"key":"REST"},{"data":"Wireheading","floor":57,"key":"SMITH"},{"floor":59,"key":"REST"}],"circlet_count":0,"master_deck":["Defend_P","Defend_P","Defend_P+1","Defend_P","Ragnarok+1","MarkedMod:GracefulMovements+1","MarkedMod:GracefulMovements+1","REME_Flogging+1","Prostrate+1","MarkedMod:Acupuncture","PathToVictory","Wireheading+1","Prostrate","MarkedMod:NorthStar+1","MarkedMod:Acupuncture+1","Replay:DivineShield","LessonLearned+1","Omniscience","TalkToTheHand+1","Nirvana","Pray+1","ReplayTheSpireMod:Splinters","Replay:ManipulateFuture+1","hubris:Fate+1","Replay:SS_forest_6+1","Prostrate+1","Establishment","Panacea+1","expansioncontent:DefensiveStance","Consecrate","Study","CrushJoints"],"relics":["REME_ComplimentaryCards","construct:ClawGrip","hubris:Icosahedron","REME_HandOfSuture","Torii","relicPack:DarknessArmor","DemoMod:GnawedKey","MerchantsRug","MawBank","ReplayTheSpireMod:Shallot","conspire:Flyswatter","Guide Book","Vajra","energizedSpire:CrystalSphere","relicPack:DSword","Membership Card","conspire:GiftBox","Yang","hubris:BundleOfHerbs","Sozu","aspiration:Nostalgia","m_ScarletBlood","Anchor","DemoMod:Bottle","hubris:EmptyBottle","Onion Ring","HollowMod:PaleOreRelic","REME_CardOfGreed","REME_LowDesire","Dream Catcher","DemoMod:Metronome","Strawberry","paleoftheancients:Timepiece","paleoftheancients:KeyRelic","Bronze Scales","paleoftheancients:SoulOfTheGuardian","ReplayTheSpireMod:Lightbulb","Garlic","Sling"],"acts_visited":["Exordium","TheCity","TheBeyond","paleoftheancients:PaleOfTheAncients"],"potions_floor_usage":[11,22,25,27,62,62,62,62],"damage_taken":[{"damage":6,"enemies":"conspire:RoseBush","floor":1,"turns":2},{"damage":7,"enemies":"2 Louse","floor":4,"turns":2},{"damage":0,"enemies":"HollowMod:MossKnight","floor":6,"turns":4},{"damage":18,"enemies":"3 Sentries","floor":8,"turns":4},{"damage":20,"enemies":"Jaw Worm","floor":11,"turns":1},{"damage":0,"enemies":"Looter","floor":13,"turns":2},{"damage":0,"enemies":"Gremlin Nob","floor":14,"turns":1},{"damage":23,"enemies":"The Guardian","floor":16,"turns":6},{"damage":1,"enemies":"conspire:FuzzyDice","floor":18,"turns":3},{"damage":3,"enemies":"Cultist and Chosen","floor":22,"turns":3},{"damage":0,"enemies":"conspire:Head Lice","floor":23,"turns":5},{"damage":3,"enemies":"Replay:Snechameleon","floor":25,"turns":5},{"damage":1,"enemies":"Gremlin Leader","floor":27,"turns":5},{"damage":0,"enemies":"conspire:HollyBat","floor":30,"turns":5},{"damage":8,"enemies":"Shelled Parasite and Fungi","floor":32,"turns":3},{"damage":1,"enemies":"Centurion and Healer","floor":33,"turns":5},{"damage":28,"enemies":"Collector","floor":35,"turns":5},{"damage":0,"enemies":"Orb Walker","floor":37,"turns":2},{"damage":17,"enemies":"3 Shapes","floor":40,"turns":3},{"damage":15,"enemies":"Jaw Worm Horde","floor":43,"turns":2},{"damage":19,"enemies":"3 Darklings","floor":46,"turns":3},{"damage":0,"enemies":"R_Hoarder","floor":49,"turns":4},{"damage":7,"enemies":"Spire Growth","floor":50,"turns":3},{"damage":0,"enemies":"infinitespire:MassOfShapes","floor":52,"turns":1},{"damage":0,"enemies":"infinitespire:MassOfShapes","floor":53,"turns":1},{"damage":0,"enemies":"infinitespire:MassOfShapes","floor":54,"turns":2},{"damage":23,"enemies":"infinitespire:MassOfShapes","floor":58,"turns":4},{"damage":109,"enemies":"paleoftheancients:N","floor":62,"turns":5}],"seed_played":"-2521805264566902860","potions_obtained":[{"floor":4,"key":"champ:CounterPotion"},{"floor":6,"key":"Elixir"},{"floor":11,"key":"PowerPotion"},{"floor":22,"key":"Strength Potion"},{"floor":25,"key":"LifebloodPotion"},{"floor":33,"key":"Weak Potion"},{"floor":35,"key":"AttackPotion"}],"is_trial":false,"path_per_floor":["M","?","?","M","$","E","R","E","T","R","M","$","M","E","R","B",null,"M","?","?","$","M","E","R","E","T","E","PTL","PTL","M","R","M","M","R","B",null,"M","?","?","M","$","R","M","?","T","M","AVR","?","E","M","R_BF","B","M","M","?","T","R","M","R","$","?","B",null],"character_chosen":"WATCHER","items_purchased":["REME_Flogging","FearNoEvil","REME_HandOfSuture","Torii","relicPack:DarknessArmor","DemoMod:GnawedKey","Prostrate","MerchantsRug","PathToVictory","Wireheading","Guide Book","Vajra","FollowUp","Membership Card","Regen Potion","aspiration:Nostalgia","Anchor","DemoMod:Bottle","hubris:EmptyBottle","Consecrate","Study","CrushJoints","Garlic","Sling"],"campfire_rested":6,"item_purchase_floors":[5,5,5,5,5,5,5,5,12,12,12,12,12,21,21,41,41,41,41,60,60,60,60,60],"current_hp_per_floor":[66,66,66,59,59,59,72,54,54,72,52,52,52,52,72,49,72,71,71,36,36,42,42,63,60,60,59,59,59,59,59,51,68,68,46,72,72,72,72,55,55,72,57,57,57,38,38,38,60,65,79,79,79,79,79,79,79,68,79,79,79,66],"gold":19,"neow_bonus":"BOSS_RELIC","is_daily":false,"chose_seed":false,"campfire_upgraded":2,"win_rate":0.0,"timestamp":1608488067,"path_taken":["M","?","?","M","$","E","R","E","T","R","M","?","M","E","R","BOSS","M","?","?","$","M","E","R","E","T","E","PTL","PTL","?","R","M","M","R","BOSS","M","?","?","M","$","R","?","?","T","?","AVR","?","E","M","R_BF","BOSS","M","M","?","T","R","M","R","$","?","BOSS"],"items_purchased_type":["Card","Card","Relic","Relic","Relic","Relic","Card","Relic","Card","Card","Relic","Relic","Card","Relic","Potion","Relic","Relic","Relic","Relic","Card","Card","Card","Relic","Relic"],"build_version":"2020-12-13","purchased_purges":13,"victory":true,"max_hp_per_floor":[72,72,72,72,72,72,72,72,72,72,72,72,72,72,72,72,72,72,72,72,72,72,72,72,72,72,72,72,72,72,72,72,72,72,72,72,72,72,72,72,72,72,72,72,72,72,72,72,79,79,79,79,79,79,79,79,79,79,79,79,79,79],"card_choices":[{"not_picked":["Consecrate","MentalFortress"],"picked":"MarkedMod:GracefulMovements","floor":1},{"not_picked":["Replay:Anticipation","REME_Repentance"],"picked":"MarkedMod:GracefulMovements","floor":4},{"not_picked":["WaveOfTheHand","REME_Repentance"],"picked":"Replay:Vibes","floor":6},{"not_picked":["Vault","DeceiveReality"],"picked":"Indignation","floor":8},{"not_picked":["FlurryOfBlows","LikeWater"],"picked":"MarkedMod:Acupuncture","floor":11},{"not_picked":["Sanctity","MarkedMod:FirstStrike"],"picked":"Halt","floor":13},{"not_picked":["Protect","MentalFortress"],"picked":"Prostrate","floor":14},{"not_picked":["ConjureBlade","Replay:LoomingThreat"],"picked":"MarkedMod:NorthStar","floor":16},{"not_picked":["CarveReality","MarkedMod:FirstStrike"],"picked":"MarkedMod:Acupuncture+1","floor":18},{"not_picked":["Swivel","JustLucky"],"picked":"Replay:DivineShield","floor":22},{"not_picked":["ConjureBlade","Vault"],"picked":"LessonLearned","floor":23},{"not_picked":["SpiritShield","WreathOfFlame","FearNoEvil"],"picked":"SKIP","floor":23},{"not_picked":["FlyingSleeves","Crescendo","LikeWater+1"],"picked":"SKIP","floor":25},{"not_picked":["FollowUp","Pray","Crescendo"],"picked":"SKIP","floor":27},{"not_picked":["REME_Repentance","Alpha","MarkedMod:Acupuncture"],"picked":"SKIP","floor":30},{"not_picked":["EmptyBody","ForeignInfluence","WaveOfTheHand+1"],"picked":"SKIP","floor":32},{"not_picked":["WaveOfTheHand","Sanctity","JustLucky"],"picked":"SKIP","floor":33},{"not_picked":["Replay:LoomingThreat","ConjureBlade"],"picked":"Omniscience","floor":35},{"not_picked":["Evaluate+1","EmptyFist+1"],"picked":"TalkToTheHand+1","floor":37},{"not_picked":["Crescendo","EmptyFist+1","Replay:ManipulateFuture"],"picked":"SKIP","floor":40},{"not_picked":["Crescendo+1","Scrawl"],"picked":"Pray+1","floor":43},{"not_picked":["SashWhip+1","Meditate+1"],"picked":"Replay:ManipulateFuture+1","floor":44},{"not_picked":["BowlingBash","REME_Repentance","FollowUp+1"],"picked":"SKIP","floor":46},{"not_picked":["Study","Indignation+1","BowlingBash+1"],"picked":"Replay:SS_forest_6+1","floor":49},{"not_picked":["Swivel","Evaluate","Replay:Sssssssssstrike+1"],"picked":"Prostrate+1","floor":50},{"not_picked":["JustLucky+1","Tantrum+1","expansioncontent:GuardianWhirl+1"],"picked":"Establishment","floor":51},{"not_picked":["MarkedMod:FirstStrike","EmptyBody+1","EmptyFist+1","expansioncontent:PrepareCrush"],"picked":"SKIP","floor":53},{"not_picked":["Indignation+1","Evaluate+1","Crescendo"],"picked":"Panacea+1","floor":54},{"not_picked":["Replay:BluntJabs+1","Wireheading+1","Vengeance+1"],"picked":"expansioncontent:DefensiveStance","floor":58}],"player_experience":194410,"relics_obtained":[{"floor":6,"key":"MawBank"},{"floor":8,"key":"ReplayTheSpireMod:Shallot"},{"floor":9,"key":"conspire:Flyswatter"},{"floor":14,"key":"infinitespire:Eraser"},{"floor":23,"key":"conspire:GiftBox"},{"floor":25,"key":"Yang"},{"floor":27,"key":"hubris:BundleOfHerbs"},{"floor":44,"key":"Onion Ring"},{"floor":45,"key":"HollowMod:PaleOreRelic"},{"floor":47,"key":"Dream Catcher"},{"floor":47,"key":"DemoMod:Metronome"},{"floor":49,"key":"Strawberry"},{"floor":53,"key":"paleoftheancients:SoulOfTheGuardian"},{"floor":54,"key":"paleoftheancients:SoulOfTheWatcher"},{"floor":56,"key":"ReplayTheSpireMod:Lightbulb"}],"event_choices":[{"damage_healed":0,"gold_gain":0,"player_choice":"Leave","damage_taken":0,"max_hp_gain":0,"max_hp_loss":0,"event_name":"conspire:Investor","floor":38,"gold_loss":0},{"damage_healed":0,"gold_gain":0,"player_choice":"1 cards matched","damage_taken":0,"max_hp_gain":0,"max_hp_loss":0,"event_name":"Match and Keep!","floor":39,"gold_loss":0,"cards_obtained":["Nirvana"]}],"is_beta":false,"boss_relics":[{"not_picked":["conspire:SeveredTorchhead","Snecko Eye"],"picked":"energizedSpire:CrystalSphere"},{"not_picked":["relicPack:ShieldShield","energizedSpire:StickyHand"],"picked":"Sozu"}],"items_purged_floors":[21,21,21,21,21,21,21,21,21,21,21,21,60],"is_endless":false,"potions_floor_spawned":[4,6,11,18,22,25,33,35,40,43,46,53,54,62],"ascension_level":1}}