{"host":"ws4mzzemcqsz5e2k","time":1608455156,"event":{"mods":["ATMod(阿瑾Mod)","BaseMod","Colored Powertips","Minty Spire (QoL Compilation)","StSLib","没有小屋子和绿帽子啦"],"gold_per_floor":[109,34,50,50,66,94,94,105,105,122,122,22,55,68,68,167,167,185,201,211,228,103,103,103,103],"floor_reached":24,"playtime":1182,"items_purged":["Strike_B","Strike_B","Strike_B"],"score":260,"play_id":"206d5a69-8d73-4839-b2cc-04a828154f1e","local_time":"20201220170556","is_ascension_mode":false,"campfire_choices":[{"data":"Dualcast","floor":7.0,"key":"SMITH"},{"data":"Zap","floor":11.0,"key":"SMITH"},{"data":"Glacier","floor":15.0,"key":"SMITH"},{"data":"AT_RightCognition","floor":23,"key":"SMITH"}],"circlet_count":0,"master_deck":["Strike_B","Defend_B","Defend_B","Defend_B","Defend_B","Zap+1","Dualcast+1","AT_FamilyPortrait","Self Repair","Ball Lightning","Glacier+1","AT_RightCognition+1","AT_ThreeBodyProblem+1"],"relics":["AT_ATBox","Runic Pyramid","Calipers","Turnip","Philosopher\u0027s Stone"],"acts_visited":["Exordium","TheCity"],"potions_floor_usage":[],"damage_taken":[{"damage":1.0,"enemies":"Cultist","floor":1.0,"turns":3.0},{"damage":6.0,"enemies":"2 Louse","floor":3.0,"turns":3.0},{"damage":0.0,"enemies":"Small Slimes","floor":5.0,"turns":4.0},{"damage":30.0,"enemies":"Lagavulin","floor":6.0,"turns":8.0},{"damage":0.0,"enemies":"Looter","floor":8.0,"turns":3.0},{"damage":3.0,"enemies":"2 Fungi Beasts","floor":10.0,"turns":4.0},{"damage":29.0,"enemies":"Gremlin Nob","floor":13.0,"turns":3.0},{"damage":0.0,"enemies":"3 Louse","floor":14.0,"turns":3.0},{"damage":0.0,"enemies":"The Guardian","floor":16.0,"turns":9.0},{"damage":7.0,"enemies":"3 Byrds","floor":18.0,"turns":6.0},{"damage":22,"enemies":"2 Thieves","floor":19,"turns":5},{"damage":32,"enemies":"Cultist and Chosen","floor":20,"turns":8},{"damage":7,"enemies":"Snake Plant","floor":21,"turns":6},{"damage":36,"enemies":"Slavers","floor":24,"turns":2}],"seed_played":"-8030501144363809829","potions_obtained":[{"floor":3.0,"key":"SpeedPotion"},{"floor":6.0,"key":"SpeedPotion"},{"floor":10.0,"key":"EssenceOfSteel"},{"floor":19,"key":"SmokeBomb"}],"is_trial":false,"path_per_floor":["M","$","M","?","M","E","R","M","T","M","R","$","E","M","R","B",null,"M","M","M","M","$","R","E"],"character_chosen":"DEFECT","items_purchased":[],"campfire_rested":0,"item_purchase_floors":[],"current_hp_per_floor":[74,74,75,68,75,52,52,59,59,63,63,63,41,48,48,55,75,75,60,35,35,35,35,0,0],"gold":103,"neow_bonus":"BOSS_RELIC","is_daily":false,"chose_seed":false,"campfire_upgraded":4,"win_rate":0.0,"timestamp":1608455156,"path_taken":["M","$","M","?","?","E","R","?","T","M","R","$","E","M","R","BOSS","M","M","M","M","$","R","E"],"items_purchased_type":[],"build_version":"2020-12-13","purchased_purges":3,"victory":false,"max_hp_per_floor":[75,75,75,75,75,75,75,75,75,75,75,75,75,75,75,75,75,75,75,75,75,75,75,75,75],"card_choices":[{"not_picked":["Doom and Gloom","Conserve Battery"],"picked":"Self Repair","floor":1.0},{"not_picked":["Aggregate","Sweeping Beam","Hello World"],"picked":"SKIP","floor":3.0},{"not_picked":["Lockon","Go for the Eyes","Storm"],"picked":"SKIP","floor":5.0},{"not_picked":["Leap","Go for the Eyes","Machine Learning"],"picked":"SKIP","floor":6.0},{"not_picked":["Stack","Barrage","Lockon"],"picked":"SKIP","floor":8.0},{"not_picked":["Turbo","Stack","Auto Shields"],"picked":"SKIP","floor":10.0},{"not_picked":["Loop","Auto Shields"],"picked":"Ball Lightning","floor":13.0},{"not_picked":["Hello World","Steam"],"picked":"Glacier","floor":14.0},{"not_picked":["Multi-Cast","Electrodynamics"],"picked":"AT_RightCognition","floor":16.0},{"not_picked":["Consume+1","Ball Lightning"],"picked":"AT_ThreeBodyProblem+1","floor":18.0},{"not_picked":["FTL","Redo","Lockon"],"picked":"SKIP","floor":19},{"not_picked":["Auto Shields","Tempest","AT_HeatAcrobatics+1"],"picked":"SKIP","floor":20},{"not_picked":["Go for the Eyes","Hello World+1","Redo+1"],"picked":"SKIP","floor":21}],"player_experience":1339722,"relics_obtained":[{"floor":6.0,"key":"Calipers"},{"floor":13.0,"key":"Turnip"}],"event_choices":[{"damage_healed":0.0,"max_hp_gain":0.0,"max_hp_loss":0.0,"gold_gain":0.0,"event_name":"Wheel of Change","player_choice":"Damaged","floor":4.0,"gold_loss":0.0,"damage_taken":7.0}],"is_beta":false,"boss_relics":[{"not_picked":["Snecko Eye","AT_MortalBlade"],"picked":"Philosopher\u0027s Stone"}],"items_purged_floors":[2,12,22],"is_endless":false,"potions_floor_spawned":[3,6,10,19],"killed_by":"Slavers","ascension_level":0}}