{"host":"cc187","time":1608460275,"event":{"mods":["AchievementEnabler","BaseMod","Bestiary","Colored Map","Colored Powertips","Highlight Path","Keyboard Shortcuts","Minty Spire (QoL Compilation)","Quick Restart","Rare Cards Sparkle","Relic Stats","StSLib","SuperFastMode","Synergy Search"],"gold_per_floor":[167,167,181,181,65,65,94,94,119,132,132,165,185,185,185,185,185],"floor_reached":16,"playtime":901,"items_purged":["Strike_G"],"score":200,"play_id":"d919c08a-e923-490f-a0d2-fca155e2fcf3","local_time":"20201220103115","is_ascension_mode":true,"campfire_choices":[{"data":"Predator","floor":6,"key":"SMITH"},{"data":"Neutralize","floor":8,"key":"SMITH"},{"data":"Blur","floor":11,"key":"SMITH"},{"data":"Blade Dance","floor":15,"key":"SMITH"}],"circlet_count":0,"master_deck":["AscendersBane","Strike_G","Strike_G","Strike_G","Strike_G","Defend_G","Defend_G","Defend_G","Defend_G","Defend_G+1","Survivor","Neutralize+1","Predator+1","Blade Dance+1","Well Laid Plans","Corpse Explosion","Blur+1","Escape Plan"],"relics":["Tiny House","The Specimen","Lantern","Omamori","Vajra"],"acts_visited":["Exordium"],"potions_floor_usage":[7,7,16],"damage_taken":[{"damage":1,"enemies":"Small Slimes","floor":1,"turns":3},{"damage":0,"enemies":"2 Louse","floor":3,"turns":3},{"damage":31,"enemies":"3 Sentries","floor":7,"turns":8},{"damage":4,"enemies":"Jaw Worm","floor":10,"turns":4},{"damage":11,"enemies":"Lagavulin","floor":12,"turns":7},{"damage":0,"enemies":"Looter","floor":13,"turns":3},{"damage":38,"enemies":"Hexaghost","floor":16,"turns":14}],"seed_played":"1220750595672381763","potions_obtained":[{"floor":0,"key":"ColorlessPotion"},{"floor":1,"key":"Regen Potion"},{"floor":7,"key":"DistilledChaos"}],"is_trial":false,"path_per_floor":["M","?","M","?","$","R","E","R","T","M","R","E","M","?","R","B"],"character_chosen":"THE_SILENT","items_purchased":["Well Laid Plans"],"campfire_rested":0,"item_purchase_floors":[5],"current_hp_per_floor":[63,68,68,68,68,68,52,52,52,48,48,37,37,37,37,0,0],"gold":185,"neow_bonus":"BOSS_RELIC","is_daily":false,"chose_seed":false,"campfire_upgraded":4,"win_rate":0.0,"timestamp":1608460275,"path_taken":["M","?","M","?","$","R","E","R","T","M","R","E","M","?","R","BOSS"],"items_purchased_type":["Card"],"build_version":"2020-12-18","purchased_purges":1,"victory":false,"max_hp_per_floor":[71,76,76,76,76,76,76,76,76,76,76,76,76,76,76,76,76],"relic_stats":{"counters":[7,42],"obtain_stats":[{"Lantern":9,"Tiny House":0,"The Specimen":7,"Vajra":14,"Omamori":12,"Ring of the Snake":0},{"Lantern":3,"Tiny House":0,"The Specimen":3,"Vajra":6,"Omamori":5,"Ring of the Snake":0},{"Lantern":14,"Tiny House":0,"The Specimen":14,"Vajra":28,"Omamori":25,"Ring of the Snake":0}]},"card_choices":[{"not_picked":["Expertise","Tactician"],"picked":"Predator","floor":0},{"not_picked":["Dagger Throw","Deflect"],"picked":"Blade Dance","floor":1},{"not_picked":["Setup","Slice","Masterful Stab"],"picked":"SKIP","floor":3},{"not_picked":["Deadly Poison","Blur"],"picked":"Corpse Explosion","floor":7},{"not_picked":["Dagger Throw","Slice"],"picked":"Blur","floor":10},{"not_picked":["Deflect","Predator"],"picked":"Escape Plan","floor":12},{"not_picked":["Choke","Sucker Punch","Outmaneuver"],"picked":"SKIP","floor":13}],"player_experience":797975,"relics_obtained":[{"floor":7,"key":"The Specimen"},{"floor":9,"key":"Lantern"},{"floor":12,"key":"Omamori"}],"event_choices":[{"damage_healed":0,"gold_gain":0,"player_choice":"Donut","damage_taken":0,"max_hp_gain":5,"max_hp_loss":0,"event_name":"Big Fish","floor":2,"gold_loss":0},{"damage_healed":0,"gold_gain":0,"player_choice":"Ignored","damage_taken":0,"max_hp_gain":0,"max_hp_loss":0,"event_name":"Shining Light","floor":4,"gold_loss":0},{"damage_healed":0,"gold_gain":0,"player_choice":"Searched \u00271\u0027 times","damage_taken":0,"relics_obtained":["Vajra"],"max_hp_gain":0,"max_hp_loss":0,"event_name":"Dead Adventurer","floor":14,"gold_loss":0}],"is_beta":true,"boss_relics":[],"items_purged_floors":[5],"is_endless":false,"potions_floor_spawned":[1,7],"killed_by":"Hexaghost","ascension_level":17}}