{"host":"xyljg7notv05cizr","time":1608495511,"event":{"mods":["AchievementEnabler","BaseMod","Highlight Path","Minty Spire (QoL Compilation)","StSLib"],"gold_per_floor":[113,132,57,75,49,49,73,73,73,83,83,99,114,131,131,233,233,252,252,265,165,179,179,179],"floor_reached":23,"playtime":1842,"items_purged":["Strike_B","Defend_B"],"score":213,"play_id":"d1ae665d-ab74-467b-9ec7-ba560561aaba","local_time":"20201220141831","is_ascension_mode":true,"campfire_choices":[{"data":"Defragment","floor":6,"key":"SMITH"},{"floor":15,"key":"REST"}],"circlet_count":0,"master_deck":["Strike_B","Strike_B","Strike_B","Defend_B","Defend_B","Defend_B+1","Zap","Dualcast+1","Defragment+1","FTL","Gash","Conserve Battery","White Noise","Coolheaded","Ball Lightning","Echo Form","Leap"],"relics":["Philosopher\u0027s Stone","Odd Mushroom","Ornamental Fan","War Paint","Runic Pyramid"],"acts_visited":["Exordium","TheCity"],"potions_floor_usage":[16],"damage_taken":[{"damage":6,"enemies":"Small Slimes","floor":1,"turns":4},{"damage":5,"enemies":"2 Louse","floor":2,"turns":3},{"damage":2,"enemies":"Cultist","floor":4,"turns":4},{"damage":25,"enemies":"The Mushroom Lair","floor":7,"turns":5},{"damage":9,"enemies":"Looter","floor":10,"turns":3},{"damage":9,"enemies":"3 Louse","floor":12,"turns":5},{"damage":0,"enemies":"Exordium Thugs","floor":13,"turns":5},{"damage":7,"enemies":"Looter","floor":14,"turns":3},{"damage":23,"enemies":"Hexaghost","floor":16,"turns":11},{"damage":7,"enemies":"Spheric Guardian","floor":18,"turns":4},{"damage":32,"enemies":"3 Byrds","floor":20,"turns":5},{"damage":8,"enemies":"3 Cultists","floor":22,"turns":7},{"damage":23,"enemies":"Gremlin Leader","floor":23,"turns":2}],"seed_played":"-3315852459042542496","potions_obtained":[{"floor":4,"key":"FearPotion"},{"floor":10,"key":"Strength Potion"},{"floor":13,"key":"EssenceOfSteel"},{"floor":16,"key":"SpeedPotion"}],"is_trial":false,"path_per_floor":["M","M","$","M","$","R","?","?","T","M","?","M","M","M","R","B",null,"M","?","M","$","M","E"],"character_chosen":"DEFECT","items_purchased":["Conserve Battery"],"campfire_rested":1,"item_purchase_floors":[5],"current_hp_per_floor":[69,64,64,62,62,62,37,62,62,53,41,32,32,25,47,24,75,68,61,29,29,21,0,0],"gold":179,"neow_bonus":"BOSS_RELIC","is_daily":false,"chose_seed":false,"campfire_upgraded":1,"win_rate":0.0,"timestamp":1608495511,"path_taken":["M","M","$","M","$","R","?","?","T","M","?","M","M","M","R","BOSS","M","?","M","$","M","E"],"items_purchased_type":["Card"],"build_version":"2020-12-13","purchased_purges":2,"victory":false,"max_hp_per_floor":[75,75,75,75,75,75,75,75,75,75,75,75,75,75,75,75,75,75,75,75,75,75,75,75],"card_choices":[{"not_picked":["Stack","Steam"],"picked":"Defragment","floor":1},{"not_picked":["Fusion","Coolheaded"],"picked":"FTL","floor":2},{"not_picked":["Conserve Battery","Go for the Eyes"],"picked":"Gash","floor":4},{"not_picked":["Go for the Eyes","Sweeping Beam","White Noise"],"picked":"SKIP","floor":10},{"not_picked":["Go for the Eyes","Sweeping Beam"],"picked":"White Noise","floor":10},{"not_picked":["Leap","Melter"],"picked":"Coolheaded","floor":12},{"not_picked":["Stack","Redo"],"picked":"Ball Lightning","floor":13},{"not_picked":["Compile Driver","Beam Cell","BootSequence"],"picked":"SKIP","floor":14},{"not_picked":["Seek","Buffer"],"picked":"Echo Form","floor":16},{"not_picked":["Turbo","Doom and Gloom+1"],"picked":"Leap","floor":18},{"not_picked":["Doom and Gloom","Streamline","Sweeping Beam+1"],"picked":"SKIP","floor":20},{"not_picked":["Leap","Chaos","Darkness"],"picked":"SKIP","floor":22}],"player_experience":453734,"relics_obtained":[{"floor":7,"key":"Odd Mushroom"},{"floor":9,"key":"Ornamental Fan"}],"event_choices":[{"damage_healed":0,"gold_gain":0,"player_choice":"Fought Mushrooms","damage_taken":0,"max_hp_gain":0,"max_hp_loss":0,"event_name":"Mushrooms","floor":7,"gold_loss":0},{"damage_healed":25,"gold_gain":0,"player_choice":"Banana","damage_taken":0,"max_hp_gain":0,"max_hp_loss":0,"event_name":"Big Fish","floor":8,"gold_loss":0},{"damage_healed":0,"gold_gain":0,"player_choice":"Success","damage_taken":12,"relics_obtained":["War Paint"],"max_hp_gain":0,"max_hp_loss":0,"event_name":"Scrap Ooze","floor":11,"gold_loss":0},{"damage_healed":0,"gold_gain":0,"player_choice":"Damaged","damage_taken":7,"max_hp_gain":0,"max_hp_loss":0,"event_name":"Wheel of Change","floor":19,"gold_loss":0}],"is_beta":false,"boss_relics":[{"not_picked":["Coffee Dripper","Snecko Eye"],"picked":"Runic Pyramid"}],"items_purged_floors":[3,21],"is_endless":false,"potions_floor_spawned":[4,10,13,16,18,22],"killed_by":"Gremlin Leader","ascension_level":3}}