{"host":"bxn2em57qlx5u4i0","time":1608488430,"event":{"mods":["BaseMod","Colored Map","Colored Powertips","Highlight Path","Minty Spire (QoL Compilation)","Random Character Button","Relic Sorter","Relic Stats","StSLib","SuperFastMode"],"gold_per_floor":[111,111,130,142,160,190,190,215,288,50,93,93,128,203,212,283,283,299,319,19,39,39,65,65,65,145,173,185,194,194,207,207,285,285,302,302,357,357,373,373,373],"floor_reached":40,"playtime":1248,"items_purged":["Strike_G","Strike_G"],"score":954,"play_id":"3079463a-5752-4577-a9de-ef027bb1eec6","local_time":"20201220132030","is_ascension_mode":true,"campfire_choices":[{"floor":7.0,"key":"REST"},{"data":"Noxious Fumes","floor":12.0,"key":"SMITH"},{"floor":15.0,"key":"REST"},{"data":"Apotheosis","floor":24.0,"key":"SMITH"},{"floor":30.0,"key":"RECALL"},{"floor":32.0,"key":"REST"}],"circlet_count":0,"master_deck":["AscendersBane","Strike_G","Strike_G","Defend_G","Defend_G","Defend_G","Defend_G","Defend_G","Survivor","Neutralize","Good Instincts","Deadly Poison","Backflip","Predator","Poisoned Stab","Poisoned Stab","Calculated Gamble","Crippling Poison","Noxious Fumes+1","PiercingWail","Apotheosis+1","Well Laid Plans"],"relics":["Ring of the Snake","Dream Catcher","TungstenRod","Pear","PreservedInsect","CeramicFish","Boot","Busted Crown","Bag of Preparation","Cursed Key","Pocketwatch"],"acts_visited":["Exordium","TheCity","TheBeyond"],"potions_floor_usage":[],"damage_taken":[{"damage":0.0,"enemies":"2 Louse","floor":1.0,"turns":4.0},{"damage":0.0,"enemies":"Cultist","floor":3.0,"turns":4.0},{"damage":4.0,"enemies":"Jaw Worm","floor":4.0,"turns":4.0},{"damage":3.0,"enemies":"Large Slime","floor":5.0,"turns":6.0},{"damage":25.0,"enemies":"Lagavulin","floor":6.0,"turns":6.0},{"damage":24.0,"enemies":"3 Sentries","floor":8.0,"turns":8.0},{"damage":7.0,"enemies":"Gremlin Nob","floor":11.0,"turns":3.0},{"damage":13.0,"enemies":"Lagavulin","floor":13.0,"turns":7.0},{"damage":19.0,"enemies":"The Guardian","floor":16.0,"turns":9.0},{"damage":15.0,"enemies":"Spheric Guardian","floor":18.0,"turns":6.0},{"damage":0.0,"enemies":"3 Byrds","floor":19.0,"turns":4.0},{"damage":0.0,"enemies":"Centurion and Healer","floor":21.0,"turns":8.0},{"damage":0.0,"enemies":"Book of Stabbing","floor":23.0,"turns":6.0},{"damage":2.0,"enemies":"Gremlin Leader","floor":27.0,"turns":6.0},{"damage":0.0,"enemies":"Snake Plant","floor":28.0,"turns":4.0},{"damage":3.0,"enemies":"3 Cultists","floor":31.0,"turns":6.0},{"damage":10.0,"enemies":"Automaton","floor":33.0,"turns":9.0},{"damage":6.0,"enemies":"Orb Walker","floor":35.0,"turns":5.0},{"damage":33.0,"enemies":"2 Orb Walkers","floor":37.0,"turns":7.0},{"damage":0.0,"enemies":"3 Darklings","floor":39.0,"turns":5.0},{"damage":36,"enemies":"Reptomancer","floor":40,"turns":4}],"seed_played":"7010374014317408152","potions_obtained":[{"floor":6.0,"key":"Block Potion"},{"floor":8.0,"key":"Weak Potion"},{"floor":11.0,"key":"SpeedPotion"},{"floor":18.0,"key":"Dexterity Potion"},{"floor":21.0,"key":"Dexterity Potion"},{"floor":23.0,"key":"CunningPotion"}],"is_trial":false,"path_per_floor":["M","?","M","M","M","E","R","E","T","$","E","R","E","?","R","B",null,"M","M","$","M","?","E","R","$","T","E","M","?","R","M","R","B",null,"M","?","?","?","M","E"],"character_chosen":"THE_SILENT","items_purchased":["PreservedInsect","Apotheosis"],"campfire_rested":3,"item_purchase_floors":[10,20],"current_hp_per_floor":[59,59,59,55,52,27,46,22,32,32,25,25,12,2,24,5,58,43,43,43,43,43,43,43,43,43,41,41,41,41,38,60,50,70,64,64,31,31,31,0,0],"gold":373,"neow_bonus":"RANDOM_COLORLESS","is_daily":false,"chose_seed":false,"campfire_upgraded":2,"win_rate":0.0,"timestamp":1608488430,"path_taken":["M","?","M","?","M","E","R","E","T","$","E","R","E","?","R","BOSS","M","M","$","M","?","E","R","$","T","E","M","?","R","M","R","BOSS","M","?","?","?","?","E"],"items_purchased_type":["Relic","Card"],"build_version":"2020-12-13","purchased_purges":2,"victory":false,"max_hp_per_floor":[66,66,66,66,66,66,66,66,76,76,76,76,76,76,76,76,76,76,76,76,76,76,76,76,76,76,76,76,76,76,76,76,76,76,76,76,76,72,72,72,72],"relic_stats":{"Dream Catcher":3,"Busted Crown":28,"counters":[21,121],"CeramicFish":36,"PreservedInsect":203,"Bag of Preparation":[16],"Boot":[44],"Cursed Key":0,"obtain_stats":[{"Dream Catcher":6,"Pear":9,"Busted Crown":17,"CeramicFish":11,"PreservedInsect":10,"Bag of Preparation":23,"Boot":13,"Cursed Key":34,"TungstenRod":8,"Ring of the Snake":0,"Pocketwatch":37},{"Dream Catcher":5,"Pear":6,"Busted Crown":9,"CeramicFish":7,"PreservedInsect":6,"Bag of Preparation":13,"Boot":8,"Cursed Key":17,"TungstenRod":6,"Ring of the Snake":0,"Pocketwatch":19},{"Dream Catcher":24,"Pear":32,"Busted Crown":51,"CeramicFish":35,"PreservedInsect":32,"Bag of Preparation":75,"Boot":42,"Cursed Key":100,"TungstenRod":32,"Ring of the Snake":0,"Pocketwatch":112}],"TungstenRod":23,"Ring of the Snake":[42],"Pocketwatch":[0]},"card_choices":[{"not_picked":["Forethought","Madness"],"picked":"Good Instincts","floor":0.0},{"not_picked":["Distraction","All Out Attack"],"picked":"Deadly Poison","floor":1.0},{"not_picked":["Acrobatics","Prepared"],"picked":"Predator","floor":3.0},{"not_picked":["Accuracy","Heel Hook","Sucker Punch"],"picked":"SKIP","floor":4.0},{"not_picked":["PiercingWail","Catalyst"],"picked":"Poisoned Stab","floor":5.0},{"not_picked":["Storm of Steel","Blade Dance"],"picked":"Poisoned Stab","floor":6.0},{"not_picked":["Flying Knee","Poisoned Stab"],"picked":"Calculated Gamble","floor":7.0},{"not_picked":["Poisoned Stab","A Thousand Cuts"],"picked":"Crippling Poison","floor":8.0},{"not_picked":["Caltrops","Deflect"],"picked":"Noxious Fumes","floor":11.0},{"not_picked":["Backflip","Backstab","Deadly Poison"],"picked":"SKIP","floor":13.0},{"not_picked":["Noxious Fumes","Dagger Throw"],"picked":"PiercingWail","floor":15.0},{"not_picked":["Acrobatics"],"picked":"SKIP","floor":18.0},{"not_picked":["Flying Knee"],"picked":"SKIP","floor":19.0},{"not_picked":["Sucker Punch+1"],"picked":"SKIP","floor":21.0},{"not_picked":["Flying Knee"],"picked":"SKIP","floor":23.0},{"not_picked":["Dagger Spray"],"picked":"SKIP","floor":27.0},{"not_picked":["Outmaneuver"],"picked":"SKIP","floor":28.0},{"not_picked":["Dagger Spray+1"],"picked":"SKIP","floor":31.0},{"not_picked":["Sucker Punch"],"picked":"SKIP","floor":35.0},{"not_picked":["All Out Attack"],"picked":"SKIP","floor":39.0}],"player_experience":2830496,"relics_obtained":[{"floor":6.0,"key":"Dream Catcher"},{"floor":8.0,"key":"TungstenRod"},{"floor":9.0,"key":"Pear"},{"floor":11.0,"key":"CeramicFish"},{"floor":13.0,"key":"Boot"},{"floor":23.0,"key":"Bag of Preparation"},{"floor":37.0,"key":"Pocketwatch"}],"event_choices":[{"damage_healed":0.0,"max_hp_gain":0.0,"max_hp_loss":0.0,"gold_gain":0.0,"cards_transformed":["Strike_G"],"event_name":"Transmorgrifier","player_choice":"Transformed","floor":2.0,"gold_loss":0.0,"damage_taken":0.0,"cards_obtained":["Backflip"]},{"damage_healed":0.0,"max_hp_gain":0.0,"max_hp_loss":0.0,"gold_gain":75.0,"event_name":"World of Goop","player_choice":"Gather Gold","floor":14.0,"gold_loss":0.0,"damage_taken":11.0},{"damage_healed":0.0,"max_hp_gain":0.0,"max_hp_loss":0.0,"gold_gain":0.0,"event_name":"The Library","player_choice":"Read","floor":29.0,"gold_loss":0.0,"damage_taken":0.0,"cards_obtained":["Well Laid Plans"]},{"damage_healed":0.0,"max_hp_gain":0.0,"max_hp_loss":0.0,"gold_gain":0.0,"event_name":"SensoryStone","player_choice":"Memory 1","floor":36.0,"gold_loss":0.0,"damage_taken":0.0},{"damage_healed":0.0,"max_hp_gain":0.0,"max_hp_loss":0.0,"gold_gain":0.0,"event_name":"Mysterious Sphere","player_choice":"Fight","floor":37.0,"gold_loss":0.0,"damage_taken":0.0},{"damage_healed":0.0,"max_hp_gain":0.0,"max_hp_loss":4.0,"gold_gain":0.0,"event_name":"Winding Halls","player_choice":"Max HP","floor":38.0,"gold_loss":0.0,"damage_taken":0.0}],"is_beta":false,"boss_relics":[{"not_picked":["Ring of the Serpent","Ectoplasm"],"picked":"Busted Crown"},{"not_picked":["Snecko Eye","Empty Cage"],"picked":"Cursed Key"}],"items_purged_floors":[10,20],"is_endless":false,"potions_floor_spawned":[6,8,11,18,21,23],"killed_by":"Reptomancer","ascension_level":20}}