{"host":"dwyzfvnzfcqffr30","time":1608465480,"event":{"mods":["2.2 Compatiblity","Act Like it!","BaseMod","Beaked The Cultist","Better Altar","Better Match","Better Note","Better Sensory Stone","Better Skull","Better Third Choice","Clockwork Mod","Colored Map","Colored Powertips","Conspire","Downfall","Elementarium","GifTheSpireLib","Halation","Hermit","Hubris","Infinite Spire","Ironclad Rager","Jedi Mod","Menagerie","Mimic Mod","Minty Spire (QoL Compilation)","Permanent Neow","Random Character Button","Replay The Spire","Spicy Shops","StSLib","Stuff the Spire","The Construct","The Disciple","The Druid","TheFirefly","Trackpad","vexMod"],"gold_per_floor":[17,317,0,17,17,17,45,61,107,133,153,173,201,201,201,324,324,340,364,364,378,2,2,45,83,129,160,160,175,175,175,175,306,306,320,334,334,352,352,692,712,812,812,812,812,812,468,508,508,508],"floor_reached":51,"playtime":3573,"items_purged":["ReplayTheSpireMod:Restless Dread","StuffTheSpire:CuriosityCurse"],"score":1119,"play_id":"ddaef3d4-94c2-4399-a0c1-2cf70375fe86","local_time":"20201220035800","is_ascension_mode":true,"campfire_choices":[{"floor":6,"key":"REST"},{"data":"1","floor":15,"key":"LIFT"},{"data":"2","floor":23,"key":"LIFT"},{"floor":28,"key":"REST"},{"floor":32,"key":"REST"},{"floor":46,"key":"REST"},{"data":"3","floor":49,"key":"LIFT"}],"circlet_count":0,"master_deck":["AscendersBane","Survivor+1","Poisoned Stab+1","Poisoned Stab+1","Poisoned Stab+1","Poisoned Stab+1","Poisoned Stab+1","Dodge and Roll+1","Dodge and Roll+1","Dodge and Roll+1","Dodge and Roll+1","Dodge and Roll+1","MasterReality+1","Replay:SS_fish_2+1","Dagger Spray+1","Bane+1","StuffTheSpire:Sprint+1","jedi:pocketpoison+1","Caltrops+1","hubris:DuctTapeCard","Toxin Wave+1","conspire:DoublingDagger+1","Replay:Poison Smokescreen+1","Adrenaline+1","Terror+1","StuffTheSpire:BrainWave","Backstab+1","StuffTheSpire:ReptileScales+1","Catalyst+1"],"relics":["Ring of the Snake","Bottled Tornado","Frozen Egg 2","Toxic Egg 2","Molten Egg 2","Juzu Bracelet","conspire:Boomerang","Kunai","ReplayTheSpireMod:Ninjato","Girya","infinitespire:EmpoweringShard","Golden Idol","conspire:SlowCooker","hubris:DuctTape","Membership Card","Replay:Kaleidoscope","Elementarium:GoldenMirage","Blue Doll","Smiling Mask","trackpad:DisasterInABottle","Elementarium:HatchlingPhoenix","Quantum Egg","Elementarium:ElementariumTrophy","Black Star","halation:PapillonHeart","Old Coin","Regal Pillow","jedi:heavyjacket","StuffTheSpire:Experiment12","trackpad:AdjectivePendant","jedi:bottledfury","ReplayTheSpireMod:Shallot","jedi:kaleidoscope","halation:VictoryRuler"],"acts_visited":["Menagerie:Menagerie","Elementarium:Elementarium","TheBeyond"],"potions_floor_usage":[7,13,18,24,25,25,38,41],"damage_taken":[{"damage":0,"enemies":"Menagerie:StygianBoar","floor":1,"turns":2},{"damage":1,"enemies":"Menagerie:WhisperingWraith","floor":4,"turns":3},{"damage":0,"enemies":"Menagerie:VoidReaper","floor":7,"turns":4},{"damage":0,"enemies":"Menagerie:MonstrousExperiment","floor":8,"turns":3},{"damage":0,"enemies":"Menagerie:MaskedSummoner","floor":10,"turns":5},{"damage":0,"enemies":"Menagerie:MeltingSalamander","floor":11,"turns":3},{"damage":7,"enemies":"Menagerie:EntropyWarlock","floor":12,"turns":3},{"damage":1,"enemies":"Menagerie:VoidReaper","floor":13,"turns":4},{"damage":2,"enemies":"Menagerie:Chimera","floor":16,"turns":6},{"damage":8,"enemies":"Elementarium:VoidCorruption","floor":18,"turns":5},{"damage":14,"enemies":"Elementarium:2_ELEMENTALS","floor":19,"turns":3},{"damage":2,"enemies":"Elementarium:VoidBeast","floor":21,"turns":3},{"damage":9,"enemies":"Elementarium:GOLDEN_STATUES","floor":24,"turns":3},{"damage":6,"enemies":"Elementarium:ElementalPortal","floor":25,"turns":5},{"damage":9,"enemies":"Elementarium:FIRE_NOBILITY","floor":27,"turns":6},{"damage":16,"enemies":"Elementarium:VOID_CORRUPTION_AND_TAR_GOLEM","floor":29,"turns":5},{"damage":47,"enemies":"Elementarium:PHOENIXES","floor":33,"turns":9},{"damage":0,"enemies":"3 Darklings","floor":35,"turns":4},{"damage":31,"enemies":"3 Shapes","floor":36,"turns":4},{"damage":0,"enemies":"Writhing Mass","floor":38,"turns":4},{"damage":7,"enemies":"Giant Head","floor":40,"turns":6},{"damage":22,"enemies":"Sphere and 2 Shapes","floor":41,"turns":3},{"damage":0,"enemies":"Reptomancer","floor":48,"turns":3},{"damage":0,"enemies":"Replay:Hell Engine","floor":50,"turns":4}],"seed_played":"1210945134116046243","potions_obtained":[{"floor":1,"key":"Block Potion"},{"floor":4,"key":"Adrenaline Potion"},{"floor":13,"key":"DuplicationPotion"},{"floor":16,"key":"Swift Potion"},{"floor":18,"key":"Dexterity Potion"},{"floor":24,"key":"Flashbang"},{"floor":29,"key":"jedi:wingpotion"},{"floor":38,"key":"Explosive Potion"}],"is_trial":false,"path_per_floor":["M","?","$","M","?","R","E","M","T","E","M","M","E","?","R","B",null,"M","M","?","M","$","R","?","E","T","E","R","M","?","?","R","B",null,"M","M","?","M","?","E","M","?","T","?","?","R","$","E","R","B",null],"character_chosen":"THE_SILENT","items_purchased":["Kunai","Replay:SS_fish_2+1","Membership Card","Replay:Kaleidoscope","PowerPotion","StuffTheSpire:Experiment12","trackpad:AdjectivePendant","jedi:bottledfury","ReplayTheSpireMod:Shallot"],"campfire_rested":4,"item_purchase_floors":[3,3,22,22,22,47,47,47,47],"current_hp_per_floor":[45,45,45,58,58,63,63,63,63,63,63,56,55,40,40,38,57,49,35,35,33,33,33,24,32,32,23,41,39,39,39,57,10,50,50,19,19,33,33,26,18,18,18,18,18,49,49,54,54,54],"gold":508,"neow_bonus":"SILENT_ASSASSIN","is_daily":false,"chose_seed":false,"campfire_upgraded":0,"win_rate":0.0,"timestamp":1608465480,"path_taken":["M","?","$","M","?","R","E","M","T","E","M","M","E","?","R","BOSS","M","M","?","M","$","R","?","E","T","E","R","M","?","?","R","BOSS","M","M","?","M","?","E","M","?","T","?","?","R","$","E","R","BOSS"],"items_purchased_type":["Relic","Card","Relic","Relic","Potion","Relic","Relic","Relic","Relic"],"build_version":"2020-12-13","purchased_purges":2,"victory":true,"max_hp_per_floor":[63,63,63,63,63,63,63,63,63,63,63,63,63,63,63,63,63,63,63,63,63,63,63,63,63,63,63,63,63,63,63,63,63,63,63,63,57,57,54,54,54,54,54,54,54,54,54,54,54,54],"card_choices":[{"not_picked":["StuffTheSpire:Injection+1","Dagger Throw+1","StuffTheSpire:Repulse+1"],"picked":"SKIP","floor":1},{"not_picked":["Concentrate+1","Backflip+1","ReplayTheSpireMod:Shiv Toss+1"],"picked":"SKIP","floor":4},{"not_picked":["Prepared+1","Hidden Blade+1"],"picked":"Dagger Spray+1","floor":7},{"not_picked":["Predator+1","ReplayTheSpireMod:Scrap Shanks+1"],"picked":"Bane+1","floor":8},{"not_picked":["Prepared+1","Poisoned Stab+1","StuffTheSpire:Python+1"],"picked":"SKIP","floor":10},{"not_picked":["Blade Dance+1","StuffTheSpire:DoubleShiv+1"],"picked":"jedi:pocketpoison+1","floor":11},{"not_picked":["Blade Dance+1","Bane+1"],"picked":"StuffTheSpire:Sprint+1","floor":12},{"not_picked":["Unload+1","Cloak And Dagger+1"],"picked":"jedi:pocketpoison+1","floor":13},{"not_picked":["Die Die Die+1","Replay:Bag of Tricks+1"],"picked":"Malaise+1","floor":16},{"not_picked":["Backflip+1","PiercingWail+1"],"picked":"Caltrops+1","floor":18},{"not_picked":["Dagger Spray+1","Hidden Blade+1","Poisoned Stab+1"],"picked":"SKIP","floor":19},{"not_picked":["Backflip+1","Outmaneuver+1","Toxin Wave+1"],"picked":"SKIP","floor":21},{"not_picked":["Backflip+1","Outmaneuver+1"],"picked":"Toxin Wave+1","floor":21},{"not_picked":["Dodge and Roll+1","Deadly Poison+1"],"picked":"conspire:DoublingDagger+1","floor":24},{"not_picked":["Deadly Poison+1","Deflect+1","Slice+1"],"picked":"SKIP","floor":25},{"not_picked":["After Image+1","Backstab+1"],"picked":"Replay:Poison Smokescreen+1","floor":27},{"not_picked":["ReplayTheSpireMod:The Works+1","PiercingWail+1","Finisher+1"],"picked":"SKIP","floor":29},{"not_picked":["Storm of Steel+1","ReplayTheSpireMod:From All Sides+1"],"picked":"Adrenaline+1","floor":33},{"not_picked":["ReplayTheSpireMod:Scrap Shanks+1","Acrobatics+1","Backflip+1"],"picked":"SKIP","floor":35},{"not_picked":["Acrobatics+1","StuffTheSpire:DoubleShiv+1"],"picked":"Terror+1","floor":36},{"not_picked":["StuffTheSpire:Injection+1","Flying Knee+1"],"picked":"Backstab+1","floor":38},{"not_picked":["Crippling Poison+1","Deflect+1"],"picked":"StuffTheSpire:ReptileScales+1","floor":40},{"not_picked":["hubris:Sniper+1","Crippling Poison+1","StuffTheSpire:BumpUp+1"],"picked":"SKIP","floor":41},{"not_picked":["Backflip+1","Cloak And Dagger+1"],"picked":"Catalyst+1","floor":48}],"player_experience":2274984,"relics_obtained":[{"floor":7,"key":"ReplayTheSpireMod:Ninjato"},{"floor":10,"key":"Girya"},{"floor":13,"key":"infinitespire:EmpoweringShard"},{"floor":24,"key":"Elementarium:GoldenMirage"},{"floor":25,"key":"Blue Doll"},{"floor":26,"key":"Smiling Mask"},{"floor":27,"key":"trackpad:DisasterInABottle"},{"floor":40,"key":"Old Coin"},{"floor":40,"key":"Regal Pillow"},{"floor":48,"key":"jedi:kaleidoscope"},{"floor":48,"key":"halation:VictoryRuler"}],"event_choices":[{"damage_healed":0,"gold_gain":0,"player_choice":"Upgraded","damage_taken":0,"max_hp_gain":0,"max_hp_loss":0,"event_name":"Upgrade Shrine","floor":0,"gold_loss":0,"cards_upgraded":["Neutralize"]},{"damage_healed":0,"gold_gain":0,"player_choice":"Upgraded","damage_taken":0,"max_hp_gain":0,"max_hp_loss":0,"event_name":"Upgrade Shrine","floor":0,"gold_loss":0,"cards_upgraded":["Survivor"]},{"damage_healed":0,"gold_gain":0,"player_choice":"Upgraded","damage_taken":0,"max_hp_gain":0,"max_hp_loss":0,"event_name":"Upgrade Shrine","floor":0,"gold_loss":0,"cards_upgraded":["Poisoned Stab"]},{"damage_healed":0,"gold_gain":0,"player_choice":"Upgraded","damage_taken":0,"max_hp_gain":0,"max_hp_loss":0,"event_name":"Upgrade Shrine","floor":0,"gold_loss":0,"cards_upgraded":["Poisoned Stab"]},{"damage_healed":0,"gold_gain":0,"player_choice":"Upgraded","damage_taken":0,"max_hp_gain":0,"max_hp_loss":0,"event_name":"Upgrade Shrine","floor":0,"gold_loss":0,"cards_upgraded":["Poisoned Stab"]},{"damage_healed":0,"gold_gain":0,"player_choice":"Upgraded","damage_taken":0,"max_hp_gain":0,"max_hp_loss":0,"event_name":"Upgrade Shrine","floor":0,"gold_loss":0,"cards_upgraded":["Poisoned Stab"]},{"damage_healed":0,"gold_gain":0,"player_choice":"Upgraded","damage_taken":0,"max_hp_gain":0,"max_hp_loss":0,"event_name":"Upgrade Shrine","floor":0,"gold_loss":0,"cards_upgraded":["Poisoned Stab"]},{"damage_healed":0,"gold_gain":0,"player_choice":"Upgraded","damage_taken":0,"max_hp_gain":0,"max_hp_loss":0,"event_name":"Upgrade Shrine","floor":0,"gold_loss":0,"cards_upgraded":["Dodge and Roll"]},{"damage_healed":0,"gold_gain":0,"player_choice":"Upgraded","damage_taken":0,"max_hp_gain":0,"max_hp_loss":0,"event_name":"Upgrade Shrine","floor":0,"gold_loss":0,"cards_upgraded":["Dodge and Roll"]},{"damage_healed":0,"gold_gain":0,"player_choice":"Upgraded","damage_taken":0,"max_hp_gain":0,"max_hp_loss":0,"event_name":"Upgrade Shrine","floor":0,"gold_loss":0,"cards_upgraded":["Dodge and Roll"]},{"damage_healed":0,"gold_gain":0,"player_choice":"Upgraded","damage_taken":0,"max_hp_gain":0,"max_hp_loss":0,"event_name":"Upgrade Shrine","floor":0,"gold_loss":0,"cards_upgraded":["Dodge and Roll"]},{"damage_healed":0,"gold_gain":0,"player_choice":"Upgraded","damage_taken":0,"max_hp_gain":0,"max_hp_loss":0,"event_name":"Upgrade Shrine","floor":0,"gold_loss":0,"cards_upgraded":["Dodge and Roll"]},{"damage_healed":0,"gold_gain":0,"player_choice":"Ignored","damage_taken":0,"max_hp_gain":0,"max_hp_loss":0,"event_name":"Menagerie:CorruptingLight","floor":5,"gold_loss":0},{"damage_healed":0,"gold_gain":0,"player_choice":"Take Damage","damage_taken":15,"relics_obtained":["Golden Idol"],"max_hp_gain":0,"max_hp_loss":0,"event_name":"Golden Idol","floor":14,"gold_loss":0},{"cards_removed":["Malaise"],"damage_healed":0,"gold_gain":0,"player_choice":"Knowledge","damage_taken":0,"relics_obtained":["hubris:DuctTape"],"max_hp_gain":0,"max_hp_loss":0,"event_name":"Elementarium:ShatteredPortal","floor":20,"gold_loss":0},{"damage_healed":0,"gold_gain":0,"player_choice":"Fight","damage_taken":0,"max_hp_gain":0,"max_hp_loss":0,"event_name":"Elementarium:GoldenStatues","floor":24,"gold_loss":0},{"damage_healed":0,"gold_gain":0,"player_choice":"Leave","damage_taken":0,"max_hp_gain":0,"max_hp_loss":0,"event_name":"conspire:Investor","floor":30,"gold_loss":0},{"damage_healed":0,"gold_gain":0,"player_choice":"Egg","damage_taken":0,"relics_obtained":["Elementarium:HatchlingPhoenix"],"max_hp_gain":0,"max_hp_loss":0,"event_name":"Elementarium:IncubationChamber","floor":31,"relics_lost":["Quantum Egg"],"gold_loss":0},{"damage_healed":0,"gold_gain":100,"player_choice":"Pray","damage_taken":0,"max_hp_gain":0,"max_hp_loss":0,"event_name":"Golden Shrine","floor":42,"gold_loss":0},{"damage_healed":0,"gold_gain":0,"player_choice":"Ignored","damage_taken":0,"max_hp_gain":0,"max_hp_loss":0,"event_name":"Transmorgrifier","floor":44,"gold_loss":0}],"is_beta":false,"boss_relics":[{"not_picked":["vexMod:NewClearReactor","vexMod:RockOfEvil"],"picked":"conspire:SlowCooker"},{"not_picked":["halation:Yufonium","vexMod:MysteryBossChallenge"],"picked":"Black Star"}],"items_purged_floors":[3,22],"is_endless":false,"potions_floor_spawned":[1,4,11,13,16,18,24,29,38,41],"ascension_level":10}}