{"host":"yo9wwslrag05lh37","time":1608477080,"event":{"mods":["AchievementEnabler","BaseMod","Block Reminder","Colored Map","Colored Powertips","GifTheSpireLib","HexUI Lib","Highlight Path","Minty Spire (QoL Compilation)","Rare Cards Sparkle","Relic Stats","StSLib","everything is the same but u backflip on backflip"],"gold_per_floor":[367,367,378,18,18,71,71,109,183,223,239,307,346,24,24,128,128,139,139,155,155,200,200,232,0,47,47,73,73,110,110,110,212,212,225,239,239,255,255,255],"floor_reached":39,"playtime":1736,"items_purged":[],"score":875,"play_id":"d9c4563e-ae18-40bc-9626-3b120de07eac","local_time":"20201220161120","is_ascension_mode":true,"campfire_choices":[{"floor":7.0,"key":"REST"},{"data":"Defragment","floor":15.0,"key":"SMITH"},{"floor":23.0,"key":"REST"},{"floor":27.0,"key":"REST"},{"data":"Fission","floor":29.0,"key":"SMITH"},{"data":"Darkness","floor":32.0,"key":"SMITH"}],"circlet_count":0,"master_deck":["AscendersBane","Strike_B+1","Strike_B","Strike_B","Defend_B","Defend_B","Defend_B","Zap","Dualcast","Conserve Battery","Defragment+1","HandOfGreed+1","Compile Driver","Ball Lightning","Genetic Algorithm+1","Doom and Gloom","Fission+1","Coolheaded+1","Defragment","Cold Snap","Self Repair","Darkness+1","Biased Cognition","Defragment","Consume"],"relics":["Cracked Core","Whetstone","Regal Pillow","Eternal Feather","Runic Capacitor","Lantern","SlaversCollar","Enchiridion","War Paint","Art of War","Lizard Tail","SacredBark"],"acts_visited":["Exordium","TheCity","TheBeyond"],"potions_floor_usage":[39],"damage_taken":[{"damage":4.0,"enemies":"Small Slimes","floor":1.0,"turns":4.0},{"damage":1.0,"enemies":"Cultist","floor":3.0,"turns":4.0},{"damage":38.0,"enemies":"3 Sentries","floor":6.0,"turns":8.0},{"damage":2.0,"enemies":"2 Louse","floor":8.0,"turns":3.0},{"damage":9.0,"enemies":"Red Slaver","floor":10.0,"turns":2.0},{"damage":6.0,"enemies":"Blue Slaver","floor":11.0,"turns":3.0},{"damage":12.0,"enemies":"3 Louse","floor":12.0,"turns":6.0},{"damage":5.0,"enemies":"2 Fungi Beasts","floor":13.0,"turns":3.0},{"damage":8.0,"enemies":"Slime Boss","floor":16.0,"turns":7.0},{"damage":7.0,"enemies":"Chosen","floor":18.0,"turns":3.0},{"damage":0.0,"enemies":"Spheric Guardian","floor":20.0,"turns":3.0},{"damage":36.0,"enemies":"Shelled Parasite and Fungi","floor":22.0,"turns":4.0},{"damage":29.0,"enemies":"Book of Stabbing","floor":24.0,"turns":5.0},{"damage":23.0,"enemies":"Gremlin Leader","floor":28.0,"turns":6.0},{"damage":34.0,"enemies":"Snake Plant","floor":30.0,"turns":4.0},{"damage":0.0,"enemies":"Snecko","floor":31.0,"turns":3.0},{"damage":77.0,"enemies":"Collector","floor":33.0,"turns":8.0},{"damage":16.0,"enemies":"Orb Walker","floor":35.0,"turns":5.0},{"damage":9.0,"enemies":"3 Darklings","floor":36.0,"turns":3.0},{"damage":27.0,"enemies":"Jaw Worm Horde","floor":38.0,"turns":5.0},{"damage":30,"enemies":"Spire Growth","floor":39,"turns":2}],"seed_played":"-3659172565637806491","potions_obtained":[{"floor":6.0,"key":"Strength Potion"},{"floor":8.0,"key":"LiquidBronze"},{"floor":12.0,"key":"DuplicationPotion"},{"floor":16.0,"key":"DistilledChaos"},{"floor":20.0,"key":"Regen Potion"},{"floor":22.0,"key":"FearPotion"},{"floor":30.0,"key":"SmokeBomb"},{"floor":33.0,"key":"SteroidPotion"},{"floor":38.0,"key":"Weak Potion"}],"is_trial":false,"path_per_floor":["M","?","M","$","?","E","R","M","T","M","M","M","M","$","R","B",null,"M","?","M","?","M","R","E","?","T","R","E","R","M","M","R","B",null,"M","M","?","M","M"],"character_chosen":"DEFECT","items_purchased":["HandOfGreed","Whetstone","Runic Capacitor","Lantern"],"campfire_rested":3,"item_purchase_floors":[4,4,14,14],"current_hp_per_floor":[60,53,52,52,52,14,50,48,48,39,33,21,16,16,25,17,58,51,30,30,30,6,54,25,25,25,71,55,67,40,40,52,30,61,52,50,50,23,0,0],"gold":255,"neow_bonus":"TWO_FIFTY_GOLD","is_daily":false,"chose_seed":false,"campfire_upgraded":3,"win_rate":0.0,"timestamp":1608477080,"path_taken":["M","?","M","$","?","E","R","M","T","M","M","?","M","$","R","BOSS","M","?","M","?","?","R","E","?","T","R","E","R","M","M","R","BOSS","M","M","?","M","M"],"items_purchased_type":["Card","Relic","Relic","Relic"],"build_version":"2020-12-13","purchased_purges":0,"victory":false,"max_hp_per_floor":[71,71,71,71,71,71,71,71,71,71,71,71,71,71,71,71,71,71,71,71,71,71,71,71,71,71,71,71,71,71,71,71,71,71,71,71,71,71,71,71],"relic_stats":{"Regal Pillow":43,"Lizard Tail":35,"counters":[21,91],"Eternal Feather":57,"Art of War":[6],"Whetstone":["HandOfGreed","Strike_B"],"War Paint":["Genetic Algorithm","Coolheaded"],"obtain_stats":[{"SlaversCollar":17,"Regal Pillow":6,"Lantern":14,"Lizard Tail":28,"SacredBark":34,"Enchiridion":19,"Eternal Feather":9,"Runic Capacitor":14,"Art of War":26,"Whetstone":4,"War Paint":24,"Cracked Core":0},{"SlaversCollar":9,"Regal Pillow":3,"Lantern":8,"Lizard Tail":14,"SacredBark":17,"Enchiridion":10,"Eternal Feather":4,"Runic Capacitor":8,"Art of War":13,"Whetstone":2,"War Paint":13,"Cracked Core":0},{"SlaversCollar":40,"Regal Pillow":16,"Lantern":33,"Lizard Tail":61,"SacredBark":76,"Enchiridion":43,"Eternal Feather":19,"Runic Capacitor":33,"Art of War":55,"Whetstone":8,"War Paint":55,"Cracked Core":0}]},"card_choices":[{"not_picked":["Loop","Scrape"],"picked":"Conserve Battery","floor":1.0},{"not_picked":["Capacitor","Auto Shields"],"picked":"Defragment","floor":3.0},{"not_picked":["Redo","Conserve Battery"],"picked":"Compile Driver","floor":6.0},{"not_picked":["Sunder","Chaos"],"picked":"Ball Lightning","floor":8.0},{"not_picked":["Steam","Static Discharge","Streamline"],"picked":"SKIP","floor":10.0},{"not_picked":["Thunder Strike","Compile Driver"],"picked":"Genetic Algorithm","floor":11.0},{"not_picked":["Stack","Reinforced Body"],"picked":"Doom and Gloom","floor":12.0},{"not_picked":["Redo","Rebound","Beam Cell"],"picked":"SKIP","floor":13.0},{"not_picked":["Thunder Strike","Hyperbeam"],"picked":"Fission","floor":16.0},{"not_picked":["FTL","Tempest"],"picked":"Coolheaded","floor":18.0},{"not_picked":["Conserve Battery","Blizzard"],"picked":"Defragment","floor":20.0},{"not_picked":["Streamline","Fusion"],"picked":"Cold Snap","floor":22.0},{"not_picked":["Fusion","Core Surge"],"picked":"Self Repair","floor":24.0},{"not_picked":["Stack","Beam Cell","Barrage"],"picked":"SKIP","floor":28.0},{"not_picked":["Skim","Sweeping Beam"],"picked":"Darkness","floor":30.0},{"not_picked":["Fission","Electrodynamics"],"picked":"Biased Cognition","floor":33.0},{"not_picked":["Steam Power","Double Energy","Sweeping Beam+1"],"picked":"SKIP","floor":35.0},{"not_picked":["Leap+1","Stack"],"picked":"Defragment","floor":36.0},{"not_picked":["Defragment","Cold Snap"],"picked":"Consume","floor":38.0}],"player_experience":1363482,"relics_obtained":[{"floor":6.0,"key":"Regal Pillow"},{"floor":9.0,"key":"Eternal Feather"},{"floor":19.0,"key":"Enchiridion"},{"floor":24.0,"key":"War Paint"},{"floor":26.0,"key":"Art of War"},{"floor":28.0,"key":"Lizard Tail"}],"event_choices":[{"cards_removed":["Decay"],"damage_healed":0.0,"max_hp_gain":0.0,"max_hp_loss":0.0,"gold_gain":0.0,"event_name":"Golden Wing","player_choice":"Card Removal","floor":2.0,"gold_loss":0.0,"damage_taken":7.0},{"cards_removed":["Defend_B"],"damage_healed":0.0,"max_hp_gain":0.0,"max_hp_loss":0.0,"gold_gain":0.0,"event_name":"Purifier","player_choice":"Purged","floor":5.0,"gold_loss":0.0,"damage_taken":0.0},{"damage_healed":0.0,"max_hp_gain":0.0,"max_hp_loss":0.0,"gold_gain":0.0,"event_name":"Cursed Tome","player_choice":"Obtained Book","floor":19.0,"gold_loss":0.0,"damage_taken":21.0},{"cards_removed":["Strike_B"],"damage_healed":0.0,"max_hp_gain":0.0,"max_hp_loss":0.0,"gold_gain":0.0,"event_name":"Purifier","player_choice":"Purged","floor":21.0,"gold_loss":0.0,"damage_taken":0.0},{"damage_healed":0.0,"max_hp_gain":0.0,"max_hp_loss":0.0,"gold_gain":0.0,"event_name":"Masked Bandits","player_choice":"Paid Fearfully","floor":25.0,"gold_loss":232.0,"damage_taken":0.0},{"damage_healed":0.0,"max_hp_gain":0.0,"max_hp_loss":0.0,"gold_gain":0.0,"event_name":"Mysterious Sphere","player_choice":"Ignored","floor":37.0,"gold_loss":0.0,"damage_taken":0.0}],"is_beta":false,"boss_relics":[{"not_picked":["Fusion Hammer","Tiny House"],"picked":"SlaversCollar"},{"not_picked":["Coffee Dripper","Runic Dome"],"picked":"SacredBark"}],"items_purged_floors":[],"is_endless":false,"potions_floor_spawned":[6,8,12,16,20,22,30,33,38],"killed_by":"Spire Growth","ascension_level":20}}