{"host":"p6y17sixyu8q9v1f","time":1608470118,"event":{"mods":["BaseMod","Colored Map","Minty Spire (QoL Compilation)"],"gold_per_floor":[114,114,114,133,152,152,77,77,102,102,102,121,121,140,140,265,265,284,284,284,34,53,91,110,129,129,61,61,61],"floor_reached":28,"playtime":912,"items_purged":["Choke","Choke"],"score":228,"play_id":"906043d6-a20b-404e-b182-6c76467c912b","local_time":"20201220071518","daily_mods":["Specialized","Flight","Terminal"],"is_ascension_mode":false,"campfire_choices":[{"data":"Concentrate","floor":6,"key":"SMITH"},{"data":"Outmaneuver","floor":8,"key":"SMITH"},{"data":"Neutralize","floor":10,"key":"SMITH"},{"data":"Choke","floor":13,"key":"SMITH"},{"floor":15,"key":"REST"}],"circlet_count":0,"master_deck":["Strike_G","Strike_G","Strike_G","Strike_G","Strike_G","Defend_G","Defend_G","Defend_G","Defend_G","Defend_G","Survivor","Neutralize+1","Choke+1","Choke","Concentrate+1","Outmaneuver+1","Deflect","Phantasmal Killer","CurseOfTheBell","Prepared","Endless Agony","Neutralize+1","Calculated Gamble+1","Reflex+1"],"relics":["Ring of the Snake","Golden Idol","Ancient Tea Set","Potion Belt","Bronze Scales","Calling Bell","Blood Vial","Singing Bowl","FossilizedHelix","Tiny Chest","Toxic Egg 2","Matryoshka"],"acts_visited":["Exordium","TheCity"],"potions_floor_usage":[16,23,23,28],"damage_taken":[{"damage":2,"enemies":"Small Slimes","floor":1,"turns":3},{"damage":1,"enemies":"2 Louse","floor":4,"turns":2},{"damage":9,"enemies":"Jaw Worm","floor":5,"turns":4},{"damage":0,"enemies":"Gremlin Gang","floor":12,"turns":5},{"damage":0,"enemies":"Large Slime","floor":14,"turns":5},{"damage":26,"enemies":"The Guardian","floor":16,"turns":11},{"damage":18,"enemies":"Spheric Guardian","floor":18,"turns":5},{"damage":0,"enemies":"Shell Parasite","floor":22,"turns":5},{"damage":2,"enemies":"Book of Stabbing","floor":23,"turns":5},{"damage":5,"enemies":"Snake Plant","floor":24,"turns":3},{"damage":5,"enemies":"Centurion and Healer","floor":25,"turns":6},{"damage":43,"enemies":"Gremlin Leader","floor":28,"turns":4}],"seed_played":"4005297234989847306","potions_obtained":[{"floor":1,"key":"Energy Potion"},{"floor":5,"key":"BlessingOfTheForge"},{"floor":18,"key":"Poison Potion"},{"floor":22,"key":"Swift Potion"}],"is_trial":false,"path_per_floor":["M","?","?","M","M","R","$","R","T","R","?","M","R","M","R","B",null,"M","?","?","$","M","E","M","M","T","$","E"],"character_chosen":"THE_SILENT","items_purchased":["Tiny Chest","Reflex+1"],"campfire_rested":1,"item_purchase_floors":[21,27],"current_hp_per_floor":[67,50,38,37,28,28,28,28,28,28,28,28,28,28,44,18,52,34,34,34,34,38,38,37,36,36,36,0,0],"gold":61,"neow_bonus":"","is_daily":true,"chose_seed":false,"campfire_upgraded":4,"win_rate":0.0,"timestamp":1608470118,"path_taken":["M","?","?","?","?","R","$","R","T","R","?","M","R","?","R","BOSS","M","?","?","$","?","E","M","M","T","$","E"],"items_purchased_type":["Relic","Card"],"build_version":"2020-12-13","purchased_purges":2,"victory":false,"max_hp_per_floor":[68,67,66,65,64,63,62,61,60,59,58,57,56,55,54,53,52,51,50,49,48,49,48,49,50,49,48,48,48],"card_choices":[{"not_picked":["Finisher","Dodge and Roll","Setup"],"picked":"SKIP","floor":1},{"not_picked":["Expertise","Dodge and Roll"],"picked":"Concentrate","floor":4},{"not_picked":["Bane","Sucker Punch"],"picked":"Outmaneuver","floor":5},{"not_picked":["PiercingWail","Flying Knee"],"picked":"Deflect","floor":12},{"not_picked":["Dagger Throw","Well Laid Plans","Bane"],"picked":"SKIP","floor":14},{"not_picked":["Storm of Steel","Grand Finale"],"picked":"Phantasmal Killer","floor":16},{"not_picked":["Bane+1","Poisoned Stab+1"],"picked":"Prepared","floor":18},{"not_picked":["Setup","Skewer+1","Dagger Spray"],"picked":"Singing Bowl","floor":22},{"not_picked":["Eviscerate","Bane"],"picked":"Calculated Gamble+1","floor":23},{"not_picked":["Finisher","Riddle With Holes+1","Blade Dance+1"],"picked":"Singing Bowl","floor":24},{"not_picked":["Quick Slash","Dodge and Roll+1","Bullet Time+1"],"picked":"Singing Bowl","floor":25}],"player_experience":771158,"relics_obtained":[{"floor":9,"key":"Potion Belt"},{"floor":17,"key":"Blood Vial"},{"floor":17,"key":"Singing Bowl"},{"floor":17,"key":"FossilizedHelix"},{"floor":23,"key":"Toxic Egg 2"},{"floor":26,"key":"Matryoshka"}],"event_choices":[{"damage_healed":0,"gold_gain":0,"player_choice":"Take Damage","damage_taken":17,"relics_obtained":["Golden Idol"],"max_hp_gain":0,"max_hp_loss":0,"event_name":"Golden Idol","floor":2,"gold_loss":0},{"damage_healed":0,"gold_gain":0,"player_choice":"Success","damage_taken":12,"relics_obtained":["Ancient Tea Set"],"max_hp_gain":0,"max_hp_loss":0,"event_name":"Scrap Ooze","floor":3,"gold_loss":0},{"cards_removed":["Choke"],"damage_healed":0,"gold_gain":0,"player_choice":"Gave Card","damage_taken":0,"relics_obtained":["Bronze Scales"],"max_hp_gain":0,"max_hp_loss":0,"event_name":"WeMeetAgain","floor":11,"gold_loss":0},{"damage_healed":0,"gold_gain":0,"player_choice":"Read","damage_taken":0,"max_hp_gain":0,"max_hp_loss":0,"event_name":"The Library","floor":19,"gold_loss":0,"cards_obtained":["Endless Agony"]},{"damage_healed":0,"gold_gain":0,"player_choice":"Copied","damage_taken":0,"max_hp_gain":0,"max_hp_loss":0,"event_name":"Duplicator","floor":20,"gold_loss":0,"cards_obtained":["Neutralize"]}],"is_beta":false,"boss_relics":[{"not_picked":["Coffee Dripper","Velvet Choker"],"picked":"Calling Bell"}],"items_purged_floors":[7,21],"is_endless":false,"potions_floor_spawned":[1,5,18,22],"killed_by":"Gremlin Leader","ascension_level":0}}