{"host":"uzj3qtz06dzkgpll","time":1608497796,"event":{"mods":["BaseMod","Better Altar","Better Match","Better Note","Better Sensory Stone","Better Skull","Better Third Choice","Colored Map","Custom Start","Hubris","Minty Spire (QoL Compilation)","Permanent Neow","Replay The Spire","Shop Mod","Spicy Shops","StSLib"],"gold_per_floor":[115,115,40,50,70,70,99,99,99,99,99,111,111,124,124,124,124],"floor_reached":16,"playtime":955,"items_purged":["Defend_G"],"score":130,"play_id":"68e2115d-26c4-4cf2-9e0e-f2f4d2e0fb2c","local_time":"20201220125636","is_ascension_mode":true,"campfire_choices":[{"data":"Deflect","floor":6,"key":"SMITH"},{"data":"Neutralize","floor":10,"key":"SMITH"},{"data":"Deflect","floor":13,"key":"SMITH"},{"data":"Slice","floor":15,"key":"SMITH"}],"circlet_count":0,"master_deck":["Strike_G","Strike_G","Strike_G","Strike_G","Defend_G","Defend_G","Defend_G","Defend_G","Survivor","Neutralize+1","Deflect+1","Underhanded Strike","hubris:NaturalOne","Deflect+1","Slice+1"],"relics":["Snecko Scales","hubris:Icosahedron","ReplayTheSpireMod:Lightbulb","ReplayTheSpireMod:Ring of Exchange","Ring of Hypnosis","Lantern"],"acts_visited":["Exordium"],"potions_floor_usage":[7],"damage_taken":[{"damage":0,"enemies":"2 Louse","floor":1,"turns":3},{"damage":0,"enemies":"Small Slimes","floor":4,"turns":3},{"damage":0,"enemies":"Jaw Worm","floor":5,"turns":3},{"damage":12,"enemies":"3 Sentries","floor":7,"turns":9},{"damage":10,"enemies":"Exordium Thugs","floor":12,"turns":5},{"damage":0,"enemies":"Looter","floor":14,"turns":3},{"damage":50,"enemies":"Slime Boss","floor":16,"turns":8}],"seed_played":"-1717352242056995800","potions_obtained":[{"floor":4,"key":"Swift Potion"},{"floor":7,"key":"Fruit Juice"}],"is_trial":false,"path_per_floor":["M","?","$","M","M","R","E","?","T","R","?","M","R","M","R","B"],"character_chosen":"THE_SILENT","items_purchased":[],"campfire_rested":0,"item_purchase_floors":[],"current_hp_per_floor":[63,63,63,63,63,63,56,56,56,56,56,46,46,46,46,0,0],"gold":124,"neow_bonus":"BOSS_RELIC","is_daily":false,"chose_seed":false,"campfire_upgraded":4,"win_rate":0.0,"timestamp":1608497796,"path_taken":["M","?","$","M","M","R","E","?","T","R","?","?","R","M","R","BOSS"],"items_purchased_type":[],"build_version":"2020-12-13","purchased_purges":1,"victory":false,"max_hp_per_floor":[70,70,70,70,70,70,75,75,75,75,75,75,75,75,75,75,75],"card_choices":[{"not_picked":["Dagger Spray","Escape Plan"],"picked":"Deflect","floor":1},{"not_picked":["Cloak And Dagger","Riddle With Holes"],"picked":"Underhanded Strike","floor":4},{"not_picked":["hubris:SlightOfHand","Poisoned Stab","Flying Knee"],"picked":"SKIP","floor":5},{"not_picked":["Backflip","ReplayTheSpireMod:The Works","Sucker Punch"],"picked":"SKIP","floor":7},{"not_picked":["Calculated Gamble","Blade Dance"],"picked":"Deflect","floor":12},{"not_picked":["Cloak And Dagger","Sneak Up"],"picked":"Slice","floor":14}],"player_experience":311251,"relics_obtained":[{"floor":7,"key":"ReplayTheSpireMod:Lightbulb"},{"floor":8,"key":"ReplayTheSpireMod:Ring of Exchange"},{"floor":8,"key":"Ring of Hypnosis"},{"floor":9,"key":"Lantern"}],"event_choices":[{"cards_removed":["Strike_G"],"damage_healed":0,"gold_gain":0,"player_choice":"Purged","damage_taken":0,"max_hp_gain":0,"max_hp_loss":0,"event_name":"Purifier","floor":11,"gold_loss":0}],"is_beta":false,"boss_relics":[],"items_purged_floors":[3],"is_endless":false,"potions_floor_spawned":[4,7],"killed_by":"Slime Boss","ascension_level":6}}