{"host":"chv1qanoipyt46jc","time":1608437623,"event":{"mods":["2.2 Compatiblity","AchievementEnabler","BaseMod","BetterRewards","CapriCore","Card Filter","Conspire","Gold Saver","Grow up Mod","Kratos Character Expansion","Minty Spire (QoL Compilation)","Rare Cards Sparkle","Relic Filter","Remove Card Discount Mod","Reorder Act Four","StSLib"],"gold_per_floor":[828,844,863,880,880,880,897,897,924,924,924,924,937,962,962,1062,1062,1078,1091,1091,1103,1113,1142,1158,1158,1185,1208,1236,1278,1308,1320,1332,1449,1461,1486,1511,1538,1563,1594,1618,1630,1676,1688,1715,1757,1782,1804,1833,1845,1857,1869,1881,1893,1930,1942],"floor_reached":56,"playtime":859,"items_purged":["KratosMod:Strike_K","KratosMod:Strike_K","KratosMod:Strike_K","KratosMod:Strike_K","KratosMod:Defend_K","KratosMod:Defend_K","KratosMod:Defend_K","KratosMod:Defend_K","KratosMod:Tempor"],"score":1788,"play_id":"4822d234-2704-4a73-b8b5-606a93782ccd","local_time":"20201219221343","is_ascension_mode":false,"campfire_choices":[{"data":"KratosMod:Revenge","floor":6,"key":"SMITH"},{"data":"KratosMod:BladeWhip","floor":10,"key":"SMITH"},{"data":"KratosMod:BladeWhip","floor":12,"key":"SMITH"},{"floor":15,"key":"RECALL"},{"data":"KratosMod:cyclone","floor":25,"key":"SMITH"},{"floor":32,"key":"REST"}],"circlet_count":0,"master_deck":["KratosMod:cyclone+1","KratosMod:AthenaBane","KratosMod:BladeWhip+1","KratosMod:BladeWhip+1","KratosMod:Revenge+1"],"relics":["KratosMod:eagle","Membership Card","conspire:GiftBox","Medical Kit","The Courier","Busted Crown","Du-Vu Doll","Eternal Feather","MawBank","conspire:DeflatedDodgeball","Coffee Dripper","Prayer Wheel","Blood Vial","Akabeko","Art of War"],"acts_visited":["Exordium","TheCity","TheBeyond","TheEnding"],"potions_floor_usage":[47,55,55,55,55,55],"damage_taken":[{"damage":6,"enemies":"2 Louse","floor":1,"turns":2},{"damage":0,"enemies":"Cultist","floor":2,"turns":2},{"damage":11,"enemies":"Jaw Worm","floor":3,"turns":2},{"damage":0,"enemies":"Large Slime","floor":4,"turns":3},{"damage":20,"enemies":"Exordium Thugs","floor":7,"turns":2},{"damage":7,"enemies":"3 Louse","floor":13,"turns":2},{"damage":9,"enemies":"3 Sentries","floor":14,"turns":3},{"damage":0,"enemies":"Hexaghost","floor":16,"turns":2},{"damage":0,"enemies":"Chosen","floor":18,"turns":1},{"damage":0,"enemies":"Spheric Guardian","floor":19,"turns":1},{"damage":0,"enemies":"3 Cultists","floor":21,"turns":2},{"damage":0,"enemies":"Cultist and Chosen","floor":22,"turns":1},{"damage":13,"enemies":"Slavers","floor":23,"turns":2},{"damage":0,"enemies":"Centurion and Healer","floor":24,"turns":1},{"damage":0,"enemies":"Shelled Parasite and Fungi","floor":27,"turns":1},{"damage":0,"enemies":"Sentry and Sphere","floor":28,"turns":1},{"damage":0,"enemies":"Gremlin Leader","floor":29,"turns":1},{"damage":0,"enemies":"Snake Plant","floor":30,"turns":1},{"damage":0,"enemies":"Automaton","floor":33,"turns":1},{"damage":3,"enemies":"3 Shapes","floor":35,"turns":1},{"damage":0,"enemies":"Orb Walker","floor":36,"turns":1},{"damage":0,"enemies":"Sphere and 2 Shapes","floor":37,"turns":1},{"damage":0,"enemies":"Jaw Worm Horde","floor":38,"turns":1},{"damage":0,"enemies":"Transient","floor":39,"turns":2},{"damage":0,"enemies":"Maw","floor":40,"turns":1},{"damage":0,"enemies":"Nemesis","floor":42,"turns":1},{"damage":0,"enemies":"Jaw Worm Horde","floor":44,"turns":1},{"damage":0,"enemies":"Giant Head","floor":45,"turns":1},{"damage":3,"enemies":"Sphere and 2 Shapes","floor":46,"turns":1},{"damage":0,"enemies":"3 Darklings","floor":47,"turns":1},{"damage":0,"enemies":"Jaw Worm Horde","floor":48,"turns":1},{"damage":20,"enemies":"Donu and Deca","floor":50,"turns":2},{"damage":0,"enemies":"Shield and Spear","floor":54,"turns":1},{"damage":98,"enemies":"The Heart","floor":55,"turns":4}],"seed_played":"679182762881316528","potions_obtained":[{"floor":1,"key":"Dexterity Potion"},{"floor":4,"key":"Ancient Potion"},{"floor":14,"key":"Explosive Potion"},{"floor":19,"key":"Fire Potion"},{"floor":24,"key":"EntropicBrew"},{"floor":47,"key":"Fruit Juice"}],"is_trial":false,"path_per_floor":["M","M","M","M","$","R","M","?","T","R","$","R","M","E","R","B",null,"M","M","T","M","M","E","M","R","T","M","M","E","M","?","R","B",null,"M","M","M","M","M","M","R","E","T","M","E","M","M","M","R","B",null,"$","R","E","B",null],"character_chosen":"KRATOS","items_purchased":["KratosMod:Tempor","KratosMod:BladeWhip","Membership Card","conspire:GiftBox","Medical Kit","KratosMod:BladeWhip","KratosMod:Revenge"],"campfire_rested":1,"item_purchase_floors":[0,0,0,0,0,0,0],"current_hp_per_floor":[38,48,47,57,67,77,67,77,87,97,107,117,120,121,131,141,240,250,260,270,280,290,287,297,310,320,330,340,350,360,370,390,400,410,417,427,437,447,457,467,480,490,500,510,520,527,544,555,565,555,585,595,605,615,527],"gold":1954,"neow_bonus":"","is_daily":false,"chose_seed":false,"campfire_upgraded":4,"win_rate":0.0,"timestamp":1608437623,"path_taken":["M","M","M","M","$","R","M","?","T","R","$","R","M","E","R","BOSS","M","M","?","M","M","E","M","R","T","M","M","E","M","?","R","BOSS","M","M","M","M","M","M","R","E","T","M","E","M","M","M","R","BOSS","$","R","E","BOSS"],"items_purchased_type":["Card","Card","Relic","Relic","Relic","Card","Card"],"build_version":"2020-12-13","purchased_purges":9,"victory":true,"max_hp_per_floor":[80,90,100,110,120,130,140,150,160,170,180,190,200,210,220,230,240,250,260,270,280,290,300,310,320,330,340,350,360,370,380,390,400,410,420,430,440,450,460,470,480,490,500,510,520,530,545,555,565,575,585,595,605,615,625],"card_choices":[{"not_picked":["KratosMod:BladeWhip","KratosMod:Endure","KratosMod:SmashStone"],"picked":"SKIP","floor":1},{"not_picked":["KratosMod:settle","KratosMod:Tempor","KratosMod:Endure"],"picked":"SKIP","floor":2},{"not_picked":["KratosMod:ShieldBash","KratosMod:Tempor","KratosMod:Roll"],"picked":"SKIP","floor":3},{"not_picked":["KratosMod:clawsofhades","KratosMod:styx","KratosMod:conjuresoul"],"picked":"SKIP","floor":4},{"not_picked":["KratosMod:ShieldBash","KratosMod:settle","KratosMod:SmashStone"],"picked":"SKIP","floor":7},{"not_picked":["KratosMod:Tempor","KratosMod:conjuresoul","KratosMod:SmashStone"],"picked":"SKIP","floor":13},{"not_picked":["KratosMod:SmashStone","KratosMod:ablockalypse","KratosMod:settle"],"picked":"SKIP","floor":14},{"not_picked":["KratosMod:Tempor"],"picked":"SKIP","floor":18},{"not_picked":["KratosMod:rattle"],"picked":"SKIP","floor":19},{"not_picked":["KratosMod:conjuresoul"],"picked":"SKIP","floor":21},{"not_picked":["KratosMod:SmashStone"],"picked":"SKIP","floor":22},{"not_picked":["KratosMod:conjuresoul"],"picked":"SKIP","floor":23},{"not_picked":["KratosMod:conjuresoul"],"picked":"SKIP","floor":24},{"not_picked":["KratosMod:settle"],"picked":"SKIP","floor":27},{"not_picked":["KratosMod:ShieldBash"],"picked":"SKIP","floor":28},{"not_picked":["KratosMod:Endure"],"picked":"SKIP","floor":29},{"not_picked":["KratosMod:settle"],"picked":"SKIP","floor":30},{"not_picked":["KratosMod:ShieldBash+1"],"picked":"SKIP","floor":35},{"not_picked":["KratosMod:Roll"],"picked":"SKIP","floor":36},{"not_picked":["KratosMod:ShieldBash+1"],"picked":"SKIP","floor":37},{"not_picked":["KratosMod:ShieldBash+1"],"picked":"SKIP","floor":38},{"not_picked":["KratosMod:SmashStone"],"picked":"SKIP","floor":39},{"not_picked":["KratosMod:conjuresoul+1"],"picked":"SKIP","floor":40},{"not_picked":["KratosMod:Roll+1"],"picked":"SKIP","floor":42},{"not_picked":["KratosMod:Endure+1"],"picked":"SKIP","floor":44},{"not_picked":["KratosMod:SmashStone+1"],"picked":"SKIP","floor":44},{"not_picked":["KratosMod:conjuresoul"],"picked":"SKIP","floor":45},{"not_picked":["KratosMod:settle+1"],"picked":"SKIP","floor":46},{"not_picked":["KratosMod:Endure"],"picked":"SKIP","floor":46},{"not_picked":["KratosMod:Endure+1"],"picked":"SKIP","floor":47},{"not_picked":["KratosMod:conjuresoul+1"],"picked":"SKIP","floor":47},{"not_picked":["KratosMod:BladeWhip"],"picked":"SKIP","floor":48},{"not_picked":["KratosMod:settle+1"],"picked":"SKIP","floor":48},{"not_picked":["KratosMod:Roll+1"],"picked":"SKIP","floor":54}],"player_experience":298904,"relics_obtained":[{"floor":14,"key":"The Courier"},{"floor":20,"key":"Du-Vu Doll"},{"floor":23,"key":"Eternal Feather"},{"floor":26,"key":"MawBank"},{"floor":29,"key":"conspire:DeflatedDodgeball"},{"floor":42,"key":"Prayer Wheel"},{"floor":43,"key":"Blood Vial"},{"floor":45,"key":"Akabeko"},{"floor":54,"key":"Art of War"}],"event_choices":[{"damage_healed":0,"gold_gain":0,"player_choice":"Ignored","damage_taken":0,"max_hp_gain":0,"max_hp_loss":0,"event_name":"NoteForYourself","floor":8,"gold_loss":0},{"damage_healed":0,"gold_gain":0,"player_choice":"Ignored","damage_taken":0,"max_hp_gain":0,"max_hp_loss":0,"event_name":"Ghosts","floor":31,"gold_loss":0}],"is_beta":false,"boss_relics":[{"not_picked":["Empty Cage","conspire:SeveredTorchhead"],"picked":"Busted Crown"},{"not_picked":["Tiny House","Runic Dome"],"picked":"Coffee Dripper"}],"items_purged_floors":[0,0,0,0,0,0,0,0,0],"is_endless":false,"potions_floor_spawned":[1,3,4,14,18,19,21,24,28,40,42,44,45,47],"ascension_level":0}}