{"host":"rihxvzvzrfpivboj","time":1608499340,"event":{"mods":["Act Like it!","BaseMod","Better Third Choice","Block Reminder","Colored Map","Colored Powertips","Duelist Mod","Gensokyo","GifTheSpireLib","Googly Eyes","Keyboard Shortcuts","KomeijiMod","Minty Spire (QoL Compilation)","Quick Restart","Relic Sorter","StSLib","The Jungle","The Runesmith","Unceasing Turn Reminder","Waifu the Spire"],"gold_per_floor":[111,111,129,148,148,173,173,184,252,252,280,6,22,55,55,151,151,170,182,182,200,218,218,218,248,275,289,323,5,22,22,22,125,125,143,143,162,0,0,34,48,73,153,186,202,48,65,89,89,89,89,89,13,41,41],"floor_reached":56,"playtime":6410,"items_purged":["Runesmith:Strike_RS","Runesmith:Strike_RS"],"score":1397,"play_id":"454dca36-58d0-445b-8e28-76ff42bd6a1f","local_time":"20201220222220","is_ascension_mode":false,"campfire_choices":[{"data":"Runesmith:Fortify","floor":7.0,"key":"SMITH"},{"floor":15.0,"key":"REST"},{"floor":23.0,"key":"REST"},{"floor":32.0,"key":"REST"},{"floor":49,"key":"RECALL"},{"data":"Runesmith:GrandSlam","floor":52,"key":"SMITH"}],"circlet_count":0,"master_deck":["Runesmith:Strike_RS","Runesmith:Strike_RS","Runesmith:Defend_RS","Runesmith:Defend_RS","Runesmith:Defend_RS+1","Runesmith:Defend_RS","Runesmith:CraftFirestone","Runesmith:Fortify+1","Runesmith:HammerThrow","Runesmith:Grindstone","Runesmith:Retool","Runesmith:CraftMagma","Runesmith:CraftMagma","Runesmith:CreatorForm","Runesmith:NanitesCloud","Runesmith:CraftIndustria","Runesmith:Grindstone","Runesmith:PoweredAnvil+1","Runesmith:GrandSlam+1","Runesmith:CraftIndustria","Runesmith:Permafrost","Runesmith:DoubleUp","theDuelist:OrbMetronome+1","Runesmith:ChargedHammer","Runesmith:PoweredAnvil","Runesmith:Superposition+1","Runesmith:Reinforce+1","Runesmith:LightningRod"],"relics":["Runesmith:BrokenRuby","Gensokyo:NagashiBinaDoll","Pear","Runesmith:MiniCore","Ornamental Fan","Gensokyo:YoukaiFlower","Blood Vial","Membership Card","War Paint","HornCleat","Snecko Eye","Gensokyo:ConquerorOfFear","Bronze Scales","PreservedInsect","Runesmith:EmergencyProvisions","Runesmith:Nanobots","DollysMirror","Gensokyo:MosesMiracle","Runesmith:UraniumAnvil","MiracleMallet","Red Mask","Dream Catcher","Nunchaku","Sundial","Kunai","KyoryuNoHagoromo","Vajra","Turnip"],"acts_visited":["Exordium","Gensokyo:Gensokyo","TheBeyond","TheEnding"],"potions_floor_usage":[40,44,50,55,55],"damage_taken":[{"damage":4.0,"enemies":"Gensokyo:2_Kodama","floor":1.0,"turns":3.0},{"damage":0.0,"enemies":"Gensokyo:3_Fairies","floor":3.0,"turns":3.0},{"damage":3.0,"enemies":"Gensokyo:Gryphon","floor":4.0,"turns":3.0},{"damage":8.0,"enemies":"Gensokyo:Cirno","floor":6.0,"turns":6.0},{"damage":7.0,"enemies":"Gensokyo:Kitsune","floor":8.0,"turns":4.0},{"damage":0.0,"enemies":"Gensokyo:Mamizou","floor":11.0,"turns":6.0},{"damage":2.0,"enemies":"Gensokyo:3_Kodama","floor":13.0,"turns":3.0},{"damage":6.0,"enemies":"Gensokyo:Aya","floor":14.0,"turns":6.0},{"damage":3.0,"enemies":"Gensokyo:Kokoro","floor":16.0,"turns":12.0},{"damage":20.0,"enemies":"Gensokyo:2_Gloops","floor":18.0,"turns":7.0},{"damage":0.0,"enemies":"Gensokyo:CosmicMonolith","floor":19.0,"turns":5.0},{"damage":8.0,"enemies":"Gensokyo:Slime_Group","floor":21.0,"turns":8.0},{"damage":46.0,"enemies":"Gensokyo:3_Gloops","floor":22.0,"turns":6.0},{"damage":6.0,"enemies":"Gensokyo:Tenshi","floor":25.0,"turns":5.0},{"damage":0.0,"enemies":"Gensokyo:Swordslinger","floor":27.0,"turns":6.0},{"damage":21.0,"enemies":"Gensokyo:Koishi","floor":28.0,"turns":6.0},{"damage":4.0,"enemies":"Gensokyo:Monolith_and_Dog","floor":30.0,"turns":6.0},{"damage":22.0,"enemies":"Gensokyo:Eternal_Rivals","floor":33.0,"turns":9.0},{"damage":2.0,"enemies":"3 Darklings","floor":35.0,"turns":5.0},{"damage":0.0,"enemies":"Orb Walker","floor":37.0,"turns":3.0},{"damage":15,"enemies":"Reptomancer","floor":40,"turns":7},{"damage":0,"enemies":"Sphere and 2 Shapes","floor":41,"turns":4},{"damage":11,"enemies":"Nemesis","floor":42,"turns":5},{"damage":27,"enemies":"Reptomancer","floor":44,"turns":5},{"damage":0,"enemies":"Jaw Worm Horde","floor":45,"turns":4},{"damage":0,"enemies":"Maw","floor":47,"turns":5},{"damage":0,"enemies":"Awakened One","floor":50,"turns":11},{"damage":14,"enemies":"Shield and Spear","floor":54,"turns":5},{"damage":35,"enemies":"The Heart","floor":55,"turns":7}],"seed_played":"945280671490891861","potions_obtained":[{"floor":6.0,"key":"Block Potion"},{"floor":8.0,"key":"CalmPotion"},{"floor":11.0,"key":"SteroidPotion"},{"floor":16.0,"key":"Swift Potion"},{"floor":30.0,"key":"Fire Potion"},{"floor":35.0,"key":"Dexterity Potion"},{"floor":45,"key":"Strength Potion"},{"floor":47,"key":"Fruit Juice"}],"is_trial":false,"path_per_floor":["M","?","M","M","?","E","R","M","T","?","E","$","M","?","R","B",null,"M","M","?","M","M","R","?","E","T","M","E","$","M","?","R","B",null,"M","?","M","?","$","E","M","E","T","E","M","$","M","T","R","B",null,"R","$","E","B",null],"character_chosen":"RUNESMITH_CLASS","items_purchased":["Membership Card","War Paint","Runesmith:CraftMagma","Runesmith:EmergencyProvisions","Runesmith:Nanobots","Runesmith:DoubleUp","DollysMirror","KyoryuNoHagoromo","Strength Potion"],"campfire_rested":3,"item_purchase_floors":[12,12,12,29,29,29,29,46,53],"current_hp_per_floor":[45,45,45,42,37,29,29,22,22,22,22,22,22,18,42,41,80,60,62,62,56,12,36,36,32,32,34,15,15,13,13,37,17,80,78,78,80,80,80,65,67,58,58,33,35,35,37,37,37,44,85,85,85,71,38],"gold":41,"neow_bonus":"RANDOM_COLORLESS_2","is_daily":false,"chose_seed":false,"campfire_upgraded":2,"win_rate":0.0,"timestamp":1608499340,"path_taken":["M","?","M","M","?","E","R","M","T","?","E","$","M","?","R","BOSS","M","M","?","M","M","R","?","E","T","?","E","$","?","?","R","BOSS","M","?","M","?","?","E","M","E","T","E","M","$","M","?","R","BOSS","R","$","E","BOSS"],"items_purchased_type":["Relic","Relic","Card","Relic","Relic","Card","Relic","Relic","Potion"],"build_version":"2020-12-13","purchased_purges":2,"victory":true,"max_hp_per_floor":[70,70,70,70,80,80,80,80,80,80,80,80,80,80,80,80,80,80,80,80,80,80,80,80,80,80,80,80,80,80,80,80,80,80,80,80,80,80,80,80,80,80,80,80,80,80,80,80,80,85,85,85,85,85,85],"card_choices":[{"not_picked":["Chrysalis","Panache"],"picked":"theDuelist:OrbMetronome","floor":0.0},{"not_picked":["Runesmith:Firestorm","Runesmith:CraftSpiculum"],"picked":"Runesmith:Overpower","floor":1.0},{"not_picked":["Runesmith:UnstableHammer","Runesmith:CraftIncendium"],"picked":"Runesmith:HammerThrow","floor":3.0},{"not_picked":["Runesmith:CraftMagma","Runesmith:UnstableHammer"],"picked":"Runesmith:Grindstone","floor":4.0},{"not_picked":["Runesmith:CraftReservo","Runesmith:OneForEveryone","Runesmith:Accelerate"],"picked":"SKIP","floor":6.0},{"not_picked":["Runesmith:EarthShield","Runesmith:CraftProtectio"],"picked":"Runesmith:Retool","floor":8.0},{"not_picked":["Runesmith:PerfectChisel","Runesmith:CraftProtectio"],"picked":"Runesmith:CraftMagma","floor":11.0},{"not_picked":["Runesmith:ShiftingStrike","Runesmith:HammerThrow"],"picked":"Runesmith:CreatorForm","floor":13.0},{"not_picked":["Runesmith:Empowerment","Runesmith:HeatExchange"],"picked":"Runesmith:NanitesCloud","floor":14.0},{"not_picked":["Runesmith:CraftMedicinae","Runesmith:CraftPrismatica"],"picked":"Runesmith:CraftIndustria","floor":16.0},{"not_picked":["Runesmith:MakeshiftArmor","Runesmith:HammerThrow","Runesmith:EarthShield"],"picked":"SKIP","floor":18.0},{"not_picked":["Runesmith:HammerThrow","Runesmith:CraftVitae+1"],"picked":"Runesmith:Grindstone","floor":19.0},{"not_picked":["Runesmith:CraftSpiculum+1","Runesmith:Overpower"],"picked":"Runesmith:PoweredAnvil+1","floor":21.0},{"not_picked":["Runesmith:UnstableHammer","Runesmith:HammerThrow"],"picked":"Runesmith:GrandSlam","floor":22.0},{"not_picked":["Runesmith:LithiumIon","Runesmith:RuneHurl"],"picked":"Runesmith:CraftIndustria","floor":25.0},{"not_picked":["Runesmith:UnstableHammer","Runesmith:Retool"],"picked":"Runesmith:Permafrost","floor":27.0},{"not_picked":["Runesmith:OneForEveryone+1","Runesmith:BackupBattery","Runesmith:CraftVitae"],"picked":"SKIP","floor":28.0},{"not_picked":["Runesmith:HeatExchange","Runesmith:Overpower"],"picked":"Runesmith:ChargedHammer","floor":30.0},{"not_picked":["Runesmith:CraftProtectio+1","Runesmith:CraftMagma+1","Runesmith:ShiftingStrike+1"],"picked":"SKIP","floor":35.0},{"not_picked":["Runesmith:OneForEveryone","Runesmith:CraftMagma+1","Runesmith:CraftVitae+1"],"picked":"SKIP","floor":37.0},{"not_picked":["Runesmith:Accelerate+1","Runesmith:HammerThrow"],"picked":"Runesmith:PoweredAnvil","floor":40},{"not_picked":["Runesmith:Grindstone+1","Runesmith:CraftObretio+1","Runesmith:Refine"],"picked":"SKIP","floor":41},{"not_picked":["Runesmith:FieryHammer","Runesmith:BackupBattery+1"],"picked":"Runesmith:Superposition+1","floor":42},{"not_picked":["Runesmith:EnergizedChisel+1","Runesmith:HeatExchange+1"],"picked":"Runesmith:Reinforce+1","floor":44},{"not_picked":["Runesmith:Overpower","Runesmith:FieryHammer"],"picked":"Runesmith:LightningRod","floor":45},{"not_picked":["Runesmith:FieryHammer","Runesmith:RuneHurl","Runesmith:BackupBattery"],"picked":"SKIP","floor":47},{"not_picked":["Runesmith:ElementalConversion","Runesmith:LithiumIon","Runesmith:UnstableHammer+1"],"picked":"SKIP","floor":54}],"player_experience":955527,"relics_obtained":[{"floor":6.0,"key":"Runesmith:MiniCore"},{"floor":9.0,"key":"Ornamental Fan"},{"floor":11.0,"key":"Blood Vial"},{"floor":14.0,"key":"HornCleat"},{"floor":21.0,"key":"Gensokyo:ConquerorOfFear"},{"floor":25.0,"key":"Bronze Scales"},{"floor":28.0,"key":"PreservedInsect"},{"floor":36.0,"key":"MiracleMallet"},{"floor":37.0,"key":"Gensokyo:MosesMiracle"},{"floor":40,"key":"Dream Catcher"},{"floor":42,"key":"Nunchaku"},{"floor":43,"key":"Sundial"},{"floor":44,"key":"Kunai"},{"floor":48,"key":"Vajra"},{"floor":54,"key":"Turnip"}],"event_choices":[{"damage_healed":0.0,"max_hp_gain":0.0,"max_hp_loss":0.0,"gold_gain":0.0,"event_name":"Tomb of Lord Red Mask","player_choice":"Paid","floor":38.0,"gold_loss":162.0,"damage_taken":0.0,"relics_obtained":["Red Mask"]}],"is_beta":false,"boss_relics":[{"not_picked":["SlaversCollar","Cursed Key"],"picked":"Snecko Eye"},{"not_picked":["SacredBark","Runic Dome"],"picked":"Runesmith:UraniumAnvil"}],"items_purged_floors":[12,53],"is_endless":false,"potions_floor_spawned":[6,8,11,16,22,30,35,45,47],"ascension_level":0}}