{"host":"njruw0b0uprlitpx","time":1608500372,"event":{"mods":["2.2 Compatiblity","Astrologer","BaseMod","Better Altar","Better Match","Better Note","Better Sensory Stone","Better Skull","Better Third Choice","BetterRewards","Block Reminder","ChefMod","Colored Map","Colored Powertips","Jedi Mod","Keyboard Shortcuts","Minty Spire (QoL Compilation)","Quick Restart","Relic Stats","Replay The Spire","SacredBarkPlus","Shade Mod","Spicy Shops","StSLib","SuperFastMode","The Bug Knight","The Forsaken","The Mystic","The Necromancer"],"gold_per_floor":[111,111,126,137,237,272,272,299,345,380,390,390,405,419,419,515,515,533,533,545,564,564,599,599,633,710,710,710,737,390,390,390,390,390,390,390,38,38,2,2,2,2,2,2,2,2,2,2,2,2],"floor_reached":51,"playtime":10240,"items_purged":["Parasite","Shade:Defend_Shade","Amnesia","Shade:Defend_Shade","Shade:Defend_Shade"],"score":1412,"play_id":"93cfd322-929b-495d-9966-c034ab4b6140","local_time":"20201220153932","is_ascension_mode":true,"campfire_choices":[{"data":"Shade:Putrefaction","floor":7,"key":"SMITH"},{"data":"Shade:SpectralStrikes","floor":12,"key":"SMITH"},{"floor":15,"key":"REST"},{"floor":24,"key":"REST"},{"data":"Shade:OminousRitual","floor":32,"key":"SMITH"},{"data":"Shade:LastGasp","floor":40,"key":"SMITH"},{"data":"Shade:Putrefaction","floor":44,"key":"SMITH"},{"floor":49,"key":"REST"}],"circlet_count":0,"master_deck":["Shade:Strike_Shade","Shade:Strike_Shade","Shade:Strike_Shade","Shade:Strike_Shade","Shade:Defend_Shade","Shade:AnimateDead","Shade:CarefulCut","Shade:Putrefaction+1","Shade:FleshLikeOak","Shade:WallOfFlesh","Shade:StitchTogether","Shade:RavenousHorde+1","Shade:Brains","Shade:SpectralStrikes+1","Shade:ExtraLimbs","Shade:Premonition+1","Shade:CoffinDance","Shade:Doomsay","Shade:FuneraryJewels","Shade:FingerOfDeath","Shade:OminousRitual+1","Shade:Trample","Shade:AncientSpear","Shade:OneIsEnough","Shade:OpenGraves+1","Shade:Awaken","Finesse","Shade:FeralStrike","Shade:LastGasp+1","Shade:Haruspicy","Shade:FleshOffering+1","Shade:FleshLikeOak","ReplayTheSpireMod:Splinters","Shade:Putrefaction+1","Shade:RitualOffering","AscendersBane","Shade:Asphyxiate"],"relics":["Shade:YorickSkull","Ice Cream","Orrery","Gremlin Food","Vajra","BargainBundle","Membership Card","Iron Hammer","theForsaken:Kindling","Sundial","theForsaken:ScaryMask","Simple Rune","HollowMod:PaleOreRelic","MealTicket","ChewingGum","Replay:Rubber Ducky","Oddly Smooth Stone","jedi:angrymask","Ring of Searing","Ring of Panic","Regal Pillow","jedi:ominousloannote","Replay:Bottled Flurry","Shuriken","Ornamental Fan","ClockworkSouvenir","Philosopher\u0027s Stone","jedi:shrinkray","ReplayTheSpireMod:CursedCoin","Lantern","MawBank"],"acts_visited":["Exordium","TheCity","TheBeyond"],"potions_floor_usage":[6,6,8,8,11,16,13023,23,31,33,50,50,50],"damage_taken":[{"damage":0,"enemies":"2 Louse","floor":1,"turns":3},{"damage":0,"enemies":"Cultist","floor":3,"turns":4},{"damage":2,"enemies":"Small Slimes","floor":4,"turns":4},{"damage":0,"enemies":"3 Sentries","floor":6,"turns":5},{"damage":0,"enemies":"Lagavulin","floor":8,"turns":5},{"damage":7,"enemies":"HollowMod:MossKnight","floor":10,"turns":6},{"damage":0,"enemies":"Red Slaver","floor":11,"turns":4},{"damage":2,"enemies":"Exordium Wildlife","floor":13,"turns":5},{"damage":5,"enemies":"Lots of Slimes","floor":14,"turns":3},{"damage":33,"enemies":"Hexaghost","floor":16,"turns":9},{"damage":2,"enemies":"3 Byrds","floor":18,"turns":5},{"damage":0,"enemies":"Chosen","floor":20,"turns":3},{"damage":34,"enemies":"3 Cultists","floor":21,"turns":7},{"damage":24,"enemies":"Gremlin Leader","floor":23,"turns":8},{"damage":6,"enemies":"Replay:Snechameleon","floor":25,"turns":6},{"damage":10,"enemies":"Sentry and Sphere","floor":31,"turns":3},{"damage":17,"enemies":"Champ","floor":33,"turns":7},{"damage":7,"enemies":"Orb Walker","floor":35,"turns":2},{"damage":8,"enemies":"3 Shapes","floor":36,"turns":3},{"damage":7,"enemies":"R_Hoarder","floor":41,"turns":2},{"damage":17,"enemies":"Sphere and 2 Shapes","floor":42,"turns":5},{"damage":0,"enemies":"Maw","floor":47,"turns":4},{"damage":7,"enemies":"Writhing Mass","floor":48,"turns":4},{"damage":23,"enemies":"Time Eater","floor":50,"turns":5}],"seed_played":"3444920655039753547","potions_obtained":[{"floor":3,"key":"ColorlessPotion"},{"floor":6,"key":"ColorlessPotion"},{"floor":11,"key":"Fruit Juice"},{"floor":13,"key":"BlessingOfTheForge"},{"floor":21,"key":"SpeedPotion"},{"floor":23,"key":"Elixir"},{"floor":33,"key":"PowerPotion"}],"is_trial":false,"path_per_floor":["M","?","M","M","?","E","R","E","T","E","M","R","M","M","R","B",null,"M","?","M","M","?","E","R","E","T","?","?","T","$","M","R","B",null,"M","M","$","?","$","R","E","M","T","R","?","?","M","M","R","B",null],"character_chosen":"SHADE","items_purchased":["Shade:Putrefaction","Orrery","Gremlin Food","Vajra","BargainBundle","Membership Card","Iron Hammer","Shade:SpectralStrikes","Shade:ExtraLimbs","Fire Potion","Dexterity Potion","Toxic Potion","Sundial","Shade:Premonition+1","Shade:CoffinDance","jedi:ominousloannote","Shade:OpenGraves+1","Shade:Awaken","Replay:Bottled Flurry","Shuriken","Death Potion","AttackPotion","Ornamental Fan","ClockworkSouvenir","Finesse","Cursed Concoction","jedi:shrinkray","Shade:FleshLikeOak","ReplayTheSpireMod:CursedCoin","DuplicationPotion"],"campfire_rested":3,"item_purchase_floors":[0,0,0,0,0,0,0,0,0,0,0,0,0,0,0,30,30,30,30,30,30,30,30,30,30,37,37,37,39,39],"current_hp_per_floor":[59,59,59,57,57,57,57,57,57,50,55,55,53,48,72,46,66,64,64,64,30,13,43,69,70,70,70,70,70,77,67,67,50,70,63,55,70,70,77,77,70,53,53,53,53,53,53,53,82,59],"gold":2,"neow_bonus":"","is_daily":false,"chose_seed":false,"campfire_upgraded":5,"win_rate":0.0,"timestamp":1608500372,"path_taken":["M","?","?","M","?","E","R","E","T","E","?","R","M","M","R","BOSS","M","?","?","?","?","E","R","E","T","?","?","?","?","?","R","BOSS","M","M","$","?","$","R","E","M","T","R","?","?","M","M","R","BOSS"],"items_purchased_type":["Card","Relic","Relic","Relic","Relic","Relic","Relic","Card","Card","Potion","Potion","Potion","Relic","Card","Card","Relic","Card","Card","Relic","Relic","Potion","Potion","Relic","Relic","Card","Potion","Relic","Card","Relic","Potion"],"build_version":"2020-12-13","purchased_purges":5,"victory":true,"max_hp_per_floor":[62,62,62,62,62,62,62,62,62,62,67,67,67,67,72,72,72,72,72,72,72,72,72,77,77,77,77,77,77,77,77,77,77,77,77,77,77,77,77,77,77,77,77,77,77,77,77,77,82,82],"relic_stats":{"Regal Pillow":5,"counters":[50,157],"Sundial":[10],"Shuriken":[17],"Ornamental Fan":[52],"MealTicket":29,"MawBank":0,"obtain_stats":[{"Golden Egg":9,"Regal Pillow":12,"Enchiridion":30,"Vajra":43,"HollowMod:VesselMask":0,"Mango":20,"Bag of Preparation":0,"jedi:Pinwheel":8,"Bottled Tornado":40,"Ancient Tea Set":10,"Cursed Key":34,"SsserpentHead":19,"Nunchaku":47,"Lizard Tail":49,"jedi:firstaidkit":0,"DollysMirror":37,"jedi:matchstick":43,"Red Mask":22,"Replay:Wax Seal":0,"HollowMod:QueensCombRelic":0,"BargainBundle":0,"ReplayTheSpireMod:CursedCoin":20,"Guide Book":0,"Dead Branch":6,"Astrolabe":17,"HollowMod:JonisBlessing":0,"Pen Nib":24,"HollowMod:IsmasTear":29,"Replay:Kaleidoscope":0,"Replay:Arrowhead":0,"Runic Dome":17,"Replay:Baseball":23,"Brimstone":28,"Bird Faced Urn":11,"Orrery":36,"Onion Ring":9,"Snack Pack":25,"Membership Card":12,"jedi:command_shop":28,"theForsaken:JudgementScales":0,"StrikeDummy":0,"Toy Ornithopter":26,"Abe\u0027s Treasure":34,"TungstenRod":26,"ReplayTheSpireMod:ShopPack":0},{"Golden Egg":5,"Regal Pillow":29,"Enchiridion":14,"Vajra":43,"HollowMod:VesselMask":0,"Mango":10,"Bag of Preparation":24,"jedi:Pinwheel":5,"Bottled Tornado":19,"Ancient Tea Set":28,"Cursed Key":40,"SsserpentHead":10,"Nunchaku":21,"Lizard Tail":22,"jedi:firstaidkit":0,"DollysMirror":17,"jedi:matchstick":20,"Red Mask":35,"Replay:Wax Seal":0,"HollowMod:QueensCombRelic":0,"BargainBundle":24,"ReplayTheSpireMod:CursedCoin":10,"Guide Book":0,"Dead Branch":4,"Astrolabe":31,"HollowMod:JonisBlessing":24,"Pen Nib":36,"HollowMod:IsmasTear":39,"Replay:Kaleidoscope":24,"Replay:Arrowhead":24,"Runic Dome":9,"Replay:Baseball":12,"Brimstone":14,"Bird Faced Urn":7,"Orrery":41,"Onion Ring":28,"Snack Pack":13,"Membership Card":7,"jedi:command_shop":14,"theForsaken:JudgementScales":0,"StrikeDummy":24,"Toy Ornithopter":13,"Abe\u0027s Treasure":16,"TungstenRod":37,"ReplayTheSpireMod:ShopPack":0},{"Golden Egg":12,"Regal Pillow":84,"Enchiridion":39,"Vajra":129,"HollowMod:VesselMask":0,"Mango":26,"Bag of Preparation":73,"jedi:Pinwheel":12,"Bottled Tornado":54,"Ancient Tea Set":81,"Cursed Key":122,"SsserpentHead":26,"Nunchaku":63,"Lizard Tail":65,"jedi:firstaidkit":0,"DollysMirror":49,"jedi:matchstick":59,"Red Mask":104,"Replay:Wax Seal":0,"HollowMod:QueensCombRelic":0,"BargainBundle":73,"ReplayTheSpireMod:CursedCoin":26,"Guide Book":0,"Dead Branch":9,"Astrolabe":91,"HollowMod:JonisBlessing":73,"Pen Nib":107,"HollowMod:IsmasTear":116,"Replay:Kaleidoscope":73,"Replay:Arrowhead":73,"Runic Dome":23,"Replay:Baseball":33,"Brimstone":39,"Bird Faced Urn":16,"Orrery":124,"Onion Ring":81,"Snack Pack":36,"Membership Card":16,"jedi:command_shop":39,"theForsaken:JudgementScales":0,"StrikeDummy":73,"Toy Ornithopter":36,"Abe\u0027s Treasure":47,"TungstenRod":110,"ReplayTheSpireMod:ShopPack":0}]},"card_choices":[{"not_picked":["Shade:WallOfFlesh","Shade:Bite_Shade"],"picked":"Shade:FleshLikeOak","floor":0},{"not_picked":["Shade:SanguineRitual","Shade:FuneraryJewels"],"picked":"Shade:WallOfFlesh","floor":0},{"not_picked":["Shade:CallOfTheGrave","Shade:WallOfFlesh"],"picked":"Shade:StitchTogether","floor":0},{"not_picked":["Shade:FuneraryArmor","Shade:Frenzy"],"picked":"Shade:RavenousHorde","floor":0},{"not_picked":["Shade:Trample","Shade:FeralStrike"],"picked":"Shade:Brains","floor":0},{"not_picked":["Shade:CoffinDance","Shade:Bonestorm"],"picked":"Shade:Doomsay","floor":1},{"not_picked":["Shade:ScuttlingHand","Shade:ClawBack","Shade:BoneShards"],"picked":"SKIP","floor":3},{"not_picked":["Shade:ExtraLimbs","Shade:BoneShards"],"picked":"Shade:FuneraryJewels","floor":4},{"not_picked":["Shade:StitchTogether","Shade:OminousRitual","Shade:CoffinDance"],"picked":"SKIP","floor":6},{"not_picked":["Shade:WallOfFlesh","Shade:FuneraryArmor"],"picked":"Shade:FingerOfDeath","floor":8},{"not_picked":["Shade:Premonition","Shade:Bonestorm"],"picked":"Shade:OminousRitual","floor":10},{"not_picked":["Shade:SpontaneousRitual","Shade:PotionOfRestlessness","Shade:CoffinDance"],"picked":"SKIP","floor":11},{"not_picked":["Shade:Brains","Shade:CommandSoldier"],"picked":"Shade:Trample","floor":13},{"not_picked":["Shade:Bite_Shade","Shade:FleshOffering"],"picked":"Shade:AncientSpear","floor":14},{"not_picked":["Shade:LastGasp","Shade:OfferingToTheBeyond"],"picked":"Shade:OneIsEnough","floor":16},{"not_picked":["Shade:ClawBack","Shade:Premonition","Shade:Trample"],"picked":"SKIP","floor":18},{"not_picked":["Shade:SoulToxin","Shade:WallOfFlesh","Shade:FreshBones+1"],"picked":"SKIP","floor":20},{"not_picked":["Shade:Frenzy","Shade:SelfBurial","Shade:SpontaneousRitual"],"picked":"SKIP","floor":21},{"not_picked":["Shade:Frenzy","Shade:SelfBurial","Shade:SpontaneousRitual"],"picked":"SKIP","floor":21},{"not_picked":["Shade:Frenzy","Shade:SelfBurial","Shade:SpontaneousRitual"],"picked":"SKIP","floor":21},{"not_picked":["Shade:FingerOfDeath","Shade:Haruspicy"],"picked":"Shade:FuneraryArmor","floor":23},{"not_picked":["Shade:SkeletonArmy+1","Shade:FingerOfDeath","Shade:CloudOfShrapnel"],"picked":"SKIP","floor":25},{"not_picked":["Shade:FreshBones","Shade:ClawBack"],"picked":"Shade:FeralStrike","floor":31},{"not_picked":["Shade:MadHubris","Shade:GreaterAnimation"],"picked":"Shade:LastGasp","floor":33},{"not_picked":["Shade:Brains+1","Shade:ClawBack"],"picked":"Shade:Haruspicy","floor":35},{"not_picked":["Shade:CloudOfShrapnel","Shade:AncientSpear"],"picked":"Shade:FleshOffering+1","floor":36},{"not_picked":["Shade:FuneraryArmor","Shade:AuraOfUnlife"],"picked":"Shade:Putrefaction","floor":41},{"not_picked":["Shade:SanguineRitual+1","Shade:ExtraLimbs"],"picked":"Shade:RitualOffering","floor":42},{"not_picked":["Shade:GreyBargain","Shade:GraveStillness","Shade:SpectralStrikes+1"],"picked":"SKIP","floor":47},{"not_picked":["Shade:GreyBargain","Shade:Trample+1","Shade:GraveStillness"],"picked":"SKIP","floor":48}],"player_experience":1576889,"relics_obtained":[{"floor":6,"key":"theForsaken:ScaryMask"},{"floor":8,"key":"Simple Rune"},{"floor":9,"key":"HollowMod:PaleOreRelic"},{"floor":10,"key":"MealTicket"},{"floor":23,"key":"Replay:Rubber Ducky"},{"floor":25,"key":"Oddly Smooth Stone"},{"floor":26,"key":"jedi:angrymask"},{"floor":27,"key":"Ring of Searing"},{"floor":27,"key":"Ring of Panic"},{"floor":29,"key":"Regal Pillow"},{"floor":41,"key":"Lantern"},{"floor":43,"key":"MawBank"}],"event_choices":[{"damage_healed":0,"gold_gain":0,"player_choice":"Bought 0 Potions","damage_taken":0,"max_hp_gain":0,"max_hp_loss":0,"event_name":"The Woman in Blue","floor":2,"gold_loss":0},{"damage_healed":0,"gold_gain":100,"player_choice":"Pray","damage_taken":0,"max_hp_gain":0,"max_hp_loss":0,"event_name":"Golden Shrine","floor":5,"gold_loss":0},{"cards_removed":["Shade:SpectralStrikes"],"damage_healed":0,"gold_gain":0,"player_choice":"Give","damage_taken":0,"max_hp_gain":0,"max_hp_loss":0,"event_name":"betterNote:BetterNote","floor":19,"gold_loss":0,"cards_obtained":["None"]},{"damage_healed":0,"gold_gain":0,"player_choice":" Potion ","damage_taken":17,"relics_obtained":[],"max_hp_gain":30,"max_hp_loss":13,"event_name":"betterAltar:BetterAltar","floor":22,"potions_obtained":["betterAltar:AltarPotion"],"relics_lost":[],"gold_loss":0},{"damage_healed":0,"gold_gain":0,"player_choice":"Ignored","damage_taken":0,"max_hp_gain":0,"max_hp_loss":0,"event_name":"Ghosts","floor":28,"gold_loss":0},{"cards_removed":["Shade:FuneraryArmor"],"damage_healed":0,"gold_gain":0,"player_choice":"Removed Skill","damage_taken":0,"max_hp_gain":0,"max_hp_loss":0,"event_name":"Falling","floor":38,"gold_loss":0},{"damage_healed":0,"gold_gain":3,"player_choice":"3","damage_taken":0,"max_hp_gain":0,"max_hp_loss":0,"event_name":"betterStone:BetterStone","floor":46,"gold_loss":0,"cards_obtained":["Shade:Asphyxiate"]}],"is_beta":false,"boss_relics":[{"not_picked":["jedi:hotpepper","Runic Dome"],"picked":"ChewingGum"},{"not_picked":["Replay:Bronze Core","Pandora\u0027s Box"],"picked":"Philosopher\u0027s Stone"}],"items_purged_floors":[0,30,30,37,37],"is_endless":false,"potions_floor_spawned":[3,6,11,13,21,23,33,41,42],"ascension_level":7}}