{"host":"x6tlfgqpy55vgxdn","time":1608486757,"event":{"mods":["AchievementEnabler","BaseMod","DeckTracker","Minty Spire (QoL Compilation)","Permanent Neow","StSLib","SuperFastMode"],"gold_per_floor":[117,192,192,30,48,80,99,111,137,62,97,116,116,147,147,226,226,241,241,241,241,252,279,279,313,368,403,403,403,418,431,431,502,502,515,515,242,117,137,137,162,173,197,4,29,56,68,80,92,104,116,128,140,9,37,37],"floor_reached":57,"playtime":2961,"items_purged":["Strike_P","Strike_P+1","Defend_P+1","Defend_P+1","Defend_P+1"],"score":2972,"play_id":"3269d76b-79fe-4267-ab93-5ced48171277","local_time":"20201221025237","is_ascension_mode":true,"campfire_choices":[{"data":"ConjureBlade","floor":13.0,"key":"SMITH"},{"data":"MasterReality","floor":15.0,"key":"SMITH"},{"floor":24.0,"key":"REST"},{"floor":29.0,"key":"RECALL"},{"data":"Pray","floor":32.0,"key":"SMITH"},{"floor":40.0,"key":"REST"},{"floor":47.0,"key":"REST"},{"floor":49.0,"key":"REST"},{"floor":53.0,"key":"REST"}],"circlet_count":0,"master_deck":["AscendersBane","Eruption+1","Vigilance+1","ConjureBlade+1","CrushJoints+1","LessonLearned+1","Study+1","Halt+1","MasterReality+1","FlurryOfBlows+1","CarveReality+1","DeusExMachina+1","Tantrum+1","Sanctity+1","Pray+1","Pray+1","FearNoEvil+1","Scrawl+1","Discovery","Evaluate+1"],"relics":["PureWater","OrangePellets","Bag of Marbles","Akabeko","Pen Nib","Juzu Bracelet","VioletLotus","MutagenicStrength","Shuriken","Orichalcum","Blood Vial","White Beast Statue","Philosopher\u0027s Stone","Chemical X","Mummified Hand","Damaru","MawBank","Ornamental Fan","Lantern"],"acts_visited":["Exordium","TheCity","TheBeyond","TheEnding"],"potions_floor_usage":[55,55,56,56,56,56,56,56,56,56,56],"damage_taken":[{"damage":0.0,"enemies":"2 Louse","floor":1.0,"turns":3.0},{"damage":1.0,"enemies":"Small Slimes","floor":5.0,"turns":4.0},{"damage":16.0,"enemies":"Gremlin Nob","floor":6.0,"turns":3.0},{"damage":7.0,"enemies":"Jaw Worm","floor":7.0,"turns":4.0},{"damage":6.0,"enemies":"Exordium Wildlife","floor":8.0,"turns":3.0},{"damage":0.0,"enemies":"Lagavulin","floor":11.0,"turns":4.0},{"damage":0.0,"enemies":"Large Slime","floor":12.0,"turns":4.0},{"damage":2.0,"enemies":"3 Sentries","floor":14.0,"turns":5.0},{"damage":17.0,"enemies":"Hexaghost","floor":16.0,"turns":7.0},{"damage":16.0,"enemies":"Chosen","floor":18.0,"turns":4.0},{"damage":4.0,"enemies":"3 Byrds","floor":22.0,"turns":6.0},{"damage":45.0,"enemies":"Slavers","floor":23.0,"turns":11.0},{"damage":16.0,"enemies":"Gremlin Leader","floor":25.0,"turns":7.0},{"damage":36.0,"enemies":"Slavers","floor":27.0,"turns":4.0},{"damage":4.0,"enemies":"Snecko","floor":30.0,"turns":3.0},{"damage":5.0,"enemies":"Shelled Parasite and Fungi","floor":31.0,"turns":3.0},{"damage":18.0,"enemies":"Automaton","floor":33.0,"turns":4.0},{"damage":6.0,"enemies":"Orb Walker","floor":35.0,"turns":3.0},{"damage":8.0,"enemies":"3 Darklings","floor":39.0,"turns":4.0},{"damage":0.0,"enemies":"Reptomancer","floor":41.0,"turns":3.0},{"damage":37.0,"enemies":"4 Shapes","floor":42.0,"turns":5.0},{"damage":0.0,"enemies":"Nemesis","floor":45.0,"turns":1.0},{"damage":6.0,"enemies":"Sphere and 2 Shapes","floor":46.0,"turns":3.0},{"damage":20.0,"enemies":"Awakened One","floor":50.0,"turns":6.0},{"damage":43.0,"enemies":"Time Eater","floor":51.0,"turns":4.0},{"damage":0,"enemies":"Shield and Spear","floor":55,"turns":1},{"damage":20,"enemies":"The Heart","floor":56,"turns":5}],"seed_played":"-3184184737905414381","potions_obtained":[{"floor":1.0,"key":"Ancient Potion"},{"floor":7.0,"key":"FearPotion"},{"floor":11.0,"key":"Regen Potion"},{"floor":14.0,"key":"EssenceOfSteel"},{"floor":18.0,"key":"Regen Potion"},{"floor":23.0,"key":"Swift Potion"},{"floor":25.0,"key":"Regen Potion"},{"floor":30.0,"key":"Energy Potion"},{"floor":31.0,"key":"Fruit Juice"},{"floor":33.0,"key":"DistilledChaos"},{"floor":35.0,"key":"PowerPotion"},{"floor":39.0,"key":"DuplicationPotion"},{"floor":55,"key":"AttackPotion"}],"is_trial":false,"path_per_floor":["M","?","?","$","M","E","M","M","T","$","E","M","R","E","R","B",null,"M","?","?","?","M","E","R","E","T","E","T","R","M","M","R","B",null,"M","?","$","$","M","R","E","M","T","$","E","M","R","?","R","B","B",null,"R","$","E","B",null],"character_chosen":"WATCHER","items_purchased":["OrangePellets","Chemical X","FearNoEvil","Discovery","PowerPotion","Swift Potion","Evaluate"],"campfire_rested":5,"item_purchase_floors":[4,37,44,54,54,54,54],"current_hp_per_floor":[61,50,50,50,49,33,26,20,20,20,20,20,20,18,18,1,47,31,31,31,31,27,37,55,39,39,17,17,17,15,12,12,1,51,47,47,47,47,41,61,63,28,28,28,30,26,46,46,66,47,6,52,67,67,67,47],"gold":37,"neow_bonus":"TRANSFORM_TWO_CARDS","is_daily":false,"chose_seed":true,"campfire_upgraded":3,"win_rate":0.0,"timestamp":1608486757,"path_taken":["M","?","?","$","M","E","M","M","T","?","E","M","R","E","R","BOSS","M","?","?","?","M","E","R","E","T","E","?","R","M","M","R","BOSS","M","?","?","$","M","R","E","M","T","$","E","M","R","?","R","BOSS","BOSS","R","$","E","BOSS"],"items_purchased_type":["Relic","Relic","Card","Card","Potion","Potion","Card"],"build_version":"2020-12-13","purchased_purges":5,"victory":true,"max_hp_per_floor":[62,62,62,62,62,62,62,62,62,62,62,62,62,62,62,62,62,62,62,62,62,62,62,62,62,62,62,62,62,62,62,62,67,67,67,67,67,67,67,67,67,67,67,67,67,67,67,67,67,67,67,67,67,67,67,67],"card_choices":[{"not_picked":["WaveOfTheHand","Evaluate","PathToVictory"],"picked":"SKIP","floor":1.0},{"not_picked":["Evaluate","FollowUp"],"picked":"Halt","floor":5.0},{"not_picked":["CrushJoints","ClearTheMind","JustLucky"],"picked":"SKIP","floor":6.0},{"not_picked":["BowlingBash","Prostrate","SashWhip"],"picked":"SKIP","floor":7.0},{"not_picked":["JustLucky","EmptyBody"],"picked":"MasterReality","floor":8.0},{"not_picked":["CutThroughFate","FlyingSleeves","Protect"],"picked":"SKIP","floor":11.0},{"not_picked":["Crescendo","JustLucky"],"picked":"FlurryOfBlows","floor":12.0},{"not_picked":["SpiritShield","ThirdEye"],"picked":"CarveReality","floor":14.0},{"not_picked":["Omniscience","ConjureBlade"],"picked":"DeusExMachina","floor":16.0},{"not_picked":["FlurryOfBlows","SashWhip"],"picked":"Tantrum","floor":18.0},{"not_picked":["Protect","FlurryOfBlows","ReachHeaven+1"],"picked":"SKIP","floor":22.0},{"not_picked":["WheelKick","Prostrate","Swivel"],"picked":"SKIP","floor":23.0},{"not_picked":["Omniscience","Sanctity","Evaluate"],"picked":"SKIP","floor":25.0},{"not_picked":["Omniscience","Evaluate"],"picked":"Sanctity","floor":25.0},{"not_picked":["WheelKick","Protect"],"picked":"Pray+1","floor":27.0},{"not_picked":["FlyingSleeves","Crescendo","CrushJoints+1"],"picked":"SKIP","floor":30.0},{"not_picked":["BowlingBash+1","Vengeance"],"picked":"Pray","floor":31.0},{"not_picked":["Perseverance","SashWhip","Indignation"],"picked":"SKIP","floor":35.0},{"not_picked":["Perseverance","SashWhip","Indignation"],"picked":"SKIP","floor":35.0},{"not_picked":["BowlingBash","EmptyBody+1","ReachHeaven+1"],"picked":"SKIP","floor":39.0},{"not_picked":["FollowUp","EmptyBody","Crescendo"],"picked":"SKIP","floor":41.0},{"not_picked":["BowlingBash","JustLucky","SandsOfTime+1"],"picked":"SKIP","floor":42.0},{"not_picked":["BowlingBash","Nirvana","ClearTheMind+1"],"picked":"SKIP","floor":45.0},{"not_picked":["Crescendo","Halt+1"],"picked":"Scrawl","floor":46.0},{"not_picked":["CutThroughFate","BowlingBash","BattleHymn"],"picked":"SKIP","floor":55}],"player_experience":184355,"relics_obtained":[{"floor":6.0,"key":"Bag of Marbles"},{"floor":9.0,"key":"Akabeko"},{"floor":11.0,"key":"Pen Nib"},{"floor":14.0,"key":"Juzu Bracelet"},{"floor":23.0,"key":"Shuriken"},{"floor":25.0,"key":"Orichalcum"},{"floor":26.0,"key":"Blood Vial"},{"floor":27.0,"key":"White Beast Statue"},{"floor":41.0,"key":"Mummified Hand"},{"floor":43.0,"key":"Damaru"},{"floor":45.0,"key":"MawBank"},{"floor":55,"key":"Lantern"}],"event_choices":[{"damage_healed":0.0,"max_hp_gain":0.0,"max_hp_loss":0.0,"gold_gain":75.0,"event_name":"World of Goop","player_choice":"Gather Gold","floor":2.0,"gold_loss":0.0,"damage_taken":11.0},{"cards_removed":["Strike_P"],"damage_healed":0.0,"max_hp_gain":0.0,"max_hp_loss":0.0,"gold_gain":0.0,"event_name":"Living Wall","player_choice":"Forget","floor":3.0,"gold_loss":0.0,"damage_taken":0.0},{"damage_healed":0.0,"max_hp_gain":0.0,"max_hp_loss":0.0,"gold_gain":0.0,"event_name":"Vampires","player_choice":"Ignored","floor":19.0,"gold_loss":0.0,"damage_taken":0.0},{"damage_healed":0.0,"max_hp_gain":0.0,"max_hp_loss":0.0,"gold_gain":0.0,"event_name":"The Mausoleum","player_choice":"Ignored","floor":20.0,"gold_loss":0.0,"damage_taken":0.0},{"damage_healed":0.0,"max_hp_gain":0.0,"max_hp_loss":0.0,"gold_gain":0.0,"event_name":"Drug Dealer","player_choice":"Inject Mutagens","floor":21.0,"gold_loss":0.0,"damage_taken":0.0,"relics_obtained":["MutagenicStrength"]},{"damage_healed":0.0,"max_hp_gain":0.0,"max_hp_loss":0.0,"gold_gain":0.0,"event_name":"Upgrade Shrine","player_choice":"Ignored","floor":36.0,"gold_loss":0.0,"damage_taken":0.0},{"damage_healed":0.0,"max_hp_gain":0.0,"max_hp_loss":0.0,"gold_gain":0.0,"event_name":"WeMeetAgain","player_choice":"Gave Potion","floor":48.0,"gold_loss":0.0,"damage_taken":0.0,"relics_obtained":["Ornamental Fan"]}],"is_beta":false,"boss_relics":[{"not_picked":["HolyWater","Tiny House"],"picked":"VioletLotus"},{"not_picked":["Sozu","Pandora\u0027s Box"],"picked":"Philosopher\u0027s Stone"}],"items_purged_floors":[10,37,38,44,54],"is_endless":false,"potions_floor_spawned":[1,7,11,12,14,18,23,25,30,31,33,35,39,41,42,45,46,55],"ascension_level":20}}