{"host":"18wi9kpcl4eah7pe","time":1608497707,"event":{"mods":["BaseMod","Colored Powertips","Downfall","Minty Spire (QoL Compilation)","StSLib"],"gold_per_floor":[99,99,99,124,124,153,228,228,32,32,47,73,85,113,136,244,256,193,305,3,3,16,16,16,42,42,72,172,189,206,216,233,329,329,329,379,304,318,41,92,172,227,152,152,152,170,170,0,20,20,20,52,12,12,12,12],"floor_reached":55,"playtime":3558,"items_purged":[],"score":807,"play_id":"f257dbdc-c4ef-4660-9b2a-cc0a17f8b317","local_time":"20201220145507","is_ascension_mode":false,"campfire_choices":[{"floor":1.0,"key":"RECALL"},{"floor":10.0,"key":"REST"},{"data":"Slimebound:Split","floor":18.0,"key":"SMITH"},{"floor":26.0,"key":"REST"},{"data":"1","floor":35.0,"key":"LIFT"},{"data":"2","floor":37.0,"key":"LIFT"},{"floor":43,"key":"REST"},{"data":"3","floor":44,"key":"LIFT"},{"floor":54,"key":"REST"}],"circlet_count":0,"master_deck":["Slimebound:Tackle","Slimebound:Split+1","Slimebound:CorrosiveSpit","Slimebound:SplitMire","Slimebound:LeechEnergy+1","Slimebound:Repurpose","Slimebound:PressTheAttack","Slimebound:AcidTongue","Slimebound:ViciousTackle","Slimebound:RollThrough","Slimebound:SlimeSpikes","Slimebound:DisruptingSlam","Slimebound:OneTwoCombo","CurseOfTheBell","Slimebound:MassRepurpose","Slimebound:GoopTackle+1","J.A.X.","Slimebound:RollThrough","Slimebound:LivingWall+1","RitualDagger+1","Slimebound:PressTheAttack+1","Slimebound:DuplicatedForm","Slimebound:GoopSpray+1","Slimebound:DivideAndConquer+1","Slimebound:Repurpose","Slimebound:SlimeTap","Slimebound:SelfFormingGoo","Slimebound:DivideAndConquer","Slimebound:RejuvenatingLick+1","Slimebound:LeechingTouch+1","Slimebound:FinishingTackle","Slimebound:HauntingLick","Slimebound:PrepareCrush","Slimebound:GoopTackle","Slimebound:Overexert","Slimebound:FirmFortitude","Slimebound:ServeAndProtect","Slimebound:OneTwoCombo","Slimebound:SlimeTap+1","Slimebound:SamplingLick+1","Slimebound:SlimeSpikes","Slimebound:GrowthPunch+1","Slimebound:LeechEnergy+1","Slimebound:GrowthPunch","Slimebound:SlimeSpikes","Slimebound:LeadByExample+1","Slimebound:RollThrough+1","Slimebound:MegaLick+1","Slimebound:Prepare"],"relics":["Slimebound:AbsorbEndCombat","downfall:HeartsMalice","Matryoshka","Bag of Marbles","Art of War","Pantograph","Sling","MawBank","Calling Bell","Oddly Smooth Stone","Mummified Hand","WingedGreaves","downfall:HeartBlessingRed","MutagenicStrength","Vajra","Frozen Eye","downfall:RedIOU","Kunai","Girya","PreservedInsect","Prayer Wheel","HornCleat","Pandora\u0027s Box","Unceasing Top","downfall:HeartBlessingGreen","Strange Spoon","Gambling Chip","Whetstone","Thread and Needle","MealTicket","downfall:HeartBlessingBlue","Strawberry","Lantern","Sundial"],"acts_visited":["Exordium","TheCity","TheBeyond","TheEnding"],"potions_floor_usage":[40,40,52],"damage_taken":[{"damage":0.0,"enemies":"Cultist","floor":2.0,"turns":1.0},{"damage":0.0,"enemies":"Lagavulin","floor":4.0,"turns":1.0},{"damage":0.0,"enemies":"Jaw Worm","floor":5.0,"turns":1.0},{"damage":59.0,"enemies":"Gremlin Nob","floor":6.0,"turns":5.0},{"damage":7.0,"enemies":"downfall:FleeingMerchant","floor":9.0,"turns":4.0},{"damage":8.0,"enemies":"2 Louse","floor":11.0,"turns":2.0},{"damage":11.0,"enemies":"Exordium Wildlife","floor":14.0,"turns":3.0},{"damage":14.0,"enemies":"Large Slime","floor":15.0,"turns":6.0},{"damage":52.0,"enemies":"downfall:Ironclad","floor":16.0,"turns":7.0},{"damage":48.0,"enemies":"downfall:Augmenter","floor":19.0,"turns":4.0},{"damage":16.0,"enemies":"downfall:FleeingMerchant","floor":20.0,"turns":4.0},{"damage":14.0,"enemies":"Spheric Guardian","floor":22.0,"turns":3.0},{"damage":43.0,"enemies":"Slavers","floor":25.0,"turns":4.0},{"damage":42.0,"enemies":"Gremlin Leader","floor":27.0,"turns":5.0},{"damage":12.0,"enemies":"Colosseum Nobs","floor":28.0,"turns":2.0},{"damage":23.0,"enemies":"Chosen","floor":29.0,"turns":5.0},{"damage":19.0,"enemies":"Sentry and Sphere","floor":30.0,"turns":4.0},{"damage":4.0,"enemies":"3 Cultists","floor":31.0,"turns":3.0},{"damage":12.0,"enemies":"Snecko","floor":32.0,"turns":5.0},{"damage":53.0,"enemies":"downfall:Defect","floor":33.0,"turns":5.0},{"damage":7.0,"enemies":"Mind Bloom Boss Battle","floor":36.0,"turns":3.0},{"damage":57.0,"enemies":"3 Darklings","floor":38.0,"turns":6.0},{"damage":15.0,"enemies":"downfall:FleeingMerchant","floor":39.0,"turns":4.0},{"damage":23,"enemies":"2 Orb Walkers","floor":40,"turns":4},{"damage":6,"enemies":"Orb Walker","floor":46,"turns":2},{"damage":39,"enemies":"Transient","floor":49,"turns":5},{"damage":6,"enemies":"downfall:Watcher","floor":50,"turns":5},{"damage":81,"enemies":"downfall:CharBossMerchant","floor":52,"turns":5},{"damage":97,"enemies":"downfall:NeowBoss","floor":55,"turns":10}],"seed_played":"5993725910180314931","potions_obtained":[{"floor":6.0,"key":"Explosive Potion"},{"floor":11.0,"key":"DistilledChaos"},{"floor":14.0,"key":"Fire Potion"},{"floor":21.0,"key":"CultistPotion"},{"floor":22.0,"key":"DistilledChaos"},{"floor":29.0,"key":"Weak Potion"},{"floor":30.0,"key":"hexamod:EctoCoolerPotion"},{"floor":31.0,"key":"Explosive Potion"},{"floor":32.0,"key":"DistilledChaos"},{"floor":36.0,"key":"Dexterity Potion"},{"floor":46,"key":"Swift Potion"}],"is_trial":false,"path_per_floor":["R","M","?","E","M","E","T","?","$","R","M","T","?","M","M","B",null,"R","?","$","?","M","?","T","E","R","E","?","M","M","M","M","B",null,"R","?","R","M","$","?","T","?","R","R","?","M","T","$","M","B",null,"E","$","R","B"],"character_chosen":"SLIMEBOUND","items_purchased":["Sling","Slimebound:ViciousTackle","Vajra","Frozen Eye","Strange Spoon","Gambling Chip","Whetstone","Lantern","Slimebound:SlimeSpikes","Slimebound:Prepare"],"campfire_rested":4,"item_purchase_floors":[9,9,20,20,39,39,39,48,48,53],"current_hp_per_floor":[60,60,60,60,60,13,13,28,33,51,51,51,51,56,55,27,57,57,34,44,44,50,50,50,25,42,32,38,29,20,28,38,37,57,57,57,57,22,35,20,20,20,50,50,50,50,57,72,49,74,74,31,46,68,0,0],"gold":12,"neow_bonus":"THREE_ENEMY_KILL","is_daily":false,"chose_seed":false,"campfire_upgraded":1,"win_rate":0.0,"timestamp":1608497707,"path_taken":["R","?","?","E","M","E","T","?","?","R","M","?","?","M","M","BOSS","R","?","$","?","M","?","T","E","R","E","?","M","?","M","M","BOSS","R","?","R","M","$","?","T","?","R","R","?","M","?","$","M","BOSS","E","$","R","BOSS"],"items_purchased_type":["Relic","Card","Relic","Relic","Relic","Relic","Relic","Relic","Card","Card"],"build_version":"2020-12-13","purchased_purges":0,"victory":false,"max_hp_per_floor":[60,60,60,60,60,60,60,60,60,60,60,60,57,57,57,57,57,57,57,57,57,57,57,57,57,57,57,57,57,57,57,57,57,57,57,57,57,57,57,57,57,57,67,67,67,67,74,74,74,74,74,74,74,74,74,74],"card_choices":[{"not_picked":["Slimebound:SplitBruiser","Slimebound:Schlurp"],"picked":"Slimebound:SplitMire","floor":2.0},{"not_picked":["Slimebound:FinishingTackle","Slimebound:ServeAndProtect"],"picked":"Slimebound:LeechEnergy","floor":4.0},{"not_picked":["Slimebound:SplitLeeching","Slimebound:SplitAcid"],"picked":"Slimebound:Repurpose","floor":5.0},{"not_picked":["Slimebound:ComboTackle","Slimebound:SplitBruiser"],"picked":"Slimebound:PressTheAttack","floor":6.0},{"not_picked":["Slimebound:Schlurp","Slimebound:Overexert"],"picked":"Slimebound:AcidTongue","floor":9.0},{"not_picked":["Slimebound:ComboTackle","Slimebound:ServeAndProtect"],"picked":"Slimebound:RollThrough","floor":11.0},{"not_picked":["Slimebound:Dissolve","Slimebound:SplitAcid"],"picked":"Slimebound:SlimeSpikes","floor":14.0},{"not_picked":["Slimebound:SlimeSlap","Slimebound:LeechingTouch"],"picked":"Slimebound:DisruptingSlam","floor":15.0},{"not_picked":["Slimebound:DouseInSlime","Slimebound:MassRepurpose"],"picked":"Slimebound:OneTwoCombo","floor":16.0},{"not_picked":[],"picked":"J.A.X.","floor":19.0},{"not_picked":["Slimebound:FinishingTackle","Slimebound:LeechingTouch"],"picked":"Slimebound:RollThrough","floor":19.0},{"not_picked":["Slimebound:FinishingTackle","Slimebound:SlimeBarrage+1"],"picked":"Slimebound:LivingWall+1","floor":20.0},{"not_picked":["Slimebound:ComboTackle","Slimebound:BestDefense+1"],"picked":"Slimebound:PressTheAttack+1","floor":22.0},{"not_picked":["Slimebound:SplitBruiser","Slimebound:DisruptingSlam"],"picked":"Slimebound:DuplicatedForm","floor":25.0},{"not_picked":["Slimebound:ComboTackle","Slimebound:Schlurp"],"picked":"Slimebound:GoopSpray+1","floor":27.0},{"not_picked":["Slimebound:Schlurp","Slimebound:SlimeBrawl+1"],"picked":"Slimebound:DivideAndConquer+1","floor":28.0},{"not_picked":["Slimebound:SplitMire","Slimebound:LivingWall"],"picked":"Slimebound:Repurpose","floor":29.0},{"not_picked":["Slimebound:SplitBruiser","Slimebound:SamplingLick+1"],"picked":"Slimebound:SlimeTap","floor":29.0},{"not_picked":["Slimebound:SplitBruiser","Slimebound:TongueLash"],"picked":"Slimebound:SelfFormingGoo","floor":30.0},{"not_picked":["Slimebound:SplitAcid","Slimebound:GoopSpray"],"picked":"Slimebound:DivideAndConquer","floor":30.0},{"not_picked":["Slimebound:ForwardTackle","Slimebound:LeechingTouch"],"picked":"Slimebound:RejuvenatingLick+1","floor":31.0},{"not_picked":["Slimebound:SlimeSpikes","Slimebound:ProtectTheBoss"],"picked":"Slimebound:LeechingTouch+1","floor":31.0},{"not_picked":["Slimebound:Replication","Slimebound:SamplingLick+1"],"picked":"Slimebound:FinishingTackle","floor":32.0},{"not_picked":["Slimebound:SplitAcid","Slimebound:SlimeSlap"],"picked":"Slimebound:HauntingLick","floor":32.0},{"not_picked":["Slimebound:DouseInSlime","Slimebound:Teamwork"],"picked":"Slimebound:PrepareCrush","floor":33.0},{"not_picked":["Slimebound:ComboTackle","Slimebound:FlameTackle"],"picked":"Slimebound:SlimeTap+1","floor":36.0},{"not_picked":["Slimebound:SlimeTap","Slimebound:SplitBruiser"],"picked":"Slimebound:SamplingLick+1","floor":38.0},{"not_picked":["Slimebound:TongueLash","Slimebound:AcidTongue"],"picked":"Slimebound:SlimeSpikes","floor":38.0},{"not_picked":["Slimebound:SplitMire+1","Slimebound:DuplicatedForm"],"picked":"Slimebound:GrowthPunch+1","floor":40},{"not_picked":["Slimebound:SplitMire","Slimebound:GoopSpray+1"],"picked":"Slimebound:LeechEnergy+1","floor":46},{"not_picked":["Slimebound:Chomp","Slimebound:SplitBruiser"],"picked":"Slimebound:GrowthPunch","floor":46},{"not_picked":["Slimebound:DuplicatedForm","Slimebound:SlimeSpikes"],"picked":"Slimebound:LeadByExample+1","floor":49},{"not_picked":["Slimebound:PressTheAttack+1","Slimebound:GrowthPunch"],"picked":"Slimebound:RollThrough+1","floor":49},{"not_picked":["Slimebound:MassRepurpose","Slimebound:TongueLash+1"],"picked":"Slimebound:MegaLick+1","floor":52}],"player_experience":812932,"relics_obtained":[{"floor":4.0,"key":"Matryoshka"},{"floor":6.0,"key":"Bag of Marbles"},{"floor":7.0,"key":"Art of War"},{"floor":7.0,"key":"Pantograph"},{"floor":12.0,"key":"Blood Vial"},{"floor":12.0,"key":"MawBank"},{"floor":17.0,"key":"Oddly Smooth Stone"},{"floor":17.0,"key":"Mummified Hand"},{"floor":17.0,"key":"WingedGreaves"},{"floor":19.0,"key":"MutagenicStrength"},{"floor":24.0,"key":"Kunai"},{"floor":25.0,"key":"Girya"},{"floor":27.0,"key":"PreservedInsect"},{"floor":28.0,"key":"Prayer Wheel"},{"floor":28.0,"key":"HornCleat"},{"floor":36.0,"key":"Unceasing Top"},{"floor":40,"key":"Thread and Needle"},{"floor":42,"key":"MealTicket"},{"floor":47,"key":"Strawberry"},{"floor":52,"key":"Sundial"}],"event_choices":[{"damage_healed":15.0,"max_hp_gain":0.0,"max_hp_loss":0.0,"gold_gain":0.0,"event_name":"Mushrooms","player_choice":"Healed and dodged fight","floor":8.0,"gold_loss":0.0,"damage_taken":0.0,"cards_obtained":["Parasite"]},{"cards_removed":["Parasite"],"damage_healed":0.0,"max_hp_gain":0.0,"max_hp_loss":0.0,"gold_gain":0.0,"event_name":"The Cleric","player_choice":"Card Removal","floor":13.0,"gold_loss":0.0,"damage_taken":0.0},{"damage_healed":0,"gold_gain":0,"player_choice":"Fight","damage_taken":0,"max_hp_gain":0,"max_hp_loss":0,"event_name":"Mysterious Sphere","floor":40,"gold_loss":0}],"is_beta":false,"boss_relics":[{"not_picked":["Astrolabe","Philosopher\u0027s Stone"],"picked":"Calling Bell"},{"not_picked":["Runic Pyramid","Coffee Dripper"],"picked":"Pandora\u0027s Box"}],"items_purged_floors":[],"is_endless":false,"potions_floor_spawned":[6,11,14,15,22,29,30,31,32,36,46],"killed_by":"downfall:NeowBoss","ascension_level":0}}