{"host":"kjmsjq3kpb3v9rdj","time":1608465854,"event":{"mods":["AchievementEnabler","Aspiration","Bard","BaseMod","Beaked The Cultist","Better Altar","Better Match","Better Note","Better Sensory Stone","Better Skull","Better Third Choice","BetterRewards","CCEM","Colored Map","Conspire","Friendly Minions","GifTheSpireLib","Halation","Hermit","Highlight Path","Hubris","Hunter ??","Infinite Spire","Ironclad Rager","Jedi Mod","Jorbs\u0027s Wanderer Trilogy","Mad Scientist","Marisa????????","Mimic Mod","Minty Spire (QoL Compilation)","Permanent Neow","Quick Restart","Replay The Spire","Shade Mod","Shop Mod","Spicy Shops","Spikes Relics","StSLib","Stuff the Spire","Synergy Search","The Administrix","The Alterego","The Blackbeard","The Blue Laboratory","The Bug Knight","The Construct","The Cursed","The Disciple","The Gatherer","The Hierophant","The Jungle","The Mystic","The Necromancer","The Poker Player","The Problem Sleuth","The Runesmith","The Servant 0.9.4","The Showman","The Spell Scribe","The Witch","Trackpad","Unceasing Turn Reminder","vexMod"],"gold_per_floor":[119,131,26,45,1,1,21,31,113,133,167,187,187,187,187,285,285,295,8,8,8],"floor_reached":20,"playtime":1917,"items_purged":[],"score":299,"play_id":"b92137c6-1397-4931-bb8c-5a5e64d796d5","local_time":"20201220040414","is_ascension_mode":false,"campfire_choices":[{"data":"theScribe:FocusedBolt","floor":6.0,"key":"SMITH"},{"data":"theScribe:ScriptedStarfall","floor":13.0,"key":"SMITH"},{"data":"theScribe:StarterModifier","floor":15.0,"key":"SMITH"}],"circlet_count":0,"master_deck":["theScribe:StarterAttack","theScribe:StarterAttack","theScribe:LightningStrike","theScribe:LightningStrike","theScribe:StarterDefend","theScribe:StarterDefend","theScribe:StarterDefend","theScribe:IcyDefend","theScribe:IcyDefend","theScribe:StarterModifier+1","theScribe:MagicMissiles","theScribe:GatherComponents","theScribe:MagicMissiles","Pot Of Greed","Pot Of Greed","theScribe:FocusedBolt+1","theScribe:StaticCage+1","theScribe:MirrorImage","theScribe:FalseLife","theScribe:LiquidumScroll","Replay:Dark Deal","StuffTheSpire:PlasmaPunch","theScribe:WeirdToxin","theScribe:FocusingBarrier","theScribe:Split","theScribe:InscribeDeath","Pot Of Greed","theScribe:FrostvenomToxin","theScribe:Incendio+1","theScribe:ScrollOfScrying","theScribe:ScriptedStarfall+1","theScribe:EnchantedStrike","theScribe:ForkedBolt","theScribe:AmplifyingSpellstone","theScribe:Insight","theScribe:MagicMissiles","theScribe:Overcharge","Parasite","theScribe:MagicMissiles","Pot Of Greed","theScribe:AmplifyingSpellstone"],"relics":["AdministrixMod:ConductorRitualBaton","aspiration:Nostalgia","PureWater","Strawberry","BargainBundle","Grinning Jar","Tiny Chest","Replay:Mystery Machine","vexMod:TimeEaterHat","hubris:MobiusCoin","Pet Ghost","Boot","infinitespire:Cubic Diamond","infinitespire:Cupcake","jedi:ominousloannote","conspire:Dentures","CCEMRelics:OverlyComfyChair","DollysMirror"],"acts_visited":["Exordium","TheCity"],"potions_floor_usage":[],"damage_taken":[{"damage":0.0,"enemies":"Cultist","floor":1.0,"turns":4.0},{"damage":0.0,"enemies":"2 Louse","floor":2.0,"turns":3.0},{"damage":0.0,"enemies":"Small Slimes","floor":4.0,"turns":5.0},{"damage":7.0,"enemies":"Blue Slaver","floor":7.0,"turns":2.0},{"damage":0.0,"enemies":"Exordium Wildlife","floor":8.0,"turns":3.0},{"damage":0.0,"enemies":"Gremlin Nob","floor":11.0,"turns":3.0},{"damage":26.0,"enemies":"Red Slaver","floor":12.0,"turns":3.0},{"damage":20.0,"enemies":"The Guardian","floor":16.0,"turns":5.0},{"damage":18.0,"enemies":"2 Thieves","floor":18.0,"turns":4.0}],"seed_played":"1411654609080301187","potions_obtained":[{"floor":1.0,"key":"EssenceOfSteel"},{"floor":2.0,"key":"SkillPotion"},{"floor":8.0,"key":"blueLaboratory:CorrosionFlask"},{"floor":12.0,"key":"SkillPotion"}],"is_trial":false,"path_per_floor":["M","M","?","M","$","R","M","M","T","$","E","M","R","?","R","B",null,"M","$","?"],"character_chosen":"THE_SCRIBE","items_purchased":["BargainBundle","Grinning Jar","Tiny Chest","Replay:Mystery Machine","theScribe:FocusedBolt","theScribe:StaticCage+1","theScribe:MirrorImage","theScribe:FalseLife","theScribe:LiquidumScroll","Replay:Dark Deal","StuffTheSpire:PlasmaPunch","blueLaboratory:ImpenetrablePotion","vexMod:TimeEaterHat","theScribe:Split","theScribe:InscribeDeath","theScribe:FrostvenomToxin","theScribe:Incendio+1","theScribe:ScrollOfScrying","Pet Ghost","jedi:ominousloannote","theScribe:Insight","theScribe:MagicMissiles","theScribe:Overcharge","conspire:Dentures","CCEMRelics:OverlyComfyChair","DollysMirror","theScribe:AmplifyingSpellstone"],"campfire_rested":0,"item_purchase_floors":[5,5,5,5,5,5,5,5,5,5,5,5,5,10,10,10,10,10,10,19,19,19,19,19,19,19,19],"current_hp_per_floor":[75,75,82,82,82,82,75,75,75,75,75,49,49,49,49,29,82,64,64,64,64],"gold":8,"neow_bonus":"NOSTALGIA","is_daily":false,"chose_seed":false,"campfire_upgraded":3,"win_rate":0.0,"timestamp":1608465854,"path_taken":["M","?","?","M","$","R","M","?","T","$","E","M","R","?","R","BOSS","M","$","?"],"items_purchased_type":["Relic","Relic","Relic","Relic","Card","Card","Card","Card","Card","Card","Card","Potion","Relic","Card","Card","Card","Card","Card","Relic","Relic","Card","Card","Card","Relic","Relic","Relic","Card"],"build_version":"2020-12-13","purchased_purges":0,"victory":false,"max_hp_per_floor":[75,75,82,82,82,82,82,82,82,82,82,82,82,82,82,82,82,82,82,82,82],"card_choices":[{"not_picked":["theScribe:ArcaneBarrier","theScribe:InvigoratingStrike"],"picked":"theScribe:MagicMissiles","floor":1.0},{"not_picked":["theScribe:FocusingBlow","theScribe:WeirdShield"],"picked":"theScribe:GatherComponents","floor":2.0},{"not_picked":["theScribe:Divination","theScribe:LightningBolt"],"picked":"theScribe:MagicMissiles","floor":4.0},{"not_picked":["theScribe:SacrificeRitual","theScribe:Divination"],"picked":"theScribe:WeirdToxin","floor":7.0},{"not_picked":["theScribe:MirrorImage","theScribe:InvigoratingStrike"],"picked":"theScribe:FocusingBarrier","floor":8.0},{"not_picked":["theScribe:ThrownScroll","theScribe:FrostvenomToxin"],"picked":"theScribe:ScriptedStarfall","floor":11.0},{"not_picked":["theScribe:LightningBolt","theScribe:Incendio"],"picked":"theScribe:EnchantedStrike","floor":12.0},{"not_picked":["theScribe:GlacialGuard","theScribe:TimeDilation"],"picked":"theScribe:ForkedBolt","floor":16.0},{"not_picked":["theScribe:Thwack","theScribe:Divination"],"picked":"theScribe:AmplifyingSpellstone","floor":18.0}],"player_experience":500645,"relics_obtained":[{"floor":9.0,"key":"hubris:MobiusCoin"},{"floor":11.0,"key":"Boot"}],"event_choices":[{"damage_healed":0.0,"max_hp_gain":0.0,"max_hp_loss":0.0,"gold_gain":0.0,"event_name":"WeMeetAgain","player_choice":"Paid Gold","floor":3.0,"gold_loss":105.0,"damage_taken":0.0,"relics_obtained":["Strawberry"]}],"is_beta":false,"boss_relics":[{"not_picked":["hubris:VirtuousBlindfold","vexMod:BigBerry"],"picked":"infinitespire:Cupcake"}],"items_purged_floors":[],"is_endless":false,"potions_floor_spawned":[1,2,8,12],"ascension_level":0}}