{"host":"o3b7ow6d1xe49css","time":1608455051,"event":{"mods":["2.2 Compatiblity","Act Like it!","Aspiration","BaseMod","Bestiary","Better Altar","Better Match","Better Note","Better Sensory Stone","Better Skull","Better Third Choice","Colored Powertips","Conspire","Elementarium","Energized Spire","Force Act Four","GifTheSpireLib","Halation","Hermit","Hubris","Infinite Spire","Lobotomy","Minty Spire (QoL Compilation)","Quick Restart","Replay The Spire","Spicy Shops","Spikes Relics","StSLib","Stuff the Spire","The Blue Laboratory","The Jungle","Wandering Minibosses","vexMod"],"gold_per_floor":[118,128,140,156,156,181,181,210,210,223,250,277,277,304,304,406,406,416,432,432,445,445,480,326,326,353,17,17,33,62,81,81,184,184,197,217,217,217,217,246,246,276,302,338,12,36,36,36,36,47,47,47,47,88,237,237],"floor_reached":55,"playtime":2673,"items_purged":["Strike_G","StuffTheSpire:CuriosityCurse","Strike_G"],"score":1308,"play_id":"70e8f0fb-6a75-4123-8018-4dc6dcd15949","local_time":"20201220000411","daily_mods":["Heirloom","Flight"],"is_ascension_mode":true,"campfire_choices":[{"data":"Wraith Form v2","floor":7,"key":"SMITH"},{"data":"Cloak And Dagger","floor":13,"key":"SMITH"},{"data":"Strike_G","floor":15,"key":"PURGE"},{"data":"infinitespire:SevenWalls","floor":25,"key":"SMITH"},{"floor":28,"key":"RECALL"},{"floor":32,"key":"DIG"},{"data":"Adrenaline","floor":41,"key":"SMITH"},{"data":"Adrenaline","floor":41,"key":"SMITH"},{"data":"infinitespire:Punishment","floor":49,"key":"SMITH"},{"data":"conspire:PoisonWeapons","floor":49,"key":"SMITH"},{"data":"Blade Dance","floor":52,"key":"SMITH"},{"data":"Masterful Stab","floor":52,"key":"SMITH"}],"circlet_count":0,"master_deck":["Strike_G","Strike_G","Defend_G","Defend_G","Defend_G","Defend_G","Defend_G","Survivor","Neutralize","Masterful Stab+1","Dagger Spray","Cloak And Dagger+1","Wraith Form v2+1","Slice","Dagger Spray","Blade Dance+1","Wraith Form v2+1","PiercingWail+1","conspire:PoisonWeapons+1","infinitespire:SevenWalls+1","Prepared+1","infinitespire:Punishment+1","Adrenaline+1","Sickly","Adrenaline+1","conspire:DoublingDagger+1"],"relics":["Ring of the Snake","Ring of Chaos","Lizard Tail","hubris:CrystalStatue","Blood Vial","hubris:DeckOfHolding","hubris:AncientText","Oddly Smooth Stone","Ninja Scroll","conspire:SpecialSausage","Thread and Needle","hubris:BottledRain","Medical Kit","Pen Nib","HornCleat","ReplayTheSpireMod:Lightbulb","halation:PenCase","ReplayTheSpireMod:SealedPack","wanderingMiniBosses:Inkheart","hubris:MobiusCoin","halation:TwoAmDonut","halation:IllGainedPizza","Toxic Egg 2","hubris:SlimyHat","Letter Opener","Akabeko"],"acts_visited":["Exordium","TheCity","TheBeyond","TheEnding"],"potions_floor_usage":[6,6,8,12,16,21,31,44,44,55,55],"damage_taken":[{"damage":1,"enemies":"Cultist","floor":1,"turns":5},{"damage":0,"enemies":"Small Slimes","floor":2,"turns":1},{"damage":1,"enemies":"Jaw Worm","floor":3,"turns":2},{"damage":0,"enemies":"Blue Slaver","floor":4,"turns":1},{"damage":2,"enemies":"Gremlin Nob","floor":6,"turns":4},{"damage":3,"enemies":"3 Sentries","floor":8,"turns":5},{"damage":0,"enemies":"Gremlin Gang","floor":10,"turns":1},{"damage":0,"enemies":"Replay:BlueRogue","floor":11,"turns":5},{"damage":2,"enemies":"Lagavulin","floor":12,"turns":4},{"damage":0,"enemies":"Gremlin Nob","floor":14,"turns":4},{"damage":52,"enemies":"The Guardian","floor":16,"turns":12},{"damage":7,"enemies":"Shell Parasite","floor":18,"turns":6},{"damage":1,"enemies":"conspire:FuzzyDice","floor":19,"turns":7},{"damage":0,"enemies":"Snake Plant","floor":21,"turns":6},{"damage":0,"enemies":"conspire:Head Lice","floor":23,"turns":4},{"damage":0,"enemies":"conspire:HollyBat","floor":29,"turns":8},{"damage":0,"enemies":"Nightmare","floor":30,"turns":6},{"damage":0,"enemies":"Shelled Parasite and Fungi","floor":31,"turns":2},{"damage":9,"enemies":"hubris:MusketHawk","floor":33,"turns":5},{"damage":0,"enemies":"Orb Walker","floor":35,"turns":1},{"damage":0,"enemies":"3 Shapes","floor":36,"turns":5},{"damage":0,"enemies":"R_Hoarder","floor":40,"turns":3},{"damage":0,"enemies":"Nightmare","floor":42,"turns":2},{"damage":5,"enemies":"Giant Head","floor":44,"turns":3},{"damage":0,"enemies":"Transient","floor":46,"turns":5},{"damage":5,"enemies":"hubris:GrandSnecko","floor":50,"turns":7},{"damage":44,"enemies":"Shield and Spear","floor":54,"turns":6},{"damage":95,"enemies":"The Heart","floor":55,"turns":11}],"seed_played":"1223076225511117601","potions_obtained":[{"floor":1,"key":"SteroidPotion"},{"floor":4,"key":"blueLaboratory:TrueEctoplasm"},{"floor":6,"key":"blueLaboratory:ArtistsPotion"},{"floor":8,"key":"blueLaboratory:EnragingPotion"},{"floor":11,"key":"Weak Potion"},{"floor":12,"key":"blueLaboratory:RememoryPotion"},{"floor":19,"key":"Regen Potion"},{"floor":29,"key":"GhostInAJar"},{"floor":31,"key":"Doom Potion"},{"floor":35,"key":"Weak Potion"},{"floor":40,"key":"CunningPotion"}],"is_trial":true,"path_per_floor":["M","M","M","M","?","E","R","E","T","M","E","E","R","E","R","B",null,"M","M","AVR","M","?","E","$","R","T","$","R","M","NM","M","R","B",null,"M","M","?","?","?","E","R","NM","T","E","$","M","AVR","$","R","B",null,"R","$","E","B"],"character_chosen":"THE_SILENT","items_purchased":["Medical Kit","HornCleat","blueLaboratory:SuffocatingSmog","hubris:SlimyHat","CultistPotion"],"campfire_rested":0,"item_purchase_floors":[24,27,27,45,45],"current_hp_per_floor":[69,69,68,68,68,66,66,63,63,65,67,67,67,69,69,18,57,52,53,53,70,70,70,70,70,70,70,70,70,70,70,70,61,68,70,70,70,70,70,70,70,70,70,65,65,67,67,67,67,64,69,69,69,26,0,0],"gold":237,"neow_bonus":"","is_daily":false,"chose_seed":false,"campfire_upgraded":9,"win_rate":0.0,"timestamp":1608455051,"path_taken":["M","M","M","?","?","E","R","E","T","M","E","E","R","E","R","BOSS","M","M","AVR","M","?","E","$","R","T","$","R","M","NM","?","R","BOSS","M","M","?","?","?","E","R","NM","T","E","$","?","AVR","?","R","BOSS","R","$","E","BOSS"],"items_purchased_type":["Relic","Relic","Potion","Relic","Potion"],"build_version":"2020-12-13","purchased_purges":3,"victory":false,"max_hp_per_floor":[70,70,70,70,70,70,70,70,70,70,70,70,70,70,70,70,70,70,70,70,70,70,70,70,70,70,70,70,70,70,70,70,70,70,70,70,70,70,70,70,70,70,70,70,70,70,70,70,70,70,70,70,70,70,70,70],"card_choices":[{"not_picked":["Sucker Punch","Skewer"],"picked":"Masterful Stab","floor":1},{"not_picked":["PiercingWail","Slice"],"picked":"Dagger Spray","floor":2},{"not_picked":["Caltrops","Backflip"],"picked":"Cloak And Dagger","floor":3},{"not_picked":["Prepared","Underhanded Strike"],"picked":"Wraith Form v2","floor":4},{"not_picked":["conspire:PoisonWeapons","StuffTheSpire:Shiver"],"picked":"Slice","floor":6},{"not_picked":["infinitespire:Neurotoxin","Escape Plan"],"picked":"Dagger Spray","floor":8},{"not_picked":["Quick Slash","StuffTheSpire:ClusterCrunch","Deadly Poison"],"picked":"SKIP","floor":10},{"not_picked":["hubris:Counter","Flying Knee","Crippling Poison"],"picked":"SKIP","floor":11},{"not_picked":["Unload","Skewer","Dagger Throw"],"picked":"SKIP","floor":12},{"not_picked":["Deflect","Outmaneuver"],"picked":"Blade Dance","floor":14},{"not_picked":["Die Die Die","Corpse Explosion"],"picked":"Wraith Form v2","floor":16},{"not_picked":["StuffTheSpire:Injection","Sucker Punch"],"picked":"PiercingWail+1","floor":18},{"not_picked":["ShadowRift","Eviscerate"],"picked":"conspire:PoisonWeapons","floor":19},{"not_picked":["Dodge and Roll","Flechettes","Dagger Throw"],"picked":"SKIP","floor":21},{"not_picked":["Quick Slash","hubris:Counter"],"picked":"Prepared+1","floor":23},{"not_picked":["Flying Knee","StuffTheSpire:Python+1","PiercingWail+1"],"picked":"SKIP","floor":29},{"not_picked":["infinitespire:DeathsTouch","ReplayTheSpireMod:Chaos Vortex"],"picked":"infinitespire:Punishment","floor":30},{"not_picked":["Hidden Blade+1","StuffTheSpire:ClusterCrunch"],"picked":"Adrenaline","floor":30},{"not_picked":["Quick Slash","Dodge and Roll","Expertise"],"picked":"SKIP","floor":31},{"not_picked":["Wraith Form v2","Die Die Die"],"picked":"Adrenaline","floor":34},{"not_picked":["ReplayTheSpireMod:Black Plague","ReplayTheSpireMod:??????????????????????"],"picked":"infinitespire:SealOfDarkness+","floor":34},{"not_picked":["Deadly Poison+1","Quick Slash+1","Poisoned Stab"],"picked":"SKIP","floor":35},{"not_picked":["Hidden Blade","ReplayTheSpireMod:Speed Training+1","StuffTheSpire:BumpUp+1"],"picked":"SKIP","floor":36},{"not_picked":["StuffTheSpire:Injection","Calculated Gamble+1","conspire:PoisonWeapons"],"picked":"SKIP","floor":40},{"not_picked":["Catalyst+1","StuffTheSpire:FinalStruggle","Doppelganger"],"picked":"SKIP","floor":42},{"not_picked":["Tools of the Trade","All Out Attack+1"],"picked":"conspire:DoublingDagger+1","floor":44},{"not_picked":["Setup+1","Outmaneuver+1","StuffTheSpire:Shiver+1"],"picked":"SKIP","floor":46},{"not_picked":["hubris:SlightOfHand+1","Masterful Stab","ShadowRift+1"],"picked":"SKIP","floor":54}],"player_experience":1758199,"relics_obtained":[{"floor":6,"key":"hubris:CrystalStatue"},{"floor":8,"key":"Blood Vial"},{"floor":9,"key":"hubris:DeckOfHolding"},{"floor":11,"key":"hubris:AncientText"},{"floor":12,"key":"Oddly Smooth Stone"},{"floor":14,"key":"Ninja Scroll"},{"floor":23,"key":"hubris:BottledRain"},{"floor":26,"key":"Pen Nib"},{"floor":30,"key":"ReplayTheSpireMod:Lightbulb"},{"floor":32,"key":"halation:PenCase"},{"floor":36,"key":"wanderingMiniBosses:Inkheart"},{"floor":40,"key":"halation:TwoAmDonut"},{"floor":42,"key":"halation:IllGainedPizza"},{"floor":44,"key":"Toxic Egg 2"},{"floor":54,"key":"Akabeko"}],"event_choices":[{"damage_healed":0,"gold_gain":0,"player_choice":"Leave","damage_taken":0,"max_hp_gain":0,"max_hp_loss":0,"event_name":"conspire:Investor","floor":5,"gold_loss":0},{"damage_healed":0,"gold_gain":0,"player_choice":"Upgraded","damage_taken":0,"max_hp_gain":0,"max_hp_loss":0,"event_name":"Upgrade Shrine","floor":22,"gold_loss":0,"cards_upgraded":["Wraith Form v2"]},{"damage_healed":0,"gold_gain":3,"player_choice":"1","damage_taken":0,"max_hp_gain":0,"max_hp_loss":0,"event_name":"betterStone:BetterStone","floor":37,"gold_loss":0}],"is_beta":false,"boss_relics":[{"not_picked":["Honey Jar","energizedSpire:MagnifyingGlass"],"picked":"conspire:SpecialSausage"},{"not_picked":["vexMod:CursedCompass","StuffTheSpire:RunicConfusion"],"picked":"ReplayTheSpireMod:SealedPack"}],"items_purged_floors":[20,45,47],"is_endless":false,"potions_floor_spawned":[1,4,6,8,11,12,19,29,31,35,40],"killed_by":"The Heart","ascension_level":5}}