{"host":"98bdbcgi2hhn2gyr","time":1608466697,"event":{"mods":["BaseMod","Colored Map","Minty Spire (QoL Compilation)","StSLib","The Servant 0.9.4"],"gold_per_floor":[359,45,62,79,79,106,129,171,238,33,33,45,73,96,96,191,191,205,130,130,146,165,191,191,218,218,318,70,80,92,121,121,221,221,238,238,288,288,333,366,366,74,74,106,106,141,141,16,16,16,16,16,16,50,50],"floor_reached":56,"playtime":5987,"items_purged":["Strike_S","Strike_S+1","Strike_S+1"],"score":1776,"play_id":"00b3b6e5-9d0a-4201-a3ad-b919983c4898","local_time":"20201220211817","is_ascension_mode":true,"campfire_choices":[{"data":"Foresight","floor":11.0,"key":"SMITH"},{"data":"TheWorld","floor":15.0,"key":"SMITH"},{"data":"ShiftingGears","floor":24.0,"key":"SMITH"},{"data":"Rewind","floor":32,"key":"SMITH"},{"data":"FloweringNight","floor":41,"key":"SMITH"},{"data":"Advance","floor":45,"key":"SMITH"},{"data":"ForgedInTime","floor":47,"key":"SMITH"},{"floor":49,"key":"RECALL"},{"data":"KidneyShot","floor":52,"key":"SMITH"}],"circlet_count":0,"master_deck":["Strike_S+1","Defend_S+1","Defend_S+1","Defend_S+1","Defend_S+1","KidneyShot+1","Exchange+1","Potential+1","FanOfKnives+1","Potential+1","TimeWarp+1","TheWorld+1","Contraction+1","Foresight+1","Rewind+1","ShiftingGears+1","ForgedInTime+1","FloweringNight+1","CurseOfTheBell","Replace+1","Advance+1","Sabotage+1"],"relics":["Uniform","Molten Egg 2","MawBank","Matryoshka","Centennial Puzzle","Bronze Scales","HandDrill","Meat on the Bone","Odd Mushroom","Black Star","CaptainsWheel","Kunai","WingedGreaves","Strawberry","War Paint","Vajra","FossilizedHelix","Bottled Lightning","Shuriken","Juzu Bracelet","Broom","Calling Bell","PreservedInsect","Mercury Hourglass","Prayer Wheel","Thread and Needle","Blood Vial","Bottled Tornado","Sling","Sundial","Ornamental Fan","Orichalcum","Lantern","Happy Flower","Gremlin Horn"],"acts_visited":["Exordium","TheCity","TheBeyond","TheEnding"],"potions_floor_usage":[29,33,55],"damage_taken":[{"damage":0.0,"enemies":"Cultist","floor":1.0,"turns":5.0},{"damage":3.0,"enemies":"2 Louse","floor":3.0,"turns":2.0},{"damage":6.0,"enemies":"Jaw Worm","floor":4.0,"turns":2.0},{"damage":13.0,"enemies":"3 Sentries","floor":6.0,"turns":8.0},{"damage":0.0,"enemies":"2 Fungi Beasts","floor":7.0,"turns":3.0},{"damage":0.0,"enemies":"Gremlin Nob","floor":8.0,"turns":2.0},{"damage":0.0,"enemies":"Exordium Wildlife","floor":12.0,"turns":1.0},{"damage":0.0,"enemies":"Lagavulin","floor":13.0,"turns":2.0},{"damage":6.0,"enemies":"The Mushroom Lair","floor":14.0,"turns":2.0},{"damage":0.0,"enemies":"Slime Boss","floor":16.0,"turns":2.0},{"damage":0.0,"enemies":"3 Byrds","floor":18.0,"turns":3.0},{"damage":2.0,"enemies":"Spheric Guardian","floor":21.0,"turns":3.0},{"damage":0.0,"enemies":"Chosen and Byrds","floor":22.0,"turns":3.0},{"damage":0.0,"enemies":"Slavers","floor":23.0,"turns":5.0},{"damage":0.0,"enemies":"Book of Stabbing","floor":25.0,"turns":5.0},{"damage":5,"enemies":"Colosseum Slavers","floor":27,"turns":3},{"damage":7,"enemies":"Colosseum Nobs","floor":27,"turns":3},{"damage":0,"enemies":"3 Cultists","floor":29,"turns":6},{"damage":0,"enemies":"Snake Plant","floor":30,"turns":3},{"damage":4,"enemies":"Slavers","floor":31,"turns":5},{"damage":0,"enemies":"Champ","floor":33,"turns":8},{"damage":0,"enemies":"Orb Walker","floor":35,"turns":3},{"damage":0,"enemies":"Mind Bloom Boss Battle","floor":37,"turns":3},{"damage":5,"enemies":"2 Orb Walkers","floor":39,"turns":5},{"damage":0,"enemies":"Giant Head","floor":40,"turns":6},{"damage":0,"enemies":"Reptomancer","floor":44,"turns":4},{"damage":0,"enemies":"Nemesis","floor":46,"turns":3},{"damage":0,"enemies":"Donu and Deca","floor":50,"turns":4},{"damage":0,"enemies":"Shield and Spear","floor":54,"turns":2},{"damage":1,"enemies":"The Heart","floor":55,"turns":7}],"seed_played":"-2094853372910974391","potions_obtained":[{"floor":4.0,"key":"Regen Potion"},{"floor":7.0,"key":"Explosive Potion"},{"floor":12.0,"key":"Fire Potion"},{"floor":14.0,"key":"GamblersBrew"},{"floor":16.0,"key":"PowerPotion"},{"floor":21.0,"key":"SkillPotion"},{"floor":22.0,"key":"BlessingOfTheForge"},{"floor":23.0,"key":"FairyPotion"},{"floor":27,"key":"ColorlessPotion"},{"floor":31,"key":"PowerPotion"},{"floor":35,"key":"SteroidPotion"},{"floor":44,"key":"SmokeBomb"}],"is_trial":false,"path_per_floor":["M","$","M","M","?","E","M","E","T","$","R","M","E","?","R","B",null,"M","$","?","M","M","E","R","E","T","?","$","M","M","E","R","B",null,"M","?","?","?","?","E","R","$","T","E","R","E","R","$","R","B",null,"R","$","E","B",null],"character_chosen":"THE_SERVANT","items_purchased":["Molten Egg 2","Potential+1","HandDrill","Foresight","Shuriken","Sling","PowerPotion"],"campfire_rested":0,"item_purchase_floors":[2,2,10,10,28,42,42],"current_hp_per_floor":[47,47,44,38,59,56,56,56,56,56,56,56,56,50,50,50,65,65,65,65,63,63,63,63,70,70,58,58,58,58,54,54,54,72,72,72,72,72,67,67,67,67,67,69,69,71,71,71,71,72,72,72,72,72,71],"gold":50,"neow_bonus":"TWO_FIFTY_GOLD","is_daily":false,"chose_seed":false,"campfire_upgraded":8,"win_rate":0.0,"timestamp":1608466697,"path_taken":["M","$","M","?","?","E","M","E","T","$","R","M","E","?","R","BOSS","M","$","?","M","M","E","R","E","T","?","?","?","M","E","R","BOSS","M","?","?","?","?","E","R","$","T","E","R","E","R","$","R","BOSS","R","$","E","BOSS"],"items_purchased_type":["Relic","Card","Relic","Card","Relic","Relic","Potion"],"build_version":"2020-12-13","purchased_purges":3,"victory":true,"max_hp_per_floor":[65,65,65,65,65,65,65,65,65,65,65,65,65,65,65,65,65,65,65,65,65,65,65,65,72,72,72,72,72,72,72,72,72,72,72,72,72,72,72,72,72,72,72,72,72,72,72,72,72,72,72,72,72,72,72],"card_choices":[{"not_picked":["Revamp","WasteNot"],"picked":"DoubleEdge","floor":1.0},{"not_picked":["Rewind","Hightail"],"picked":"FanOfKnives+1","floor":3.0},{"not_picked":["Replace","Defy"],"picked":"Potential+1","floor":4.0},{"not_picked":["Shuttle","Unruled+1"],"picked":"TimeWarp+1","floor":6.0},{"not_picked":["Unruled+1","TimeWarp+1"],"picked":"TheWorld","floor":7.0},{"not_picked":["BottledTime","ShatteredReality+1"],"picked":"Contraction","floor":8.0},{"not_picked":["Revamp","MoonPhase"],"picked":"Rewind","floor":12.0},{"not_picked":["Misdirection","Moonlight+1","Replace"],"picked":"SKIP","floor":13.0},{"not_picked":["TimeWarp+1","ShatteredReality+1"],"picked":"ShiftingGears","floor":14.0},{"not_picked":["Solidify","SoulSculpture+1"],"picked":"ForgedInTime","floor":16.0},{"not_picked":["Rewind","Defy","Unruled+1"],"picked":"SKIP","floor":18.0},{"not_picked":["InstantArmor+1","Snipe+1","Defy+1"],"picked":"SKIP","floor":21.0},{"not_picked":["Potential+1","Spin+1","Collapse+1"],"picked":"SKIP","floor":22.0},{"not_picked":["ShatteredReality+1","Snipe+1","SilverBlades+1"],"picked":"SKIP","floor":23.0},{"not_picked":["StarChef","Potential+1","TimeWarp+1"],"picked":"SKIP","floor":25.0},{"not_picked":["Ricochet+1","Gouge+1","Collapse+1"],"picked":"SKIP","floor":29},{"not_picked":["Starlight+1","Defy","Replace"],"picked":"SKIP","floor":30},{"not_picked":["Moonlight+1","FanOfKnives+1","Manipulate"],"picked":"SKIP","floor":31},{"not_picked":["Dilation","PendulumOfEternity+1"],"picked":"FloweringNight","floor":33},{"not_picked":["FastForward","Replace","InstantArmor+1"],"picked":"SKIP","floor":35},{"not_picked":["BottledTime","DualDimension"],"picked":"Replace+1","floor":37},{"not_picked":["Read","Starlight+1"],"picked":"Advance","floor":40},{"not_picked":["Duplication","Defy+1","ShatteredReality+1"],"picked":"SKIP","floor":44},{"not_picked":["TimeWarp+1","Unruled+1","Barrier+1"],"picked":"SKIP","floor":46},{"not_picked":["SurpressingFire","FastForward+1"],"picked":"Sabotage+1","floor":54}],"player_experience":353471,"relics_obtained":[{"floor":6.0,"key":"MawBank"},{"floor":8.0,"key":"Matryoshka"},{"floor":9.0,"key":"Centennial Puzzle"},{"floor":9.0,"key":"Bronze Scales"},{"floor":13.0,"key":"Meat on the Bone"},{"floor":14.0,"key":"Odd Mushroom"},{"floor":23.0,"key":"CaptainsWheel"},{"floor":23.0,"key":"Kunai"},{"floor":25.0,"key":"WingedGreaves"},{"floor":25.0,"key":"Strawberry"},{"floor":26.0,"key":"War Paint"},{"floor":26.0,"key":"Vajra"},{"floor":27,"key":"FossilizedHelix"},{"floor":27,"key":"Bottled Lightning"},{"floor":31,"key":"Juzu Bracelet"},{"floor":31,"key":"Broom"},{"floor":34,"key":"PreservedInsect"},{"floor":34,"key":"Mercury Hourglass"},{"floor":37,"key":"Prayer Wheel"},{"floor":39,"key":"Thread and Needle"},{"floor":40,"key":"Blood Vial"},{"floor":40,"key":"Bottled Tornado"},{"floor":44,"key":"Sundial"},{"floor":44,"key":"Ornamental Fan"},{"floor":46,"key":"Orichalcum"},{"floor":46,"key":"Lantern"},{"floor":54,"key":"Happy Flower"},{"floor":54,"key":"Gremlin Horn"}],"event_choices":[{"damage_healed":21.0,"max_hp_gain":0.0,"max_hp_loss":0.0,"gold_gain":0.0,"event_name":"Big Fish","player_choice":"Banana","floor":5.0,"gold_loss":0.0,"damage_taken":0.0},{"damage_healed":0.0,"max_hp_gain":0.0,"max_hp_loss":0.0,"gold_gain":0.0,"event_name":"Mushrooms","player_choice":"Fought Mushrooms","floor":14.0,"gold_loss":0.0,"damage_taken":0.0},{"damage_healed":0.0,"max_hp_gain":0.0,"max_hp_loss":0.0,"gold_gain":0.0,"event_name":"Back to Basics","player_choice":"Simplicity","floor":20.0,"gold_loss":0.0,"damage_taken":0.0,"cards_upgraded":["Strike_S","Strike_S","Strike_S","Defend_S","Defend_S","Defend_S","Defend_S"]},{"damage_healed":0,"gold_gain":0,"player_choice":"Fight","damage_taken":0,"max_hp_gain":0,"max_hp_loss":0,"event_name":"Colosseum","floor":27,"gold_loss":0},{"damage_healed":0,"gold_gain":0,"player_choice":"Fought Nobs","damage_taken":0,"max_hp_gain":0,"max_hp_loss":0,"event_name":"Colosseum","floor":27,"gold_loss":0},{"damage_healed":0,"gold_gain":0,"player_choice":"Memory 1","damage_taken":0,"max_hp_gain":0,"max_hp_loss":0,"event_name":"SensoryStone","floor":36,"gold_loss":0},{"damage_healed":0,"gold_gain":0,"player_choice":"Fight","damage_taken":0,"max_hp_gain":0,"max_hp_loss":0,"event_name":"MindBloom","floor":37,"gold_loss":0},{"cards_removed":["DoubleEdge"],"damage_healed":5,"gold_gain":0,"player_choice":"Offered Common","damage_taken":0,"max_hp_gain":0,"max_hp_loss":0,"event_name":"Bonfire Elementals","floor":38,"gold_loss":0},{"cards_removed":["DoubleEdge"],"damage_healed":5,"gold_gain":0,"player_choice":"Offered Special","damage_taken":0,"max_hp_gain":0,"max_hp_loss":0,"event_name":"Bonfire Elementals","floor":38,"gold_loss":0},{"damage_healed":0,"gold_gain":0,"player_choice":"Fight","damage_taken":0,"max_hp_gain":0,"max_hp_loss":0,"event_name":"Mysterious Sphere","floor":39,"gold_loss":0}],"is_beta":false,"boss_relics":[{"not_picked":["Empty Cage","Pandora\u0027s Box"],"picked":"Black Star"},{"not_picked":["Runic Pyramid","Velvet Choker"],"picked":"Calling Bell"}],"items_purged_floors":[19,42,48],"is_endless":false,"potions_floor_spawned":[4,7,12,14,16,21,22,23,27,27,31,35,44,46],"ascension_level":1}}