{"host":"coame8l8goqx0svj","time":1608499355,"event":{"mods":["BaseMod","Downfall","Minty Spire (QoL Compilation)","StSLib"],"gold_per_floor":[349,260,280,294,294,294,294,294,323,248,260,100,85,185,195,296,296,221,234,319,319,332,332,413,338,363,363,383,399,69,87,105,208,208,208,242,425,425,451,451,476,490,590,618,618,663,663,63,74,74,74,102,29,29,29],"floor_reached":56,"playtime":3529,"items_purged":["Slimebound:Tackle"],"score":1882,"play_id":"02b52d50-63ba-4f4b-8a0a-34a536c83b42","local_time":"20201220222235","is_ascension_mode":true,"campfire_choices":[{"floor":1,"key":"REST"},{"data":"Slimebound:Split","floor":5,"key":"SMITH"},{"data":"Slimebound:CorrosiveSpit","floor":8,"key":"SMITH"},{"floor":10,"key":"RECALL"},{"data":"Slimebound:LeadByExample","floor":18,"key":"SMITH"},{"data":"Slimebound:Teamwork","floor":23,"key":"SMITH"},{"data":"Slimebound:Teamwork","floor":25,"key":"SMITH"},{"data":"Slimebound:SplitLeeching","floor":27,"key":"SMITH"},{"data":"Slimebound:RejuvenatingLick","floor":35,"key":"SMITH"},{"data":"Sadistic Nature","floor":38,"key":"SMITH"},{"data":"Slimebound:SplitMire","floor":40,"key":"SMITH"},{"data":"Slimebound:SplitMire","floor":54,"key":"SMITH"}],"circlet_count":0,"master_deck":["Slimebound:Strike_Slimebound","Slimebound:Strike_Slimebound","Slimebound:Defend_Slimebound","Slimebound:Defend_Slimebound","Slimebound:Defend_Slimebound","Slimebound:Defend_Slimebound","Slimebound:Split+1","Slimebound:CorrosiveSpit+1","Slimebound:Teamwork+1","Slimebound:AcidTongue","Slimebound:SplitMire+1","Slimebound:RejuvenatingLick+1","Slimebound:OneTwoCombo+1","Slimebound:SplitLeeching+1","Slimebound:Teamwork+1","Slimebound:LeadByExample+1","Slimebound:SplitMire+1","Slimebound:MinionMaster","Slimebound:SlimeBarrage+1","Slimebound:SplitLeeching","Slimebound:Recollect","Slimebound:SpikyOuterGoop+1","Slimebound:OneTwoCombo+1","CurseOfTheBell","Sadistic Nature+1","Slimebound:SplitAcid","Slimebound:SplitSpecialist+1","Slimebound:TagTeam+1","Slimebound:Recollect","Slimebound:ForwardTackle+1","Slimebound:SlimeTap","Slimebound:SpikyOuterGoop"],"relics":["Slimebound:AbsorbEndCombat","Eternal Feather","Molten Egg 2","downfall:HeartBlessingGreen","Runic Dome","downfall:HeartBlessingRed","downfall:HeartBlessingBlue","Art of War","Incense Burner","Calling Bell","Bronze Scales","Sundial","Bird Faced Urn","Bag of Marbles","FossilizedHelix","Juzu Bracelet","Mango","Unceasing Top","Bottled Tornado","Slimebound:SelfDamagePreventRelic","Bag of Preparation"],"acts_visited":["Exordium","TheCity","TheBeyond","TheEnding"],"potions_floor_usage":[22,26,39,44,55,55],"damage_taken":[{"damage":7,"enemies":"downfall:FleeingMerchant","floor":2,"turns":4},{"damage":8,"enemies":"Small Slimes","floor":3,"turns":4},{"damage":10,"enemies":"2 Louse","floor":4,"turns":3},{"damage":34,"enemies":"Lagavulin","floor":9,"turns":6},{"damage":12,"enemies":"Cultist","floor":11,"turns":3},{"damage":18,"enemies":"downfall:FleeingMerchant","floor":12,"turns":4},{"damage":28,"enemies":"downfall:FleeingMerchant","floor":13,"turns":4},{"damage":15,"enemies":"Large Slime","floor":15,"turns":3},{"damage":48,"enemies":"downfall:Ironclad","floor":16,"turns":7},{"damage":27,"enemies":"Shell Parasite","floor":19,"turns":4},{"damage":12,"enemies":"3 Byrds","floor":22,"turns":3},{"damage":36,"enemies":"Gremlin Leader","floor":26,"turns":5},{"damage":18,"enemies":"Snecko","floor":28,"turns":5},{"damage":20,"enemies":"3 Cultists","floor":29,"turns":4},{"damage":36,"enemies":"downfall:FleeingMerchant","floor":30,"turns":4},{"damage":28,"enemies":"Centurion and Healer","floor":31,"turns":5},{"damage":17,"enemies":"Cultist and Chosen","floor":32,"turns":3},{"damage":52,"enemies":"downfall:Defect","floor":33,"turns":7},{"damage":23,"enemies":"Reptomancer","floor":36,"turns":4},{"damage":0,"enemies":"downfall:FleeingMerchant","floor":37,"turns":1},{"damage":41,"enemies":"Nemesis","floor":39,"turns":5},{"damage":10,"enemies":"3 Shapes","floor":42,"turns":3},{"damage":28,"enemies":"Giant Head","floor":44,"turns":5},{"damage":19,"enemies":"2 Orb Walkers","floor":46,"turns":3},{"damage":4,"enemies":"Orb Walker","floor":49,"turns":2},{"damage":20,"enemies":"downfall:Watcher","floor":50,"turns":3},{"damage":54,"enemies":"downfall:CharBossMerchant","floor":52,"turns":6},{"damage":52,"enemies":"downfall:NeowBoss","floor":55,"turns":15}],"seed_played":"4555515106724627751","potions_obtained":[{"floor":4,"key":"Fruit Juice"},{"floor":15,"key":"EssenceOfSteel"},{"floor":16,"key":"PowerPotion"},{"floor":22,"key":"SpeedPotion"},{"floor":26,"key":"Weak Potion"},{"floor":32,"key":"Strength Potion"},{"floor":44,"key":"SteroidPotion"},{"floor":46,"key":"LiquidBronze"},{"floor":49,"key":"Regen Potion"},{"floor":52,"key":"PowerPotion"}],"is_trial":false,"path_per_floor":["R","$","M","M","R","?","T","R","E","R","M","$","$","?","M","B",null,"R","M","?","?","M","R","T","R","E","R","M","M","$","M","M","B",null,"R","E","$","R","E","R","T","M","?","E","?","?","?","$","M","B",null,"E","$","R","B",null],"character_chosen":"SLIMEBOUND","items_purchased":["Slimebound:AcidTongue","Slimebound:Teamwork","Incense Burner","Sadistic Nature","Bottled Tornado","Slimebound:Recollect","Slimebound:SelfDamagePreventRelic","Slimebound:ForwardTackle+1","Slimebound:SpikyOuterGoop"],"campfire_rested":1,"item_purchase_floors":[2,12,30,37,48,48,48,48,53],"current_hp_per_floor":[57,57,57,55,55,55,55,60,43,52,58,57,50,50,55,44,56,60,58,46,60,65,65,65,75,65,75,73,75,67,75,75,71,74,75,75,75,75,73,75,75,75,75,89,89,89,89,89,89,87,89,72,72,89,87],"gold":29,"neow_bonus":"TWO_FIFTY_GOLD","is_daily":false,"chose_seed":false,"campfire_upgraded":10,"win_rate":0.0,"timestamp":1608499355,"path_taken":["R","$","M","M","R","?","T","R","E","R","M","$","$","?","M","BOSS","R","M","?","?","M","R","T","R","E","R","M","M","$","M","M","BOSS","R","E","$","R","E","R","T","M","?","E","?","?","?","$","M","BOSS","E","$","R","BOSS"],"items_purchased_type":["Card","Card","Relic","Card","Relic","Card","Relic","Card","Card"],"build_version":"2020-12-13","purchased_purges":1,"victory":true,"max_hp_per_floor":[60,60,60,60,60,60,60,60,60,60,60,60,60,60,60,60,60,60,60,60,60,65,65,65,75,75,75,75,75,75,75,75,75,75,75,75,75,75,75,75,75,75,75,89,89,89,89,89,89,89,89,89,89,89,89],"card_choices":[{"not_picked":["Slimebound:GoopTackle","Slimebound:LeechEnergy"],"picked":"Slimebound:Teamwork","floor":2},{"not_picked":["Slimebound:RollThrough","Slimebound:ForwardTackle"],"picked":"Slimebound:SplitMire","floor":3},{"not_picked":["Slimebound:ServeAndProtect","Slimebound:LeechEnergy"],"picked":"Slimebound:RejuvenatingLick","floor":4},{"not_picked":["Slimebound:ComboTackle+1","Slimebound:RollThrough+1"],"picked":"Slimebound:OneTwoCombo+1","floor":9},{"not_picked":["Slimebound:Schlurp","Slimebound:LeechEnergy+1","Slimebound:FormOfPuddle"],"picked":"SKIP","floor":11},{"not_picked":["Slimebound:LeechingTouch+1","Slimebound:Dissolve"],"picked":"Slimebound:SplitLeeching","floor":12},{"not_picked":["Slimebound:SlimeTap","Slimebound:SplitAcid"],"picked":"Slimebound:LeadByExample","floor":13},{"not_picked":["Slimebound:LeechEnergy+1","Slimebound:Prepare"],"picked":"Slimebound:SplitMire","floor":15},{"not_picked":["Slimebound:DouseInSlime","Slimebound:Recycling"],"picked":"Slimebound:MinionMaster","floor":16},{"not_picked":["Slimebound:RollThrough+1","Slimebound:FinishingTackle+1"],"picked":"Slimebound:SlimeBarrage+1","floor":19},{"not_picked":["Slimebound:ViciousTackle+1","Slimebound:SplitBruiser","Slimebound:FinishingTackle+1"],"picked":"SKIP","floor":22},{"not_picked":["Slimebound:GoopSpray","Slimebound:FinishingTackle+1"],"picked":"Slimebound:SplitLeeching","floor":26},{"not_picked":["Slimebound:Grow","Slimebound:BestDefense+1","Slimebound:Recollect"],"picked":"SKIP","floor":28},{"not_picked":["Slimebound:Grow","Slimebound:BestDefense+1"],"picked":"Slimebound:Recollect","floor":28},{"not_picked":["Slimebound:FirmFortitude+1","Slimebound:ServeAndProtect","Slimebound:Prepare"],"picked":"SKIP","floor":29},{"not_picked":["Slimebound:SplitMire","Slimebound:WasteNot","Slimebound:SplitLeeching"],"picked":"SKIP","floor":30},{"not_picked":["Slimebound:MegaLick+1","Slimebound:Equalize+1","Slimebound:GoopSpray"],"picked":"SKIP","floor":31},{"not_picked":["Slimebound:AcidTongue+1","Slimebound:RollThrough+1"],"picked":"Slimebound:SpikyOuterGoop+1","floor":32},{"not_picked":["Slimebound:LeechLife+1","Slimebound:OozeBath"],"picked":"Slimebound:OneTwoCombo+1","floor":33},{"not_picked":["Slimebound:RejuvenatingLick","Slimebound:Chomp+1","Slimebound:DivideAndConquer"],"picked":"SKIP","floor":36},{"not_picked":["Slimebound:DisruptingSlam+1","Slimebound:SamplingLick+1","Slimebound:AcidTongue+1"],"picked":"SKIP","floor":37},{"not_picked":["Slimebound:BestDefense","Slimebound:SamplingLick+1"],"picked":"Slimebound:SplitAcid","floor":39},{"not_picked":["Slimebound:RollThrough+1","Slimebound:SplitAcid+1"],"picked":"Slimebound:SplitSpecialist+1","floor":42},{"not_picked":["Slimebound:ViciousTackle+1","Slimebound:Replication"],"picked":"Slimebound:TagTeam+1","floor":44},{"not_picked":["Slimebound:PressTheAttack+1","Slimebound:ItLooksTasty+1","Slimebound:FormOfPuddle+1"],"picked":"SKIP","floor":49},{"not_picked":["Slimebound:Prepare","Slimebound:ServeAndProtect+1"],"picked":"Slimebound:SlimeTap","floor":52}],"player_experience":1700438,"relics_obtained":[{"floor":7,"key":"Eternal Feather"},{"floor":9,"key":"Molten Egg 2"},{"floor":26,"key":"Art of War"},{"floor":34,"key":"Bronze Scales"},{"floor":34,"key":"Sundial"},{"floor":34,"key":"Bird Faced Urn"},{"floor":36,"key":"Bag of Marbles"},{"floor":39,"key":"FossilizedHelix"},{"floor":41,"key":"Juzu Bracelet"},{"floor":44,"key":"Mango"},{"floor":46,"key":"Unceasing Top"},{"floor":52,"key":"Bag of Preparation"}],"event_choices":[{"damage_healed":20,"gold_gain":0,"player_choice":"Heal","damage_taken":0,"max_hp_gain":0,"max_hp_loss":0,"event_name":"The Library","floor":21,"gold_loss":0},{"damage_healed":0,"gold_gain":0,"player_choice":"Fight","damage_taken":0,"max_hp_gain":0,"max_hp_loss":0,"event_name":"Mysterious Sphere","floor":46,"gold_loss":0},{"cards_removed":["Slimebound:Strike_Slimebound"],"damage_healed":0,"gold_gain":0,"player_choice":"Removed Attack","damage_taken":0,"max_hp_gain":0,"max_hp_loss":0,"event_name":"Falling","floor":47,"gold_loss":0}],"is_beta":false,"boss_relics":[{"not_picked":["Tiny House","Pandora\u0027s Box"],"picked":"Runic Dome"},{"not_picked":["Slimebound:AbsorbEndCombatUpgraded","Runic Pyramid"],"picked":"Calling Bell"}],"items_purged_floors":[48],"is_endless":false,"potions_floor_spawned":[4,15,16,22,26,31,32,33,44,46,49,52],"ascension_level":9}}