{"host":"y3iy5gb13b300rns","time":1608423567,"event":{"mods":["BaseMod","Bestiary","Curses Come First","Minty Spire (QoL Compilation)","Replay The Spire","StSLib","The Runesmith"],"gold_per_floor":[130,142,167,199,211,257,269,298,310,353,365,396,18,18,18,120,120,137,20,35,55,55,55,55],"floor_reached":23,"playtime":2135,"items_purged":[],"score":201,"play_id":"3e1035a1-f1f3-41d2-ab5e-0b41e6aee848","local_time":"20201219181927","is_ascension_mode":false,"campfire_choices":[{"floor":7,"key":"REST"},{"floor":11,"key":"REST"},{"floor":15,"key":"REST"}],"circlet_count":0,"master_deck":["Runesmith:Strike_RS","Runesmith:Strike_RS","Runesmith:Strike_RS","Runesmith:Strike_RS","Runesmith:Defend_RS","Runesmith:Defend_RS","Runesmith:Defend_RS","Runesmith:CraftFirestone","Runesmith:Fortify","Runesmith:BackupBattery","Runesmith:FrozenChisel","Runesmith:Terraform","Runesmith:HeatedChisel","Runesmith:GrandSlam","Runesmith:MakeshiftArmor","Runesmith:EarthShield","Runesmith:EarthShield","Runesmith:ChaoticBlast","Runesmith:PoweredAnvil","Runesmith:CreatorForm+1","Runesmith:CraftVitae","Runesmith:PoweredAnvil","Runesmith:HammerThrow","Runesmith:Grindstone+1"],"relics":["Runesmith:BrokenRuby","MawBank","Snack Pack","Boot","Replay:Bottled Flurry","Matryoshka","Busted Crown"],"acts_visited":["Exordium","TheCity"],"potions_floor_usage":[6,8,10,10,10,16,16,18,20,20,20,20,21],"damage_taken":[{"damage":10,"enemies":"Jaw Worm","floor":1,"turns":5},{"damage":0,"enemies":"Cultist","floor":3,"turns":5},{"damage":7,"enemies":"2 Louse","floor":4,"turns":3},{"damage":22,"enemies":"Gremlin Nob","floor":6,"turns":4},{"damage":13,"enemies":"Red Slaver","floor":8,"turns":2},{"damage":24,"enemies":"3 Sentries","floor":10,"turns":10},{"damage":4,"enemies":"Blue Slaver","floor":12,"turns":5},{"damage":10,"enemies":"Hexaghost","floor":16,"turns":14},{"damage":20,"enemies":"Spheric Guardian","floor":18,"turns":4},{"damage":10,"enemies":"2 Thieves","floor":20,"turns":4},{"damage":11,"enemies":"Centurion and Healer","floor":21,"turns":6},{"damage":31,"enemies":"Gremlin Leader","floor":23,"turns":8}],"seed_played":"-2674277311884327790","potions_obtained":[{"floor":4,"key":"Fire Potion"},{"floor":6,"key":"SteroidPotion"},{"floor":8,"key":"EntropicBrew"},{"floor":10,"key":"Weak Potion"},{"floor":16,"key":"AttackPotion"},{"floor":18,"key":"EntropicBrew"}],"is_trial":false,"path_per_floor":["M","?","M","M","$","E","R","M","T","E","R","M","$","?","R","B",null,"M","$","M","M","?","E"],"character_chosen":"RUNESMITH_CLASS","items_purchased":["Matryoshka","Runesmith:EarthShield","Runesmith:ChaoticBlast","Adrenaline Potion","Runesmith:CraftVitae","Runesmith:PoweredAnvil"],"campfire_rested":3,"item_purchase_floors":[13,13,13,13,19,19],"current_hp_per_floor":[60,60,60,53,53,31,52,39,39,15,36,32,32,32,53,43,70,50,50,40,29,29,0,0],"gold":55,"neow_bonus":"RANDOM_EVENT","is_daily":false,"chose_seed":false,"campfire_upgraded":0,"win_rate":0.0,"timestamp":1608423567,"path_taken":["M","?","?","M","$","E","R","M","T","E","R","M","$","?","R","BOSS","M","$","M","M","?","E"],"items_purchased_type":["Relic","Card","Card","Potion","Card","Card"],"build_version":"2020-12-13","purchased_purges":0,"victory":false,"max_hp_per_floor":[70,70,70,70,70,70,70,70,70,70,70,70,70,70,70,70,70,70,70,70,70,70,70,70],"card_choices":[{"not_picked":["Runesmith:MakeshiftArmor","Runesmith:ShiftingStrike"],"picked":"Runesmith:BackupBattery","floor":1},{"not_picked":["Runesmith:RuneHurl","Runesmith:HeatExchange"],"picked":"Runesmith:FrozenChisel","floor":3},{"not_picked":["Runesmith:StaticCage","Runesmith:HeatedChisel"],"picked":"Runesmith:Terraform","floor":4},{"not_picked":["Runesmith:StaticCage","Runesmith:Overpower"],"picked":"Runesmith:HeatedChisel","floor":6},{"not_picked":["Runesmith:RuneHurl","Runesmith:Prism"],"picked":"Runesmith:GrandSlam","floor":8},{"not_picked":["Runesmith:RuneHurl","Runesmith:OneForEveryone"],"picked":"Runesmith:MakeshiftArmor","floor":10},{"not_picked":["Runesmith:HammerTime","Runesmith:Prism"],"picked":"Runesmith:EarthShield","floor":12},{"not_picked":["Runesmith:GrandSlam","Runesmith:Supernova"],"picked":"Runesmith:CreatorForm","floor":16},{"not_picked":["Runesmith:RuneHurl"],"picked":"SKIP","floor":18},{"not_picked":[],"picked":"Runesmith:HammerThrow","floor":20},{"not_picked":[],"picked":"Runesmith:Grindstone+1","floor":21}],"player_experience":344396,"relics_obtained":[{"floor":6,"key":"Snack Pack"},{"floor":9,"key":"Boot"},{"floor":10,"key":"Replay:Bottled Flurry"}],"event_choices":[{"damage_healed":0,"gold_gain":0,"player_choice":"Box","damage_taken":0,"relics_obtained":["MawBank"],"max_hp_gain":0,"max_hp_loss":0,"event_name":"Big Fish","floor":0,"gold_loss":0,"cards_obtained":["Regret"]},{"cards_removed":["Regret"],"damage_healed":0,"gold_gain":0,"player_choice":"Removed Curses","damage_taken":0,"max_hp_gain":0,"max_hp_loss":0,"event_name":"Fountain of Cleansing","floor":2,"gold_loss":0},{"damage_healed":0,"gold_gain":0,"cards_transformed":["Runesmith:Defend_RS"],"player_choice":"Transformed","damage_taken":0,"max_hp_gain":0,"max_hp_loss":0,"event_name":"Transmorgrifier","floor":14,"gold_loss":0,"cards_obtained":["Runesmith:PoweredAnvil"]},{"damage_healed":0,"gold_gain":0,"player_choice":"Upgraded","damage_taken":0,"max_hp_gain":0,"max_hp_loss":0,"event_name":"Upgrade Shrine","floor":22,"gold_loss":0,"cards_upgraded":["Runesmith:CreatorForm"]}],"is_beta":false,"boss_relics":[{"not_picked":["Ectoplasm","Pandora\u0027s Box"],"picked":"Busted Crown"}],"items_purged_floors":[],"is_endless":false,"potions_floor_spawned":[4,6,8,10,16,18],"killed_by":"Gremlin Leader","ascension_level":0}}