{"host":"3h5qf14xt40jhha0","time":1608450472,"event":{"mods":["AlwaysNeverKeys","BaseMod","Colored Powertips","Minty Spire (QoL Compilation)","Permanent Neow","Relic Stats","StSLib"],"gold_per_floor":[115,265,265,17,17,17,17],"floor_reached":6,"playtime":173,"items_purged":["Doubt"],"score":64,"play_id":"e53b0a21-d88f-4b69-821e-ad6f2adfcc45","local_time":"20201220024752","is_ascension_mode":true,"campfire_choices":[],"circlet_count":0,"master_deck":["AscendersBane","Strike_B","Strike_B","Strike_B","Strike_B","Defend_B","Defend_B+1","Defend_B","Defend_B","Zap","Dualcast","Go for the Eyes+1"],"relics":["Cracked Core","Strawberry","Chemical X","Golden Idol"],"acts_visited":["Exordium"],"potions_floor_usage":[],"damage_taken":[{"damage":2,"enemies":"Jaw Worm","floor":1,"turns":4},{"damage":52,"enemies":"3 Sentries","floor":6,"turns":8}],"seed_played":"-5593079585154937626","potions_obtained":[],"is_trial":false,"path_per_floor":["M","?","?","$","?","E"],"character_chosen":"DEFECT","items_purchased":["Chemical X"],"campfire_rested":0,"item_purchase_floors":[4],"current_hp_per_floor":[69,69,46,46,46,0,0],"gold":17,"neow_bonus":"RANDOM_COMMON_RELIC","is_daily":false,"chose_seed":false,"campfire_upgraded":0,"win_rate":0.0,"timestamp":1608450472,"path_taken":["M","?","?","$","?","E"],"items_purchased_type":["Relic"],"build_version":"2020-12-13","purchased_purges":1,"victory":false,"max_hp_per_floor":[78,78,78,78,71,71,71],"relic_stats":{"counters":[2,12],"Golden Idol":0,"Chemical X":[1],"obtain_stats":[{"Golden Idol":5,"Strawberry":0,"Chemical X":4,"Cracked Core":0},{"Golden Idol":1,"Strawberry":0,"Chemical X":1,"Cracked Core":0},{"Golden Idol":4,"Strawberry":0,"Chemical X":4,"Cracked Core":0}]},"card_choices":[{"not_picked":["Turbo","Coolheaded"],"picked":"Go for the Eyes","floor":1}],"player_experience":1260076,"relics_obtained":[],"event_choices":[{"damage_healed":0,"gold_gain":150,"player_choice":"AGREE","damage_taken":0,"max_hp_gain":0,"max_hp_loss":0,"event_name":"Liars Game","floor":2,"gold_loss":0,"cards_obtained":["Doubt"]},{"damage_healed":0,"gold_gain":0,"player_choice":"Entered Light","damage_taken":23,"max_hp_gain":0,"max_hp_loss":0,"event_name":"Shining Light","floor":3,"gold_loss":0,"cards_upgraded":["Defend_B","Go for the Eyes"]},{"damage_healed":0,"gold_gain":0,"player_choice":"Lose Max HP","damage_taken":0,"relics_obtained":["Golden Idol"],"max_hp_gain":0,"max_hp_loss":7,"event_name":"Golden Idol","floor":5,"gold_loss":0}],"is_beta":false,"boss_relics":[],"items_purged_floors":[4],"is_endless":false,"potions_floor_spawned":[],"killed_by":"3 Sentries","ascension_level":20}}