{"host":"k5dhp0bkccqfauyu","time":1608466350,"event":{"mods":["BaseMod","Better Note","Better Skull","Better Vampires","Colored Map","Colored Powertips","DeckTracker","Minty Spire (QoL Compilation)","Permanent Neow","StSLib","SuperFastMode"],"gold_per_floor":[111,125,40,50,64,81,81,107,107,107,117,192,225,225,225,297,297,310,225,225,236,252,252,279,279,303,317,317,317,41,55,55,132,132,148,148,159,172,185,185,185,216,216,231,531,545,545,545,545],"floor_reached":48,"playtime":2106,"items_purged":["Decay"],"score":1288,"play_id":"42a2bbb3-d9e4-4e0f-b3c2-36aa832a371c","local_time":"20201220231230","is_ascension_mode":true,"campfire_choices":[{"data":"Sweeping Beam","floor":15,"key":"SMITH"},{"floor":23,"key":"REST"},{"floor":25,"key":"REST"},{"data":"Fission","floor":32,"key":"SMITH"},{"data":"Seek","floor":40,"key":"SMITH"},{"floor":47,"key":"REST"}],"circlet_count":0,"master_deck":["AscendersBane","Strike_B+1","Defend_B+1","Defend_B+1","Defend_B+1","Defend_B+1","Zap","Dualcast","Ball Lightning","Rebound","Ball Lightning","Sweeping Beam+1","Chill","Skim","Hologram","White Noise","Fission+1","Meteor Strike+1","Buffer+1","Echo Form+1","Coolheaded+1","Biased Cognition","Capacitor","Ghostly","Ghostly","Ghostly","Master of Strategy","Hologram","Seek+1","Pain","BootSequence+1","Undo","Fission","Regret"],"relics":["Cursed Key","Singing Bowl","Pantograph","CaptainsWheel","Astrolabe","StrikeDummy","Bottled Flame","Lantern","Nuclear Battery","WarpedTongs","Pen Nib"],"acts_visited":["Exordium","TheCity","TheBeyond"],"potions_floor_usage":[8,8,16,18,24,33,44,48,48],"damage_taken":[{"damage":7,"enemies":"2 Louse","floor":1,"turns":3},{"damage":1,"enemies":"Small Slimes","floor":2,"turns":3},{"damage":7,"enemies":"Jaw Worm","floor":4,"turns":2},{"damage":0,"enemies":"3 Louse","floor":5,"turns":3},{"damage":2,"enemies":"Blue Slaver","floor":6,"turns":4},{"damage":0,"enemies":"Lagavulin","floor":8,"turns":5},{"damage":1,"enemies":"Exordium Thugs","floor":11,"turns":3},{"damage":34,"enemies":"Gremlin Nob","floor":13,"turns":4},{"damage":0,"enemies":"Slime Boss","floor":16,"turns":5},{"damage":46,"enemies":"3 Byrds","floor":18,"turns":5},{"damage":5,"enemies":"Shell Parasite","floor":21,"turns":6},{"damage":1,"enemies":"Shelled Parasite and Fungi","floor":22,"turns":7},{"damage":22,"enemies":"Gremlin Leader","floor":24,"turns":6},{"damage":2,"enemies":"Chosen and Byrds","floor":27,"turns":4},{"damage":0,"enemies":"3 Cultists","floor":31,"turns":3},{"damage":0,"enemies":"Automaton","floor":33,"turns":7},{"damage":1,"enemies":"Orb Walker","floor":35,"turns":4},{"damage":0,"enemies":"3 Shapes","floor":37,"turns":3},{"damage":3,"enemies":"Spire Growth","floor":38,"turns":5},{"damage":2,"enemies":"Sphere and 2 Shapes","floor":39,"turns":6},{"damage":2,"enemies":"Nemesis","floor":42,"turns":5},{"damage":3,"enemies":"3 Darklings","floor":44,"turns":5},{"damage":8,"enemies":"Jaw Worm Horde","floor":46,"turns":3},{"damage":47,"enemies":"Giant Head","floor":48,"turns":6}],"seed_played":"3607812128377690311","potions_obtained":[{"floor":2,"key":"SneckoOil"},{"floor":6,"key":"AttackPotion"},{"floor":11,"key":"SpeedPotion"},{"floor":14,"key":"PowerPotion"},{"floor":14,"key":"PowerPotion"},{"floor":16,"key":"FearPotion"},{"floor":22,"key":"FocusPotion"},{"floor":31,"key":"AttackPotion"},{"floor":33,"key":"DuplicationPotion"},{"floor":38,"key":"PowerPotion"},{"floor":39,"key":"Fruit Juice"},{"floor":44,"key":"SkillPotion"}],"is_trial":false,"path_per_floor":["M","M","$","M","M","M","?","E","T","?","M","?","E","?","R","B",null,"M","?","?","M","M","R","E","R","T","M","?","?","$","M","R","B",null,"M","?","M","M","M","R","?","E","T","M","?","M","R","E"],"character_chosen":"DEFECT","items_purchased":["Ball Lightning","Sweeping Beam","Master of Strategy"],"campfire_rested":3,"item_purchase_floors":[3,3,30],"current_hp_per_floor":[57,56,56,49,49,47,70,70,70,63,64,53,19,19,19,44,66,22,22,22,19,18,41,19,42,42,42,42,39,39,39,39,39,39,40,40,40,37,35,35,31,31,31,35,35,29,46,0,0],"gold":545,"neow_bonus":"BOSS_RELIC","is_daily":false,"chose_seed":false,"campfire_upgraded":3,"win_rate":0.0,"timestamp":1608466350,"path_taken":["M","M","$","M","M","M","?","E","T","?","?","?","E","?","R","BOSS","M","?","?","M","M","R","E","R","T","M","?","?","$","M","R","BOSS","M","?","M","?","M","R","?","E","T","M","?","?","R","E"],"items_purchased_type":["Card","Card","Card"],"build_version":"2020-12-13","purchased_purges":1,"victory":false,"max_hp_per_floor":[71,71,71,71,71,71,71,71,71,71,73,73,73,73,73,73,73,75,75,75,77,77,77,77,77,77,79,79,39,39,39,39,39,39,41,41,41,41,41,41,47,49,49,56,56,58,58,58,58],"card_choices":[{"not_picked":["Barrage","Recycle"],"picked":"Ball Lightning","floor":1},{"not_picked":["Blizzard","Reprogram"],"picked":"Rebound","floor":2},{"not_picked":["Barrage","Force Field"],"picked":"Chill","floor":4},{"not_picked":["Leap","Chaos","Reprogram"],"picked":"SKIP","floor":5},{"not_picked":["Conserve Battery","Stack"],"picked":"Skim","floor":6},{"not_picked":["Cold Snap","All For One"],"picked":"Hologram","floor":8},{"not_picked":["Melter","Compile Driver","Conserve Battery"],"picked":"Singing Bowl","floor":11},{"not_picked":["Go for the Eyes","Turbo"],"picked":"White Noise","floor":13},{"not_picked":["Core Surge","Machine Learning"],"picked":"Fission","floor":16},{"not_picked":["Ball Lightning","Rebound","Barrage"],"picked":"Singing Bowl","floor":18},{"not_picked":["Ball Lightning","Force Field","Streamline"],"picked":"Singing Bowl","floor":21},{"not_picked":["Genetic Algorithm","Darkness"],"picked":"Coolheaded+1","floor":22},{"not_picked":["Chill+1","Blizzard"],"picked":"Biased Cognition","floor":24},{"not_picked":["Leap","Conserve Battery","Auto Shields"],"picked":"Singing Bowl","floor":27},{"not_picked":["Ball Lightning","Stack+1"],"picked":"Hologram","floor":31},{"not_picked":["All For One","Hyperbeam"],"picked":"Seek","floor":33},{"not_picked":["Coolheaded","Cold Snap","Gash"],"picked":"Singing Bowl","floor":35},{"not_picked":["Rebound","Redo+1"],"picked":"BootSequence+1","floor":37},{"not_picked":["Ball Lightning","Rebound"],"picked":"Undo","floor":38},{"not_picked":["Self Repair","Streamline+1"],"picked":"Fission","floor":39},{"not_picked":["Good Instincts","Purity","Mayhem"],"picked":"Singing Bowl","floor":41},{"not_picked":["The Bomb","Trip","Purity"],"picked":"Singing Bowl","floor":41},{"not_picked":["Dark Shackles","Deep Breath","Discovery"],"picked":"Singing Bowl","floor":41},{"not_picked":["Stack+1","Compile Driver+1","Steam"],"picked":"Singing Bowl","floor":42},{"not_picked":["Go for the Eyes","Genetic Algorithm","Steam"],"picked":"Singing Bowl","floor":44},{"not_picked":["Coolheaded","Thunder Strike","Conserve Battery"],"picked":"Singing Bowl","floor":46}],"player_experience":1798258,"relics_obtained":[{"floor":8,"key":"Singing Bowl"},{"floor":9,"key":"Pantograph"},{"floor":13,"key":"CaptainsWheel"},{"floor":24,"key":"Bottled Flame"},{"floor":26,"key":"Lantern"},{"floor":42,"key":"Pen Nib"}],"event_choices":[{"damage_healed":23,"gold_gain":0,"player_choice":"Banana","damage_taken":0,"max_hp_gain":0,"max_hp_loss":0,"event_name":"Big Fish","floor":7,"gold_loss":0},{"cards_removed":["Regret"],"damage_healed":0,"gold_gain":0,"player_choice":"Card Removal","damage_taken":7,"max_hp_gain":0,"max_hp_loss":0,"event_name":"Golden Wing","floor":10,"gold_loss":0},{"damage_healed":0,"gold_gain":75,"player_choice":"Gather Gold","damage_taken":11,"max_hp_gain":0,"max_hp_loss":0,"event_name":"World of Goop","floor":12,"gold_loss":0},{"damage_healed":0,"gold_gain":0,"player_choice":"Got Potions","damage_taken":0,"max_hp_gain":0,"max_hp_loss":0,"event_name":"Lab","floor":14,"gold_loss":0},{"damage_healed":0,"gold_gain":0,"player_choice":"Obtained Relic","damage_taken":0,"relics_obtained":["StrikeDummy"],"max_hp_gain":0,"max_hp_loss":0,"event_name":"Addict","floor":19,"gold_loss":85},{"damage_healed":0,"gold_gain":0,"player_choice":"Simplicity","damage_taken":0,"max_hp_gain":0,"max_hp_loss":0,"event_name":"Back to Basics","floor":20,"gold_loss":0,"cards_upgraded":["Strike_B","Defend_B","Defend_B","Defend_B","Defend_B"]},{"damage_healed":0,"gold_gain":0,"player_choice":"Read","damage_taken":0,"max_hp_gain":0,"max_hp_loss":0,"event_name":"The Library","floor":28,"gold_loss":0,"cards_obtained":["Capacitor"]},{"damage_healed":0,"gold_gain":0,"player_choice":"Became a Ghost","damage_taken":0,"max_hp_gain":0,"max_hp_loss":40,"event_name":"Ghosts","floor":29,"gold_loss":0,"cards_obtained":["Ghostly","Ghostly","Ghostly"]},{"damage_healed":0,"gold_gain":0,"player_choice":"Rummage","damage_taken":0,"relics_obtained":["WarpedTongs"],"max_hp_gain":0,"max_hp_loss":0,"event_name":"Accursed Blacksmith","floor":36,"gold_loss":0,"cards_obtained":["Pain"]},{"damage_healed":0,"gold_gain":0,"player_choice":"Memory 3","damage_taken":10,"max_hp_gain":0,"max_hp_loss":0,"event_name":"SensoryStone","floor":41,"gold_loss":0},{"damage_healed":0,"gold_gain":300,"player_choice":"Gold","damage_taken":0,"max_hp_gain":0,"max_hp_loss":0,"event_name":"Wheel of Change","floor":45,"gold_loss":0}],"is_beta":false,"boss_relics":[{"not_picked":["Philosopher\u0027s Stone","Fusion Hammer"],"picked":"Astrolabe"},{"not_picked":["Busted Crown","Tiny House"],"picked":"Nuclear Battery"}],"items_purged_floors":[30],"is_endless":false,"potions_floor_spawned":[2,6,11,16,22,31,33,35,38,39,44],"killed_by":"Giant Head","ascension_level":20}}