{"host":"k5dhp0bkccqfauyu","time":1608471393,"event":{"mods":["BaseMod","Better Note","Better Skull","Better Vampires","Colored Map","Colored Powertips","DeckTracker","Minty Spire (QoL Compilation)","Permanent Neow","StSLib","SuperFastMode"],"gold_per_floor":[115,131,149,162,162,162,174,204,204,204,236,246,278,278,278,385,385,428,428,444,444,485,542,542,542,588,588,259,319,360,66,66,141,141,155,155,105,548,137,137,178,178,478,543,543,601,645,674,674,674,674,674,674,103,103,103],"floor_reached":55,"playtime":2469,"items_purged":["Strike_P","Strike_P","Vengeance","Defend_P","Eruption+1"],"score":2247,"play_id":"ace82a62-b5ef-491c-aaa1-9df20747dae9","local_time":"20201221003633","is_ascension_mode":true,"campfire_choices":[{"floor":6,"key":"REST"},{"data":"ThirdEye","floor":15,"key":"SMITH"},{"floor":24,"key":"REST"},{"floor":27,"key":"REST"},{"floor":32,"key":"REST"},{"floor":40,"key":"REST"},{"floor":42,"key":"RECALL"},{"floor":45,"key":"REST"},{"floor":49,"key":"REST"},{"floor":53,"key":"REST"}],"circlet_count":0,"master_deck":["AscendersBane","Defend_P","Defend_P+1","Vigilance","EmptyFist+1","ReachHeaven","ThirdEye+1","Wallop+1","CutThroughFate+1","Wish+1","Blasphemy+1","ReachHeaven+1","WheelKick+1","Collect+1","Protect+1","Wallop+1","Vault","Discovery","InnerPeace+1","Worship","Worship","Apotheosis"],"relics":["Empty Cage","Smiling Mask","Molten Egg 2","Ginger","Darkstone Periapt","Snecko Eye","War Paint","Bottled Lightning","Anchor","Lantern","SacredBark","Shuriken","Old Coin","Mummified Hand","PreservedInsect","Centennial Puzzle","HornCleat"],"acts_visited":["Exordium","TheCity","TheBeyond","TheEnding"],"potions_floor_usage":[8,13,20,33,44,47,51,55,55],"damage_taken":[{"damage":4,"enemies":"Jaw Worm","floor":1,"turns":5},{"damage":0,"enemies":"2 Louse","floor":2,"turns":2},{"damage":12,"enemies":"Small Slimes","floor":3,"turns":4},{"damage":16,"enemies":"2 Fungi Beasts","floor":4,"turns":4},{"damage":5,"enemies":"Gremlin Gang","floor":7,"turns":4},{"damage":10,"enemies":"3 Sentries","floor":8,"turns":4},{"damage":4,"enemies":"Gremlin Nob","floor":11,"turns":3},{"damage":7,"enemies":"3 Louse","floor":12,"turns":3},{"damage":12,"enemies":"3 Sentries","floor":13,"turns":4},{"damage":0,"enemies":"Slime Boss","floor":16,"turns":5},{"damage":10,"enemies":"Spheric Guardian","floor":18,"turns":4},{"damage":10,"enemies":"2 Thieves","floor":20,"turns":2},{"damage":0,"enemies":"Sentry and Sphere","floor":22,"turns":2},{"damage":34,"enemies":"Slavers","floor":23,"turns":3},{"damage":24,"enemies":"Gremlin Leader","floor":29,"turns":4},{"damage":0,"enemies":"Snecko","floor":30,"turns":4},{"damage":0,"enemies":"Collector","floor":33,"turns":5},{"damage":5,"enemies":"3 Darklings","floor":35,"turns":4},{"damage":0,"enemies":"Orb Walker","floor":41,"turns":3},{"damage":19,"enemies":"Reptomancer","floor":44,"turns":6},{"damage":0,"enemies":"Giant Head","floor":46,"turns":6},{"damage":0,"enemies":"Writhing Mass","floor":47,"turns":5},{"damage":9,"enemies":"Reptomancer","floor":48,"turns":4},{"damage":8,"enemies":"Donu and Deca","floor":50,"turns":6},{"damage":45,"enemies":"Awakened One","floor":51,"turns":10},{"damage":100033,"enemies":"Shield and Spear","floor":55,"turns":3}],"seed_played":"2404204266963617345","potions_obtained":[{"floor":1,"key":"FairyPotion"},{"floor":4,"key":"DuplicationPotion"},{"floor":8,"key":"Energy Potion"},{"floor":16,"key":"Explosive Potion"},{"floor":23,"key":"Swift Potion"},{"floor":29,"key":"DistilledChaos"},{"floor":41,"key":"ColorlessPotion"},{"floor":44,"key":"BottledMiracle"},{"floor":48,"key":"ColorlessPotion"}],"is_trial":false,"path_per_floor":["M","M","M","M","?","R","M","E","T","?","E","M","E","?","R","B",null,"M","?","M","?","M","E","R","?","T","R","$","E","M","$","R","B",null,"M","?","$","?","$","R","M","R","T","E","R","E","M","E","R","B","B",null,"R","$","E"],"character_chosen":"WATCHER","items_purchased":["Bottled Lightning","Lantern","Wallop+1","Discovery","Shuriken","Apotheosis","HornCleat","Explosive Potion"],"campfire_rested":8,"item_purchase_floors":[28,31,31,39,39,54,54,54],"current_hp_per_floor":[57,57,45,29,29,49,44,34,34,56,52,45,33,13,13,13,54,44,44,34,34,34,20,40,40,40,60,60,36,36,36,56,56,65,60,60,60,22,22,42,42,42,42,23,43,43,43,34,54,46,1,51,68,68,0,0],"gold":103,"neow_bonus":"BOSS_RELIC","is_daily":false,"chose_seed":false,"campfire_upgraded":1,"win_rate":0.0,"timestamp":1608471393,"path_taken":["M","M","M","M","?","R","M","E","T","?","E","M","E","?","R","BOSS","M","?","?","?","M","E","R","?","T","R","$","E","?","$","R","BOSS","M","?","$","?","$","R","M","R","T","E","R","E","M","E","R","BOSS","BOSS","R","$","E"],"items_purchased_type":["Relic","Relic","Card","Card","Relic","Card","Relic","Potion"],"build_version":"2020-12-13","purchased_purges":5,"victory":false,"max_hp_per_floor":[68,68,68,68,68,68,68,68,68,68,68,68,68,68,68,68,68,68,68,68,68,68,68,68,68,68,68,68,68,68,68,68,68,68,68,68,68,68,68,68,68,68,68,68,68,68,68,68,68,68,68,68,68,68,68,68],"card_choices":[{"not_picked":["CutThroughFate","BowlingBash"],"picked":"EmptyFist","floor":1},{"not_picked":["Collect","Omniscience"],"picked":"ReachHeaven","floor":2},{"not_picked":["EmptyFist","Crescendo"],"picked":"Vengeance","floor":3},{"not_picked":["JustLucky","Crescendo"],"picked":"ThirdEye","floor":4},{"not_picked":["Prostrate","Pray","SashWhip"],"picked":"SKIP","floor":7},{"not_picked":["Prostrate","Pray","SashWhip"],"picked":"SKIP","floor":7},{"not_picked":["Crescendo","PathToVictory","FlyingSleeves"],"picked":"SKIP","floor":8},{"not_picked":["Study","Nirvana"],"picked":"Wallop+1","floor":11},{"not_picked":["EmptyFist+1","BowlingBash+1"],"picked":"CutThroughFate+1","floor":12},{"not_picked":["ClearTheMind","BowlingBash+1"],"picked":"Wish","floor":13},{"not_picked":["Brilliance+1","Vault"],"picked":"Blasphemy","floor":16},{"not_picked":["Crescendo","Prostrate"],"picked":"ReachHeaven+1","floor":18},{"not_picked":["TalkToTheHand+1","JustLucky+1","PathToVictory"],"picked":"SKIP","floor":20},{"not_picked":["CutThroughFate+1","EmptyMind","Consecrate+1"],"picked":"SKIP","floor":22},{"not_picked":["CrushJoints+1","Perseverance"],"picked":"Collect","floor":23},{"not_picked":["ThirdEye","Indignation"],"picked":"Protect+1","floor":29},{"not_picked":["Halt","Weave+1","SignatureMove+1"],"picked":"SKIP","floor":30},{"not_picked":["Wish","Brilliance+1"],"picked":"Vault","floor":33},{"not_picked":["WreathOfFlame+1","Perseverance","ThirdEye"],"picked":"SKIP","floor":35},{"not_picked":["CrushJoints+1","FollowUp+1","Nirvana+1"],"picked":"SKIP","floor":41},{"not_picked":["DeceiveReality","EmptyBody","ConjureBlade"],"picked":"SKIP","floor":44},{"not_picked":["FlyingSleeves+1","DeceiveReality+1"],"picked":"InnerPeace+1","floor":46},{"not_picked":["SashWhip+1","BowlingBash+1"],"picked":"Worship","floor":47},{"not_picked":["CutThroughFate+1","SignatureMove+1"],"picked":"Worship","floor":48}],"player_experience":1802258,"relics_obtained":[{"floor":8,"key":"Smiling Mask"},{"floor":9,"key":"Molten Egg 2"},{"floor":11,"key":"Ginger"},{"floor":13,"key":"Darkstone Periapt"},{"floor":23,"key":"War Paint"},{"floor":29,"key":"Anchor"},{"floor":43,"key":"Old Coin"},{"floor":44,"key":"Mummified Hand"},{"floor":46,"key":"PreservedInsect"},{"floor":48,"key":"Centennial Puzzle"}],"event_choices":[{"damage_healed":0,"gold_gain":0,"player_choice":"Grow","damage_taken":0,"max_hp_gain":0,"max_hp_loss":0,"event_name":"Living Wall","floor":5,"gold_loss":0,"cards_upgraded":["Eruption"]},{"damage_healed":22,"gold_gain":0,"player_choice":"Banana","damage_taken":0,"max_hp_gain":0,"max_hp_loss":0,"event_name":"Big Fish","floor":10,"gold_loss":0},{"damage_healed":0,"gold_gain":0,"player_choice":"Entered Light","damage_taken":20,"max_hp_gain":0,"max_hp_loss":0,"event_name":"Shining Light","floor":14,"gold_loss":0,"cards_upgraded":["EmptyFist","Wish"]},{"damage_healed":0,"gold_gain":0,"player_choice":"Upgraded","damage_taken":0,"max_hp_gain":0,"max_hp_loss":0,"event_name":"Upgrade Shrine","floor":19,"gold_loss":0,"cards_upgraded":["Blasphemy"]},{"damage_healed":0,"gold_gain":0,"player_choice":"Read","damage_taken":0,"max_hp_gain":0,"max_hp_loss":0,"event_name":"The Library","floor":21,"gold_loss":0,"cards_obtained":["WheelKick"]},{"cards_removed":["Strike_P"],"damage_healed":0,"gold_gain":0,"player_choice":"Purged","damage_taken":0,"max_hp_gain":0,"max_hp_loss":0,"event_name":"Purifier","floor":25,"gold_loss":0},{"damage_healed":0,"gold_gain":0,"player_choice":"Ignored","damage_taken":0,"max_hp_gain":0,"max_hp_loss":0,"event_name":"Tomb of Lord Red Mask","floor":36,"gold_loss":0},{"damage_healed":0,"gold_gain":443,"player_choice":"GO GO GO GO GO ","damage_taken":43,"relics_obtained":[],"max_hp_gain":0,"max_hp_loss":0,"event_name":"betterSkull:BetterSkull","floor":38,"gold_loss":0,"cards_upgraded":[]}],"is_beta":false,"boss_relics":[{"not_picked":["Coffee Dripper","Busted Crown"],"picked":"Snecko Eye"},{"not_picked":["Runic Pyramid","Pandora\u0027s Box"],"picked":"SacredBark"}],"items_purged_floors":[28,31,37,39,54],"is_endless":false,"potions_floor_spawned":[1,4,8,12,16,18,23,29,30,41,44,48],"killed_by":"Shield and Spear","ascension_level":20}}