{"host":"gs0a38e4jr2axiip","time":1608508562,"event":{"mods":["Abigail Mod","Act Like it!","BaseMod","Bestiary","Better Note","BetterRewards","CCEM","Colored Map","Conspire","Downfall","Exacting","Gensokyo","Hallownest","Highlight Path","Hubris","Infinite Spire","Jedi Mod","Koishi","MarisaÅiñ∂âJÅ@ñÇóùçπÅj","Minty Spire (QoL Compilation)","Permanent Neow","Prisma Mod","Replay The Spire","Shade Mod","Shop Mod","Spire Birthday Party","StSLib","The Dragon Tamer","The Gatherer","The Necromancer","The Servant 0.9.4","Unceasing Turn Reminder","Waifu the Spire","Wandering Minibosses","Yuyuko"],"gold_per_floor":[99,99,99,24,52,52,52,71,87,121,134,134,180,135,153,153,153],"floor_reached":16,"playtime":945,"items_purged":[],"score":110,"play_id":"55b00bce-2f9e-4a90-a78e-a5744f74cf41","local_time":"20201220175602","is_ascension_mode":false,"campfire_choices":[{"floor":1.0,"key":"RECALL"},{"data":"sneckomod:SnekBite","floor":4.0,"key":"SMITH"},{"data":"sneckomod:UnknownClassGareth_Color","floor":6.0,"key":"SMITH"}],"circlet_count":0,"master_deck":["sneckomod:Strike","sneckomod:Strike","sneckomod:Defend","sneckomod:Defend","sneckomod:Defend","sneckomod:TailWhip","sneckomod:SnekBite+1","sneckomod:Unknown","sneckomod:Unknown","sneckomod:UnknownClassGareth_Color+1","sneckomod:UnknownClassCHLOE_RED","sneckomod:UnknownClassMARISA_COLOR","sneckomod:UnknownClassDARK_GREEN_COLOR","sneckomod:DiceCrush","sneckomod:SoulRoll","sneckomod:UnknownClassINFINITE_BLACK","Hallucinations","sneckomod:Nope","sneckomod:ImprovisedAttack","sneckomod:UnknownExhaust"],"relics":["Dream Catcher","Boot","downfall:HeartBlessingRed","hubris:OldNail","Guardian:PocketSentry"],"acts_visited":["Exordium"],"potions_floor_usage":[8,14,14,14],"damage_taken":[{"damage":6.0,"enemies":"Lagavulin","floor":5.0,"turns":5.0},{"damage":0.0,"enemies":"2 Louse","floor":8.0,"turns":2.0},{"damage":0,"enemies":"Cultist","floor":9,"turns":3},{"damage":20,"enemies":"Gremlin Nob","floor":10,"turns":4},{"damage":11,"enemies":"Jaw Worm","floor":11,"turns":2},{"damage":0,"enemies":"3 Louse","floor":13,"turns":2},{"damage":20,"enemies":"downfall:FleeingMerchant","floor":14,"turns":5},{"damage":15,"enemies":"Exordium Wildlife","floor":15,"turns":3},{"damage":36,"enemies":"downfall:Ironclad","floor":16,"turns":6}],"seed_played":"-1551337314123409831","potions_obtained":[{"floor":8,"key":"jedi:hoardpotion"},{"floor":10,"key":"Swift Potion"},{"floor":11,"key":"champ:CounterPotion"},{"floor":13,"key":"jedi:mysterypotion"}],"is_trial":false,"path_per_floor":["R","?","?","R","E","R","T","M","M","E","M","?","M","$","M","B"],"character_chosen":"THE_SNECKO","items_purchased":[],"campfire_rested":0,"item_purchase_floors":[],"current_hp_per_floor":[90,90,90,90,85,85,85,88,88,68,60,60,62,42,29,0,0],"gold":153,"neow_bonus":"RANDOM_COMMON_RELIC","is_daily":false,"chose_seed":false,"campfire_upgraded":2,"win_rate":0.0,"timestamp":1608508562,"path_taken":["R","?","?","R","E","R","T","M","?","E","M","?","M","?","M","BOSS"],"items_purchased_type":[],"build_version":"2020-12-13","purchased_purges":0,"victory":false,"max_hp_per_floor":[90,90,90,90,91,91,91,94,94,94,95,95,95,95,97,97,97],"card_choices":[{"not_picked":["sneckomod:UnknownWeak","sneckomod:TrashToTreasure"],"picked":"sneckomod:UnknownClassGareth_Color","floor":5.0},{"not_picked":["sneckomod:UnknownCommonSkill","sneckomod:TrashToTreasure"],"picked":"sneckomod:DiceCrush","floor":9},{"not_picked":["sneckomod:RainOfDice","sneckomod:Unknown1Cost"],"picked":"sneckomod:SoulRoll","floor":10},{"not_picked":["sneckomod:Nope","sneckomod:Mudshield"],"picked":"sneckomod:UnknownClassINFINITE_BLACK","floor":11},{"not_picked":["sneckomod:UnknownCommonAttack","sneckomod:DiceCrush"],"picked":"sneckomod:Nope","floor":13},{"not_picked":["sneckomod:SoulRoll","sneckomod:UnknownStrike"],"picked":"sneckomod:ImprovisedAttack","floor":14},{"not_picked":["sneckomod:SoulRoll","sneckomod:UnknownStrike"],"picked":"sneckomod:UnknownExhaust","floor":15}],"player_experience":773230,"relics_obtained":[{"floor":5.0,"key":"hubris:OldNail"},{"floor":10,"key":"Guardian:PocketSentry"}],"event_choices":[{"cards_removed":["sneckomod:Strike"],"damage_healed":0.0,"max_hp_gain":0.0,"max_hp_loss":0.0,"gold_gain":0.0,"event_name":"Bonfire Elementals","player_choice":"Offered Basic","floor":3.0,"gold_loss":0.0,"damage_taken":0.0}],"is_beta":false,"boss_relics":[],"items_purged_floors":[],"is_endless":false,"potions_floor_spawned":[8,10,11,13],"killed_by":"downfall:Ironclad","ascension_level":0}}