{"host":"6azrrw3tf7wb0f4b","time":1608452553,"event":{"mods":["BaseMod","DeckTracker","Minty Spire (QoL Compilation)","SuperFastMode"],"gold_per_floor":[118,132,149,161,174,174,194,194,194,221,251,319,176,186,186,287,287,297,297,277,289,154,154,172,172,195,207,225,225,260,64,64,159,159,169,183,203,219,274,274,274,274],"floor_reached":41,"playtime":1327,"items_purged":["Defend_B","Strike_B","Strike_B"],"score":597,"play_id":"bc946ce5-2bed-4a6b-bf37-d66902af4326","local_time":"20201220172233","is_ascension_mode":true,"campfire_choices":[{"data":"Dualcast","floor":6.0,"key":"SMITH"},{"floor":8.0,"key":"REST"},{"floor":15.0,"key":"REST"},{"floor":23.0,"key":"REST"},{"data":"White Noise","floor":25.0,"key":"SMITH"},{"floor":29.0,"key":"REST"},{"data":"Darkness","floor":32.0,"key":"SMITH"},{"floor":40.0,"key":"REST"}],"circlet_count":0,"master_deck":["Strike_B","Strike_B","Defend_B","Defend_B","Defend_B","Zap","Dualcast+1","Fission","Conserve Battery","Glacier","Undo","Redo","Sunder","White Noise+1","Amplify","Doom and Gloom","Leap","Core Surge","Redo+1","Force Field","Storm","Turbo","Hologram","Darkness+1","Static Discharge","Defragment","Creative AI","Parasite","Gash+1","Conserve Battery+1"],"relics":["Cracked Core","Symbiotic Virus","Incense Burner","Sozu","Nilry\u0027s Codex","Dream Catcher","Bird Faced Urn","Busted Crown","Girya"],"acts_visited":["Exordium","TheCity","TheBeyond"],"potions_floor_usage":[],"damage_taken":[{"damage":1.0,"enemies":"Cultist","floor":1.0,"turns":3.0},{"damage":10.0,"enemies":"2 Louse","floor":2.0,"turns":3.0},{"damage":0.0,"enemies":"Small Slimes","floor":3.0,"turns":4.0},{"damage":6.0,"enemies":"Blue Slaver","floor":4.0,"turns":4.0},{"damage":19.0,"enemies":"Exordium Thugs","floor":5.0,"turns":4.0},{"damage":20.0,"enemies":"Gremlin Gang","floor":7.0,"turns":5.0},{"damage":7.0,"enemies":"Lagavulin","floor":10.0,"turns":8.0},{"damage":10.0,"enemies":"3 Louse","floor":14.0,"turns":3.0},{"damage":13.0,"enemies":"Slime Boss","floor":16.0,"turns":8.0},{"damage":29.0,"enemies":"2 Thieves","floor":18.0,"turns":4.0},{"damage":5.0,"enemies":"Chosen","floor":21.0,"turns":4.0},{"damage":5.0,"enemies":"3 Cultists","floor":24.0,"turns":4.0},{"damage":6.0,"enemies":"Chosen and Byrds","floor":27.0,"turns":7.0},{"damage":3.0,"enemies":"Snecko","floor":28.0,"turns":5.0},{"damage":0.0,"enemies":"Gremlin Leader","floor":30.0,"turns":10.0},{"damage":34.0,"enemies":"Champ","floor":33.0,"turns":11.0},{"damage":6.0,"enemies":"3 Shapes","floor":35.0,"turns":5.0},{"damage":6.0,"enemies":"3 Darklings","floor":36.0,"turns":3.0},{"damage":44.0,"enemies":"Writhing Mass","floor":37.0,"turns":6.0},{"damage":14.0,"enemies":"Sphere and 2 Shapes","floor":38.0,"turns":4.0},{"damage":30.0,"enemies":"2 Orb Walkers","floor":39.0,"turns":5.0},{"damage":70,"enemies":"Reptomancer","floor":41,"turns":3}],"seed_played":"8388285639476486542","potions_obtained":[{"floor":2.0,"key":"DuplicationPotion"},{"floor":7.0,"key":"FocusPotion"},{"floor":10.0,"key":"Energy Potion"},{"floor":14.0,"key":"Fire Potion"},{"floor":16.0,"key":"Swift Potion"}],"is_trial":false,"path_per_floor":["M","M","M","M","M","R","M","R","T","E","?","?","$","M","R","B",null,"M","?","?","M","$","R","M","R","T","M","M","R","E","$","R","B",null,"M","M","M","M","?","R","E"],"character_chosen":"DEFECT","items_purchased":["Doom and Gloom","Storm","Defragment"],"campfire_rested":5,"item_purchase_floors":[13,22,31],"current_hp_per_floor":[67,57,57,51,32,32,12,34,34,27,27,27,27,17,39,26,63,34,18,18,13,13,35,30,30,30,24,21,43,43,43,43,23,62,70,75,45,45,35,57,0,0],"gold":274,"neow_bonus":"ONE_RANDOM_RARE_CARD","is_daily":false,"chose_seed":false,"campfire_upgraded":3,"win_rate":0.0,"timestamp":1608452553,"path_taken":["M","?","M","M","M","R","M","R","T","E","?","?","$","M","R","BOSS","M","?","?","?","$","R","M","R","T","M","M","R","E","?","R","BOSS","M","?","M","M","?","R","E"],"items_purchased_type":["Card","Card","Card"],"build_version":"2020-12-13","purchased_purges":3,"victory":false,"max_hp_per_floor":[75,75,75,75,75,75,75,75,75,75,75,75,75,75,75,75,75,75,75,75,75,75,75,75,75,75,75,75,75,75,75,75,75,75,75,75,75,75,75,75,75,75],"card_choices":[{"not_picked":["Steam","Redo"],"picked":"Conserve Battery","floor":1.0},{"not_picked":["Gash","Capacitor"],"picked":"Glacier","floor":2.0},{"not_picked":["Go for the Eyes","Seek"],"picked":"Undo","floor":3.0},{"not_picked":["Beam Cell","Scrape"],"picked":"Redo","floor":4.0},{"not_picked":["Glacier","Redo"],"picked":"Sunder","floor":5.0},{"not_picked":["Undo","Rebound"],"picked":"White Noise","floor":7.0},{"not_picked":["Barrage","Redo"],"picked":"Amplify","floor":10.0},{"not_picked":["Coolheaded","Beam Cell"],"picked":"Leap","floor":14.0},{"not_picked":["Seek","Multi-Cast"],"picked":"Core Surge","floor":16.0},{"not_picked":["Stack","Consume+1"],"picked":"Redo+1","floor":18.0},{"not_picked":["Cold Snap","Chaos"],"picked":"Force Field","floor":21.0},{"not_picked":["FTL","Gash"],"picked":"Turbo","floor":24.0},{"not_picked":["Sweeping Beam","Scrape"],"picked":"Hologram","floor":27.0},{"not_picked":["Conserve Battery","Cold Snap"],"picked":"Darkness","floor":28.0},{"not_picked":["Go for the Eyes","Beam Cell"],"picked":"Static Discharge","floor":30.0},{"not_picked":["Fission","Reboot"],"picked":"Creative AI","floor":33.0},{"not_picked":["Cold Snap+1"],"picked":"SKIP","floor":35.0},{"not_picked":["BootSequence"],"picked":"SKIP","floor":36.0},{"not_picked":[],"picked":"Gash+1","floor":37.0},{"not_picked":["Steam Power+1"],"picked":"SKIP","floor":38.0},{"not_picked":[],"picked":"Conserve Battery+1","floor":39.0}],"player_experience":634824,"relics_obtained":[{"floor":9.0,"key":"Symbiotic Virus"},{"floor":10.0,"key":"Incense Burner"},{"floor":19.0,"key":"Nilry\u0027s Codex"},{"floor":26.0,"key":"Dream Catcher"},{"floor":30.0,"key":"Bird Faced Urn"},{"floor":39.0,"key":"Girya"}],"event_choices":[{"damage_healed":0.0,"max_hp_gain":0.0,"max_hp_loss":0.0,"gold_gain":30.0,"event_name":"Dead Adventurer","player_choice":"Searched \u00272\u0027 times","floor":11.0,"gold_loss":0.0,"damage_taken":0.0},{"damage_healed":0.0,"max_hp_gain":0.0,"max_hp_loss":0.0,"gold_gain":68.0,"event_name":"Golden Wing","player_choice":"Gained Gold","floor":12.0,"gold_loss":0.0,"damage_taken":0.0},{"damage_healed":0.0,"max_hp_gain":0.0,"max_hp_loss":0.0,"gold_gain":0.0,"event_name":"Cursed Tome","player_choice":"Obtained Book","floor":19.0,"gold_loss":0.0,"damage_taken":16.0},{"damage_healed":0.0,"max_hp_gain":0.0,"max_hp_loss":0.0,"gold_gain":0.0,"event_name":"The Woman in Blue","player_choice":"Bought 1 Potion","floor":20.0,"gold_loss":0.0,"damage_taken":0.0},{"damage_healed":0.0,"max_hp_gain":0.0,"max_hp_loss":0.0,"gold_gain":0.0,"event_name":"Mysterious Sphere","player_choice":"Fight","floor":39.0,"gold_loss":0.0,"damage_taken":0.0}],"is_beta":false,"boss_relics":[{"not_picked":["Fusion Hammer","Calling Bell"],"picked":"Sozu"},{"not_picked":["Velvet Choker","Inserter"],"picked":"Busted Crown"}],"items_purged_floors":[13,22,31],"is_endless":false,"potions_floor_spawned":[2,7,10,14,16,24,27,33,38,39],"killed_by":"Reptomancer","ascension_level":7}}