{"host":"5iqr6jnxsq1ojyp4","time":1608469180,"event":{"mods":["AchievementEnabler","BaseMod","Better Altar","Better Match","Better Note","Better Sensory Stone","Better Skull","Better Third Choice","BetterRewards","Block Reminder","CCEM","Colored Map","Colored Powertips","Downfall","Googly Eyes","Highlight Path","Minty Spire (QoL Compilation)","Permanent Neow","Quick Restart","Rare Cards Sparkle","Relic Stats","Replay The Spire","StSLib","Unceasing Turn Reminder"],"gold_per_floor":[99,99,118,133,168,184,234,234,266,191,208,208,243,268,285,380,380,380,380,411,411,440,440,463,463,463,463,463,480,480,330,343,343,343],"floor_reached":33,"playtime":3358,"items_purged":[],"score":289,"play_id":"20ef6a07-e5ce-43cd-91c8-947f08571fde","local_time":"20201220045940","is_ascension_mode":false,"campfire_choices":[{"data":"champ:Taunt","floor":1,"key":"SMITH"},{"floor":8,"key":"REST"},{"floor":10,"key":"REST"},{"data":"champ:StrikeOfGenius","floor":18,"key":"SMITH"},{"data":"champ:CheapShot","floor":21,"key":"SMITH"},{"data":"champ:Devastate","floor":23,"key":"SMITH"},{"data":"champ:FanOfKnives","floor":27,"key":"SMITH"}],"circlet_count":0,"master_deck":["champ:Strike","champ:Strike","champ:Strike","champ:Defend","champ:Defend+1","champ:Defend+1","champ:Defend","champ:Execute","champ:Taunt+1","champ:Haymaker","champ:FlashCut","champ:EnGarde","champ:FanOfKnives+1","champ:TornadoPunch","champ:CheapShot+1","champ:BringItOn","champ:StanceDance","champ:DefensiveShout","champ:Lariat","champ:StrikeOfGenius+1","champ:Riposte","champ:Devastate+1","champ:BladeFlurry","Slimebound:CheckThePlaybook","champ:GladiatorStyle+1"],"relics":["champ:ChampionCrown","Strawberry","War Paint","downfall:HeartBlessingGreen","Odd Mushroom","champ:ChampionCrownUpgraded","Onion Ring","Omamori","ReplayTheSpireMod:Lightbulb","downfall:RedIOU"],"acts_visited":["Exordium","TheCity"],"potions_floor_usage":[16,20,33,33,33],"damage_taken":[{"damage":10,"enemies":"Small Slimes","floor":3,"turns":3},{"damage":10,"enemies":"Cultist","floor":4,"turns":4},{"damage":76,"enemies":"Lagavulin","floor":5,"turns":10},{"damage":0,"enemies":"2 Louse","floor":6,"turns":3},{"damage":30,"enemies":"3 Sentries","floor":9,"turns":7},{"damage":1,"enemies":"Large Slime","floor":11,"turns":4},{"damage":4,"enemies":"The Mushroom Lair","floor":14,"turns":5},{"damage":13,"enemies":"Blue Slaver","floor":15,"turns":4},{"damage":23,"enemies":"downfall:Ironclad","floor":16,"turns":13},{"damage":21,"enemies":"Replay:Snechameleon","floor":20,"turns":6},{"damage":24,"enemies":"Slavers","floor":22,"turns":6},{"damage":16,"enemies":"3 Byrds","floor":29,"turns":5},{"damage":31,"enemies":"Chosen","floor":32,"turns":5},{"damage":75,"enemies":"downfall:Silent","floor":33,"turns":9}],"seed_played":"-739681537496142976","potions_obtained":[{"floor":4,"key":"Fire Potion"},{"floor":5,"key":"Elixir"},{"floor":11,"key":"SpeedPotion"},{"floor":13,"key":"Flashbang"},{"floor":13,"key":"SkillPotion"},{"floor":20,"key":"DuplicationPotion"},{"floor":22,"key":"Swift Potion"},{"floor":29,"key":"Block Potion"}],"is_trial":false,"path_per_floor":["R","?","M","M","E","M","T","R","E","R","M","?","?","?","M","B",null,"R","?","E","R","E","R","T","?","?","R","?","M","?","?","M","B"],"character_chosen":"THE_CHAMP","items_purchased":[],"campfire_rested":2,"item_purchase_floors":[],"current_hp_per_floor":[90,90,90,90,39,39,39,68,51,80,79,79,41,37,34,22,97,97,97,94,94,73,73,73,73,73,73,73,60,60,98,75,0,0],"gold":343,"neow_bonus":"THREE_CARDS","is_daily":false,"chose_seed":false,"campfire_upgraded":5,"win_rate":0.0,"timestamp":1608469180,"path_taken":["R","?","M","M","E","?","T","R","E","R","M","?","?","?","M","BOSS","R","?","E","R","E","R","T","?","?","R","?","?","?","?","M","BOSS"],"items_purchased_type":[],"build_version":"2020-12-13","purchased_purges":0,"victory":false,"max_hp_per_floor":[90,90,90,90,97,97,97,97,97,97,97,97,97,97,97,97,97,97,97,97,97,97,97,97,97,97,97,97,97,88,98,98,98,98],"relic_stats":{"counters":[14,84],"War Paint":["champ:Defend","champ:Defend"],"obtain_stats":[{"Strawberry":5,"champ:ChampionCrown":0,"downfall:HeartBlessingGreen":10,"Onion Ring":20,"champ:ChampionCrownUpgraded":17,"downfall:RedIOU":25,"Omamori":22,"Orichalcum":7,"War Paint":9,"Odd Mushroom":14,"ReplayTheSpireMod:Lightbulb":24},{"Strawberry":3,"champ:ChampionCrown":0,"downfall:HeartBlessingGreen":5,"Onion Ring":10,"champ:ChampionCrownUpgraded":9,"downfall:RedIOU":11,"Omamori":11,"Orichalcum":4,"War Paint":5,"Odd Mushroom":7,"ReplayTheSpireMod:Lightbulb":11},{"Strawberry":17,"champ:ChampionCrown":0,"downfall:HeartBlessingGreen":27,"Onion Ring":59,"champ:ChampionCrownUpgraded":53,"downfall:RedIOU":65,"Omamori":65,"Orichalcum":20,"War Paint":27,"Odd Mushroom":36,"ReplayTheSpireMod:Lightbulb":65}]},"card_choices":[{"not_picked":["champ:TornadoPunch","champ:PerfectedStrike"],"picked":"champ:Haymaker","floor":0},{"not_picked":["champ:FocusedBerserking","champ:GladiatorStyle"],"picked":"champ:FlashCut","floor":3},{"not_picked":["champ:RapidStrikes","champ:PerfectedStrike"],"picked":"champ:EnGarde","floor":4},{"not_picked":["champ:Encircle","champ:BerserkersShout"],"picked":"champ:FanOfKnives","floor":5},{"not_picked":["champ:GladiatorsShout","champ:PerfectedStrike"],"picked":"champ:TornadoPunch","floor":6},{"not_picked":["champ:Circumvent","champ:IronFortress"],"picked":"champ:CheapShot","floor":9},{"not_picked":["champ:StanceDance","champ:CrookedStrike"],"picked":"champ:BringItOn","floor":11},{"not_picked":["champ:CalledShot","champ:Backstep"],"picked":"champ:StanceDance","floor":13},{"not_picked":["champ:FlashCut","champ:BerserkerStyle"],"picked":"champ:DefensiveShout","floor":14},{"not_picked":["champ:BerserkersShout","champ:TornadoPunch"],"picked":"champ:Lariat","floor":15},{"not_picked":["champ:CheapShot","champ:IgnorePain"],"picked":"champ:StrikeOfGenius","floor":16},{"not_picked":["champ:Encircle","champ:FanOfKnives"],"picked":"champ:Riposte","floor":20},{"not_picked":["champ:BerserkersShout+1","champ:FlashCut"],"picked":"champ:Devastate","floor":22},{"not_picked":["champ:CrookedStrike","champ:BerserkersShout"],"picked":"champ:BladeFlurry","floor":29},{"not_picked":["champ:BerserkerStyle","champ:PerfectedStrike"],"picked":"champ:GladiatorStyle+1","floor":32}],"player_experience":287744,"relics_obtained":[{"floor":5,"key":"Strawberry"},{"floor":7,"key":"Orichalcum"},{"floor":9,"key":"War Paint"},{"floor":14,"key":"Odd Mushroom"},{"floor":20,"key":"Onion Ring"},{"floor":22,"key":"Omamori"},{"floor":24,"key":"ReplayTheSpireMod:Lightbulb"}],"event_choices":[{"damage_healed":0,"gold_gain":0,"player_choice":"Ignored","damage_taken":0,"max_hp_gain":0,"max_hp_loss":0,"event_name":"betterNote:BetterNote","floor":2,"gold_loss":0,"cards_obtained":["Guardian:ConstructionForm"]},{"damage_healed":0,"gold_gain":0,"cards_transformed":["champ:Strike"],"player_choice":"Change","damage_taken":0,"max_hp_gain":0,"max_hp_loss":0,"event_name":"Living Wall","floor":12,"gold_loss":0,"cards_obtained":["champ:Haymaker"]},{"damage_healed":0,"gold_gain":0,"player_choice":"Fought Mushrooms","damage_taken":0,"max_hp_gain":0,"max_hp_loss":0,"event_name":"Mushrooms","floor":14,"gold_loss":0},{"damage_healed":0,"gold_gain":0,"player_choice":"Ignored","damage_taken":0,"max_hp_gain":0,"max_hp_loss":0,"event_name":"Vampires","floor":28,"gold_loss":0}],"is_beta":false,"boss_relics":[{"not_picked":["ReplayTheSpireMod:DimensionalGlitch","Runic Pyramid"],"picked":"champ:ChampionCrownUpgraded"}],"items_purged_floors":[],"is_endless":false,"potions_floor_spawned":[4,5,11,15,20,22,29],"killed_by":"downfall:Silent","ascension_level":0}}