{"host":"3ghjvsatr2fxka2l","time":1608429496,"event":{"mods":["AchievementEnabler","Act Like it!","Aspiration","BaseMod","Better Third Choice","Better Vampires","BetterRewards","Clawfect","Colored Powertips","Conspire","Curses Come First","Defuse TimeMaze Blight","Displayed Cursed Tome","Energized Spire","Gold Saver","Grow up Mod","Hallownest","Hubris","Infinite Spire","Lobotomy","Marked Mod","Minty Spire (QoL Compilation)","Quick Restart","Replay The Spire","SacredBarkPlus","StSLib","The Blue Laboratory","The Bug Knight","Transform Curses","Uncapped","Waifu the Spire","Wandering Minibosses","vexMod","??????REMEMod"],"gold_per_floor":[1122,1169,1099,1099,1099,1099,1159,1235,1235,1235,1235,1369,1627,1404,1404,1973,2493,3102,3102,3933,2977,4175,4175,4305,4305],"floor_reached":24,"playtime":14392,"items_purged":["hubris:Greed","hubris:Greed"],"score":494,"play_id":"3ed58e22-7bde-41d9-855f-a13ff4fd866e","local_time":"20201219175816","is_ascension_mode":false,"campfire_choices":[{"data":"HollowMod:BaldurShell","floor":6,"key":"SMITH"},{"data":"HollowMod:CycloneSlash","floor":11,"key":"SMITH"},{"data":"HollowMod:ChannelNail","floor":15,"key":"SMITH"},{"data":"HollowMod:SlysStrikes","floor":23,"key":"SMITH"}],"circlet_count":0,"master_deck":["HollowMod:NailStrikeStart","HollowMod:NailStrikeStart","HollowMod:NailStrikeStart","HollowMod:NailStrikeStart","HollowMod:QuickDashStart","HollowMod:QuickDashStart","HollowMod:QuickDashStart","HollowMod:QuickDashStart","HollowMod:FocusHealStart+1","HollowMod:PogoStrike","Panache+1","HollowMod:BaldurShell+1","hubris:Greed","hubris:Greed","hubris:Greed","hubris:Greed","VoidDream","hubris:Greed","hubris:Greed","hubris:Greed","hubris:Greed","hubris:Greed","hubris:Greed","Laetitia","HollowMod:CycloneSlash+1","hubris:Greed","hubris:Greed","hubris:Greed","hubris:Greed","hubris:Greed","hubris:Greed","hubris:Greed","hubris:Greed","hubris:Greed","hubris:Greed","hubris:Greed","hubris:Greed","HollowMod:ChannelNail+1","hubris:Greed","hubris:Greed","hubris:Greed","hubris:Greed","hubris:Greed","hubris:Greed","hubris:Greed","hubris:Greed","hubris:Greed","hubris:Greed","hubris:Greed","hubris:Greed","hubris:Greed","hubris:Greed","hubris:Greed","hubris:Greed","hubris:Greed","hubris:Greed","hubris:Greed","hubris:Greed","hubris:Greed","hubris:Greed","hubris:Greed","hubris:Greed","hubris:Greed","hubris:Greed","hubris:Greed","hubris:Greed","hubris:Greed","hubris:Greed","hubris:Greed","hubris:Greed","hubris:Greed","hubris:Greed","hubris:Greed","hubris:Greed","hubris:Greed","hubris:Greed","hubris:Greed","hubris:Greed","hubris:Greed","hubris:Greed","hubris:Greed","hubris:Greed","hubris:Greed","hubris:Greed","hubris:Greed","hubris:Greed","hubris:Greed","hubris:Greed","hubris:Greed","hubris:Greed","hubris:Greed","hubris:Greed","hubris:Greed","hubris:Greed","hubris:Greed","hubris:Greed","hubris:Greed","hubris:Greed","hubris:Greed","hubris:Greed","hubris:Greed","hubris:Greed","hubris:Greed","hubris:Greed","hubris:Greed","hubris:Greed","hubris:Greed","hubris:Greed","hubris:Greed","HollowMod:DashSlash","hubris:Greed","hubris:Greed","hubris:Greed","hubris:Greed","hubris:Greed","hubris:Greed","hubris:Greed","hubris:Greed","hubris:Greed","hubris:Greed","hubris:Greed","hubris:Greed","hubris:Greed","hubris:Greed","hubris:Greed","hubris:Greed","hubris:Greed","hubris:Greed","hubris:Greed","hubris:Greed","hubris:Greed","hubris:Greed","hubris:Greed","hubris:Greed","hubris:Greed","HollowMod:DashSlash","hubris:Greed","hubris:Greed","hubris:Greed","hubris:Greed","hubris:Greed","hubris:Greed","hubris:Greed","hubris:Greed","hubris:Greed","hubris:Greed","hubris:Greed","hubris:Greed","hubris:Greed","hubris:Greed","hubris:Greed","hubris:Greed","hubris:Greed","hubris:Greed","hubris:Greed","hubris:Greed","hubris:Greed","hubris:Greed","hubris:Greed","hubris:Greed","hubris:Greed","hubris:Greed","hubris:Greed","hubris:Greed","hubris:Greed","hubris:Greed","hubris:Greed","hubris:Greed","hubris:Greed","hubris:Greed","hubris:Greed","hubris:Greed","hubris:Greed","hubris:Greed","hubris:Greed","hubris:Greed","hubris:Greed","hubris:Greed","hubris:Greed","hubris:Greed","hubris:Greed","HollowMod:SoulStrike+1","CENSORED","Panache+1","HollowMod:SlysStrikes+1","hubris:Greed","hubris:Greed","hubris:Greed","hubris:Greed","hubris:Greed","hubris:Greed","hubris:Greed","hubris:Greed","hubris:Greed","hubris:Greed","hubris:Greed","hubris:Greed","hubris:Greed","hubris:Greed","hubris:Greed","hubris:Greed","hubris:Greed","hubris:Greed","hubris:Greed","hubris:Greed","hubris:Greed","hubris:Greed","hubris:Greed","hubris:Greed","hubris:Greed","hubris:Greed","hubris:Greed","hubris:Greed","hubris:Greed","hubris:Greed","hubris:Greed","hubris:Greed","hubris:Greed","hubris:Greed","hubris:Greed","hubris:Greed","hubris:Greed","hubris:Greed","hubris:Greed","hubris:Greed","hubris:Greed","hubris:Greed","hubris:Greed","hubris:Greed","hubris:Greed","hubris:Greed","hubris:Greed","hubris:Greed","hubris:Greed","hubris:Greed","hubris:Greed","hubris:Greed","hubris:Greed","hubris:Greed","hubris:Greed","hubris:Greed","hubris:Greed","hubris:Greed","hubris:Greed","hubris:Greed","hubris:Greed","hubris:Greed","hubris:Greed","hubris:Greed","hubris:Greed","hubris:Greed","hubris:Greed","hubris:Greed","hubris:Greed","hubris:Greed","hubris:Greed","hubris:Greed","hubris:Greed","hubris:Greed","hubris:Greed","hubris:Greed","hubris:Greed","hubris:Greed","hubris:Greed","hubris:Greed","hubris:Greed","hubris:Greed","hubris:Greed","hubris:Greed","hubris:Greed","hubris:Greed","hubris:Greed","hubris:Greed","hubris:Greed","hubris:Greed","hubris:Greed","hubris:Greed","hubris:Greed","hubris:Greed","hubris:Greed","hubris:Greed","hubris:Greed","hubris:Greed","hubris:Greed","hubris:Greed","hubris:Greed","hubris:Greed","hubris:Greed","hubris:Greed","hubris:Greed","hubris:Greed","hubris:Greed","hubris:Greed","hubris:Greed","hubris:Greed","hubris:Greed","hubris:Greed","hubris:Greed","hubris:Greed","hubris:Greed","hubris:Greed","hubris:Greed","hubris:Greed","hubris:Greed","hubris:Greed","hubris:Greed","hubris:Greed","hubris:Greed","hubris:Greed","hubris:Greed","hubris:Greed","hubris:Greed","hubris:Greed","hubris:Greed","hubris:Greed","hubris:Greed","hubris:Greed","hubris:Greed","hubris:Greed","hubris:Greed","hubris:Greed","hubris:Greed","hubris:Greed","hubris:Greed","hubris:Greed","hubris:Greed","hubris:Greed","hubris:Greed","hubris:Greed","hubris:Greed","hubris:Greed","hubris:Greed","hubris:Greed","hubris:Greed","hubris:Greed","hubris:Greed","hubris:Greed","hubris:Greed","hubris:Greed","hubris:Greed","hubris:Greed","hubris:Greed","hubris:Greed","hubris:Greed","hubris:Greed","hubris:Greed","hubris:Greed","hubris:Greed","hubris:Greed","hubris:Greed","hubris:Greed","hubris:Greed","hubris:Greed","hubris:Greed","hubris:Greed","hubris:Greed","hubris:Greed","hubris:Greed"],"relics":["HollowMod:VesselMask","REME_ComplimentaryCards","CogitoBucket","Hallownest:StagBellRelic1","aspiration:FrozenJewel","hubris:Icosahedron","Lantern","Hallownest:DreamNailRelic","hubris:EmptyBottle","Tiny House","FleshIdol","Darkstone Periapt","Guide Book","Replay:Rubber Ducky"],"acts_visited":["Exordium","Hallownest:Greenpath"],"potions_floor_usage":[13,16,16,16,16,22,22,24,24],"damage_taken":[{"damage":2,"enemies":"Hallownest:2_Tiktiks_and_1_Crawlid","floor":1,"turns":5},{"damage":37,"enemies":"Hallownest:eliteMossKnight","floor":7,"turns":11},{"damage":3,"enemies":"Hallownest:monsterHuskWarrior","floor":8,"turns":4},{"damage":8,"enemies":"2_ Uuma","floor":12,"turns":8},{"damage":18,"enemies":"Hallownest:Guard_and_Warrior","floor":13,"turns":8},{"damage":121,"enemies":"Hallownest:BossHornet","floor":16,"turns":18},{"damage":20,"enemies":"Hallownest:2_Mistakes","floor":18,"turns":5},{"damage":61,"enemies":"Hallownest:Flukemon_and_Top","floor":20,"turns":9},{"damage":125,"enemies":"Hallownest:Master_and_Novice","floor":22,"turns":12},{"damage":246,"enemies":"Hallownest:Glutton_and_Coward","floor":24,"turns":18}],"seed_played":"-1244910117370866312","potions_obtained":[{"floor":7,"key":"blueLaboratory:SavagePotion"},{"floor":12,"key":"Block Potion"},{"floor":16,"key":"Swift Potion"},{"floor":17,"key":"Venom Potion"},{"floor":20,"key":"Swift Potion"}],"is_trial":false,"path_per_floor":["M","?","?","T","?","R","E","M","T","?","R","M","M","$","R","B",null,"M","?","M","$","M","R","M"],"character_chosen":"THE_BUGKNIGHT","items_purchased":["hubris:EmptyBottle","Panache","Darkstone Periapt","HollowMod:SlysStrikes","Guide Book","Replay:Rubber Ducky"],"campfire_rested":0,"item_purchase_floors":[14,21,21,21,21,21],"current_hp_per_floor":[93,103,113,123,133,143,122,131,141,151,161,169,161,171,181,82,260,250,260,217,227,618,628,1122,1122],"gold":4305,"neow_bonus":"","is_daily":false,"chose_seed":false,"campfire_upgraded":4,"win_rate":0.0,"timestamp":1608429496,"path_taken":["M","?","?","?","?","R","E","M","T","?","R","?","M","$","R","BOSS","M","?","?","?","M","R","M"],"items_purchased_type":["Relic","Card","Relic","Card","Relic","Relic"],"build_version":"2020-12-13","purchased_purges":2,"victory":false,"max_hp_per_floor":[95,105,115,125,135,145,155,165,175,185,195,205,215,225,235,245,260,270,280,290,300,748,758,1358,1358],"card_choices":[{"not_picked":["CrumblingArmor","SpiderBud","Funeral"],"picked":"Singing Bowl","floor":1},{"not_picked":["OSAHOGD","MeatLantern"],"picked":"Rudolta","floor":1},{"not_picked":["HollowMod:DreamGate","HollowMod:TaintedHusks"],"picked":"HollowMod:BaldurShell","floor":1},{"not_picked":["ShyLook","MeatLantern","PunishingBird"],"picked":"Singing Bowl","floor":7},{"not_picked":["OSAHOGD","FairyFestival"],"picked":"VoidDream","floor":7},{"not_picked":["HollowMod:GoodIntentions","HollowMod:DoubleDash","HollowMod:NewGlowingWomb"],"picked":"SKIP","floor":7},{"not_picked":["SingingMachine","MeatLantern"],"picked":"Laetitia","floor":8},{"not_picked":["HollowMod:SoulShaman","HollowMod:LifebloodCocoon"],"picked":"HollowMod:CycloneSlash","floor":8},{"not_picked":["HollowMod:QuirrelsAssistance","HollowMod:DescendingDark"],"picked":"HollowMod:ChannelNail","floor":12},{"not_picked":["LongBird","Funeral","OldLady"],"picked":"Singing Bowl","floor":12},{"not_picked":["BlackSwan","BigBadWolf","LittlePrince"],"picked":"Singing Bowl","floor":13},{"not_picked":["HollowMod:DashSlash","HollowMod:BaldurShell","HollowMod:DesolateDive"],"picked":"SKIP","floor":13},{"not_picked":["OldLady","UniverseFragment","NakedNest"],"picked":"Singing Bowl","floor":16},{"not_picked":["HollowMod:GoodIntentions","HollowMod:SharpenedNail"],"picked":"HollowMod:DashSlash","floor":17},{"not_picked":["BigBird","NothingThere","SnowQueen"],"picked":"Singing Bowl","floor":18},{"not_picked":["HollowMod:VengefulVoid","HollowMod:DoubleDash"],"picked":"HollowMod:DashSlash","floor":18},{"not_picked":["HollowMod:NewGlowingWomb","HollowMod:DoubleDash"],"picked":"HollowMod:SoulStrike+1","floor":20},{"not_picked":["NothingThere","Bloodbath"],"picked":"CENSORED","floor":20},{"not_picked":["QueenOfHatred","LaLuna","BlackSwan"],"picked":"Singing Bowl","floor":22},{"not_picked":["HollowMod:InfectionAssault","HollowMod:ShapeofUnn+1","HollowMod:GoodIntentions"],"picked":"SKIP","floor":22}],"player_experience":231488,"relics_obtained":[{"floor":4,"key":"aspiration:FrozenJewel"},{"floor":9,"key":"Lantern"}],"event_choices":[{"damage_healed":0,"gold_gain":0,"player_choice":"Leave","damage_taken":0,"max_hp_gain":0,"max_hp_loss":0,"event_name":"conspire:Investor","floor":19,"gold_loss":0}],"is_beta":false,"boss_relics":[{"not_picked":["hubris:GrandSneckoEye","ReplayTheSpireMod:SealedPack"],"picked":"Tiny House"}],"items_purged_floors":[14,21],"is_endless":false,"potions_floor_spawned":[7,12,16,20],"killed_by":"Hallownest:Glutton_and_Coward","ascension_level":0}}