{"host":"juowtv2vvb0b99ex","time":1608488937,"event":{"mods":["BaseMod","Colored Map","Downfall","Minty Spire (QoL Compilation)","Quick Restart","StSLib"],"gold_per_floor":[0,275,294,150,150,0,26,56,56,56,56],"floor_reached":10,"playtime":679,"items_purged":["Regret","Slimebound:Strike_Slimebound"],"score":96,"play_id":"f2978b73-aac3-4a9a-9ea8-572ec111e9b1","local_time":"20201220112857","is_ascension_mode":true,"campfire_choices":[{"data":"Slimebound:Split","floor":1,"key":"SMITH"},{"data":"Slimebound:SamplingLick","floor":5,"key":"SMITH"},{"data":"Slimebound:SlimeBrawl","floor":9,"key":"SMITH"}],"circlet_count":0,"master_deck":["AscendersBane","Slimebound:Strike_Slimebound","Slimebound:Strike_Slimebound","Slimebound:Tackle","Slimebound:Defend_Slimebound","Slimebound:Defend_Slimebound","Slimebound:Defend_Slimebound","Slimebound:Defend_Slimebound","Slimebound:Split+1","Slimebound:CorrosiveSpit","Slimebound:SplitBruiser","Slimebound:SamplingLick+1","Slimebound:SplitAcid","Slimebound:MegaLick","Slimebound:SlimeBrawl+1","Slimebound:Recollect"],"relics":["Slimebound:AbsorbEndCombat","Slimebound:SlimedTailRelic","Bag of Preparation","Potion Belt"],"acts_visited":["Exordium"],"potions_floor_usage":[],"damage_taken":[{"damage":13,"enemies":"Jaw Worm","floor":3,"turns":4},{"damage":25,"enemies":"downfall:FleeingMerchant","floor":4,"turns":4},{"damage":19,"enemies":"downfall:FleeingMerchant","floor":6,"turns":4},{"damage":40,"enemies":"Lagavulin","floor":8,"turns":7},{"damage":24,"enemies":"Gremlin Nob","floor":10,"turns":3}],"seed_played":"-7229213856141762155","potions_obtained":[{"floor":8,"key":"GamblersBrew"}],"is_trial":false,"path_per_floor":["R","?","M","$","R","$","T","E","R","E"],"character_chosen":"SLIMEBOUND","items_purchased":["Slimebound:SplitAcid","Slimebound:SlimeBrawl"],"campfire_rested":0,"item_purchase_floors":[4,6],"current_hp_per_floor":[54,54,53,46,46,45,45,29,29,27,27],"gold":56,"neow_bonus":"ONE_RARE_RELIC","is_daily":false,"chose_seed":false,"campfire_upgraded":3,"win_rate":0.0,"timestamp":1608488937,"path_taken":["R","?","?","?","R","$","T","E","R","E"],"items_purchased_type":["Card","Card"],"build_version":"2020-12-13","purchased_purges":2,"victory":false,"max_hp_per_floor":[60,60,60,60,60,60,60,60,60,60,60],"card_choices":[{"not_picked":["Slimebound:FlameTackle","Slimebound:MegaLick"],"picked":"Slimebound:SplitBruiser","floor":3},{"not_picked":["Slimebound:FlameTackle","Slimebound:FinishingTackle"],"picked":"Slimebound:SamplingLick","floor":4},{"not_picked":["Slimebound:LivingWall","Slimebound:ComboTackle"],"picked":"Slimebound:MegaLick","floor":6},{"not_picked":["Slimebound:ComboTackle","Slimebound:RollThrough"],"picked":"Slimebound:Recollect","floor":8}],"player_experience":1244904,"relics_obtained":[{"floor":7,"key":"Bag of Preparation"},{"floor":8,"key":"Potion Belt"}],"event_choices":[],"is_beta":false,"boss_relics":[],"items_purged_floors":[4,6],"is_endless":false,"potions_floor_spawned":[8],"killed_by":"Gremlin Nob","ascension_level":11}}