{"host":"f5gffvlv6a66yqkd","time":1608454032,"event":{"mods":["2.2 Compatiblity","BaseMod","Colored Map","DeckTracker","Keyboard Shortcuts","Minty Spire (QoL Compilation)","Permanent Neow","Quick Restart","Relic Stats","StSLib","SuperFastMode"],"gold_per_floor":[111,111,36,36,51,85,117,129,141,164,176,188,230,277,289,379,391,415,477,489,501,513,525,563,589,652,664,16,31,31,31,31,107,107,124,124,141,154,171,200,215,215,238,238,254,44,56,56,56,56,56,56,56,4,34,34],"floor_reached":57,"playtime":3498,"items_purged":["Defend_G","Blade Dance","Unload"],"score":2691,"play_id":"4f4c8791-ffab-41a5-971a-ceb1f013af42","local_time":"20201220174712","is_ascension_mode":true,"campfire_choices":[{"data":"Bouncing Flask","floor":11.0,"key":"SMITH"},{"data":"Neutralize","floor":15.0,"key":"SMITH"},{"data":"Acrobatics","floor":23.0,"key":"SMITH"},{"data":"Wraith Form v2","floor":27.0,"key":"SMITH"},{"data":"Survivor","floor":32.0,"key":"SMITH"},{"floor":42.0,"key":"REST"},{"data":"Deflect","floor":44.0,"key":"SMITH"},{"floor":49.0,"key":"RECALL"},{"data":"After Image","floor":53.0,"key":"SMITH"}],"circlet_count":0,"master_deck":["AscendersBane","Defend_G","Defend_G","Defend_G","Defend_G","Survivor+1","Neutralize+1","Underhanded Strike","Reflex","Poisoned Stab","Bouncing Flask+1","Acrobatics+1","Adrenaline","PiercingWail+1","Dagger Throw","Wraith Form v2+1","Prepared","Malaise","Backflip","Reflex+1","Deflect+1","After Image+1","Wraith Form v2+1","PiercingWail","Catalyst+1"],"relics":["Ring of the Snake","NeowsBlessing","Singing Bowl","MawBank","HornCleat","TungstenRod","Nunchaku","HoveringKite","Anchor","Bag of Marbles","Prayer Wheel","OrangePellets","Runic Pyramid","Pear","Paper Crane"],"acts_visited":["Exordium","TheCity","TheBeyond","TheEnding"],"potions_floor_usage":[56],"damage_taken":[{"damage":0.0,"enemies":"Small Slimes","floor":1.0,"turns":1.0},{"damage":0.0,"enemies":"2 Louse","floor":5.0,"turns":1.0},{"damage":0.0,"enemies":"Lagavulin","floor":6.0,"turns":1.0},{"damage":0.0,"enemies":"Jaw Worm","floor":7.0,"turns":4.0},{"damage":2.0,"enemies":"Lots of Slimes","floor":10.0,"turns":4.0},{"damage":16.0,"enemies":"3 Sentries","floor":14.0,"turns":8.0},{"damage":11.0,"enemies":"Hexaghost","floor":16.0,"turns":8.0},{"damage":0.0,"enemies":"3 Byrds","floor":18.0,"turns":3.0},{"damage":12.0,"enemies":"Book of Stabbing","floor":24.0,"turns":4.0},{"damage":0.0,"enemies":"Chosen","floor":25.0,"turns":2.0},{"damage":2.0,"enemies":"Shelled Parasite and Fungi","floor":29.0,"turns":3.0},{"damage":28.0,"enemies":"Champ","floor":33.0,"turns":10.0},{"damage":0.0,"enemies":"3 Shapes","floor":35.0,"turns":4.0},{"damage":0.0,"enemies":"Orb Walker","floor":37.0,"turns":4.0},{"damage":0.0,"enemies":"Jaw Worm Horde","floor":38.0,"turns":6.0},{"damage":0.0,"enemies":"4 Shapes","floor":39.0,"turns":5.0},{"damage":54.0,"enemies":"Reptomancer","floor":40.0,"turns":8.0},{"damage":0.0,"enemies":"Writhing Mass","floor":41.0,"turns":7.0},{"damage":6.0,"enemies":"Transient","floor":45.0,"turns":6.0},{"damage":0.0,"enemies":"Spire Growth","floor":47.0,"turns":5.0},{"damage":6.0,"enemies":"Awakened One","floor":50.0,"turns":24.0},{"damage":9.0,"enemies":"Donu and Deca","floor":51.0,"turns":14.0},{"damage":27.0,"enemies":"Shield and Spear","floor":55.0,"turns":12.0},{"damage":46,"enemies":"The Heart","floor":56,"turns":14}],"seed_played":"-5860374798503602515","potions_obtained":[{"floor":6.0,"key":"PowerPotion"},{"floor":7.0,"key":"SteroidPotion"},{"floor":29.0,"key":"Energy Potion"},{"floor":38.0,"key":"SpeedPotion"},{"floor":39.0,"key":"EntropicBrew"},{"floor":55.0,"key":"SpeedPotion"}],"is_trial":false,"path_per_floor":["M","?","$","?","M","E","M","$","T","M","R","?","?","E","R","B",null,"M","?","?","?","?","R","E","M","T","R","$","M","$","?","R","B",null,"M","?","M","M","M","E","M","R","T","R","M","$","M","?","R","B","B",null,"R","$","E","B",null],"character_chosen":"THE_SILENT","items_purchased":["Prayer Wheel","OrangePellets","Prepared","After Image","PiercingWail"],"campfire_rested":1,"item_purchase_floors":[28,28,28,46,54],"current_hp_per_floor":[59,54,54,54,56,56,56,56,56,54,54,47,47,31,31,20,56,56,56,56,56,56,56,44,46,46,46,46,48,48,48,48,20,61,63,63,67,69,73,29,33,63,63,63,61,61,65,65,65,59,50,94,94,94,67,21],"gold":34,"neow_bonus":"THREE_ENEMY_KILL","is_daily":false,"chose_seed":false,"campfire_upgraded":7,"win_rate":0.0,"timestamp":1608454032,"path_taken":["M","?","$","?","?","E","M","?","T","M","R","?","?","E","R","BOSS","M","?","?","?","?","R","E","M","T","R","$","M","?","?","R","BOSS","M","?","M","M","M","E","M","R","T","R","M","$","M","?","R","BOSS","BOSS","R","$","E","BOSS"],"items_purchased_type":["Relic","Relic","Card","Card","Card"],"build_version":"2020-12-13","purchased_purges":3,"victory":true,"max_hp_per_floor":[66,66,66,66,68,68,68,68,68,68,68,68,68,68,68,68,68,68,68,68,68,68,68,68,70,70,70,70,74,74,74,74,74,74,76,76,80,82,86,96,100,100,100,100,104,104,108,108,108,108,108,108,108,108,108,108],"relic_stats":{"OrangePellets":[17],"Nunchaku":[32],"Singing Bowl":32,"counters":[24,158],"HoveringKite":[111],"Prayer Wheel":9,"MawBank":264,"obtain_stats":[{"Pear":40,"NeowsBlessing":0,"Singing Bowl":2,"HoveringKite":17,"Paper Crane":55,"MawBank":6,"OrangePellets":28,"Nunchaku":14,"Anchor":24,"HornCleat":9,"Prayer Wheel":28,"Bag of Marbles":27,"TungstenRod":13,"Ring of the Snake":0,"Runic Pyramid":34},{"Pear":17,"NeowsBlessing":0,"Singing Bowl":1,"HoveringKite":7,"Paper Crane":23,"MawBank":3,"OrangePellets":10,"Nunchaku":6,"Anchor":9,"HornCleat":4,"Prayer Wheel":10,"Bag of Marbles":10,"TungstenRod":5,"Ring of the Snake":0,"Runic Pyramid":12},{"Pear":76,"NeowsBlessing":0,"Singing Bowl":1,"HoveringKite":27,"Paper Crane":144,"MawBank":3,"OrangePellets":36,"Nunchaku":19,"Anchor":34,"HornCleat":7,"Prayer Wheel":36,"Bag of Marbles":36,"TungstenRod":11,"Ring of the Snake":0,"Runic Pyramid":49}],"TungstenRod":71,"Ring of the Snake":[48]},"card_choices":[{"not_picked":["Deflect","Slice"],"picked":"Blade Dance","floor":1.0},{"not_picked":["Blur","Blade Dance","Masterful Stab"],"picked":"Singing Bowl","floor":5.0},{"not_picked":["Unload","Accuracy"],"picked":"Reflex","floor":6.0},{"not_picked":["PiercingWail","Underhanded Strike"],"picked":"Poisoned Stab","floor":7.0},{"not_picked":["Deadly Poison","Dagger Spray"],"picked":"Bouncing Flask","floor":10.0},{"not_picked":["Dagger Throw","Poisoned Stab"],"picked":"Acrobatics","floor":14.0},{"not_picked":["Corpse Explosion","A Thousand Cuts"],"picked":"Adrenaline","floor":16.0},{"not_picked":["Quick Slash","Dagger Spray"],"picked":"PiercingWail+1","floor":18.0},{"not_picked":["Footwork","Terror"],"picked":"Wraith Form v2","floor":24.0},{"not_picked":["Caltrops+1","Cloak And Dagger","Deflect"],"picked":"Singing Bowl","floor":25.0},{"not_picked":["Cloak And Dagger+1","Underhanded Strike+1","PiercingWail+1"],"picked":"Singing Bowl","floor":29.0},{"not_picked":["Slice","Endless Agony","Flying Knee"],"picked":"Singing Bowl","floor":29.0},{"not_picked":["Wraith Form v2","Doppelganger"],"picked":"Malaise","floor":33.0},{"not_picked":["Eviscerate","Deadly Poison","Blade Dance"],"picked":"Singing Bowl","floor":35.0},{"not_picked":["Prepared+1","PiercingWail+1"],"picked":"Backflip","floor":35.0},{"not_picked":["PiercingWail+1","Underhanded Strike+1","Poisoned Stab"],"picked":"Singing Bowl","floor":37.0},{"not_picked":["Bane+1","Choke","Leg Sweep+1"],"picked":"Singing Bowl","floor":37.0},{"not_picked":["Blur","Outmaneuver+1"],"picked":"Reflex+1","floor":38.0},{"not_picked":["Bane+1","Blade Dance+1","Quick Slash"],"picked":"Singing Bowl","floor":38.0},{"not_picked":["Finisher","Flying Knee","Outmaneuver+1"],"picked":"Singing Bowl","floor":39.0},{"not_picked":["Cloak And Dagger","Dagger Throw","Deadly Poison"],"picked":"Singing Bowl","floor":39.0},{"not_picked":["PiercingWail+1","Leg Sweep"],"picked":"Deflect","floor":40.0},{"not_picked":["Dagger Spray","Acrobatics","Riddle With Holes+1"],"picked":"Singing Bowl","floor":41.0},{"not_picked":["Accuracy","Deflect","Setup"],"picked":"Singing Bowl","floor":41.0},{"not_picked":["Flying Knee","Doppelganger","Dash+1"],"picked":"Singing Bowl","floor":45.0},{"not_picked":["Infinite Blades","Dagger Throw","Acrobatics"],"picked":"Singing Bowl","floor":45.0},{"not_picked":["Deflect","Poisoned Stab","Dagger Spray"],"picked":"Singing Bowl","floor":47.0},{"not_picked":["Deadly Poison","Backflip","Underhanded Strike"],"picked":"Singing Bowl","floor":47.0},{"not_picked":["Poisoned Stab+1","PiercingWail"],"picked":"Catalyst+1","floor":55.0}],"player_experience":1472138,"relics_obtained":[{"floor":6.0,"key":"MawBank"},{"floor":9.0,"key":"HornCleat"},{"floor":14.0,"key":"Nunchaku"},{"floor":24.0,"key":"Anchor"},{"floor":40.0,"key":"Pear"},{"floor":55.0,"key":"Paper Crane"}],"event_choices":[{"damage_healed":0.0,"max_hp_gain":0.0,"max_hp_loss":0.0,"gold_gain":0.0,"event_name":"Scrap Ooze","player_choice":"Success","floor":2.0,"gold_loss":0.0,"damage_taken":5.0,"relics_obtained":["Singing Bowl"]},{"damage_healed":0.0,"max_hp_gain":0.0,"max_hp_loss":0.0,"gold_gain":0.0,"cards_transformed":["Strike_G"],"event_name":"Living Wall","player_choice":"Change","floor":4.0,"gold_loss":0.0,"damage_taken":0.0,"cards_obtained":["Underhanded Strike"]},{"cards_removed":["Strike_G"],"damage_healed":0.0,"max_hp_gain":0.0,"max_hp_loss":0.0,"gold_gain":0.0,"event_name":"Golden Wing","player_choice":"Card Removal","floor":12.0,"gold_loss":0.0,"damage_taken":7.0},{"damage_healed":0.0,"max_hp_gain":0.0,"max_hp_loss":0.0,"gold_gain":30.0,"event_name":"Dead Adventurer","player_choice":"Searched \u00272\u0027 times","floor":13.0,"gold_loss":0.0,"damage_taken":0.0,"relics_obtained":["TungstenRod"]},{"damage_healed":0.0,"max_hp_gain":0.0,"max_hp_loss":0.0,"gold_gain":50.0,"event_name":"Nest","player_choice":"Stole From Cult","floor":19.0,"gold_loss":0.0,"damage_taken":0.0},{"cards_removed":["Strike_G"],"damage_healed":0.0,"max_hp_gain":0.0,"max_hp_loss":0.0,"gold_gain":0.0,"event_name":"Back to Basics","player_choice":"Elegance","floor":20.0,"gold_loss":0.0,"damage_taken":0.0},{"damage_healed":0.0,"max_hp_gain":0.0,"max_hp_loss":0.0,"gold_gain":0.0,"event_name":"The Mausoleum","player_choice":"Ignored","floor":21.0,"gold_loss":0.0,"damage_taken":0.0},{"damage_healed":0.0,"max_hp_gain":0.0,"max_hp_loss":0.0,"gold_gain":0.0,"cards_transformed":["Strike_G","Strike_G"],"event_name":"Drug Dealer","player_choice":"Became Test Subject","floor":22.0,"gold_loss":0.0,"damage_taken":0.0,"cards_obtained":["Dagger Throw","Unload"]},{"damage_healed":0.0,"max_hp_gain":0.0,"max_hp_loss":0.0,"gold_gain":0.0,"event_name":"Tomb of Lord Red Mask","player_choice":"Ignored","floor":36.0,"gold_loss":0.0,"damage_taken":0.0},{"damage_healed":0.0,"max_hp_gain":0.0,"max_hp_loss":0.0,"gold_gain":0.0,"event_name":"Duplicator","player_choice":"Copied","floor":48.0,"gold_loss":0.0,"damage_taken":0.0,"cards_obtained":["Wraith Form v2"]}],"is_beta":false,"boss_relics":[{"not_picked":["Velvet Choker","Philosopher\u0027s Stone"],"picked":"HoveringKite"},{"not_picked":["Astrolabe","Black Star"],"picked":"Runic Pyramid"}],"items_purged_floors":[3,28,46],"is_endless":false,"potions_floor_spawned":[6,7,14,29,38,39,55],"ascension_level":20}}