{"host":"epyok0r2aohq8f97","time":1608438080,"event":{"mods":["Act Like it!","Always Whale","BaseMod","FetchMod","GifTheSpireLib","Minty Spire (QoL Compilation)","Rare Cards Sparkle","Relic Sorter","Relic Stats","Shop Mod","StSLib","SuperFastMode"],"gold_per_floor":[19,37,53,64,84,111,111,139,163,338,338,338,348,120,120,218,218,236,254,268,268,285,285,285,285],"floor_reached":24,"playtime":687,"items_purged":["Doubt"],"score":210,"play_id":"28153851-ab8d-4132-8dea-9c1643aa6d79","local_time":"20201219232120","is_ascension_mode":false,"campfire_choices":[{"data":"Apotheosis","floor":7,"key":"SMITH"},{"data":"Brutality","floor":12,"key":"SMITH"},{"data":"Bash","floor":15,"key":"SMITH"},{"floor":23,"key":"REST"}],"circlet_count":0,"master_deck":["Strike_R","Strike_R","Strike_R","Strike_R","Strike_R","Defend_R","Defend_R","Defend_R","Bash+1","Apotheosis+1","Shockwave","Flex","Cleave","Inflame","Dropkick","Cleave","Brutality+1","Disarm","Dropkick","Offering","Flex+1","Twin Strike"],"relics":["Burning Blood","Nunchaku","Question Card","Oddly Smooth Stone","DollysMirror","Runic Pyramid","MutagenicStrength"],"acts_visited":["Exordium","TheCity"],"potions_floor_usage":[16,22],"damage_taken":[{"damage":16.0,"enemies":"Jaw Worm","floor":1.0,"turns":5.0},{"damage":6,"enemies":"Cultist","floor":2,"turns":3},{"damage":5,"enemies":"Small Slimes","floor":3,"turns":3},{"damage":7,"enemies":"Blue Slaver","floor":4,"turns":5},{"damage":10,"enemies":"2 Fungi Beasts","floor":5,"turns":3},{"damage":10,"enemies":"Lagavulin","floor":6,"turns":7},{"damage":12,"enemies":"3 Sentries","floor":8,"turns":5},{"damage":14,"enemies":"Red Slaver","floor":13,"turns":2},{"damage":46,"enemies":"The Guardian","floor":16,"turns":8},{"damage":24,"enemies":"2 Thieves","floor":18,"turns":3},{"damage":21,"enemies":"Shell Parasite","floor":19,"turns":4},{"damage":3,"enemies":"3 Cultists","floor":20,"turns":4},{"damage":27,"enemies":"Snecko","floor":22,"turns":7},{"damage":54,"enemies":"Slavers","floor":24,"turns":2}],"seed_played":"-2540661325640570238","potions_obtained":[{"floor":2,"key":"GamblersBrew"},{"floor":4,"key":"ColorlessPotion"},{"floor":13,"key":"SkillPotion"},{"floor":16,"key":"SteroidPotion"},{"floor":18,"key":"Strength Potion"},{"floor":22,"key":"SteroidPotion"}],"is_trial":false,"path_per_floor":["M","M","M","M","M","E","R","E","T","?","?","R","M","$","R","B",null,"M","M","M","?","M","R","E"],"character_chosen":"IRONCLAD","items_purchased":["DollysMirror"],"campfire_rested":1,"item_purchase_floors":[14],"current_hp_per_floor":[70,70,71,70,66,62,62,56,56,56,56,56,48,48,48,8,80,62,47,50,50,29,53,0,0],"gold":285,"neow_bonus":"RANDOM_COLORLESS_2","is_daily":false,"chose_seed":false,"campfire_upgraded":3,"win_rate":0.0,"timestamp":1608438080,"path_taken":["M","M","M","M","M","E","R","E","T","?","?","R","M","$","R","BOSS","M","?","M","?","M","R","E"],"items_purchased_type":["Relic"],"build_version":"2020-12-13","purchased_purges":1,"victory":false,"max_hp_per_floor":[80,80,80,80,80,80,80,80,80,80,80,80,80,80,80,80,80,80,80,80,80,80,80,80,80],"relic_stats":{"Nunchaku":[5],"counters":[14,61],"Question Card":6,"obtain_stats":[{"Nunchaku":6,"DollysMirror":14,"MutagenicStrength":21,"Oddly Smooth Stone":9,"Question Card":8,"Burning Blood":0,"Runic Pyramid":17},{"Nunchaku":6,"DollysMirror":8,"MutagenicStrength":12,"Oddly Smooth Stone":7,"Question Card":7,"Burning Blood":0,"Runic Pyramid":9},{"Nunchaku":26,"DollysMirror":33,"MutagenicStrength":52,"Oddly Smooth Stone":31,"Question Card":31,"Burning Blood":0,"Runic Pyramid":41}],"Burning Blood":78},"card_choices":[{"not_picked":["The Bomb","Secret Technique"],"picked":"Apotheosis","floor":0.0},{"not_picked":["Dark Embrace","Cleave"],"picked":"Shockwave","floor":1.0},{"not_picked":["Armaments","Body Slam"],"picked":"Flex","floor":2},{"not_picked":["Anger","Pommel Strike"],"picked":"Cleave","floor":3},{"not_picked":["Shockwave","Second Wind"],"picked":"Inflame","floor":4},{"not_picked":["Inflame","Battle Trance"],"picked":"Dropkick","floor":5},{"not_picked":["Shrug It Off","True Grit","Body Slam"],"picked":"SKIP","floor":6},{"not_picked":["Wild Strike","Metallicize"],"picked":"Cleave","floor":8},{"not_picked":["Iron Wave","Hemokinesis","Juggernaut"],"picked":"Disarm","floor":13},{"not_picked":["Berserk","Fiend Fire","Reaper"],"picked":"Offering","floor":16},{"not_picked":["Shrug It Off","Armaments","Dark Embrace","Dropkick"],"picked":"SKIP","floor":18},{"not_picked":["Shrug It Off","Armaments","Dark Embrace","Dropkick"],"picked":"SKIP","floor":18},{"not_picked":["True Grit","Ghostly Armor","Warcry","Wild Strike"],"picked":"SKIP","floor":19},{"not_picked":["Sword Boomerang","Iron Wave","Body Slam+1"],"picked":"Flex+1","floor":20},{"not_picked":["Headbutt","Iron Wave+1","Flame Barrier"],"picked":"Twin Strike","floor":22}],"player_experience":882201,"relics_obtained":[{"floor":6,"key":"Nunchaku"},{"floor":8,"key":"Question Card"},{"floor":9,"key":"Oddly Smooth Stone"}],"event_choices":[{"damage_healed":0,"gold_gain":175,"player_choice":"AGREE","damage_taken":0,"max_hp_gain":0,"max_hp_loss":0,"event_name":"Liars Game","floor":10,"gold_loss":0,"cards_obtained":["Doubt"]},{"damage_healed":0,"gold_gain":0,"cards_transformed":["Defend_R"],"player_choice":"Transformed","damage_taken":0,"max_hp_gain":0,"max_hp_loss":0,"event_name":"Transmorgrifier","floor":11,"gold_loss":0,"cards_obtained":["Brutality"]},{"damage_healed":0,"gold_gain":0,"player_choice":"Inject Mutagens","damage_taken":0,"relics_obtained":["MutagenicStrength"],"max_hp_gain":0,"max_hp_loss":0,"event_name":"Drug Dealer","floor":21,"gold_loss":0}],"is_beta":false,"boss_relics":[{"not_picked":["Cursed Key","Black Blood"],"picked":"Runic Pyramid"}],"items_purged_floors":[14],"is_endless":false,"potions_floor_spawned":[2,4,13,16,18,20,22],"killed_by":"Slavers","ascension_level":0}}