{"host":"1s2i2u841ofwoqaa","time":1608441418,"event":{"mods":["AchievementEnabler","Aspiration","BaseMod","Better Third Choice","Colored Powertips","Downfall","Hubris","Minty Spire (QoL Compilation)","StSLib","SuperFastMode","The Animator"],"gold_per_floor":[99,99,110,20,37,68,92,92,122,47,32,17,28,44,63,168,168,93,124,124,35,35,46,120,120,148,73,73,73,73,173,190,290,290,290,304,316,347,347,364,390,418,418,447,497,497,348,362,373,373,373,406,46,46,46],"floor_reached":56,"playtime":3992,"items_purged":["Injury","hubris:Despair","Injury"],"score":1507,"play_id":"ce90d34c-bb0c-40ed-ab59-3e993eeb8cf6","local_time":"20201220181658","is_ascension_mode":true,"campfire_choices":[{"floor":1,"key":"RECALL"},{"data":"champ:DeathBlow","floor":10,"key":"SMITH"},{"data":"champ:BerserkerStyle","floor":18,"key":"SMITH"},{"data":"champ:DefensiveStyle","floor":22,"key":"SMITH"},{"data":"champ:IronFortress","floor":27,"key":"SMITH"},{"data":"champ:CheapShot","floor":35,"key":"SMITH"},{"data":"champ:GladiatorStyle","floor":39,"key":"SMITH"},{"floor":43,"key":"REST"},{"data":"Caltrops","floor":54,"key":"SMITH"}],"circlet_count":0,"master_deck":["champ:Defend","champ:Defend+1","champ:Defend+1","champ:Defend","champ:Execute","champ:Taunt+1","champ:Aggression+1","champ:Backstep+1","champ:FlashCut","champ:BladeFlurry","champ:DeathBlow+1","champ:EnGarde+1","champ:CheapShot+1","champ:BerserkerStyle+1","champ:Control+1","champ:AdrenalArmor+1","champ:IgnorePain+1","champ:GladiatorsShout+1","champ:DefensiveStyle+1","champ:IronFortress+1","champ:GladiatorStyle+1","Bite","Bite","Bite","Bite","Bite","J.A.X.+1","champ:AdrenalArmor+1","champ:ArenaPreparation+1","Concentrate+1","Acrobatics+1","champ:HeartStrike+1","Caltrops+1"],"relics":["champ:ChampionCrown","Toxic Egg 2","Bird Faced Urn","War Paint","FaceOfCleric","MealTicket","downfall:HeartBlessingGreen","Cursed Key","downfall:HeartBlessingRed","aspiration:StickyExplosives_weak","Juzu Bracelet","downfall:HeartBlessingBlue","Darkstone Periapt","Enchiridion","MutagenicStrength","aspiration:SilentSkillbook","Mango","PreservedInsect","Art of War","Thread and Needle","Pocketwatch","ClockworkSouvenir","White Beast Statue","Oddly Smooth Stone","Membership Card","HornCleat"],"acts_visited":["Exordium","TheCity","TheBeyond","TheEnding"],"potions_floor_usage":[6,14,26,33,33,42,49,55],"damage_taken":[{"damage":10,"enemies":"Cultist","floor":3,"turns":5},{"damage":38,"enemies":"downfall:FleeingMerchant","floor":4,"turns":4},{"damage":15,"enemies":"2 Louse","floor":5,"turns":3},{"damage":28,"enemies":"Gremlin Nob","floor":6,"turns":5},{"damage":11,"enemies":"Lagavulin","floor":9,"turns":5},{"damage":50,"enemies":"downfall:FleeingMerchant","floor":11,"turns":4},{"damage":20,"enemies":"downfall:FleeingMerchant","floor":12,"turns":4},{"damage":10,"enemies":"Small Slimes","floor":13,"turns":3},{"damage":5,"enemies":"3 Louse","floor":14,"turns":2},{"damage":11,"enemies":"Exordium Wildlife","floor":15,"turns":2},{"damage":76,"enemies":"downfall:Watcher","floor":16,"turns":9},{"damage":68,"enemies":"Gremlin Leader","floor":19,"turns":6},{"damage":34,"enemies":"downfall:FleeingMerchant","floor":21,"turns":5},{"damage":10,"enemies":"Chosen","floor":23,"turns":3},{"damage":58,"enemies":"Slavers","floor":26,"turns":4},{"damage":44,"enemies":"downfall:Augmenter","floor":31,"turns":4},{"damage":32,"enemies":"Shell Parasite","floor":32,"turns":4},{"damage":69,"enemies":"downfall:Defect","floor":33,"turns":6},{"damage":65,"enemies":"3 Darklings","floor":36,"turns":5},{"damage":49,"enemies":"3 Shapes","floor":37,"turns":5},{"damage":50,"enemies":"Giant Head","floor":38,"turns":4},{"damage":96,"enemies":"Sphere and 2 Shapes","floor":40,"turns":3},{"damage":101,"enemies":"Reptomancer","floor":42,"turns":5},{"damage":73,"enemies":"Nemesis","floor":44,"turns":5},{"damage":90,"enemies":"Mind Bloom Boss Battle","floor":45,"turns":5},{"damage":26,"enemies":"downfall:FleeingMerchant","floor":47,"turns":3},{"damage":77,"enemies":"4 Shapes","floor":48,"turns":2},{"damage":43,"enemies":"3 Darklings","floor":49,"turns":3},{"damage":82,"enemies":"downfall:Silent","floor":50,"turns":6},{"damage":77,"enemies":"downfall:CharBossMerchant","floor":52,"turns":6},{"damage":199,"enemies":"downfall:NeowBoss","floor":55,"turns":18}],"seed_played":"3005511040767478987","potions_obtained":[{"floor":5,"key":"EssenceOfSteel"},{"floor":9,"key":"Fire Potion"},{"floor":13,"key":"BlessingOfTheForge"},{"floor":14,"key":"GamblersBrew"},{"floor":16,"key":"AttackPotion"},{"floor":26,"key":"SteroidPotion"},{"floor":28,"key":"CultistPotion"},{"floor":32,"key":"EssenceOfSteel"},{"floor":33,"key":"GamblersBrew"},{"floor":37,"key":"Ancient Potion"},{"floor":40,"key":"DuplicationPotion"},{"floor":42,"key":"Ancient Potion"},{"floor":48,"key":"Block Potion"},{"floor":49,"key":"SkillPotion"}],"is_trial":false,"path_per_floor":["R","?","M","$","M","E","T","?","E","R","$","$","M","M","M","B",null,"R","E","?","$","R","M","T","?","E","R","?","?","?","?","M","B",null,"R","M","M","E","R","M","T","E","R","E","?","?","$","M","M","B",null,"E","$","R","B",null],"character_chosen":"THE_CHAMP","items_purchased":["champ:IronFortress","ClockworkSouvenir","White Beast Statue","Membership Card","Caltrops","HornCleat"],"campfire_rested":1,"item_purchase_floors":[21,47,47,53,53,53],"current_hp_per_floor":[90,90,85,80,80,67,67,67,62,62,63,74,75,76,70,54,97,97,98,98,99,99,100,100,69,70,80,80,80,64,93,94,90,95,95,96,97,112,112,113,119,94,120,121,122,122,122,122,122,84,126,126,127,127,122],"gold":46,"neow_bonus":"UPGRADE_CARD","is_daily":false,"chose_seed":false,"campfire_upgraded":7,"win_rate":0.0,"timestamp":1608441418,"path_taken":["R","?","M","$","M","E","T","?","E","R","$","$","M","M","M","BOSS","R","E","?","$","R","M","T","?","E","R","?","?","?","?","M","BOSS","R","M","M","E","R","M","T","E","R","E","?","?","$","M","M","BOSS","E","$","R","BOSS"],"items_purchased_type":["Card","Relic","Relic","Relic","Card","Relic"],"build_version":"2020-12-13","purchased_purges":3,"victory":true,"max_hp_per_floor":[90,90,90,90,90,90,90,90,91,91,92,93,94,95,96,97,97,97,98,98,99,99,100,100,69,70,80,80,80,80,93,94,95,95,95,96,97,112,112,113,119,120,120,121,122,122,123,124,125,126,126,127,127,127,128],"card_choices":[{"not_picked":["champ:DefensiveStyle","champ:FaceSlap"],"picked":"champ:Aggression+1","floor":3},{"not_picked":["champ:PreciseThrust","champ:CalledShot"],"picked":"champ:Backstep+1","floor":4},{"not_picked":["champ:BladeFlurry","champ:PerfectedStrike"],"picked":"champ:FlashCut","floor":5},{"not_picked":["champ:BringItOn+1","champ:TornadoPunch"],"picked":"champ:BladeFlurry","floor":6},{"not_picked":["champ:RapidStrikes","champ:FaceSlap"],"picked":"champ:DeathBlow","floor":9},{"not_picked":["champ:FocusedGladiator+1","champ:IronFortress"],"picked":"champ:EnGarde+1","floor":11},{"not_picked":["champ:FanOfKnives","champ:RapidStrikes"],"picked":"champ:CheapShot","floor":12},{"not_picked":["champ:Duel","champ:EndlessRage"],"picked":"champ:BerserkerStyle","floor":13},{"not_picked":["champ:FocusedGladiator+1","champ:Encircle"],"picked":"champ:Control+1","floor":14},{"not_picked":["champ:GladiatorsShout+1","champ:BerserkersShout+1"],"picked":"champ:AdrenalArmor+1","floor":15},{"not_picked":["champ:ShieldSlam","champ:LastStand"],"picked":"champ:IgnorePain+1","floor":16},{"not_picked":["champ:CrookedStrike","champ:Backstep+1"],"picked":"champ:GladiatorsShout+1","floor":19},{"not_picked":["champ:RisingSlash","champ:Circumvent+1"],"picked":"champ:DefensiveStyle","floor":21},{"not_picked":["champ:BerserkersShout+1","champ:DefensiveShout+1"],"picked":"champ:GladiatorStyle","floor":23},{"not_picked":["champ:Circumvent+1","champ:PerfectedStrike","champ:Shatter"],"picked":"SKIP","floor":26},{"not_picked":[],"picked":"J.A.X.+1","floor":31},{"not_picked":["champ:Haymaker","champ:GladiatorsShout+1"],"picked":"champ:AdrenalArmor+1","floor":31},{"not_picked":["champ:TornadoPunch","champ:Circumvent+1"],"picked":"champ:ArenaPreparation+1","floor":32},{"not_picked":["champ:BladeFlurry+1","Flying Knee","Bane+1","champ:AdrenalArmor+1"],"picked":"SKIP","floor":36},{"not_picked":["Accuracy+1","Poisoned Stab+1","champ:Backstep+1"],"picked":"Concentrate+1","floor":37},{"not_picked":["Sucker Punch+1","hubris:Counter+1","Skewer"],"picked":"Acrobatics+1","floor":38},{"not_picked":["champ:PreciseThrust","champ:BerserkersShout+1","champ:DefensiveShout+1","champ:Haymaker+1"],"picked":"SKIP","floor":40},{"not_picked":["Dagger Spray","champ:FaceSlap+1","champ:BerserkersShout+1","Bane"],"picked":"SKIP","floor":42},{"not_picked":["Catalyst+1","Underhanded Strike","Eviscerate+1","Slice"],"picked":"SKIP","floor":44},{"not_picked":["Eviscerate+1","Prepared+1","Concentrate+1"],"picked":"champ:HeartStrike+1","floor":45},{"not_picked":["champ:PerfectedStrike+1","Escape Plan+1","Sucker Punch+1","champ:FaceSlap"],"picked":"SKIP","floor":47},{"not_picked":["champ:SkillfulDodge+1","champ:Circumvent+1","Tactician+1","champ:FanOfKnives"],"picked":"SKIP","floor":48},{"not_picked":["champ:EndlessRage+1","Deflect+1","champ:RecklessLeap","Well Laid Plans+1"],"picked":"SKIP","floor":49},{"not_picked":["champ:RisingSlash","champ:DefensiveShout+1","champ:BerserkersShout+1","champ:Balance+1"],"picked":"SKIP","floor":52}],"player_experience":458874,"relics_obtained":[{"floor":6,"key":"Bird Faced Urn"},{"floor":7,"key":"War Paint"},{"floor":9,"key":"MealTicket"},{"floor":19,"key":"aspiration:StickyExplosives_weak"},{"floor":26,"key":"Juzu Bracelet"},{"floor":30,"key":"Enchiridion"},{"floor":31,"key":"MutagenicStrength"},{"floor":38,"key":"Mango"},{"floor":41,"key":"PreservedInsect"},{"floor":42,"key":"Art of War"},{"floor":44,"key":"Thread and Needle"},{"floor":45,"key":"Pocketwatch"},{"floor":52,"key":"Oddly Smooth Stone"}],"event_choices":[{"damage_healed":0,"gold_gain":0,"player_choice":"Trade","damage_taken":0,"relics_obtained":["FaceOfCleric"],"max_hp_gain":0,"max_hp_loss":0,"event_name":"FaceTrader","floor":8,"gold_loss":0},{"damage_healed":0,"gold_gain":0,"player_choice":"Ignored","damage_taken":0,"max_hp_gain":0,"max_hp_loss":0,"event_name":"Ghosts","floor":20,"gold_loss":0},{"damage_healed":0,"gold_gain":0,"player_choice":"Became a vampire","damage_taken":0,"max_hp_gain":0,"max_hp_loss":31,"event_name":"Vampires","floor":25,"gold_loss":0,"cards_obtained":["Bite","Bite","Bite","Bite","Bite"]}],"is_beta":false,"boss_relics":[{"not_picked":["hubris:ScarierMask","Busted Crown"],"picked":"Cursed Key"},{"not_picked":["Fusion Hammer","hubris:BlackHole"],"picked":"aspiration:SilentSkillbook"}],"items_purged_floors":[4,47,53],"is_endless":false,"potions_floor_spawned":[5,9,13,14,16,19,26,32,33,37,40,42,48,49,52],"ascension_level":1}}