{"host":"2r9c5djnwa59pg08","time":1608449358,"event":{"mods":["AchievementEnabler","Aspiration","BaseMod","Better Note","BetterRewards","Card Forge","Conspire","Energized Spire","Halation","Hermit","Infinite Spire","Marked Mod","Minty Spire (QoL Compilation)","Permanent Neow","Replay The Spire","StSLib","Transform Curses"],"gold_per_floor":[114,114,164,464,92,92,109,138,191,191,225,225,125,159,159,285,285,308,27,27,27,50,91,91,91,91,112,126,126,150,169,169,288,288,306,370,370,384,384,384,384],"floor_reached":40,"playtime":2342,"items_purged":["Regret","Amnesia","Spreading Infection","Shame","conspire:Blindness"],"score":1014,"play_id":"6a7e04da-aaef-4716-8156-4fabc2e6fec7","local_time":"20201220152918","is_ascension_mode":true,"campfire_choices":[{"floor":6.0,"key":"REST"},{"data":"Normality","floor":15.0,"key":"PURGE"},{"floor":25.0,"key":"REST"},{"data":"MarkedMod:OneThousandNeedles","floor":32,"key":"SMITH"}],"circlet_count":0,"master_deck":["SashWhip+1","FollowUp+1","Consecrate+1","Swift Strike+1","Good Instincts+1","Tantrum+1","Swivel+1","Perseverance+1","LikeWater+1","Halt+1","Evaluate+1","EmptyBody+1","Injury","hermit:ImpendingDoom","Wallop+1","CrushJoints+1","Injury","FlurryOfBlows+1","DevaForm+1","Collect","FollowUp+1","Fasting2+1","Crescendo","SignatureMove+1","FlyingSleeves+1","infinitespire:Gouge+1","Shame","Glass Knife+1","MarkedMod:OneThousandNeedles+1","Regret","Alpha+1","Regret"],"relics":["PureWater","Hammer of Thor","Seething Fire","Anvil of the Gods","PreservedInsect","Toy Ornithopter","Pen Nib","Nunchaku","Medical Kit","Molten Egg 2","Ring of Greed","ReplayTheSpireMod:Ring of Challenge","Replay:Wax Seal","Golden Egg","Old Coin","aspiration:Lifesprig","Toolbox","infinitespire:Lucky Rock","Art of War","ReplayTheSpireMod:Shallot","Golden Idol","Replay:Mystery Machine","aspiration:RitualDagger","aspiration:Nostalgia","Replay:M_StaffOfTheSnake","halation:EternalFortune","TheAbacus","Whetstone","Replay:PocketPolymizer","infinitespire:Broken Mirror","Busted Crown","Ginger","Anchor","Dream Catcher"],"acts_visited":["Exordium","TheCity","TheBeyond"],"potions_floor_usage":[36,40,40],"damage_taken":[{"damage":0.0,"enemies":"2 Louse","floor":1.0,"turns":2.0},{"damage":12.0,"enemies":"conspire:RoseBush","floor":7.0,"turns":3.0},{"damage":1.0,"enemies":"Lagavulin","floor":8.0,"turns":7.0},{"damage":0.0,"enemies":"3 Sentries","floor":11.0,"turns":2.0},{"damage":3.0,"enemies":"Gremlin Nob","floor":14.0,"turns":4.0},{"damage":18.0,"enemies":"The Guardian","floor":16.0,"turns":6.0},{"damage":35.0,"enemies":"Shell Parasite","floor":18.0,"turns":3.0},{"damage":6.0,"enemies":"Chosen","floor":22.0,"turns":2.0},{"damage":6.0,"enemies":"conspire:SneckoGhost","floor":23.0,"turns":2.0},{"damage":31.0,"enemies":"Snecko","floor":27.0,"turns":4.0},{"damage":6.0,"enemies":"Snake Plant","floor":28.0,"turns":2.0},{"damage":19.0,"enemies":"Cultist and Chosen","floor":30.0,"turns":3.0},{"damage":12,"enemies":"conspire:HollyBat","floor":31,"turns":4},{"damage":32,"enemies":"Collector","floor":33,"turns":4},{"damage":47,"enemies":"3 Darklings","floor":35,"turns":4},{"damage":30,"enemies":"2 Orb Walkers","floor":36,"turns":3},{"damage":6,"enemies":"3 Shapes","floor":38,"turns":2},{"damage":46,"enemies":"Nemesis","floor":40,"turns":3}],"seed_played":"8475479938803764896","potions_obtained":[{"floor":1.0,"key":"Ancient Potion"},{"floor":8.0,"key":"ColorlessPotion"},{"floor":18.0,"key":"LiquidMemories"},{"floor":28.0,"key":"SkillPotion"}],"is_trial":false,"path_per_floor":["M","?","?","?","$","R","M","E","T","?","E","?","$","E","R","B",null,"M","$","?","AVR","M","E","?","R","T","M","M","?","M","M","R","B",null,"M","?","?","M","AVR","E"],"character_chosen":"WATCHER","items_purchased":["PreservedInsect","Toy Ornithopter","Pen Nib","Nunchaku","Medical Kit","AttackPotion","aspiration:Lifesprig","Toolbox","aspiration:Nostalgia"],"campfire_rested":2,"item_purchase_floors":[0,0,0,0,0,0,5,5,19],"current_hp_per_floor":[29,29,29,29,29,50,38,37,37,37,37,37,37,34,34,21,59,29,29,32,32,26,20,20,42,42,11,5,5,71,73,73,55,70,40,32,32,35,35,0,0],"gold":384,"neow_bonus":"","is_daily":false,"chose_seed":false,"campfire_upgraded":1,"win_rate":0.0,"timestamp":1608449358,"path_taken":["M","?","?","?","$","R","M","E","T","?","E","?","$","E","R","BOSS","M","$","?","AVR","M","E","?","R","T","M","?","?","M","M","R","BOSS","M","?","?","M","AVR","E"],"items_purchased_type":["Relic","Relic","Relic","Relic","Relic","Potion","Relic","Relic","Relic"],"build_version":"2020-12-13","purchased_purges":5,"victory":false,"max_hp_per_floor":[72,72,72,72,72,72,72,72,72,72,72,72,72,72,72,72,72,72,72,75,75,75,75,75,75,75,75,75,75,75,75,75,75,75,75,75,75,75,75,75,75],"card_choices":[{"not_picked":["Swivel","JustLucky","Replay:Anticipation"],"picked":"SKIP","floor":1.0},{"not_picked":["Worship","Replay:BluntJabs+1"],"picked":"Wallop+1","floor":7.0},{"not_picked":["MentalFortress","Tantrum+1","Replay:LoomingThreat"],"picked":"SKIP","floor":8.0},{"not_picked":["CarveReality+1","Indignation"],"picked":"CrushJoints+1","floor":11.0},{"not_picked":["MarkedMod:Acupuncture+1","BowlingBash+1"],"picked":"FlurryOfBlows+1","floor":14.0},{"not_picked":["Brilliance+1","Devotion"],"picked":"DevaForm","floor":16.0},{"not_picked":["Pray","MarkedMod:GentlePulse+1"],"picked":"Collect","floor":18.0},{"not_picked":["PathToVictory","Replay:DivineShield"],"picked":"FollowUp+1","floor":22.0},{"not_picked":["Halt","SashWhip+1"],"picked":"Fasting2+1","floor":23.0},{"not_picked":["SandsOfTime+1","Dagger Throw+1"],"picked":"SignatureMove+1","floor":27.0},{"not_picked":["Collect","Outmaneuver+1"],"picked":"FlyingSleeves+1","floor":28.0},{"not_picked":["ReplayTheSpireMod:??????????????????????","infinitespire:Starlight"],"picked":"infinitespire:Gouge","floor":29.0},{"not_picked":["JustLucky+1","FlyingSleeves+1","InnerPeace"],"picked":"SKIP","floor":30},{"not_picked":["BowlingBash+1","MarkedMod:OneThousandNeedles"],"picked":"Glass Knife+1","floor":31},{"not_picked":["Tools of the Trade","MarkedMod:NorthStar"],"picked":"Alpha","floor":33},{"not_picked":["Replay:AtTheReady"],"picked":"SKIP","floor":35},{"not_picked":["FlurryOfBlows+1"],"picked":"SKIP","floor":38}],"player_experience":380404,"relics_obtained":[{"floor":3.0,"key":"Ring of Greed"},{"floor":3.0,"key":"ReplayTheSpireMod:Ring of Challenge"},{"floor":3.0,"key":"Replay:Wax Seal"},{"floor":3.0,"key":"Golden Egg"},{"floor":8.0,"key":"infinitespire:Lucky Rock"},{"floor":9.0,"key":"Art of War"},{"floor":11.0,"key":"ReplayTheSpireMod:Shallot"},{"floor":14.0,"key":"Replay:Mystery Machine"},{"floor":23.0,"key":"Whetstone"},{"floor":26.0,"key":"infinitespire:Broken Mirror"},{"floor":36,"key":"Ginger"},{"floor":37,"key":"Anchor"}],"event_choices":[{"damage_healed":0.0,"max_hp_gain":0.0,"max_hp_loss":0.0,"gold_gain":0.0,"event_name":"Big Fish","player_choice":"Box","floor":4.0,"gold_loss":0.0,"damage_taken":0.0,"relics_obtained":["Old Coin"],"cards_obtained":["Regret"]},{"damage_healed":0.0,"max_hp_gain":0.0,"max_hp_loss":0.0,"gold_gain":0.0,"event_name":"conspire:Investor","player_choice":"Leave","floor":10.0,"gold_loss":0.0,"damage_taken":0.0},{"damage_healed":0.0,"max_hp_gain":0.0,"max_hp_loss":0.0,"gold_gain":0.0,"event_name":"Golden Idol","player_choice":"Take Wound","floor":12.0,"gold_loss":0.0,"damage_taken":0.0,"relics_obtained":["Golden Idol"],"cards_obtained":["Injury"]},{"damage_healed":0.0,"max_hp_gain":0.0,"max_hp_loss":0.0,"gold_gain":0.0,"event_name":"WeMeetAgain","player_choice":"Gave Potion","floor":24.0,"gold_loss":0.0,"damage_taken":0.0,"relics_obtained":["Replay:PocketPolymizer"]},{"damage_healed":0,"gold_gain":0,"player_choice":"Fight","damage_taken":0,"max_hp_gain":0,"max_hp_loss":0,"event_name":"Mysterious Sphere","floor":36,"gold_loss":0},{"damage_healed":0,"gold_gain":0,"player_choice":"Relic","damage_taken":0,"max_hp_gain":0,"max_hp_loss":0,"event_name":"Wheel of Change","floor":37,"gold_loss":0}],"is_beta":false,"boss_relics":[{"not_picked":["aspiration:FutureDiary","halation:PinkAlligatorPlush"],"picked":"aspiration:RitualDagger"},{"not_picked":["Velvet Choker","VioletLotus"],"picked":"Busted Crown"}],"items_purged_floors":[5,13,19,21,39],"is_endless":false,"potions_floor_spawned":[1,8,14,18,28,30,35],"killed_by":"Nemesis","ascension_level":6}}