{"host":"db9qq6yd9ck6prkg","time":1608443631,"event":{"mods":["ATMod(°¢èªMod)","BaseMod","Custom Start","Minty Spire (QoL Compilation)","StSLib","Uncapped"],"gold_per_floor":[100112,100126,99291,99291,99309,99342,98508,98508,98508,98538,98555,98555,98555,98565,98565,98636,98636,98649,98663,98037,98037,98087,98117,98032,98032,98078,97547,97578,97578,97148,97167,97167,97244,97244,97260,97278,97288,97300,97313,97348,97348,97375,97375,97375,97387,97387,97412,97425,97425,97425,97425,97425,97425,97046,97074,97074],"floor_reached":57,"playtime":1804,"items_purged":["Strike_R","Strike_R","Strike_R","Immolate","Defend_R","Bash"],"score":3570,"play_id":"b2e24b04-ea95-4573-8a6e-08146db0a86b","local_time":"20201220135351","is_ascension_mode":true,"campfire_choices":[{"floor":8.0,"key":"REST"},{"data":"Dark Embrace","floor":12.0,"key":"SMITH"},{"data":"Armaments","floor":15.0,"key":"SMITH"},{"data":"Barricade","floor":29,"key":"SMITH"},{"data":"Corruption","floor":32,"key":"SMITH"},{"floor":44,"key":"RECALL"},{"data":"Feel No Pain","floor":49,"key":"SMITH"},{"data":"Evolve","floor":53,"key":"SMITH"}],"circlet_count":0,"master_deck":["AscendersBane","Defend_R","Defend_R","Defend_R","Dark Embrace+1","Armaments+1","Offering+1","Power Through+1","Feel No Pain+1","Shrug It Off+1","Body Slam+1","Corruption+1","Havoc+1","Flex","Evolve+1","Barricade+1","Bloodletting+1","Seeing Red+1","AT_BodySlamDance+1","Entrench+1","Impervious+1","Shockwave+1","Shockwave+1","Feel No Pain+1"],"relics":["Runic Dome","Toolbox","Pantograph","Matryoshka","White Beast Statue","OrangePellets","Dream Catcher","Pear","HornCleat","MealTicket","Runic Cube","Orichalcum","Lantern","Toxic Egg 2","Meat on the Bone","Akabeko","MawBank","Membership Card","Ancient Tea Set","Kunai","Frozen Egg 2","TheAbacus","Self Forming Clay","Nunchaku","Philosopher\u0027s Stone","Ornamental Fan","War Paint","InkBottle","Mango","Pen Nib","Dead Branch","Toy Ornithopter"],"acts_visited":["Exordium","TheCity","TheBeyond","TheEnding"],"potions_floor_usage":[23],"damage_taken":[{"damage":1.0,"enemies":"Cultist","floor":1.0,"turns":3.0},{"damage":4.0,"enemies":"Jaw Worm","floor":2.0,"turns":4.0},{"damage":6.0,"enemies":"Small Slimes","floor":5.0,"turns":3.0},{"damage":42.0,"enemies":"Lagavulin","floor":6.0,"turns":8.0},{"damage":10.0,"enemies":"3 Sentries","floor":10.0,"turns":8.0},{"damage":9.0,"enemies":"Blue Slaver","floor":11.0,"turns":5.0},{"damage":0.0,"enemies":"3 Louse","floor":14.0,"turns":5.0},{"damage":6.0,"enemies":"Hexaghost","floor":16.0,"turns":7.0},{"damage":26,"enemies":"2 Thieves","floor":18,"turns":4},{"damage":37,"enemies":"Spheric Guardian","floor":19,"turns":8},{"damage":6,"enemies":"Book of Stabbing","floor":23,"turns":3},{"damage":9,"enemies":"Gremlin Leader","floor":28,"turns":3},{"damage":6,"enemies":"Snake Plant","floor":31,"turns":1},{"damage":9,"enemies":"Collector","floor":33,"turns":2},{"damage":11,"enemies":"Orb Walker","floor":35,"turns":2},{"damage":16,"enemies":"3 Shapes","floor":36,"turns":1},{"damage":6,"enemies":"Spire Growth","floor":37,"turns":3},{"damage":6,"enemies":"3 Darklings","floor":38,"turns":3},{"damage":3,"enemies":"Maw","floor":39,"turns":3},{"damage":9,"enemies":"Reptomancer","floor":40,"turns":1},{"damage":3,"enemies":"Nemesis","floor":42,"turns":5},{"damage":9,"enemies":"Writhing Mass","floor":45,"turns":3},{"damage":0,"enemies":"Mind Bloom Boss Battle","floor":47,"turns":3},{"damage":6,"enemies":"4 Shapes","floor":48,"turns":1},{"damage":9,"enemies":"Awakened One","floor":50,"turns":2},{"damage":16,"enemies":"Time Eater","floor":51,"turns":5},{"damage":6,"enemies":"Shield and Spear","floor":55,"turns":1},{"damage":21,"enemies":"The Heart","floor":56,"turns":4}],"seed_played":"4758715457634058855","potions_obtained":[{"floor":1.0,"key":"SteroidPotion"},{"floor":2.0,"key":"PowerPotion"},{"floor":10.0,"key":"Strength Potion"},{"floor":11.0,"key":"PowerPotion"},{"floor":14.0,"key":"ColorlessPotion"},{"floor":16.0,"key":"DistilledChaos"},{"floor":18,"key":"HeartOfIron"},{"floor":23,"key":"Strength Potion"},{"floor":38,"key":"HeartOfIron"},{"floor":47,"key":"DuplicationPotion"}],"is_trial":false,"path_per_floor":["M","M","$","?","M","E","$","R","T","E","M","R","?","M","R","B",null,"M","M","$","?","?","E","?","?","T","$","E","R","$","M","R","B",null,"M","M","M","M","M","E","?","E","T","R","M","?","?","M","R","B","B",null,"R","$","E","B",null],"character_chosen":"IRONCLAD","items_purchased":["Toolbox","Pantograph","Matryoshka","Armaments","OrangePellets","Dream Catcher","Pear","Feel No Pain","SkillPotion","Orichalcum","Corruption","Lantern","Membership Card","Ancient Tea Set","Kunai","Barricade","Bloodletting+1","TheAbacus","Self Forming Clay","Nunchaku","AT_BodySlamDance+1","Pen Nib","Dead Branch","Shockwave+1"],"campfire_rested":1,"item_purchase_floors":[3,3,3,3,7,7,7,7,7,20,20,20,27,27,27,27,27,30,30,30,30,54,54,54],"current_hp_per_floor":[67,63,63,63,57,15,25,50,50,40,31,31,5,5,5,24,70,47,10,25,25,25,19,19,85,85,85,76,76,85,79,79,76,83,72,56,50,44,53,44,34,43,43,43,46,46,85,79,79,86,79,91,91,95,89,83],"gold":97074,"neow_bonus":"BOSS_RELIC","is_daily":false,"chose_seed":false,"campfire_upgraded":6,"win_rate":0.0,"timestamp":1608443631,"path_taken":["M","M","$","?","?","E","$","R","T","E","?","R","?","M","R","BOSS","M","M","$","?","?","E","?","?","T","$","E","R","$","M","R","BOSS","M","M","M","M","?","E","?","E","T","R","M","?","?","M","R","BOSS","BOSS","R","$","E","BOSS"],"items_purchased_type":["Relic","Relic","Relic","Card","Relic","Relic","Relic","Card","Potion","Relic","Card","Relic","Relic","Relic","Relic","Card","Card","Relic","Relic","Relic","Card","Relic","Relic","Card"],"build_version":"2020-12-13","purchased_purges":6,"victory":true,"max_hp_per_floor":[75,75,75,75,75,75,85,85,85,85,85,85,85,85,85,85,85,85,85,85,85,85,85,85,85,85,85,85,85,85,85,85,85,85,85,85,85,85,85,85,85,85,85,85,85,81,95,95,95,95,95,95,95,95,95,95],"card_choices":[{"not_picked":["Spot Weakness","Wild Strike"],"picked":"Dark Embrace","floor":1.0},{"not_picked":["Heavy Blade","Thunderclap","Infernal Blade"],"picked":"SKIP","floor":2.0},{"not_picked":["Sword Boomerang","Metallicize"],"picked":"Power Through","floor":6.0},{"not_picked":["Uppercut","Exhume"],"picked":"Shrug It Off","floor":10.0},{"not_picked":["Uppercut","Twin Strike","Spot Weakness"],"picked":"SKIP","floor":11.0},{"not_picked":["Demon Form","Bludgeon"],"picked":"Immolate","floor":16.0},{"not_picked":["AT_DrawKnifeCut","Entrench"],"picked":"Body Slam+1","floor":19},{"not_picked":["Thunderclap","Ghostly Armor+1"],"picked":"Evolve","floor":23},{"not_picked":["Havoc+1","Wild Strike+1"],"picked":"Seeing Red+1","floor":28},{"not_picked":["Reckless Charge","Iron Wave"],"picked":"Entrench+1","floor":31},{"not_picked":["Brutality+1","AT_Dispersion+1"],"picked":"Impervious+1","floor":33},{"not_picked":["Sword Boomerang","Bloodletting+1","AT_IchimonjiDouble"],"picked":"SKIP","floor":35},{"not_picked":["Clothesline+1","Flex+1","Havoc+1"],"picked":"SKIP","floor":36},{"not_picked":["AT_IchimonjiDouble","Havoc+1"],"picked":"Shockwave+1","floor":38},{"not_picked":["Clothesline","Twin Strike","Clash+1"],"picked":"SKIP","floor":42},{"not_picked":["Bloodletting+1","Pummel"],"picked":"Feel No Pain+1","floor":55}],"player_experience":176246,"relics_obtained":[{"floor":6.0,"key":"White Beast Statue"},{"floor":9.0,"key":"HornCleat"},{"floor":10.0,"key":"MealTicket"},{"floor":23,"key":"Toxic Egg 2"},{"floor":26,"key":"Akabeko"},{"floor":26,"key":"MawBank"},{"floor":28,"key":"Frozen Egg 2"},{"floor":40,"key":"Ornamental Fan"},{"floor":42,"key":"War Paint"},{"floor":43,"key":"InkBottle"},{"floor":47,"key":"Mango"},{"floor":55,"key":"Toy Ornithopter"}],"event_choices":[{"damage_healed":0.0,"max_hp_gain":0.0,"max_hp_loss":0.0,"gold_gain":0.0,"event_name":"Match and Keep!","player_choice":"2 cards matched","floor":4.0,"gold_loss":0.0,"damage_taken":0.0,"cards_obtained":["Offering","Ghostly Armor"]},{"damage_healed":0.0,"max_hp_gain":0.0,"max_hp_loss":0.0,"gold_gain":0.0,"event_name":"Shining Light","player_choice":"Entered Light","floor":13.0,"gold_loss":0.0,"damage_taken":26.0,"cards_upgraded":["Shrug It Off","Offering"]},{"damage_healed":0,"gold_gain":0,"cards_transformed":["Strike_R","Strike_R"],"player_choice":"Became Test Subject","damage_taken":0,"max_hp_gain":0,"max_hp_loss":0,"event_name":"Drug Dealer","floor":21,"gold_loss":0,"cards_obtained":["Havoc","Flex"]},{"damage_healed":0,"gold_gain":50,"player_choice":"Stole From Cult","damage_taken":0,"max_hp_gain":0,"max_hp_loss":0,"event_name":"Nest","floor":22,"gold_loss":0},{"damage_healed":0,"gold_gain":0,"player_choice":"Obtained Relic","damage_taken":0,"relics_obtained":["Meat on the Bone"],"max_hp_gain":0,"max_hp_loss":0,"event_name":"Addict","floor":24,"gold_loss":85},{"cards_removed":["Ghostly Armor"],"damage_healed":66,"gold_gain":0,"player_choice":"Offered Uncommon","damage_taken":0,"max_hp_gain":0,"max_hp_loss":0,"event_name":"Bonfire Elementals","floor":25,"gold_loss":0},{"damage_healed":0,"gold_gain":0,"player_choice":"Memory 3","damage_taken":10,"max_hp_gain":0,"max_hp_loss":0,"event_name":"SensoryStone","floor":41,"gold_loss":0},{"damage_healed":0,"gold_gain":0,"player_choice":"Max HP","damage_taken":0,"max_hp_gain":0,"max_hp_loss":4,"event_name":"Winding Halls","floor":46,"gold_loss":0},{"damage_healed":0,"gold_gain":0,"player_choice":"Fight","damage_taken":0,"max_hp_gain":0,"max_hp_loss":0,"event_name":"MindBloom","floor":47,"gold_loss":0}],"is_beta":false,"boss_relics":[{"not_picked":["Empty Cage","SlaversCollar"],"picked":"Runic Cube"},{"not_picked":["Pandora\u0027s Box","Cursed Key"],"picked":"Philosopher\u0027s Stone"}],"items_purged_floors":[3,7,20,27,30,54],"is_endless":false,"potions_floor_spawned":[1,2,10,11,14,16,18,19,23,28,31,33,35,36,37,38,39,40,42,45,47,48,55],"ascension_level":20}}