{"host":"8fjsnt81u6xsmhji","time":1608454649,"event":{"mods":["BaseMod","Colored Powertips","Downfall","Glutton Mod","Minty Spire (QoL Compilation)","Quick Restart","Somnambulant","StSLib","The Bug Knight","The Construct","The Forsaken","The Hierophant","The Mystic"],"gold_per_floor":[99,125,125,50,93,104,104,104,24,24,24,51,51,162,208,289,289,289,339,376,437,481,445,445,483,408,431,440,535,585,638,615,659,659,659,559,601,680,778,248,272,266,315,240,247,380,385,544,558,437,437,421,382,382,305],"floor_reached":56,"playtime":3964,"items_purged":["hierophant:Defend_Hierophant","hierophant:Strike_Hierophant"],"score":1555,"play_id":"cde7c41d-0a07-4c10-8dac-720247aed058","local_time":"20201220025729","is_ascension_mode":true,"campfire_choices":[{"floor":1.0,"key":"RECALL"},{"data":"hierophant:ChurchCoffers","floor":4.0,"key":"SMITH"},{"data":"hierophant:Punish","floor":8.0,"key":"SMITH"},{"data":"hierophant:CoinFling","floor":10.0,"key":"SMITH"},{"data":"hierophant:Cornucopia","floor":18.0,"key":"SMITH"},{"floor":26.0,"key":"REST"},{"data":"hierophant:CursedGold","floor":35.0,"key":"SMITH"},{"floor":44.0,"key":"REST"},{"floor":54,"key":"REST"}],"circlet_count":0,"master_deck":["hierophant:Strike_Hierophant","hierophant:Strike_Hierophant","hierophant:Punish+1","hierophant:Defend_Hierophant","hierophant:Defend_Hierophant","hierophant:ChurchCoffers+1","hierophant:Doubloon+1","hierophant:CursedGold+1","hierophant:OrnateBuckler","hierophant:Encroach","hierophant:CoinFling+1","hierophant:Doubloon","hierophant:Doubloon","hierophant:ConvertCurrency","hierophant:Cornucopia+1","hierophant:AuricBeam","hierophant:AuricForm","hierophant:Batter","hierophant:Doubloon","hierophant:CoinFling","hierophant:Doubloon","hierophant:Remorse+1","hierophant:Sermon+1","hierophant:AuricShield+1","hierophant:MorningPrayer","hierophant:OrnateBuckler+1","CurseOfTheBell","hierophant:FieryStrike+1","hierophant:Mercenaries","hierophant:Smite+1","expansioncontent:Chronoboost","Parasite","hierophant:Embezzle+1"],"relics":["hierophant:PropheticMaskRelic","downfall:HeartsMalice","White Beast Statue","downfall:HeartBlessingRed","Lantern","theForsaken:ScaryMask","Ginger","downfall:CloakOfManyFaces","CultistMask","FaceOfCleric","NlothsMask","GremlinMask","SsserpentHead","construct:WeddingRing","HollowMod:PaleOreRelic","downfall:HeartBlessingGreen","Calling Bell","CeramicFish","Darkstone Periapt","Ice Cream","Membership Card","Shuriken","Dream Catcher","downfall:HeartBlessingBlue","Bird Faced Urn","War Paint","Medical Kit","HornCleat","Gremlin Horn"],"acts_visited":["Exordium","TheCity","TheBeyond","TheEnding"],"potions_floor_usage":[55,55],"damage_taken":[{"damage":0.0,"enemies":"Gremlin Nob","floor":2.0,"turns":1.0},{"damage":0.0,"enemies":"3 Sentries","floor":5.0,"turns":1.0},{"damage":0.0,"enemies":"Jaw Worm","floor":6.0,"turns":1.0},{"damage":0.0,"enemies":"downfall:FleeingMerchant","floor":9.0,"turns":4.0},{"damage":0.0,"enemies":"Cultist","floor":12.0,"turns":2.0},{"damage":13.0,"enemies":"downfall:FaceTrader","floor":14.0,"turns":5.0},{"damage":0.0,"enemies":"Small Slimes","floor":15.0,"turns":1.0},{"damage":25.0,"enemies":"downfall:Ironclad","floor":16.0,"turns":6.0},{"damage":1.0,"enemies":"Shell Parasite","floor":20.0,"turns":2.0},{"damage":2.0,"enemies":"Spheric Guardian","floor":21.0,"turns":3.0},{"damage":4.0,"enemies":"Snake Plant","floor":22.0,"turns":3.0},{"damage":24.0,"enemies":"Gremlin Leader","floor":23.0,"turns":6.0},{"damage":1.0,"enemies":"3 Cultists","floor":25.0,"turns":4.0},{"damage":3.0,"enemies":"Book of Stabbing","floor":27.0,"turns":3.0},{"damage":8.0,"enemies":"Cultist and Chosen","floor":28.0,"turns":4.0},{"damage":8.0,"enemies":"Centurion and Healer","floor":29.0,"turns":3.0},{"damage":0.0,"enemies":"3 Cultists","floor":31.0,"turns":2.0},{"damage":7.0,"enemies":"Shelled Parasite and Fungi","floor":32.0,"turns":4.0},{"damage":25.0,"enemies":"downfall:Defect","floor":33.0,"turns":4.0},{"damage":8.0,"enemies":"3 Darklings","floor":37.0,"turns":8.0},{"damage":3.0,"enemies":"3 Shapes","floor":38.0,"turns":5.0},{"damage":15.0,"enemies":"Writhing Mass","floor":39.0,"turns":4.0},{"damage":0.0,"enemies":"downfall:FleeingMerchant","floor":40.0,"turns":4.0},{"damage":29.0,"enemies":"Nemesis","floor":42.0,"turns":7.0},{"damage":0.0,"enemies":"Sphere and 2 Shapes","floor":43.0,"turns":6.0},{"damage":8.0,"enemies":"Jaw Worm Horde","floor":45.0,"turns":5.0},{"damage":16.0,"enemies":"2 Orb Walkers","floor":46.0,"turns":3.0},{"damage":0.0,"enemies":"downfall:FleeingMerchant","floor":47.0,"turns":1.0},{"damage":1.0,"enemies":"4 Shapes","floor":48.0,"turns":8.0},{"damage":15.0,"enemies":"Writhing Mass","floor":49.0,"turns":5.0},{"damage":0.0,"enemies":"downfall:Watcher","floor":50.0,"turns":5.0},{"damage":68.0,"enemies":"downfall:CharBossMerchant","floor":52.0,"turns":6.0},{"damage":30,"enemies":"downfall:NeowBoss","floor":55,"turns":5}],"seed_played":"8757459626369364608","potions_obtained":[{"floor":5.0,"key":"Strength Potion"},{"floor":6.0,"key":"AttackPotion"},{"floor":9.0,"key":"SteroidPotion"},{"floor":12.0,"key":"champ:CounterPotion"},{"floor":14.0,"key":"Explosive Potion"},{"floor":15.0,"key":"SteroidPotion"},{"floor":16.0,"key":"PowerPotion"},{"floor":20.0,"key":"Regen Potion"},{"floor":21.0,"key":"BlessingOfTheForge"},{"floor":25.0,"key":"DistilledChaos"},{"floor":27.0,"key":"PowerPotion"},{"floor":28.0,"key":"LiquidBronze"},{"floor":29.0,"key":"BlessingOfTheForge"},{"floor":31.0,"key":"SpeedPotion"},{"floor":33.0,"key":"Explosive Potion"},{"floor":37.0,"key":"champ:CounterPotion"},{"floor":39.0,"key":"CultistPotion"},{"floor":40.0,"key":"Fire Potion"},{"floor":42.0,"key":"Swift Potion"},{"floor":43.0,"key":"hexamod:EctoCoolerPotion"},{"floor":45.0,"key":"champ:CounterPotion"},{"floor":46.0,"key":"Strength Potion"},{"floor":47.0,"key":"Block Potion"},{"floor":48.0,"key":"Strength Potion"},{"floor":52.0,"key":"Fire Potion"}],"is_trial":false,"path_per_floor":["R","E","?","R","E","M","T","R","$","R","?","M","?","?","M","B",null,"R","?","M","M","M","E","T","M","R","E","M","M","?","M","M","B",null,"R","?","M","M","M","$","T","E","M","R","M","?","$","M","M","B",null,"E","$","R","B",null],"character_chosen":"HIEROPHANT","items_purchased":["hierophant:CoinFling","Membership Card","Shuriken","hierophant:Mercenaries","War Paint","Medical Kit","HornCleat","expansioncontent:Chronoboost","DuplicationPotion"],"campfire_rested":3,"item_purchase_floors":[9,40,40,40,47,47,47,47,53],"current_hp_per_floor":[75,75,75,75,75,75,75,75,75,75,75,75,50,37,38,14,77,77,77,77,76,73,50,50,50,74,72,65,70,70,71,65,41,88,88,98,91,89,75,76,76,48,49,93,86,71,74,80,74,79,126,61,61,99,74],"gold":305,"neow_bonus":"THREE_ENEMY_KILL","is_daily":false,"chose_seed":false,"campfire_upgraded":5,"win_rate":0.0,"timestamp":1608454649,"path_taken":["R","E","?","R","E","?","T","R","?","R","?","M","?","?","M","BOSS","R","?","M","M","M","E","T","M","R","E","M","?","?","?","M","BOSS","R","?","M","M","?","$","T","E","M","R","M","?","?","?","M","BOSS","E","$","R","BOSS"],"items_purchased_type":["Card","Relic","Relic","Card","Relic","Relic","Relic","Card","Potion"],"build_version":"2020-12-13","purchased_purges":2,"victory":true,"max_hp_per_floor":[75,75,75,75,75,75,75,75,75,75,75,75,75,75,76,77,77,77,77,78,79,80,81,81,82,82,83,84,85,85,86,87,88,88,88,98,99,100,101,102,102,103,104,114,115,116,117,118,125,126,126,127,127,127,128],"card_choices":[{"not_picked":["hierophant:Exaltation","hierophant:AuricBeam"],"picked":"hierophant:CursedGold","floor":2.0},{"not_picked":["hierophant:DisplayOfPower","hierophant:BulkyChest"],"picked":"hierophant:OrnateBuckler","floor":5.0},{"not_picked":["hierophant:Sermon","hierophant:Alms","hierophant:SealAway"],"picked":"SKIP","floor":6.0},{"not_picked":["hierophant:OrnateBuckler","hierophant:FlamingChariot"],"picked":"hierophant:Encroach","floor":9.0},{"not_picked":["hierophant:Shelter","hierophant:OrnateBuckler"],"picked":"hierophant:ConvertCurrency","floor":12.0},{"not_picked":["hierophant:HammerAndAnvil","hierophant:SecretStash"],"picked":"hierophant:Cornucopia","floor":14.0},{"not_picked":["hierophant:RustyCrate","hierophant:Sermon"],"picked":"hierophant:AuricBeam","floor":15.0},{"not_picked":["hierophant:DeathKnell","hierophant:Invocation"],"picked":"hierophant:AuricForm","floor":16.0},{"not_picked":["hierophant:RustyCrate","hierophant:FieryStrike+1","hierophant:AuricBeam"],"picked":"SKIP","floor":20.0},{"not_picked":["hierophant:HolyVerse","hierophant:Sermon","hierophant:Doomsaying+1"],"picked":"SKIP","floor":21.0},{"not_picked":["hierophant:Encroach","hierophant:Patience"],"picked":"hierophant:Remorse+1","floor":22.0},{"not_picked":["hierophant:ThreeLashes","hierophant:SecretStash","hierophant:ArchangelShield"],"picked":"SKIP","floor":23.0},{"not_picked":["hierophant:Purify+1","hierophant:Shelter+1"],"picked":"hierophant:Sermon","floor":25.0},{"not_picked":["hierophant:WrathOfGod","hierophant:SealAway+1"],"picked":"hierophant:AuricShield+1","floor":27.0},{"not_picked":["hierophant:Empathy","hierophant:DisplayOfPower"],"picked":"hierophant:MorningPrayer","floor":28.0},{"not_picked":["hierophant:Empathy","hierophant:Batter"],"picked":"hierophant:OrnateBuckler+1","floor":29.0},{"not_picked":["hierophant:ConvertCurrency+1","hierophant:Purify+1","hierophant:Patience"],"picked":"SKIP","floor":31.0},{"not_picked":["hierophant:HolyVerse+1","hierophant:Refuge","hierophant:Shelter"],"picked":"SKIP","floor":32.0},{"not_picked":["hierophant:Purify+1","hierophant:Sermon","hierophant:SealAway"],"picked":"SKIP","floor":37.0},{"not_picked":["hierophant:Smite+1","hierophant:Doubloon","hierophant:Purify"],"picked":"SKIP","floor":38.0},{"not_picked":["hierophant:Empathy+1","hierophant:Patience"],"picked":"hierophant:FieryStrike+1","floor":39.0},{"not_picked":["hierophant:Shelter","hierophant:MintersHammer","hierophant:AuricBeam"],"picked":"SKIP","floor":40.0},{"not_picked":["hierophant:Sermon","hierophant:AuricBeam"],"picked":"hierophant:Smite+1","floor":42.0},{"not_picked":["hierophant:Remorse+1","hierophant:RustyCrate+1","hierophant:Rebuild"],"picked":"SKIP","floor":43.0},{"not_picked":["hierophant:Remorse+1","hierophant:FlamingChariot+1","hierophant:TollTheBells"],"picked":"SKIP","floor":45.0},{"not_picked":["hierophant:Martyrdom+1","hierophant:Shelter+1","hierophant:FieryStrike"],"picked":"SKIP","floor":47.0},{"not_picked":["hierophant:HolyVerse+1","hierophant:Smite+1","hierophant:Blessing"],"picked":"SKIP","floor":48.0},{"not_picked":["hierophant:Sermon","hierophant:FieryStrike","hierophant:ThreeLashes+1"],"picked":"SKIP","floor":49.0},{"not_picked":["hierophant:Purify+1","hierophant:WrathOfGod"],"picked":"hierophant:Embezzle+1","floor":52.0}],"player_experience":599061,"relics_obtained":[{"floor":2.0,"key":"White Beast Statue"},{"floor":5.0,"key":"Lantern"},{"floor":7.0,"key":"theForsaken:ScaryMask"},{"floor":14.0,"key":"downfall:CloakOfManyFaces"},{"floor":23.0,"key":"HollowMod:PaleOreRelic"},{"floor":34.0,"key":"CeramicFish"},{"floor":34.0,"key":"Darkstone Periapt"},{"floor":34.0,"key":"Ice Cream"},{"floor":42.0,"key":"Dream Catcher"},{"floor":46.0,"key":"Bird Faced Urn"},{"floor":52.0,"key":"Gremlin Horn"}],"event_choices":[{"cards_removed":["hierophant:Defend_Hierophant"],"damage_healed":0.0,"max_hp_gain":0.0,"max_hp_loss":0.0,"gold_gain":0.0,"event_name":"The Cleric","player_choice":"Card Removal","floor":11.0,"gold_loss":0.0,"damage_taken":0.0},{"damage_healed":0.0,"max_hp_gain":0.0,"max_hp_loss":0.0,"gold_gain":0.0,"event_name":"Scrap Ooze","player_choice":"Success","floor":13.0,"gold_loss":0.0,"damage_taken":25.0,"relics_obtained":["Ginger"]},{"cards_removed":["hierophant:Strike_Hierophant"],"damage_healed":0.0,"max_hp_gain":0.0,"max_hp_loss":0.0,"gold_gain":0.0,"event_name":"Wheel of Change","player_choice":"Card Removal","floor":30.0,"gold_loss":0.0,"damage_taken":0.0},{"damage_healed":0.0,"max_hp_gain":0.0,"max_hp_loss":0.0,"gold_gain":0.0,"event_name":"Mysterious Sphere","player_choice":"Fight","floor":46.0,"gold_loss":0.0,"damage_taken":0.0}],"is_beta":false,"boss_relics":[{"not_picked":["Snecko Eye","Empty Cage"],"picked":"construct:WeddingRing"},{"not_picked":["Fusion Hammer","Tiny House"],"picked":"Calling Bell"}],"items_purged_floors":[40,47],"is_endless":false,"potions_floor_spawned":[5,6,9,12,14,15,16,20,21,22,25,27,28,29,31,32,33,37,38,39,40,42,43,45,46,47,48,49,52],"ascension_level":1}}