{"host":"zdznbz1vk7bo8bwe","time":1608445046,"event":{"mods":["Act Like it!","Aspiration","BaseMod","Better-Laid Plans","Block Reminder","Conspire","Custom Start","Defuse TimeMaze Blight","Ekko","Elementarium","Energized Spire","Gensokyo","Hubris","Infinite Spire","Jedi Mod","Jorbs\u0027s Wanderer Trilogy","Lobotomy","Menagerie","Minty Spire (QoL Compilation)","Rare Cards Sparkle","Replay The Spire","StSLib","The Animator","The Bug Knight","The Cursed","The Factory","The Jungle","The Vixen","Transform Curses","vexMod"],"gold_per_floor":[119,119,137,137,156,186,186,204,204,216,141,168,203,222,222,326,326,337,337,356,371,16,48,48,79,79,79,79,199,199,209,209,304,304,304],"floor_reached":34,"playtime":2187,"items_purged":["Injury"],"score":625,"play_id":"9832f141-ddef-4b57-9f85-eecba1ed2199","local_time":"20201219221726","daily_mods":["SealedDeck","Heirloom","Lethality"],"is_ascension_mode":false,"campfire_choices":[{"data":"ekkoTheBoyWhoShatteredTime:Playful","floor":7.0,"key":"SMITH"},{"data":"ekkoTheBoyWhoShatteredTime:KeepingMomentum","floor":15,"key":"SMITH"},{"data":"ekkoTheBoyWhoShatteredTime:TimeRecall","floor":24,"key":"SMITH"},{"data":"ekkoTheBoyWhoShatteredTime:Dash","floor":28,"key":"SMITH"},{"data":"ekkoTheBoyWhoShatteredTime:Knowledge","floor":32,"key":"SMITH"}],"circlet_count":0,"master_deck":["ekkoTheBoyWhoShatteredTime:CommittedStrike","ekkoTheBoyWhoShatteredTime:Resocharge","ekkoTheBoyWhoShatteredTime:Knowledge+1","ekkoTheBoyWhoShatteredTime:Disturblast","ekkoTheBoyWhoShatteredTime:KeepingMomentum+1","ekkoTheBoyWhoShatteredTime:Playful+1","ekkoTheBoyWhoShatteredTime:TimeRecall+1","ekkoTheBoyWhoShatteredTime:NeedlesslyLargeRod","ekkoTheBoyWhoShatteredTime:Dash+1","ekkoTheBoyWhoShatteredTime:NeedlesslyLargeRod","ekkoTheBoyWhoShatteredTime:HauntingGuise","ekkoTheBoyWhoShatteredTime:MicCheck+1","ekkoTheBoyWhoShatteredTime:WideSlice","ekkoTheBoyWhoShatteredTime:KeepingMomentum+1","ekkoTheBoyWhoShatteredTime:TimeRecall+1","ekkoTheBoyWhoShatteredTime:Greed","ekkoTheBoyWhoShatteredTime:Discharge","ekkoTheBoyWhoShatteredTime:Playful+1","ekkoTheBoyWhoShatteredTime:Playful+1","ekkoTheBoyWhoShatteredTime:NeedlesslyLargeRod","ekkoTheBoyWhoShatteredTime:TimeIndustry+1","ekkoTheBoyWhoShatteredTime:HauntingGuise+1"],"relics":["ekkoTheBoyWhoShatteredTime:zDriveResonance","replay:Trail_Library","jedi:gremlinknob","Toxic Egg 2","Blue Candle","Orichalcum","aspiration:FetidBarrel","jedi:shrinkray","hubris:MysteriousPyramids","Blood Vial","jedi:cryingmask","TungstenRod","Pantograph","infinitespire:BottledMercury","vexMod:ImprovementManual"],"acts_visited":["Exordium","Exordium"],"potions_floor_usage":[],"damage_taken":[{"damage":6.0,"enemies":"Jaw Worm","floor":1.0,"turns":2.0},{"damage":0.0,"enemies":"Cultist","floor":3.0,"turns":1.0},{"damage":0.0,"enemies":"2 Louse","floor":5.0,"turns":1.0},{"damage":0.0,"enemies":"Gremlin Nob","floor":6.0,"turns":1.0},{"damage":0.0,"enemies":"Exordium Wildlife","floor":8.0,"turns":1.0},{"damage":0.0,"enemies":"2 Fungi Beasts","floor":10.0,"turns":1.0},{"damage":0,"enemies":"Lagavulin","floor":13,"turns":1},{"damage":0,"enemies":"Exordium Thugs","floor":14,"turns":1},{"damage":0,"enemies":"Hexaghost","floor":16,"turns":1},{"damage":4,"enemies":"theJungle:MUSHROOMGANG","floor":18,"turns":1},{"damage":0,"enemies":"theJungle:GiantWrat","floor":20,"turns":1},{"damage":0,"enemies":"theJungle:JungleHuntersEncounter","floor":21,"turns":1},{"damage":6,"enemies":"theJungle:Cassacara","floor":23,"turns":2},{"damage":0,"enemies":"Nightmare","floor":25,"turns":2},{"damage":0,"enemies":"theJungle:2_Flameangoes","floor":31,"turns":1},{"damage":0,"enemies":"theJungle:QueenSpyder","floor":33,"turns":1}],"seed_played":"-8765799813158498095","potions_obtained":[{"floor":3.0,"key":"jedi:holywater"},{"floor":10.0,"key":"Swift Potion"},{"floor":13,"key":"Energy Potion"}],"is_trial":true,"path_per_floor":["M","?","M","T","M","E","R","M","T","M","$","T","E","M","R","B",null,"M","?","M","M","$","E","R","NM","T","$","R","?","$","M","R","B",null],"character_chosen":"EKKO_THE_BOY_WHO_SHATTERED_TIME","items_purchased":["ekkoTheBoyWhoShatteredTime:Playful+1","Blood Vial","jedi:cryingmask"],"campfire_rested":0,"item_purchase_floors":[22,22,22],"current_hp_per_floor":[72,72,72,72,72,72,72,72,72,72,72,72,72,72,72,72,78,74,74,74,74,74,70,70,72,72,72,72,62,62,64,64,78,78,78],"gold":304,"neow_bonus":"","is_daily":false,"chose_seed":false,"campfire_upgraded":5,"win_rate":0.0,"timestamp":1608445046,"path_taken":["M","?","M","?","?","E","R","M","T","M","$","?","E","M","R","BOSS","M","?","M","M","$","E","R","NM","T","$","R","?","?","M","R","BOSS"],"items_purchased_type":["Card","Relic","Relic"],"build_version":"2020-12-13","purchased_purges":1,"victory":false,"max_hp_per_floor":[78,78,78,78,78,78,78,78,78,78,78,78,78,78,78,78,78,78,78,78,78,78,78,78,78,78,78,78,78,78,78,78,78,78,78],"card_choices":[{"not_picked":["ekkoTheBoyWhoShatteredTime:ParallelConvergence","ekkoTheBoyWhoShatteredTime:AfterimageTimeWrap"],"picked":"ekkoTheBoyWhoShatteredTime:HauntingGuise","floor":1.0},{"not_picked":["ekkoTheBoyWhoShatteredTime:BansheesVeil","ekkoTheBoyWhoShatteredTime:NashorsTooth"],"picked":"ekkoTheBoyWhoShatteredTime:MicCheck+1","floor":3.0},{"not_picked":["ekkoTheBoyWhoShatteredTime:QuickBreak+1","ekkoTheBoyWhoShatteredTime:AfterimageSetup+1"],"picked":"ekkoTheBoyWhoShatteredTime:WideSlice","floor":5.0},{"not_picked":["ekkoTheBoyWhoShatteredTime:SandstormSympathy+1","ekkoTheBoyWhoShatteredTime:Unchained"],"picked":"ekkoTheBoyWhoShatteredTime:KeepingMomentum+1","floor":6.0},{"not_picked":["ekkoTheBoyWhoShatteredTime:FluidEnergy","ekkoTheBoyWhoShatteredTime:SpHit"],"picked":"ekkoTheBoyWhoShatteredTime:TimeRecall+1","floor":8.0},{"not_picked":["ekkoTheBoyWhoShatteredTime:ComeAtMe+1","ekkoTheBoyWhoShatteredTime:SneakHit"],"picked":"ekkoTheBoyWhoShatteredTime:Greed","floor":10.0},{"not_picked":["ekkoTheBoyWhoShatteredTime:WideSlice","ekkoTheBoyWhoShatteredTime:LichBane","ekkoTheBoyWhoShatteredTime:AfterimageTimeWrap"],"picked":"SKIP","floor":13},{"not_picked":["ekkoTheBoyWhoShatteredTime:Leap+1","ekkoTheBoyWhoShatteredTime:IcebornGauntlet","ekkoTheBoyWhoShatteredTime:WideSlice"],"picked":"SKIP","floor":14},{"not_picked":["ekkoTheBoyWhoShatteredTime:TrinityForce","ekkoTheBoyWhoShatteredTime:SandstormSympathy+1"],"picked":"ekkoTheBoyWhoShatteredTime:Discharge","floor":16},{"not_picked":["ekkoTheBoyWhoShatteredTime:ItemsAfterimage+1","ekkoTheBoyWhoShatteredTime:HauntedAfterimage+1","ekkoTheBoyWhoShatteredTime:KneeNSwordCombo+1"],"picked":"SKIP","floor":18},{"not_picked":["ekkoTheBoyWhoShatteredTime:ItemsAfterimage+1","ekkoTheBoyWhoShatteredTime:HauntedAfterimage+1","ekkoTheBoyWhoShatteredTime:KneeNSwordCombo+1"],"picked":"SKIP","floor":18},{"not_picked":["ekkoTheBoyWhoShatteredTime:SneakHit","ekkoTheBoyWhoShatteredTime:QuickBreak+1","ekkoTheBoyWhoShatteredTime:HauntingGuise+1"],"picked":"SKIP","floor":20},{"not_picked":["ekkoTheBoyWhoShatteredTime:ZhonyasHourglass+1","ekkoTheBoyWhoShatteredTime:Leap+1","ekkoTheBoyWhoShatteredTime:FeelIt+1"],"picked":"SKIP","floor":21},{"not_picked":["ekkoTheBoyWhoShatteredTime:CatchUpTime+1","ekkoTheBoyWhoShatteredTime:DelayedWork"],"picked":"ekkoTheBoyWhoShatteredTime:NeedlesslyLargeRod","floor":23},{"not_picked":["ekkoTheBoyWhoShatteredTime:LichBane+1","ekkoTheBoyWhoShatteredTime:NashorsTooth+1"],"picked":"ekkoTheBoyWhoShatteredTime:TimeIndustry+1","floor":25},{"not_picked":["ekkoTheBoyWhoShatteredTime:CalmingWaves+1","ekkoTheBoyWhoShatteredTime:Overflow+1","ekkoTheBoyWhoShatteredTime:SpHit"],"picked":"SKIP","floor":31}],"player_experience":11303,"relics_obtained":[{"floor":4.0,"key":"Blue Candle"},{"floor":6.0,"key":"Orichalcum"},{"floor":9.0,"key":"aspiration:FetidBarrel"},{"floor":12,"key":"jedi:shrinkray"},{"floor":13,"key":"hubris:MysteriousPyramids"},{"floor":23,"key":"TungstenRod"},{"floor":25,"key":"Pantograph"},{"floor":26,"key":"infinitespire:BottledMercury"}],"event_choices":[],"is_beta":false,"boss_relics":[{"not_picked":["vexMod:EndlessSickness","Honey Jar","energizedSpire:SpiderWeb"]},{"not_picked":["Snecko Heart","Calling Bell"],"picked":"vexMod:ImprovementManual"}],"items_purged_floors":[11],"is_endless":true,"potions_floor_spawned":[3,10,13,14,16,20,21,25,33],"ascension_level":0}}