{"host":"uyp13icwa33nzjib","time":1608460435,"event":{"mods":["AchievementEnabler","BaseMod","BetterRewards","Colored Map","Infinite Spire","Mimic Mod","Minty Spire (QoL Compilation)","Quick Restart","Replay The Spire","StSLib","The Jungle"],"gold_per_floor":[111,111,26,26,26,56,56,69,69,98,98,133,59,75,75,176,176,187,187,187,207,218,218,218,218,218,218,230,249,277,277,277,374,424,436,454,454,454,454,454,471,485,534,534,534,534,534,534],"floor_reached":47,"playtime":2757,"items_purged":["Strike_G","Defend_G"],"score":608,"play_id":"2197892d-0b25-4901-aa50-abe18fc6c887","local_time":"20201220053355","is_ascension_mode":true,"campfire_choices":[{"data":"Blade Dance","floor":7,"key":"SMITH"},{"data":"Infinite Blades","floor":11,"key":"SMITH"},{"floor":15,"key":"REST"},{"data":"After Image","floor":23,"key":"SMITH"},{"data":"Flechettes","floor":25,"key":"SMITH"},{"floor":32,"key":"REST"},{"data":"Mind Blast","floor":40,"key":"SMITH"},{"floor":46,"key":"REST"}],"circlet_count":0,"master_deck":["Strike_G","Strike_G","Strike_G","Strike_G","Defend_G","Defend_G+1","Defend_G","Survivor","Neutralize","Blade Dance+1","Dramatic Entrance","Regret","Pot Of Greed","Pot Of Greed","Backstab","Infinite Blades+1","Outmaneuver","Escape Plan","ReplayTheSpireMod:Scrap Shanks","Dagger Throw","After Image+1","CurseOfTheBell","All Out Attack+1","A Thousand Cuts","Pot Of Greed","Flechettes+1","infinitespire:Collect","Expertise+1","PiercingWail","Skewer+1","Distraction","Dagger Spray+1","Mind Blast+1","Enlightenment","HandOfGreed","Prepared+1","Slice+1","Pot Of Greed"],"relics":["Ring of the Snake","NeowsBlessing","Grinning Jar","infinitespire:Satchel","Quantum Egg","Oddly Smooth Stone","Bird Faced Urn","Calling Bell","Replay:PocketPolymizer","HornCleat","Replay:Mystery Machine","theJungle:BirthdayCake","infinitespire:Eraser","Pen Nib","Strawberry","Tiny House","CaptainsWheel","Centennial Puzzle"],"acts_visited":["Exordium","Exordium","TheBeyond"],"potions_floor_usage":[16,47],"damage_taken":[{"damage":0,"enemies":"Small Slimes","floor":1,"turns":1},{"damage":0,"enemies":"Lagavulin","floor":6,"turns":1},{"damage":0,"enemies":"2 Louse","floor":8,"turns":1},{"damage":20,"enemies":"3 Sentries","floor":10,"turns":4},{"damage":20,"enemies":"Gremlin Nob","floor":12,"turns":3},{"damage":0,"enemies":"Jaw Worm","floor":14,"turns":1},{"damage":47,"enemies":"Fading Forest","floor":16,"turns":11},{"damage":9,"enemies":"theJungle:5_Spyders","floor":18,"turns":5},{"damage":2,"enemies":"theJungle:MUSHROOMGANG","floor":21,"turns":3},{"damage":1,"enemies":"theJungle:JungleHuntersEncounter","floor":22,"turns":4},{"damage":4,"enemies":"theJungle:SlimyTreeVines","floor":28,"turns":4},{"damage":12,"enemies":"theJungle:2_Snecko_Cultists","floor":29,"turns":3},{"damage":36,"enemies":"theJungle:MamaSnecko","floor":30,"turns":4},{"damage":22,"enemies":"theJungle:FunGuy","floor":33,"turns":8},{"damage":29,"enemies":"3 Shapes","floor":35,"turns":3},{"damage":6,"enemies":"Orb Walker","floor":36,"turns":3},{"damage":54,"enemies":"Transient","floor":41,"turns":5},{"damage":12,"enemies":"Spire Growth","floor":42,"turns":4},{"damage":58,"enemies":"Giant Head","floor":47,"turns":6}],"seed_played":"8728646742013360631","potions_obtained":[{"floor":8,"key":"Dexterity Potion"},{"floor":10,"key":"Regen Potion"},{"floor":12,"key":"CunningPotion"},{"floor":16,"key":"Energy Potion"},{"floor":18,"key":"Death Potion"}],"is_trial":false,"path_per_floor":["M","?","$","?","$","E","R","M","T","E","R","E","$","M","R","B",null,"M","?","?","M","M","R","?","R","T","AVR","M","M","E","?","R","B",null,"M","M","?","AVR","?","R","M","M","T","PTL","PTL","R","E"],"character_chosen":"THE_SILENT","items_purchased":["Dramatic Entrance","ReplayTheSpireMod:Scrap Shanks"],"campfire_rested":3,"item_purchase_floors":[3,13],"current_hp_per_floor":[70,63,63,63,63,63,63,63,63,43,43,23,23,23,44,41,70,63,58,58,58,63,63,83,83,83,83,92,87,66,66,96,80,107,84,84,74,74,64,64,18,12,12,12,12,44,0,0],"gold":534,"neow_bonus":"THREE_ENEMY_KILL","is_daily":false,"chose_seed":false,"campfire_upgraded":5,"win_rate":0.0,"timestamp":1608460435,"path_taken":["M","?","$","?","$","E","R","M","T","E","R","E","$","M","R","BOSS","M","?","?","?","M","R","?","R","T","AVR","M","M","E","?","R","BOSS","M","M","?","AVR","?","R","M","?","T","PTL","PTL","R","E"],"items_purchased_type":["Card","Card"],"build_version":"2020-12-13","purchased_purges":2,"victory":false,"max_hp_per_floor":[70,70,70,70,70,70,70,70,70,70,70,70,70,70,70,70,70,70,75,75,75,75,75,95,95,95,95,95,95,102,102,102,102,107,107,107,107,107,107,107,107,107,107,107,107,107,107,107],"card_choices":[{"not_picked":["Eviscerate","Backflip"],"picked":"Blade Dance","floor":1},{"not_picked":["Crippling Poison","Sucker Punch"],"picked":"Backstab","floor":6},{"not_picked":["Blade Dance","Replay:Poison Smokescreen"],"picked":"Infinite Blades","floor":8},{"not_picked":["Underhanded Strike","Leg Sweep"],"picked":"Outmaneuver","floor":10},{"not_picked":["Quick Slash","ReplayTheSpireMod:Exploit Weakness"],"picked":"Escape Plan","floor":12},{"not_picked":["Noxious Fumes","Sucker Punch"],"picked":"Dagger Throw","floor":14},{"not_picked":["Unload","Malaise"],"picked":"After Image","floor":16},{"not_picked":["Eviscerate","Acrobatics"],"picked":"All Out Attack+1","floor":18},{"not_picked":["Dagger Throw","Acrobatics"],"picked":"Flechettes","floor":21},{"not_picked":["Well Laid Plans+1","Eviscerate","Heel Hook"],"picked":"SKIP","floor":22},{"not_picked":["Deadly Poison","Dash"],"picked":"Expertise+1","floor":28},{"not_picked":["Calculated Gamble","Dagger Throw+1"],"picked":"PiercingWail","floor":29},{"not_picked":["Unload","Escape Plan"],"picked":"Skewer+1","floor":30},{"not_picked":["PiercingWail","Dodge and Roll"],"picked":"Distraction","floor":34},{"not_picked":["Dodge and Roll","Quick Slash","Backflip"],"picked":"SKIP","floor":35},{"not_picked":["Replay:Bag of Tricks","Prepared+1"],"picked":"Dagger Spray+1","floor":36},{"not_picked":["Finesse","Metamorphosis"],"picked":"Mind Blast","floor":37},{"not_picked":["Good Instincts","Trip"],"picked":"Enlightenment","floor":37},{"not_picked":["Enlightenment","Thinking Ahead"],"picked":"HandOfGreed","floor":37},{"not_picked":["Poisoned Stab+1","Slice"],"picked":"Prepared+1","floor":41},{"not_picked":["Poisoned Stab","Dodge and Roll+1"],"picked":"Slice+1","floor":42}],"player_experience":301479,"relics_obtained":[{"floor":6,"key":"infinitespire:Satchel"},{"floor":9,"key":"Quantum Egg"},{"floor":10,"key":"Oddly Smooth Stone"},{"floor":12,"key":"Bird Faced Urn"},{"floor":17,"key":"Replay:PocketPolymizer"},{"floor":17,"key":"HornCleat"},{"floor":17,"key":"Replay:Mystery Machine"},{"floor":26,"key":"infinitespire:Eraser"},{"floor":30,"key":"Strawberry"},{"floor":43,"key":"Centennial Puzzle"}],"event_choices":[{"cards_removed":["Defend_G"],"damage_healed":0,"gold_gain":0,"player_choice":"Card Removal","damage_taken":7,"max_hp_gain":0,"max_hp_loss":0,"event_name":"Golden Wing","floor":2,"gold_loss":0},{"damage_healed":0,"gold_gain":0,"player_choice":"Box","damage_taken":0,"relics_obtained":["Grinning Jar"],"max_hp_gain":0,"max_hp_loss":0,"event_name":"Big Fish","floor":4,"gold_loss":0,"cards_obtained":["Regret"]},{"damage_healed":0,"gold_gain":0,"player_choice":"1 cards matched","damage_taken":0,"max_hp_gain":0,"max_hp_loss":0,"event_name":"Match and Keep!","floor":20,"gold_loss":0,"cards_obtained":["A Thousand Cuts"]},{"damage_healed":0,"gold_gain":0,"player_choice":"Memory 3","damage_taken":10,"max_hp_gain":0,"max_hp_loss":0,"event_name":"SensoryStone","floor":37,"gold_loss":0},{"damage_healed":0,"gold_gain":0,"player_choice":"Damaged","damage_taken":10,"max_hp_gain":0,"max_hp_loss":0,"event_name":"Wheel of Change","floor":39,"gold_loss":0}],"is_beta":false,"boss_relics":[{"not_picked":["Painkiller Herb","HoveringKite"],"picked":"Calling Bell"},{"not_picked":["Ring of Chaos","Cursed Key"],"picked":"Tiny House"}],"items_purged_floors":[27,38],"is_endless":false,"potions_floor_spawned":[8,10,12,16,18,21,22,28,35,42],"killed_by":"Giant Head","ascension_level":1}}