{"host":"07tcb8n8jdavk3gs","time":1608489677,"event":{"mods":["BaseMod","Colored Map","Hermit","Marisa????????","Minty Spire (QoL Compilation)","StSLib","The Animator","The Cursed","The Servant 0.9.4"],"gold_per_floor":[115,95,127,152,172,172,172,172],"floor_reached":7,"playtime":607,"items_purged":[],"score":75,"play_id":"1cccf54d-9ca0-4a74-b88d-06cd44121e9d","local_time":"20201220124117","is_ascension_mode":true,"campfire_choices":[{"data":"animator:Mikaela","floor":6,"key":"SMITH"}],"circlet_count":0,"master_deck":["AscendersBane","animator:Strike_OwariNoSeraph","animator:Defend_OwariNoSeraph","animator:Strike","animator:Strike","animator:Strike","animator:Defend","animator:Defend","animator:Defend","animator:Shinoa","animator:Mikaela+1","animator:Archer","animator:ElricAlphonse","animator:Mitsuba","animator:Mitsuba"],"relics":["animator:LivingPicture","animator:TheMissingPiece"],"acts_visited":["Exordium"],"potions_floor_usage":[3,7,7],"damage_taken":[{"damage":6,"enemies":"Jaw Worm","floor":1,"turns":7},{"damage":1,"enemies":"Cultist","floor":3,"turns":4},{"damage":0,"enemies":"2 Louse","floor":4,"turns":3},{"damage":7,"enemies":"Looter","floor":5,"turns":4},{"damage":38,"enemies":"3 Sentries","floor":7,"turns":12}],"seed_played":"4832871711391158494","potions_obtained":[{"floor":1,"key":"BlessingOfTheForge"},{"floor":2,"key":"SkillPotion"},{"floor":3,"key":"SteroidPotion"}],"is_trial":false,"path_per_floor":["M","?","M","M","M","R","E"],"character_chosen":"THE_ANIMATOR","items_purchased":[],"campfire_rested":0,"item_purchase_floors":[],"current_hp_per_floor":[45,45,44,44,37,37,0,0],"gold":172,"neow_bonus":"TWENTY_PERCENT_HP_BONUS","is_daily":false,"chose_seed":false,"campfire_upgraded":1,"win_rate":0.0,"timestamp":1608489677,"path_taken":["M","?","?","M","M","R","E"],"items_purchased_type":[],"build_version":"2020-12-13","purchased_purges":0,"victory":false,"max_hp_per_floor":[72,72,72,72,72,72,72,72],"card_choices":[{"not_picked":["animator:WinryRockbell","animator:Rider"],"picked":"animator:Archer","floor":1},{"not_picked":["animator:Shuna","animator:DolaStephanie"],"picked":"animator:ElricAlphonse","floor":3},{"not_picked":["animator:Illya","animator:Alexander"],"picked":"animator:Mitsuba","floor":4},{"not_picked":["animator:Shigure","animator:Yoichi"],"picked":"animator:Mitsuba","floor":5}],"player_experience":897545,"relics_obtained":[],"event_choices":[{"damage_healed":0,"gold_gain":0,"player_choice":"Bought 1 Potion","damage_taken":0,"max_hp_gain":0,"max_hp_loss":0,"event_name":"The Woman in Blue","floor":2,"gold_loss":0}],"is_beta":false,"boss_relics":[],"items_purged_floors":[],"is_endless":false,"potions_floor_spawned":[1,3],"killed_by":"3 Sentries","ascension_level":15}}