{"host":"xr9kfrtt7uxz0mdc","time":1608479764,"event":{"mods":["AchievementEnabler","BaseMod","Highlight Path","Minty Spire (QoL Compilation)"],"gold_per_floor":[118,118,118,39,49,81,81,101,128,161,161,172,184,197,197,295,295,309,309,324,423,348,348,348,348],"floor_reached":24,"playtime":816,"items_purged":[],"score":231,"play_id":"e9fffef4-6dad-465d-8a26-3af8e513892e","local_time":"20201220165604","is_ascension_mode":false,"campfire_choices":[{"floor":11,"key":"RECALL"},{"floor":15,"key":"REST"},{"floor":23,"key":"REST"}],"circlet_count":0,"master_deck":["Strike_P","Strike_P","Strike_P","Defend_P+1","Defend_P+1","Defend_P+1","Defend_P","Eruption","Vigilance","EmptyBody","Indignation","ClearTheMind","WindmillStrike","ReachHeaven","Consecrate","FlurryOfBlows","Crescendo","DeusExMachina","PathToVictory+1","EmptyFist+1"],"relics":["PureWater","NeowsBlessing","War Paint","Pen Nib","Black Star"],"acts_visited":["Exordium","TheCity"],"potions_floor_usage":[12,12,16,24],"damage_taken":[{"damage":0,"enemies":"Jaw Worm","floor":1,"turns":1},{"damage":0,"enemies":"2 Louse","floor":5,"turns":1},{"damage":0,"enemies":"Gremlin Nob","floor":6,"turns":1},{"damage":0,"enemies":"Small Slimes","floor":8,"turns":3},{"damage":17,"enemies":"3 Sentries","floor":10,"turns":9},{"damage":14,"enemies":"Exordium Thugs","floor":12,"turns":5},{"damage":0,"enemies":"2 Fungi Beasts","floor":13,"turns":2},{"damage":12,"enemies":"Lots of Slimes","floor":14,"turns":3},{"damage":25,"enemies":"Hexaghost","floor":16,"turns":7},{"damage":30,"enemies":"Chosen","floor":18,"turns":5},{"damage":22,"enemies":"Spheric Guardian","floor":20,"turns":4},{"damage":43,"enemies":"Gremlin Leader","floor":24,"turns":4}],"seed_played":"3983790537558218677","potions_obtained":[{"floor":5,"key":"DuplicationPotion"},{"floor":6,"key":"Fire Potion"},{"floor":14,"key":"AttackPotion"},{"floor":16,"key":"PowerPotion"}],"is_trial":false,"path_per_floor":["M","?","?","$","M","E","?","M","T","E","R","M","M","M","R","B",null,"M","?","M","?","?","R","E"],"character_chosen":"WATCHER","items_purchased":["Indignation"],"campfire_rested":2,"item_purchase_floors":[4],"current_hp_per_floor":[72,72,72,72,72,72,72,72,72,55,55,41,41,29,50,25,72,42,42,20,20,20,41,0,0],"gold":348,"neow_bonus":"THREE_ENEMY_KILL","is_daily":false,"chose_seed":false,"campfire_upgraded":0,"win_rate":0.0,"timestamp":1608479764,"path_taken":["M","?","?","$","M","E","?","M","T","E","R","M","?","M","R","BOSS","M","?","?","?","?","R","E"],"items_purchased_type":["Card"],"build_version":"2020-12-13","purchased_purges":0,"victory":false,"max_hp_per_floor":[72,72,72,72,72,72,72,72,72,72,72,72,72,72,72,72,72,72,72,72,72,72,72,72,72],"card_choices":[{"not_picked":["Crescendo","FollowUp"],"picked":"EmptyBody","floor":1},{"not_picked":["Protect","Indignation"],"picked":"ClearTheMind","floor":5},{"not_picked":["BowlingBash","MentalFortress"],"picked":"WindmillStrike","floor":6},{"not_picked":["PathToVictory","Worship"],"picked":"ReachHeaven","floor":8},{"not_picked":["ClearTheMind","SashWhip","ThirdEye"],"picked":"SKIP","floor":10},{"not_picked":["SignatureMove","ThirdEye"],"picked":"Consecrate","floor":12},{"not_picked":["Perseverance","Establishment"],"picked":"FlurryOfBlows","floor":13},{"not_picked":["FearNoEvil","Meditate"],"picked":"Crescendo","floor":14},{"not_picked":["ConjureBlade","Vault"],"picked":"DeusExMachina","floor":16},{"not_picked":["FollowUp","CarveReality"],"picked":"PathToVictory+1","floor":18},{"not_picked":["CutThroughFate","Prostrate+1"],"picked":"EmptyFist+1","floor":20}],"player_experience":90529,"relics_obtained":[{"floor":6,"key":"War Paint"},{"floor":10,"key":"Pen Nib"}],"event_choices":[{"damage_healed":0,"gold_gain":0,"player_choice":"Leave","damage_taken":0,"max_hp_gain":0,"max_hp_loss":0,"event_name":"The Cleric","floor":2,"gold_loss":0},{"damage_healed":0,"gold_gain":0,"player_choice":"Ignored","damage_taken":0,"max_hp_gain":0,"max_hp_loss":0,"event_name":"Golden Wing","floor":3,"gold_loss":0},{"damage_healed":0,"gold_gain":0,"player_choice":"Ignored","damage_taken":0,"max_hp_gain":0,"max_hp_loss":0,"event_name":"Purifier","floor":7,"gold_loss":0},{"damage_healed":0,"gold_gain":0,"player_choice":"Upgraded","damage_taken":0,"max_hp_gain":0,"max_hp_loss":0,"event_name":"Upgrade Shrine","floor":19,"gold_loss":0,"cards_upgraded":["Defend_P"]},{"damage_healed":0,"gold_gain":99,"player_choice":"Stole From Cult","damage_taken":0,"max_hp_gain":0,"max_hp_loss":0,"event_name":"Nest","floor":21,"gold_loss":0},{"cards_removed":["Strike_P"],"damage_healed":0,"gold_gain":0,"player_choice":"Gave Gold","damage_taken":0,"max_hp_gain":0,"max_hp_loss":0,"event_name":"Beggar","floor":22,"gold_loss":75}],"is_beta":false,"boss_relics":[{"not_picked":["Tiny House","Empty Cage"],"picked":"Black Star"}],"items_purged_floors":[],"is_endless":false,"potions_floor_spawned":[5,6,14,16],"killed_by":"Gremlin Leader","ascension_level":0}}