{"host":"5gc11emcm5chfr5t","time":1608506561,"event":{"mods":["2.2 Compatiblity","AchievementEnabler","BaseMod","Bestiary","Better Note","Colored Map","Colored Powertips","Downfall","Googly Eyes","Minty Spire (QoL Compilation)","Rare Cards Sparkle","StSLib"],"gold_per_floor":[99,128,53,88,88,101,101,121,121,153,46,57,57,57,67,140,140,65,50,50,35,35,47,47,47,47],"floor_reached":25,"playtime":840,"items_purged":[],"score":530,"play_id":"250a46b8-1c8d-4de4-bd9a-a2527a2a4012","local_time":"20201220182241","is_ascension_mode":true,"campfire_choices":[{"floor":1,"key":"RECALL"},{"data":"sneckomod:SnekBite","floor":3,"key":"SMITH"},{"floor":9,"key":"REST"},{"data":"sneckomod:MorePower","floor":18,"key":"SMITH"}],"circlet_count":0,"master_deck":["AscendersBane","sneckomod:TailWhip","sneckomod:SnekBite+1","sneckomod:Unknown+1","sneckomod:Unknown","sneckomod:DiceCrush","sneckomod:SlitherStrike","sneckomod:QuickMove","sneckomod:UnknownClassHEXA_GHOST_PURPLE","sneckomod:SoulRoll","sneckomod:SlitherStrike","sneckomod:UnknownColorless","Discovery","sneckomod:QuickMove","sneckomod:WideSting","sneckomod:MorePower+1","sneckomod:Unknown0Cost+1","sneckomod:UnknownWeak","sneckomod:UnknownUncommonAttack","sneckomod:UnknownEthereal+1","sneckomod:UnknownBlock","sneckomod:Unknown","sneckomod:UnknownUncommonAttack+1","sneckomod:UnknownRareSkill+1","sneckomod:UnknownExhaust","sneckomod:Transmogrify"],"relics":["sneckomod:SneckoSoul","downfall:HeartsMalice","downfall:HeartBlessingRed","Omamori","Matryoshka","Sozu","downfall:HeartBlessingGreen","War Paint"],"acts_visited":["Exordium","TheCity"],"potions_floor_usage":[10,16,25],"damage_taken":[{"damage":0,"enemies":"Lagavulin","floor":2,"turns":1},{"damage":0,"enemies":"Gremlin Nob","floor":4,"turns":1},{"damage":0,"enemies":"Cultist","floor":5,"turns":1},{"damage":4,"enemies":"Small Slimes","floor":6,"turns":3},{"damage":7,"enemies":"2 Louse","floor":8,"turns":2},{"damage":7,"enemies":"3 Sentries","floor":10,"turns":5},{"damage":0,"enemies":"downfall:FleeingMerchant","floor":11,"turns":5},{"damage":0,"enemies":"Blue Slaver","floor":12,"turns":2},{"damage":0,"enemies":"2 Fungi Beasts","floor":15,"turns":4},{"damage":45,"enemies":"downfall:Silent","floor":16,"turns":10},{"damage":0,"enemies":"downfall:FleeingMerchant","floor":19,"turns":4},{"damage":0,"enemies":"downfall:FleeingMerchant","floor":21,"turns":4},{"damage":12,"enemies":"Chosen","floor":23,"turns":3},{"damage":85,"enemies":"Gremlin Leader","floor":25,"turns":6}],"seed_played":"1620860365459739226","potions_obtained":[{"floor":4,"key":"Dexterity Potion"},{"floor":6,"key":"champ:CounterPotion"},{"floor":16,"key":"CultistPotion"}],"is_trial":false,"path_per_floor":["R","E","R","E","M","M","T","M","R","E","$","M","?","?","M","B",null,"R","$","?","$","?","M","T","E"],"character_chosen":"THE_SNECKO","items_purchased":["Discovery"],"campfire_rested":1,"item_purchase_floors":[11],"current_hp_per_floor":[75,75,75,75,75,72,72,65,84,77,78,78,78,78,78,33,72,72,74,78,81,81,73,73,0,0],"gold":47,"neow_bonus":"THREE_ENEMY_KILL","is_daily":false,"chose_seed":false,"campfire_upgraded":2,"win_rate":0.0,"timestamp":1608506561,"path_taken":["R","E","R","E","M","M","T","M","R","E","$","M","?","?","M","BOSS","R","?","?","$","?","M","T","E"],"items_purchased_type":["Card"],"build_version":"2020-12-13","purchased_purges":0,"victory":false,"max_hp_per_floor":[83,83,83,83,83,84,84,84,84,84,85,85,85,85,85,85,85,85,87,91,94,94,94,94,94,94],"card_choices":[{"not_picked":["sneckomod:Unknown1Cost","sneckomod:RainOfDice"],"picked":"sneckomod:DiceCrush","floor":2},{"not_picked":["sneckomod:UnknownBlock","sneckomod:UnknownStrike"],"picked":"sneckomod:SlitherStrike","floor":4},{"not_picked":["sneckomod:UnknownUncommonSkill","sneckomod:RainOfDice"],"picked":"sneckomod:QuickMove","floor":5},{"not_picked":["sneckomod:UnknownCommonAttack","sneckomod:RainOfDice"],"picked":"sneckomod:UnknownClassHEXA_GHOST_PURPLE","floor":6},{"not_picked":["sneckomod:SoulDraw","sneckomod:UnknownCommonAttack"],"picked":"sneckomod:SoulRoll","floor":8},{"not_picked":["sneckomod:UnknownClassSLIMEBOUND","sneckomod:SoulCleanse"],"picked":"sneckomod:SlitherStrike","floor":10},{"not_picked":["sneckomod:UnknownCommonAttack","sneckomod:DiceCrush"],"picked":"sneckomod:UnknownColorless","floor":11},{"not_picked":["sneckomod:UnknownCommonSkill","sneckomod:UnknownWeak"],"picked":"sneckomod:QuickMove","floor":12},{"not_picked":["sneckomod:RainOfDice","sneckomod:SoulDraw"],"picked":"sneckomod:WideSting","floor":15},{"not_picked":["sneckomod:Restock","sneckomod:UnlimitedRolls"],"picked":"sneckomod:MorePower","floor":16},{"not_picked":["sneckomod:Unknown1Cost+1","sneckomod:UnknownCommonSkill+1"],"picked":"sneckomod:Unknown0Cost+1","floor":19},{"not_picked":["sneckomod:UnknownStrike","sneckomod:QuickMove"],"picked":"sneckomod:UnknownWeak","floor":19},{"not_picked":["sneckomod:UnknownClassGREEN+1","sneckomod:UnknownClassRED+1"],"picked":"sneckomod:UnknownUncommonAttack+1","floor":21},{"not_picked":["sneckomod:UnknownStrike+1","sneckomod:UnknownRarePower+1"],"picked":"sneckomod:UnknownRareSkill+1","floor":21},{"not_picked":["sneckomod:Nope","sneckomod:QuickBite"],"picked":"sneckomod:UnknownExhaust","floor":21},{"not_picked":["sneckomod:IronFang","sneckomod:MixItUp"],"picked":"sneckomod:Transmogrify","floor":23}],"player_experience":461436,"relics_obtained":[{"floor":2,"key":"sneckomod:BlankCard"},{"floor":4,"key":"Omamori"},{"floor":7,"key":"HornCleat"},{"floor":10,"key":"Matryoshka"},{"floor":24,"key":"War Paint"}],"event_choices":[{"cards_removed":["sneckomod:Strike"],"damage_healed":0,"gold_gain":0,"player_choice":"Purged","damage_taken":0,"max_hp_gain":0,"max_hp_loss":0,"event_name":"Purifier","floor":14,"gold_loss":0},{"damage_healed":0,"gold_gain":0,"player_choice":"Ignored","damage_taken":0,"max_hp_gain":0,"max_hp_loss":0,"event_name":"Vampires","floor":22,"gold_loss":0}],"is_beta":false,"boss_relics":[{"not_picked":["Empty Cage","Runic Pyramid"],"picked":"Sozu"}],"items_purged_floors":[],"is_endless":false,"potions_floor_spawned":[4,6,8,16],"killed_by":"Gremlin Leader","ascension_level":20}}