{"host":"g53g9qlo34vrqi92","time":1608501079,"event":{"mods":["Aspiration","Bard","BaseMod","Beaked The Cultist","BetterRewards","Colored Map","Conspire","Energized Spire","Fiend Mod","GifTheSpireLib","Googly Eyes","Gremlin Skip","Halation","Hermit","Hubris","Infinite Spire","Jedi Mod","Minty Spire (QoL Compilation)","Permanent Neow","Quick Restart","Relic Filter","Replay The Spire","Spikes Relics","StSLib","Stuff the Spire","Synergy Search","The Bladedancer","The Bug Knight","The Construct","The Cursed","The Factory","The Forsaken","The Jungle","The Necromancer","The Spell Scribe","The Trickster","Trackpad","slay the spire mod where everything is the same but ironclad has a cowboy hat","vexMod"],"gold_per_floor":[119,45,60,60,72,100,100,100,100,116,116,134,164,228,228,325,325,345,361,376,121,135,135,151,151,151,151,196,214,214,234,234,329,329,344,394,394,394,409,409,437,454,505,505,524,524,541,541,541,541,541,541,541,541,541],"floor_reached":54,"playtime":10458,"items_purged":["Strike_G","Strike_G"],"score":854,"play_id":"0b781c62-d816-4d65-9e1c-6cfcf5573e5c","local_time":"20201220135119","is_ascension_mode":false,"campfire_choices":[{"floor":8.0,"key":"REST"},{"floor":15.0,"key":"REST"},{"data":"Malaise","floor":23.0,"key":"SMITH"},{"floor":25.0,"key":"RECALL"},{"data":"Neutralize","floor":27.0,"key":"SMITH"},{"floor":32.0,"key":"REST"},{"floor":40,"key":"REST"},{"floor":46,"key":"REST"},{"floor":49,"key":"REST"},{"data":"Sucker Punch","floor":52,"key":"SMITH"}],"circlet_count":0,"master_deck":["Strike_G","Strike_G","Strike_G","Defend_G","Defend_G","Defend_G","Defend_G","Defend_G","Survivor","Neutralize+1","Accuracy+1","Blade Dance","Sucker Punch+1","Deadly Poison+1","Prepared","Accuracy+1","Caltrops","PiercingWail","Backflip","Infinite Blades+1","jedi:collectorvenom","Cloak And Dagger+1","Malaise+1","Caltrops+1","ReplayTheSpireMod:Scrap Shanks+1","Malaise+1","Blade Dance","StuffTheSpire:Harmony"],"relics":["Ring of the Snake","hubris:Reverence","MealTicket","Replay:Fungal Core","aspiration:Nostalgia","m_CorellonBlood","ReplayTheSpireMod:Lightbulb","ReplayTheSpireMod:Ninjato","halation:ForbiddenBikini","hubris:Teleporter","Darkstone Periapt","MiniBlackHole","vexMod:ImprovementManual"],"acts_visited":["Exordium","TheCity","TheBeyond","TheEnding"],"potions_floor_usage":[41,45,50,50],"damage_taken":[{"damage":0.0,"enemies":"Cultist","floor":1.0,"turns":2.0},{"damage":0.0,"enemies":"2 Louse","floor":3.0,"turns":3.0},{"damage":0.0,"enemies":"Small Slimes","floor":5.0,"turns":3.0},{"damage":19.0,"enemies":"Gremlin Nob","floor":6.0,"turns":4.0},{"damage":5.0,"enemies":"Blue Slaver","floor":10.0,"turns":4.0},{"damage":6.0,"enemies":"Exordium Wildlife","floor":12.0,"turns":3.0},{"damage":3.0,"enemies":"3 Sentries","floor":13.0,"turns":6.0},{"damage":22.0,"enemies":"Lagavulin Event","floor":14.0,"turns":5.0},{"damage":35.0,"enemies":"Fading Forest","floor":16.0,"turns":11.0},{"damage":13.0,"enemies":"Shell Parasite","floor":18.0,"turns":6.0},{"damage":10.0,"enemies":"3 Byrds","floor":19.0,"turns":6.0},{"damage":9.0,"enemies":"3 Cultists","floor":20.0,"turns":6.0},{"damage":0.0,"enemies":"Snecko","floor":22.0,"turns":6.0},{"damage":0.0,"enemies":"Shelled Parasite and Fungi","floor":24.0,"turns":6.0},{"damage":4.0,"enemies":"Centurion and Healer","floor":29.0,"turns":6.0},{"damage":4.0,"enemies":"Cultist and Chosen","floor":31.0,"turns":6.0},{"damage":60.0,"enemies":"Automaton","floor":33.0,"turns":11.0},{"damage":0.0,"enemies":"Orb Walker","floor":35.0,"turns":4.0},{"damage":11.0,"enemies":"Mind Bloom Boss Battle","floor":36.0,"turns":7.0},{"damage":0.0,"enemies":"3 Shapes","floor":39.0,"turns":4.0},{"damage":59,"enemies":"Reptomancer","floor":41,"turns":6},{"damage":6,"enemies":"Jaw Worm Horde","floor":42,"turns":6},{"damage":2,"enemies":"Writhing Mass","floor":45,"turns":5},{"damage":0,"enemies":"3 Darklings","floor":47,"turns":3},{"damage":36,"enemies":"Time Eater","floor":50,"turns":8},{"damage":76,"enemies":"Shield and Spear","floor":54,"turns":6}],"seed_played":"-8502382418007682728","potions_obtained":[{"floor":1.0,"key":"DuplicationPotion"},{"floor":3.0,"key":"Reflective Coating"},{"floor":12.0,"key":"FearPotion"},{"floor":16.0,"key":"ColorlessPotion"},{"floor":18.0,"key":"Adrenaline Potion"},{"floor":22.0,"key":"conspire:TimeTravelPotion"},{"floor":29.0,"key":"jedi:mysterypotion"},{"floor":36.0,"key":"Flashbang"},{"floor":39.0,"key":"Poison Potion"},{"floor":41,"key":"Fire Potion"},{"floor":45,"key":"PowerPotion"}],"is_trial":false,"path_per_floor":["M","$","M","$","M","E","?","R","T","M","?","M","E","?","R","B",null,"M","M","M","$","M","R","M","R","T","R","?","M","?","M","R","B",null,"M","?","?","?","M","R","E","M","T","AVR","M","R","M","?","R","B",null,"R","$","E"],"character_chosen":"THE_SILENT","items_purchased":["Accuracy","Blade Dance","Sucker Punch","Deadly Poison+1","Accuracy","aspiration:Nostalgia"],"campfire_rested":6,"item_purchase_floors":[0,0,0,0,2,21],"current_hp_per_floor":[57,57,57,57,57,38,38,59,59,54,54,48,45,23,44,19,70,57,47,38,53,53,53,53,53,53,53,36,32,55,51,70,43,70,70,59,59,59,59,70,11,5,5,5,3,24,24,24,45,19,70,70,70,0,0],"gold":541,"neow_bonus":"","is_daily":false,"chose_seed":false,"campfire_upgraded":3,"win_rate":0.0,"timestamp":1608501079,"path_taken":["M","?","M","$","M","E","?","R","T","M","?","?","E","?","R","BOSS","M","M","M","$","M","R","M","R","T","R","?","?","?","M","R","BOSS","M","?","?","?","M","?","E","M","T","AVR","M","R","M","?","R","BOSS","R","$","E"],"items_purchased_type":["Card","Card","Card","Card","Card","Relic"],"build_version":"2020-12-13","purchased_purges":2,"victory":false,"max_hp_per_floor":[70,70,70,70,70,70,70,70,70,70,70,70,70,70,70,70,70,70,70,70,70,70,70,70,70,70,70,70,70,70,70,70,70,70,70,70,70,70,70,70,70,70,70,70,70,70,70,70,70,70,70,70,70,70,70],"card_choices":[{"not_picked":["Poisoned Stab","PiercingWail"],"picked":"Prepared","floor":1.0},{"not_picked":["Catalyst","PiercingWail","Caltrops"],"picked":"SKIP","floor":3.0},{"not_picked":["Catalyst","PiercingWail"],"picked":"Caltrops","floor":3.0},{"not_picked":["StuffTheSpire:Incantation","Deflect"],"picked":"PiercingWail","floor":5.0},{"not_picked":["Draining Mist","Outmaneuver"],"picked":"Backflip","floor":6.0},{"not_picked":["Deflect","Prepared"],"picked":"Infinite Blades","floor":10.0},{"not_picked":["jedi:poisonivy","StuffTheSpire:Incantation"],"picked":"jedi:collectorvenom","floor":12.0},{"not_picked":["Backflip","StuffTheSpire:BumpUp"],"picked":"jedi:collectorvenom","floor":13.0},{"not_picked":["Envenom","Replay:Poison Smokescreen"],"picked":"Cloak And Dagger","floor":14.0},{"not_picked":["Tools of the Trade","Glass Knife"],"picked":"Malaise","floor":16.0},{"not_picked":["hubris:SlightOfHand","All Out Attack"],"picked":"jedi:collectorvenom","floor":18.0},{"not_picked":["Prepared","StuffTheSpire:Incantation"],"picked":"jedi:collectorvenom","floor":19.0},{"not_picked":["StuffTheSpire:Python","Dodge and Roll"],"picked":"jedi:collectorvenom","floor":20.0},{"not_picked":["Twin Strike","StuffTheSpire:Injection"],"picked":"jedi:collectorvenom","floor":22.0},{"not_picked":["Hidden Blade","jedi:poisonivy+1","Acrobatics+1"],"picked":"SKIP","floor":24.0},{"not_picked":["Underhanded Strike","Sneak Up"],"picked":"Caltrops+1","floor":28.0},{"not_picked":["Acrobatics","Clothesline"],"picked":"ReplayTheSpireMod:Scrap Shanks","floor":28.0},{"not_picked":["StuffTheSpire:Shiver","Slice+1"],"picked":"jedi:collectorvenom","floor":29.0},{"not_picked":["Acrobatics","Well Laid Plans+1"],"picked":"jedi:collectorvenom","floor":31.0},{"not_picked":["ReplayTheSpireMod:Necrosis","Wraith Form v2"],"picked":"Malaise","floor":33.0},{"not_picked":["Flying Knee+1","Outmaneuver+1"],"picked":"jedi:collectorvenom","floor":35.0},{"not_picked":["Phantasmal Killer","Backflip+1"],"picked":"jedi:collectorvenom","floor":36.0},{"not_picked":["Blade Dance","StuffTheSpire:Injection"],"picked":"jedi:collectorvenom","floor":39.0},{"not_picked":["Flex","Crippling Poison"],"picked":"jedi:collectorvenom","floor":41},{"not_picked":["ReplayTheSpireMod:Tripwire","Clothesline"],"picked":"jedi:collectorvenom","floor":42},{"not_picked":["Acrobatics+1","Hidden Blade"],"picked":"jedi:collectorvenom","floor":45},{"not_picked":["Setup+1","Prepared+1"],"picked":"Blade Dance","floor":47},{"not_picked":["StuffTheSpire:Innocence","StuffTheSpire:Ambrosia"],"picked":"StuffTheSpire:Harmony","floor":48}],"player_experience":1010678,"relics_obtained":[{"floor":6.0,"key":"jedi:shrinkray"},{"floor":13.0,"key":"hubris:Reverence"},{"floor":14.0,"key":"MealTicket"},{"floor":26.0,"key":"ReplayTheSpireMod:Lightbulb"},{"floor":28.0,"key":"ReplayTheSpireMod:Ninjato"},{"floor":36.0,"key":"hubris:Teleporter"},{"floor":41,"key":"Darkstone Periapt"},{"floor":43,"key":"MiniBlackHole"}],"event_choices":[{"damage_healed":0.0,"max_hp_gain":0.0,"max_hp_loss":0.0,"gold_gain":0.0,"event_name":"conspire:LoneGhost","player_choice":"Disagree","floor":7.0,"gold_loss":0.0,"damage_taken":0.0},{"damage_healed":0.0,"max_hp_gain":0.0,"max_hp_loss":0.0,"gold_gain":0.0,"event_name":"Accursed Blacksmith","player_choice":"Forge","floor":11.0,"gold_loss":0.0,"damage_taken":0.0,"cards_upgraded":["Infinite Blades"]},{"damage_healed":0.0,"max_hp_gain":0.0,"max_hp_loss":0.0,"gold_gain":0.0,"event_name":"Dead Adventurer","player_choice":"Searched \u00272\u0027 times","floor":14.0,"gold_loss":0.0,"damage_taken":0.0},{"damage_healed":23.0,"max_hp_gain":0.0,"max_hp_loss":0.0,"gold_gain":0.0,"event_name":"The Library","player_choice":"Heal","floor":30.0,"gold_loss":0.0,"damage_taken":0.0},{"damage_healed":0.0,"max_hp_gain":0.0,"max_hp_loss":0.0,"gold_gain":0.0,"event_name":"MindBloom","player_choice":"Fight","floor":36.0,"gold_loss":0.0,"damage_taken":0.0}],"is_beta":false,"boss_relics":[{"not_picked":["Astrolabe","aspiration:IroncladSkillbook"],"picked":"Replay:Fungal Core"},{"not_picked":["halation:MonkeysPaw","Philosopher\u0027s Stone"],"picked":"halation:ForbiddenBikini"}],"items_purged_floors":[0,21],"is_endless":false,"potions_floor_spawned":[1,3,12,14,16,18,22,29,36,39,41,45],"killed_by":"Shield and Spear","ascension_level":0}}