{"host":"d8hh7rr4yzitjeuj","time":1608477783,"event":{"mods":["2.2 Compatiblity","AchievementEnabler","BaseMod","CapriCore","Colored Map","Colored Powertips","Highlight Path","Keyboard Shortcuts","Minty Spire (QoL Compilation)","Permanent Neow","Quick Restart","StSLib","SuperFastMode"],"gold_per_floor":[109,125,139,139,153,153,185,205,232,77,94,94,107,125,125,198,198,208,221,239,56,66,66,81,6,6,0,0,0,0],"floor_reached":29,"playtime":815,"items_purged":["Strike_B","Strike_B"],"score":462,"play_id":"69650bf2-3b56-4f23-9033-afcbaf8984e5","local_time":"20201221002303","is_ascension_mode":true,"campfire_choices":[{"data":"Consume","floor":6.0,"key":"SMITH"},{"data":"Coolheaded","floor":12,"key":"SMITH"},{"data":"Capacitor","floor":15,"key":"SMITH"},{"floor":23,"key":"REST"}],"circlet_count":0,"master_deck":["AscendersBane","Strike_B","Strike_B","Defend_B","Defend_B","Defend_B","Defend_B","Zap","Dualcast","Sweeping Beam","Cold Snap","Conserve Battery","Leap","Consume+1","Hologram","Coolheaded+1","Electrodynamics","Compile Driver","Capacitor+1","Buffer","Ball Lightning","BootSequence","Self Repair","Static Discharge","Storm","Decay"],"relics":["Sozu","Matryoshka","Bag of Marbles","Boot","Inserter","Eternal Feather","Toxic Egg 2"],"acts_visited":["Exordium","TheCity"],"potions_floor_usage":[],"damage_taken":[{"damage":2.0,"enemies":"Cultist","floor":1.0,"turns":4.0},{"damage":7.0,"enemies":"Jaw Worm","floor":2.0,"turns":3.0},{"damage":0.0,"enemies":"2 Louse","floor":3.0,"turns":2.0},{"damage":0.0,"enemies":"Blue Slaver","floor":5.0,"turns":4.0},{"damage":13.0,"enemies":"3 Sentries","floor":7.0,"turns":8.0},{"damage":0.0,"enemies":"3 Louse","floor":8.0,"turns":5.0},{"damage":0,"enemies":"2 Fungi Beasts","floor":11,"turns":3},{"damage":0,"enemies":"Large Slime","floor":13,"turns":4},{"damage":4,"enemies":"Red Slaver","floor":14,"turns":3},{"damage":18,"enemies":"The Guardian","floor":16,"turns":14},{"damage":0,"enemies":"Chosen","floor":18,"turns":6},{"damage":0,"enemies":"Shell Parasite","floor":19,"turns":7},{"damage":47,"enemies":"3 Cultists","floor":20,"turns":5},{"damage":6,"enemies":"Centurion and Healer","floor":22,"turns":7},{"damage":23,"enemies":"Snake Plant","floor":24,"turns":6},{"damage":11,"enemies":"Slavers","floor":29,"turns":1}],"seed_played":"5398328193752703054","potions_obtained":[],"is_trial":false,"path_per_floor":["M","M","M","?","M","R","E","M","T","$","M","R","M","M","R","B",null,"M","M","M","$","M","R","M","$","T","?","?","E"],"character_chosen":"DEFECT","items_purchased":["Electrodynamics","BootSequence","Storm"],"campfire_rested":1,"item_purchase_floors":[10,21,25],"current_hp_per_floor":[62,55,55,55,55,55,42,42,42,42,42,42,42,38,38,20,58,58,58,11,11,5,26,10,10,10,10,10,0,0],"gold":0,"neow_bonus":"BOSS_RELIC","is_daily":false,"chose_seed":false,"campfire_upgraded":3,"win_rate":0.0,"timestamp":1608477783,"path_taken":["M","M","M","?","M","R","E","M","T","$","?","R","M","M","R","BOSS","M","?","M","$","M","R","M","?","T","?","?","E"],"items_purchased_type":["Card","Card","Card"],"build_version":"2020-12-13","purchased_purges":2,"victory":false,"max_hp_per_floor":[71,71,71,71,71,71,71,71,71,71,71,71,71,71,71,71,71,71,71,71,71,71,71,71,71,71,71,71,71,71],"card_choices":[{"not_picked":["Hologram","Go for the Eyes"],"picked":"Sweeping Beam","floor":1.0},{"not_picked":["Blizzard","Genetic Algorithm"],"picked":"Cold Snap","floor":2.0},{"not_picked":["Stack","Loop"],"picked":"Conserve Battery","floor":3.0},{"not_picked":["Hologram","Conserve Battery"],"picked":"Consume","floor":5.0},{"not_picked":["Stack","Blizzard"],"picked":"Hologram","floor":7.0},{"not_picked":["Steam","Stack"],"picked":"Coolheaded","floor":8.0},{"not_picked":["Gash","Rip and Tear"],"picked":"Compile Driver","floor":11},{"not_picked":["Hologram","Streamline"],"picked":"Capacitor","floor":13},{"not_picked":["Sweeping Beam","Rip and Tear","Stack"],"picked":"SKIP","floor":14},{"not_picked":["Hyperbeam","Electrodynamics"],"picked":"Buffer","floor":16},{"not_picked":["Conserve Battery","Beam Cell","Gash"],"picked":"SKIP","floor":18},{"not_picked":["Scrape","Force Field","Fusion"],"picked":"SKIP","floor":19},{"not_picked":["Hyperbeam","Streamline"],"picked":"Ball Lightning","floor":20},{"not_picked":["Defragment","BootSequence+1"],"picked":"Self Repair","floor":22},{"not_picked":["Redo","Go for the Eyes"],"picked":"Static Discharge","floor":24}],"player_experience":1376210,"relics_obtained":[{"floor":7.0,"key":"Matryoshka"},{"floor":9.0,"key":"Bag of Marbles"},{"floor":9.0,"key":"Boot"},{"floor":26,"key":"Eternal Feather"},{"floor":26,"key":"Toxic Egg 2"}],"event_choices":[{"damage_healed":0.0,"max_hp_gain":0.0,"max_hp_loss":0.0,"gold_gain":0.0,"event_name":"Match and Keep!","player_choice":"1 cards matched","floor":4.0,"gold_loss":0.0,"damage_taken":0.0,"cards_obtained":["Leap"]},{"damage_healed":0,"gold_gain":0,"player_choice":"Paid Fearfully","damage_taken":0,"max_hp_gain":0,"max_hp_loss":0,"event_name":"Masked Bandits","floor":27,"gold_loss":6},{"damage_healed":0,"gold_gain":0,"player_choice":"Smashed Altar","damage_taken":0,"max_hp_gain":0,"max_hp_loss":0,"event_name":"Forgotten Altar","floor":28,"gold_loss":0,"cards_obtained":["Decay"]}],"is_beta":false,"boss_relics":[{"not_picked":["Velvet Choker","Runic Dome"],"picked":"Inserter"}],"items_purged_floors":[10,21],"is_endless":false,"potions_floor_spawned":[1,3,8,11,13,20],"killed_by":"Slavers","ascension_level":20}}