{"host":"y1qks9cbebtax51i","time":1608491279,"event":{"mods":["BaseMod","Better Match","Better Silent Start","BetterRewards","Colorless Booster Pack","Conspire","Downfall","Energized Spire","Exacting","GifTheSpireLib","Gremlin Mod","GungeonMod","Halation","Hubris","Hyrulean Relics","Infinite Spire","Magitek Elite","Minty Spire (QoL Compilation)","RRrroohrrRGHHhhh!!","Rare Cards Sparkle","Replay The Spire","SacredBarkPlus","Small Relic Pack","Spikes Relics","Spire Birthday Party","StSLib","Stuff the Spire","The Construct","The Disciple","Trackpad","Useless Jewels Mod","everything is the same but u backflip on backflip","vexMod"],"gold_per_floor":[109,134,158,170,182,194,237,249,284,169,189,189,243,262,262,262,262],"floor_reached":16,"playtime":687,"items_purged":[],"score":125,"play_id":"604c48e9-83f7-49a4-8965-fb7e5c7c0e27","local_time":"20201220140759","is_ascension_mode":true,"campfire_choices":[{"data":"Genetic Algorithm","floor":6,"key":"SMITH"},{"floor":8,"key":"REST"},{"floor":12,"key":"REST"},{"floor":15,"key":"REST"}],"circlet_count":0,"master_deck":["Strike_B","Strike_B","Strike_B","Strike_B","Defend_B","Defend_B","Defend_B","Defend_B","Zap","Dualcast","rorgmod:Ventilation Error","StuffTheSpire:GlassShard","Genetic Algorithm+1","rorgmod:Ache","conspire:SharedLibrary","Consume","rorgmod:LRU Cache","Conserve Battery","Undo","rorgmod:Leap"],"relics":["DemoMod:Dog","NeowsBlessing","MawBank","infinitespire:Cubic Diamond","Golden Idol","StuffTheSpire:Tea","trackpad:AdjectivePendant"],"acts_visited":["Exordium"],"potions_floor_usage":[7],"damage_taken":[{"damage":0,"enemies":"conspire:RoseBush","floor":1,"turns":1},{"damage":0,"enemies":"conspire:MimicChest","floor":2,"turns":1},{"damage":0,"enemies":"infinitespire:Voidling","floor":3,"turns":1},{"damage":65,"enemies":"Lagavulin","floor":7,"turns":10},{"damage":7,"enemies":"Jaw Worm","floor":11,"turns":4},{"damage":6,"enemies":"Blue Slaver","floor":13,"turns":4},{"damage":21,"enemies":"Exordium Wildlife","floor":14,"turns":8},{"damage":68,"enemies":"Fading Forest","floor":16,"turns":9}],"seed_played":"-7539413853625352505","potions_obtained":[{"floor":2,"key":"FearPotion"},{"floor":3,"key":"FearPotion"}],"is_trial":false,"path_per_floor":["M","?","M","?","?","R","E","R","T","$","M","R","M","M","R","B"],"character_chosen":"DEFECT","items_purchased":["Consume","rorgmod:LRU Cache"],"campfire_rested":3,"item_purchase_floors":[10,10],"current_hp_per_floor":[75,75,75,75,75,75,10,32,32,32,25,47,41,20,42,0,0],"gold":262,"neow_bonus":"THREE_ENEMY_KILL","is_daily":false,"chose_seed":false,"campfire_upgraded":1,"win_rate":0.0,"timestamp":1608491279,"path_taken":["M","?","?","?","?","R","E","R","T","$","?","R","M","M","R","BOSS"],"items_purchased_type":["Card","Card"],"build_version":"2020-12-13","purchased_purges":0,"victory":false,"max_hp_per_floor":[75,75,75,75,75,75,75,75,75,75,75,75,75,75,75,75,75],"card_choices":[{"not_picked":["rorgmod:Leap","Cold Snap"],"picked":"rorgmod:Ventilation Error","floor":1},{"not_picked":["Cold Snap","BasicCrystalCard"],"picked":"StuffTheSpire:GlassShard","floor":2},{"not_picked":["Stack","rorgmod:Overcurrent"],"picked":"Genetic Algorithm","floor":3},{"not_picked":["StuffTheSpire:Coldhearted","rorgmod:Volatility"],"picked":"conspire:SharedLibrary","floor":7},{"not_picked":["Self Repair","Turbo"],"picked":"Conserve Battery","floor":11},{"not_picked":["StuffTheSpire:Plugnplay","rorgmod:SQL Injection"],"picked":"Undo","floor":13},{"not_picked":["Redo","Panic Button"],"picked":"rorgmod:Leap","floor":14}],"player_experience":989182,"relics_obtained":[{"floor":2,"key":"MawBank"},{"floor":7,"key":"StuffTheSpire:Tea"},{"floor":9,"key":"trackpad:AdjectivePendant"}],"event_choices":[{"damage_healed":0,"gold_gain":0,"player_choice":"Take Wound","damage_taken":0,"relics_obtained":["Golden Idol"],"max_hp_gain":0,"max_hp_loss":0,"event_name":"Golden Idol","floor":5,"gold_loss":0,"cards_obtained":["rorgmod:Ache"]}],"is_beta":false,"boss_relics":[],"items_purged_floors":[],"is_endless":false,"potions_floor_spawned":[2,3],"killed_by":"Fading Forest","ascension_level":5}}