{"host":"f14d6hm2349s9jse","time":1608499366,"event":{"mods":["2.2 Compatiblity","BaseMod","Minty Spire (QoL Compilation)","StSLib","The Marked"],"gold_per_floor":[109,284,294,312,312,330,340,340,367,367,392,406,50,79,79,79,79],"floor_reached":16,"playtime":515,"items_purged":[],"score":96,"play_id":"bd700c9e-7d02-4dad-b1e2-2c6fb6f7e37e","local_time":"20201220162246","is_ascension_mode":false,"campfire_choices":[{"floor":10,"key":"REST"},{"floor":15,"key":"RECALL"}],"circlet_count":0,"master_deck":["theMarked:Strike","theMarked:Strike","theMarked:Strike","theMarked:Strike","theMarked:Defend","theMarked:Defend","theMarked:Defend","theMarked:SoldierOfQuellstein+1","theMarked:SelfDefenseTraining","Doubt","theMarked:BanishingStrike","theMarked:RogueSparks","theMarked:TwofoldDefense","Parasite","theMarked:WastefulDefense","theMarked:MysticalArsenal","theMarked:WardOff","theMarked:SoldierForm"],"relics":["Empty Cage","CeramicFish","Bird Faced Urn"],"acts_visited":["Exordium"],"potions_floor_usage":[14,14],"damage_taken":[{"damage":1,"enemies":"Cultist","floor":1,"turns":3},{"damage":0,"enemies":"2 Louse","floor":3,"turns":3},{"damage":8,"enemies":"Jaw Worm","floor":4,"turns":4},{"damage":9,"enemies":"2 Fungi Beasts","floor":6,"turns":3},{"damage":17,"enemies":"Exordium Thugs","floor":7,"turns":5},{"damage":1,"enemies":"Large Slime","floor":11,"turns":7},{"damage":0,"enemies":"2 Fungi Beasts","floor":12,"turns":5},{"damage":2,"enemies":"Lots of Slimes","floor":14,"turns":5},{"damage":0,"enemies":"The Guardian","floor":16,"turns":1}],"seed_played":"-3247489796234664767","potions_obtained":[{"floor":3,"key":"SpeedPotion"},{"floor":6,"key":"PowerPotion"},{"floor":11,"key":"BlessingOfTheForge"},{"floor":14,"key":"Fruit Juice"}],"is_trial":false,"path_per_floor":["M","?","M","M","?","M","M","?","T","R","M","M","$","M","R","B"],"character_chosen":"THE_DEFAULT","items_purchased":["Bird Faced Urn","theMarked:MysticalArsenal","theMarked:WardOff"],"campfire_rested":1,"item_purchase_floors":[13,13,13],"current_hp_per_floor":[69,69,69,61,61,52,35,52,52,70,69,69,69,68,68,68,68],"gold":79,"neow_bonus":"BOSS_RELIC","is_daily":false,"chose_seed":false,"campfire_upgraded":0,"win_rate":0.0,"timestamp":1608499366,"path_taken":["M","?","M","M","?","?","M","?","T","R","M","M","$","M","R","BOSS"],"items_purchased_type":["Relic","Card","Card"],"build_version":"2020-12-13","purchased_purges":0,"victory":false,"max_hp_per_floor":[70,70,70,70,70,70,70,70,70,70,70,70,70,70,70,70,70],"card_choices":[{"not_picked":["theMarked:Improvise","theMarked:Parkour"],"picked":"theMarked:SelfDefenseTraining","floor":1},{"not_picked":["theMarked:Polarize","theMarked:Indomitable"],"picked":"theMarked:BanishingStrike","floor":3},{"not_picked":["theMarked:EnhanceMovement","theMarked:Static","theMarked:ElectricStrings"],"picked":"SKIP","floor":4},{"not_picked":["theMarked:EnhancedHearing","theMarked:ResourceFulStrike"],"picked":"theMarked:RogueSparks","floor":6},{"not_picked":["theMarked:RepellingDischarge","theMarked:Convert"],"picked":"theMarked:TwofoldDefense","floor":7},{"not_picked":["theMarked:ReduceFriction","theMarked:EnhanceMovement"],"picked":"theMarked:WastefulDefense","floor":11},{"not_picked":["theMarked:Aftermath","theMarked:RepellingDischarge","theMarked:Electrify"],"picked":"SKIP","floor":12},{"not_picked":["theMarked:TwofoldDefense","theMarked:LightningStrikesTwice"],"picked":"theMarked:SoldierForm","floor":14}],"player_experience":2471072,"relics_obtained":[{"floor":9,"key":"CeramicFish"}],"event_choices":[{"damage_healed":0,"gold_gain":175,"player_choice":"AGREE","damage_taken":0,"max_hp_gain":0,"max_hp_loss":0,"event_name":"Liars Game","floor":2,"gold_loss":0,"cards_obtained":["Doubt"]},{"damage_healed":0,"gold_gain":0,"player_choice":"Upgraded","damage_taken":0,"max_hp_gain":0,"max_hp_loss":0,"event_name":"Upgrade Shrine","floor":5,"gold_loss":0,"cards_upgraded":["theMarked:SoldierOfQuellstein"]},{"damage_healed":17,"gold_gain":0,"player_choice":"Healed and dodged fight","damage_taken":0,"max_hp_gain":0,"max_hp_loss":0,"event_name":"Mushrooms","floor":8,"gold_loss":0,"cards_obtained":["Parasite"]}],"is_beta":false,"boss_relics":[],"items_purged_floors":[],"is_endless":false,"potions_floor_spawned":[3,6,11,14],"killed_by":"The Guardian","ascension_level":0}}