{"host":"zr590xw2unlz0wv7","time":1608466884,"event":{"mods":["BaseMod","Minty Spire (QoL Compilation)","READ ME - Guardian Mod","StSLib"],"gold_per_floor":[210,210,210,99,115,146,146,181,226,243,271,283,302,322,322,421,421,438,138,151,151,151],"floor_reached":21,"playtime":8221,"items_purged":["Decay"],"score":261,"play_id":"6d2a946f-3f79-462b-afa4-b5891b28caae","local_time":"20201220202124","is_ascension_mode":true,"campfire_choices":[{"floor":7,"key":"REST"},{"floor":15,"key":"RECALL"}],"circlet_count":0,"master_deck":["Strike_R","Strike_R","Strike_R","Defend_R","Defend_R","Defend_R","Bash","Shrug It Off","Intimidate","Uppercut","Bloodletting","Thunderclap","Flex","Reaper","Metallicize","Cleave","Double Tap","Sword Boomerang","Anger"],"relics":["Burning Blood","Omamori","Singing Bowl","StoneCalendar","Empty Cage","Kunai"],"acts_visited":["Exordium","TheCity"],"potions_floor_usage":[12,12,16,16,16,16],"damage_taken":[{"damage":7,"enemies":"Jaw Worm","floor":1,"turns":3},{"damage":0,"enemies":"Small Slimes","floor":5,"turns":2},{"damage":33,"enemies":"Lagavulin","floor":6,"turns":6},{"damage":16,"enemies":"Gremlin Nob","floor":8,"turns":4},{"damage":8,"enemies":"Cultist","floor":10,"turns":4},{"damage":28,"enemies":"Lagavulin","floor":11,"turns":5},{"damage":0,"enemies":"Gremlin Gang","floor":12,"turns":1},{"damage":9,"enemies":"2 Fungi Beasts","floor":13,"turns":3},{"damage":15,"enemies":"Large Slime","floor":14,"turns":7},{"damage":13,"enemies":"Slime Boss","floor":16,"turns":7},{"damage":31,"enemies":"Chosen","floor":18,"turns":7},{"damage":41,"enemies":"Shell Parasite","floor":20,"turns":7},{"damage":33,"enemies":"Centurion and Healer","floor":21,"turns":2}],"seed_played":"6988590571607554022","potions_obtained":[{"floor":1,"key":"Explosive Potion"},{"floor":6,"key":"ElixirPotion"},{"floor":8,"key":"EntropicBrew"},{"floor":11,"key":"Explosive Potion"},{"floor":13,"key":"Block Potion"},{"floor":20,"key":"HeartOfIron"}],"is_trial":false,"path_per_floor":["M","?","?","$","M","E","R","E","T","M","E","M","M","M","R","B",null,"M","$","M","M"],"character_chosen":"IRONCLAD","items_purchased":["Uppercut","Kunai","Sword Boomerang"],"campfire_rested":1,"item_purchase_floors":[4,19,19],"current_hp_per_floor":[71,71,71,71,77,50,74,66,66,64,42,48,56,55,55,54,75,59,59,27,0,0],"gold":151,"neow_bonus":"HUNDRED_GOLD","is_daily":false,"chose_seed":false,"campfire_upgraded":0,"win_rate":0.0,"timestamp":1608466884,"path_taken":["M","?","?","$","M","E","R","E","T","M","E","M","?","M","R","BOSS","M","$","?","M"],"items_purchased_type":["Card","Relic","Card"],"build_version":"2020-12-13","purchased_purges":1,"victory":false,"max_hp_per_floor":[80,80,80,80,80,80,80,82,82,82,82,82,82,82,82,82,82,84,84,84,84,84],"card_choices":[{"not_picked":["Entrench","Reckless Charge"],"picked":"Shrug It Off","floor":1},{"not_picked":["Sentinel","Intimidate"],"picked":"Bloodletting","floor":5},{"not_picked":["Reckless Charge","Evolve","Perfected Strike"],"picked":"SKIP","floor":6},{"not_picked":["Blood for Blood","Infernal Blade","Whirlwind"],"picked":"Singing Bowl","floor":8},{"not_picked":["Sword Boomerang","Blood for Blood"],"picked":"Thunderclap","floor":10},{"not_picked":["Battle Trance","Perfected Strike"],"picked":"Flex","floor":11},{"not_picked":["Clothesline","True Grit"],"picked":"Reaper","floor":12},{"not_picked":["Shrug It Off","Anger"],"picked":"Metallicize","floor":13},{"not_picked":["True Grit","Power Through"],"picked":"Cleave","floor":14},{"not_picked":["Fiend Fire","Berserk"],"picked":"Double Tap","floor":16},{"not_picked":["Body Slam","Perfected Strike","Warcry+1"],"picked":"Singing Bowl","floor":18},{"not_picked":["Perfected Strike","Fire Breathing"],"picked":"Anger","floor":20}],"player_experience":509998,"relics_obtained":[{"floor":6,"key":"Omamori"},{"floor":8,"key":"Singing Bowl"},{"floor":11,"key":"StoneCalendar"}],"event_choices":[{"damage_healed":0,"gold_gain":0,"cards_transformed":["Defend_R"],"player_choice":"Change","damage_taken":0,"max_hp_gain":0,"max_hp_loss":0,"event_name":"Living Wall","floor":2,"gold_loss":0,"cards_obtained":["Intimidate"]},{"damage_healed":0,"gold_gain":0,"player_choice":"Cursed","damage_taken":0,"max_hp_gain":0,"max_hp_loss":0,"event_name":"Wheel of Change","floor":3,"gold_loss":0,"cards_obtained":["Decay"]}],"is_beta":false,"boss_relics":[{"not_picked":["Ectoplasm","SlaversCollar"],"picked":"Empty Cage"}],"items_purged_floors":[4],"is_endless":false,"potions_floor_spawned":[1,6,8,11,13,20],"killed_by":"Centurion and Healer","ascension_level":6}}