{"host":"mn5ze3eyhx81nlo2","time":1608503545,"event":{"mods":["BaseMod","Block Reminder","Challenge The Spire","Downfall","Hermit","Hubris","Infinite Spire","Minty Spire (QoL Compilation)","Quick Restart","Replay The Spire","Shade Mod","StSLib","The Cursed","The Druid","The Hierophant","The Runesmith","Unceasing Turn Reminder"],"gold_per_floor":[113,113,132,17,17,17,48,61,61,111,146,146,146,146,146,146,146],"floor_reached":16,"playtime":546,"items_purged":["hermit:Defend_Hermit","hubris:Lust"],"score":131,"play_id":"0150ffa3-0fc9-4807-bd16-b26f3b0af4ee","local_time":"20201220223225","is_ascension_mode":false,"campfire_choices":[{"data":"hermit:Dive","floor":6,"key":"SMITH"},{"floor":12,"key":"RECALL"},{"data":"hermit:Combo","floor":15,"key":"SMITH"}],"circlet_count":0,"master_deck":["hermit:Strike_Hermit","hermit:Strike_Hermit","hermit:Strike_Hermit","hermit:Defend_Hermit","hermit:Defend_Hermit","hermit:Snapshot","hermit:Covet","hermit:TrackingShot","hermit:Dive+1","hermit:Dive","hermit:Malice","hermit:CalledShot","hermit:Combo+1","Delirium"],"relics":["hermit:Momento","NeowsBlessing","Nunchaku","Kunai","ReplayTheSpireMod:CursedCoin","ReplayTheSpireMod:Ninjato","MealTicket","Ring of Fangs","Ring of Hypnosis"],"acts_visited":["Exordium"],"potions_floor_usage":[11,16],"damage_taken":[{"damage":0,"enemies":"2 Louse","floor":1,"turns":1},{"damage":0,"enemies":"Jaw Worm","floor":3,"turns":1},{"damage":0,"enemies":"3 Sentries","floor":7,"turns":2},{"damage":0,"enemies":"Cultist","floor":8,"turns":3},{"damage":19,"enemies":"Lagavulin","floor":11,"turns":11},{"damage":50,"enemies":"Slime Boss","floor":16,"turns":7}],"seed_played":"-1624344685404802935","potions_obtained":[{"floor":3,"key":"Energy Potion"},{"floor":7,"key":"Elixir"},{"floor":8,"key":"Block Potion"}],"is_trial":false,"path_per_floor":["M","?","M","$","?","R","E","M","T","$","E","R","?","?","R","B"],"character_chosen":"HERMIT","items_purchased":["hermit:Dive","ReplayTheSpireMod:CursedCoin"],"campfire_rested":0,"item_purchase_floors":[4,10],"current_hp_per_floor":[75,68,68,68,68,68,68,68,68,68,49,49,49,49,49,0,0],"gold":146,"neow_bonus":"THREE_ENEMY_KILL","is_daily":false,"chose_seed":false,"campfire_upgraded":2,"win_rate":0.0,"timestamp":1608503545,"path_taken":["M","?","M","$","?","R","E","?","T","$","E","R","?","?","R","BOSS"],"items_purchased_type":["Card","Relic"],"build_version":"2020-12-13","purchased_purges":2,"victory":false,"max_hp_per_floor":[75,75,75,75,75,75,75,75,75,75,75,75,75,75,75,75,75],"card_choices":[{"not_picked":["hermit:LowProfile","hermit:Coalescence","hermit:Shortfuse"],"picked":"SKIP","floor":1},{"not_picked":["hermit:Quickdraw","hermit:Coalescence"],"picked":"hermit:TrackingShot","floor":3},{"not_picked":["hermit:Glare","hermit:NoHoldsBarred","hermit:Coalescence"],"picked":"SKIP","floor":7},{"not_picked":["hermit:Desperado","hermit:Horror"],"picked":"hermit:CalledShot","floor":8},{"not_picked":["hermit:Snipe","hermit:SprayPray"],"picked":"hermit:Combo","floor":11}],"player_experience":923567,"relics_obtained":[{"floor":7,"key":"Nunchaku"},{"floor":9,"key":"Kunai"},{"floor":11,"key":"ReplayTheSpireMod:Ninjato"},{"floor":13,"key":"MealTicket"},{"floor":14,"key":"Ring of Fangs"},{"floor":14,"key":"Ring of Hypnosis"}],"event_choices":[{"cards_removed":["hermit:Defend_Hermit"],"damage_healed":0,"gold_gain":0,"player_choice":"Card Removal","damage_taken":7,"max_hp_gain":0,"max_hp_loss":0,"event_name":"Golden Wing","floor":2,"gold_loss":0},{"damage_healed":0,"gold_gain":0,"cards_transformed":["hermit:Strike_Hermit"],"player_choice":"Transformed","damage_taken":0,"max_hp_gain":0,"max_hp_loss":0,"event_name":"Transmorgrifier","floor":5,"gold_loss":0,"cards_obtained":["hermit:Malice"]}],"is_beta":false,"boss_relics":[],"items_purged_floors":[4,10],"is_endless":false,"potions_floor_spawned":[3,7,8],"killed_by":"Slime Boss","ascension_level":0}}