{"host":"q387i5o1hp66091u","time":1608480503,"event":{"mods":["2.2 Compatiblity","BaseMod","Minty Spire (QoL Compilation)","Rare Cards Sparkle"],"gold_per_floor":[109,127,87,103,123,156,156,187,187,222,43,65,65,83,83,178,178,189,209,209,209],"floor_reached":20,"playtime":1174,"items_purged":[],"score":230,"play_id":"c2c63745-060b-48cf-89dc-63a7eafedec2","local_time":"20201221010823","is_ascension_mode":true,"campfire_choices":[{"floor":15,"key":"REST"}],"circlet_count":0,"master_deck":["Eruption","Vigilance","Wallop","FollowUp","Collect","Pray","Wallop","Ragnarok","Collect","Consecrate","Conclude","MentalFortress","DeceiveReality","FollowUp","FearNoEvil","Halt","Wallop","Apotheosis","SashWhip","Perseverance","Establishment","FlyingSleeves","Halt"],"relics":["Pandora\u0027s Box","CloakClasp","Calipers","Gambling Chip","Dead Branch","Odd Mushroom","VioletLotus"],"acts_visited":["Exordium","TheCity"],"potions_floor_usage":[8,8,20],"damage_taken":[{"damage":11,"enemies":"Jaw Worm","floor":1,"turns":3},{"damage":0,"enemies":"Cultist","floor":2,"turns":2},{"damage":0,"enemies":"2 Louse","floor":4,"turns":1},{"damage":0,"enemies":"Large Slime","floor":5,"turns":4},{"damage":2,"enemies":"Lagavulin","floor":6,"turns":6},{"damage":0,"enemies":"Gremlin Nob","floor":8,"turns":2},{"damage":2,"enemies":"3 Sentries","floor":10,"turns":4},{"damage":6,"enemies":"The Mushroom Lair","floor":12,"turns":2},{"damage":8,"enemies":"2 Fungi Beasts","floor":14,"turns":3},{"damage":6,"enemies":"Hexaghost","floor":16,"turns":10},{"damage":22,"enemies":"Spheric Guardian","floor":18,"turns":5},{"damage":27,"enemies":"3 Byrds","floor":19,"turns":5},{"damage":18,"enemies":"Snake Plant","floor":20,"turns":3}],"seed_played":"-6663091215815177111","potions_obtained":[{"floor":1,"key":"Explosive Potion"},{"floor":2,"key":"SpeedPotion"},{"floor":4,"key":"Weak Potion"},{"floor":5,"key":"BottledMiracle"},{"floor":7,"key":"AttackPotion"},{"floor":7,"key":"Ancient Potion"},{"floor":7,"key":"CultistPotion"},{"floor":12,"key":"BlessingOfTheForge"},{"floor":16,"key":"Regen Potion"}],"is_trial":false,"path_per_floor":["M","M","$","M","M","E","?","E","T","E","$","?","?","M","R","B",null,"M","M","M"],"character_chosen":"WATCHER","items_purchased":["MentalFortress","Apotheosis"],"campfire_rested":1,"item_purchase_floors":[3,11],"current_hp_per_floor":[61,61,61,61,61,59,59,59,59,57,57,51,44,36,57,51,72,50,23,10,10],"gold":209,"neow_bonus":"BOSS_RELIC","is_daily":false,"chose_seed":false,"campfire_upgraded":0,"win_rate":0.0,"timestamp":1608480503,"path_taken":["M","M","$","M","M","E","?","E","T","E","?","?","?","M","R","BOSS","M","M","M"],"items_purchased_type":["Card","Card"],"build_version":"2020-12-13","purchased_purges":0,"victory":false,"max_hp_per_floor":[72,72,72,72,72,72,72,72,72,72,72,72,72,72,72,72,72,72,72,72,72],"card_choices":[{"not_picked":["ForeignInfluence","EmptyBody"],"picked":"Consecrate","floor":1},{"not_picked":["Swivel","FlyingSleeves"],"picked":"Conclude","floor":2},{"not_picked":["Protect","JustLucky"],"picked":"DeceiveReality","floor":4},{"not_picked":["Weave","WheelKick"],"picked":"FollowUp","floor":5},{"not_picked":["EmptyBody","Adaptation"],"picked":"FearNoEvil","floor":6},{"not_picked":["Collect","Protect"],"picked":"Halt","floor":8},{"not_picked":["Ragnarok","BowlingBash"],"picked":"Wallop","floor":10},{"not_picked":["Halt","Protect"],"picked":"SashWhip","floor":12},{"not_picked":["WindmillStrike","ClearTheMind"],"picked":"Perseverance","floor":14},{"not_picked":["Scrawl","LessonLearned"],"picked":"Establishment","floor":16},{"not_picked":["FlurryOfBlows","Crescendo"],"picked":"FlyingSleeves","floor":18},{"not_picked":["EmptyFist+1","Weave"],"picked":"Halt","floor":19}],"player_experience":557417,"relics_obtained":[{"floor":6,"key":"CloakClasp"},{"floor":8,"key":"Calipers"},{"floor":9,"key":"Gambling Chip"},{"floor":10,"key":"Dead Branch"},{"floor":12,"key":"Odd Mushroom"}],"event_choices":[{"damage_healed":0,"gold_gain":0,"player_choice":"Got Potions","damage_taken":0,"max_hp_gain":0,"max_hp_loss":0,"event_name":"Lab","floor":7,"gold_loss":0},{"damage_healed":0,"gold_gain":0,"player_choice":"Fought Mushrooms","damage_taken":0,"max_hp_gain":0,"max_hp_loss":0,"event_name":"Mushrooms","floor":12,"gold_loss":0},{"cards_removed":["ForeignInfluence"],"damage_healed":0,"gold_gain":0,"player_choice":"Card Removal","damage_taken":7,"max_hp_gain":0,"max_hp_loss":0,"event_name":"Golden Wing","floor":13,"gold_loss":0}],"is_beta":false,"boss_relics":[{"not_picked":["Velvet Choker","Tiny House"],"picked":"VioletLotus"}],"items_purged_floors":[],"is_endless":false,"potions_floor_spawned":[1,2,4,5,12,16,19],"killed_by":"Snake Plant","ascension_level":1}}