{"host":"a5v7x5tmlr5iccdt","time":1608472604,"event":{"mods":["Act Like it!","BaseMod","BetterRewards","Colored Map","Colored Powertips","GungeonMod","Highlight Path","Mimic Mod","Minty Spire (QoL Compilation)","Quick Restart","StSLib"],"gold_per_floor":[109,59,75,0,0,0,275,275,275,275,294,294,194,257,257,362,362,372,387,407,407,417,442,1,1,1,1,20,39,58,74,90,90,90,186,186,226,281,281,291,35,60,60,125,199,249,249,249,0,18,18,18,18],"floor_reached":52,"playtime":3054,"items_purged":["DemoMod:Strike_Huntress","Regret","DemoMod:Defend_Huntress"],"score":447,"play_id":"12d2be8f-04f9-4de9-babc-7d36ad2bc6f6","local_time":"20201220215644","is_ascension_mode":false,"campfire_choices":[{"data":"DemoMod:MachoBrace","floor":6,"key":"SMITH"},{"data":"DemoMod:AC15","floor":8,"key":"SMITH"},{"data":"DemoMod:CrossBow","floor":10,"key":"SMITH"},{"data":"DemoMod:DarkMarker","floor":12,"key":"SMITH"},{"data":"DemoMod:HardPowerCard","floor":15,"key":"SMITH"},{"data":"DemoMod:Elimentaler","floor":27,"key":"SMITH"},{"data":"DemoMod:HungryBullets","floor":33,"key":"SMITH"},{"floor":43,"key":"RECALL"},{"data":"DemoMod:ManualReload","floor":47,"key":"SMITH"},{"data":"DemoMod:BSG","floor":51,"key":"SMITH"}],"circlet_count":0,"master_deck":["DemoMod:Defend_Huntress","DemoMod:Roll","DemoMod:ManualReload+1","DemoMod:RustySidearm","DemoMod:CrossBow+1","DemoMod:MachoBrace+1","DemoMod:AC15+1","DemoMod:DarkMarker+1","DemoMod:HardPowerCard+1","DemoMod:Elimentaler+1","DemoMod:HighKaliber+1","DemoMod:TripleGun","DemoMod:DirectionalPad+1","DemoMod:BulletBore","DemoMod:HungryBullets+1","DemoMod:MachoBrace","DemoMod:TeaPot","DemoMod:PotionOfGunFriendShip","DemoMod:SkilledReload+1","DemoMod:PracticeMakesPerfect","DemoMod:CombinedRifle+1","DemoMod:SAA+1","DemoMod:Elimentaler","DemoMod:BSG+1","DemoMod:FortunesFavor+1","DemoMod:FullFirepower","DemoMod:BattleInHaste","DemoMod:Unmoved+1","DemoMod:FightSabre","DemoMod:MachoBrace+1","DemoMod:ShadowBullets","DemoMod:HardPowerCard+1"],"relics":["DemoMod:Dog","Orichalcum","Toy Ornithopter","DemoMod:PoisonVial","Nloth\u0027s Gift","Pen Nib","DemoMod:BlueGuonStone","DemoMod:RatBoots","DemoMod:ResourcefulSack","DemoMod:PartiallyEatenCheese","SlaversCollar","DemoMod:Antibody","Bottled Tornado","Happy Flower","Shuriken","DemoMod:MemoryAlloy"],"acts_visited":["Exordium","TheCity","TheCity","TheBeyond"],"potions_floor_usage":[20,22,34,34,34,42,42,42,42,44,46],"damage_taken":[{"damage":2,"enemies":"Jaw Worm","floor":1,"turns":5},{"damage":0,"enemies":"2 Louse","floor":3,"turns":3},{"damage":0,"enemies":"Cultist","floor":11,"turns":2},{"damage":15,"enemies":"Lagavulin Event","floor":14,"turns":6},{"damage":23,"enemies":"The Guardian","floor":16,"turns":15},{"damage":0,"enemies":"2 Thieves","floor":18,"turns":3},{"damage":6,"enemies":"Shell Parasite","floor":19,"turns":6},{"damage":5,"enemies":"Centurion and Healer","floor":20,"turns":5},{"damage":0,"enemies":"Cultist and Chosen","floor":22,"turns":6},{"damage":15,"enemies":"Gremlin Leader","floor":23,"turns":5},{"damage":1,"enemies":"DemoMod:Red_and_blue_shotgun_kin","floor":28,"turns":4},{"damage":0,"enemies":"DemoMod:4_Bullet_Kins","floor":29,"turns":2},{"damage":0,"enemies":"DemoMod:2_Mousers","floor":30,"turns":9},{"damage":10,"enemies":"DemoMod:Veteran_shot_gun_kin_and_red_shotgun_kin_with_gunsinger","floor":31,"turns":2},{"damage":0,"enemies":"DemoMod:Red_and_blue_shotgun_kin_with_gunsinger","floor":32,"turns":3},{"damage":15,"enemies":"DemoMod:ResourcefulRat","floor":35,"turns":13},{"damage":12,"enemies":"3 Darklings","floor":37,"turns":5},{"damage":0,"enemies":"2 Orb Walkers","floor":38,"turns":2},{"damage":19,"enemies":"3 Shapes","floor":40,"turns":4},{"damage":9,"enemies":"Reptomancer","floor":42,"turns":9},{"damage":29,"enemies":"Nemesis","floor":44,"turns":5},{"damage":0,"enemies":"3 Darklings","floor":46,"turns":12},{"damage":1,"enemies":"Jaw Worm Horde","floor":50,"turns":4},{"damage":44,"enemies":"Time Eater","floor":52,"turns":11}],"seed_played":"-8504723061781199939","potions_obtained":[{"floor":3,"key":"DistilledChaos"},{"floor":14,"key":"LiquidBronze"},{"floor":16,"key":"Weak Potion"},{"floor":19,"key":"Fire Potion"},{"floor":22,"key":"SteroidPotion"},{"floor":31,"key":"ColorlessPotion"},{"floor":32,"key":"Fire Potion"},{"floor":32,"key":"EssenceOfSteel"},{"floor":37,"key":"SpeedPotion"},{"floor":40,"key":"EntropicBrew"},{"floor":44,"key":"DemoMod:LeadSkinPotion"},{"floor":48,"key":"Strength Potion"},{"floor":48,"key":"DemoMod:LeadSkinPotion"},{"floor":48,"key":"EntropicBrew"},{"floor":50,"key":"EntropicBrew"}],"is_trial":false,"path_per_floor":["M","?","M","$","?","R","?","R","T","R","M","R","$","?","R","B",null,"M","M","M","?","M","E","$","?","T","R","M","M","M","M","M","R","B","B",null,"M","?","?","M","$","E","R","E","T","M","R","?","$","M","R","B"],"character_chosen":"HUNTRESS","items_purchased":["DemoMod:GnawedKey","Orichalcum","DemoMod:BlueGuonStone","DemoMod:HungryBullets","Bottled Tornado","DemoMod:MemoryAlloy"],"campfire_rested":0,"item_purchase_floors":[0,0,24,24,41,49],"current_hp_per_floor":[68,68,68,68,68,68,68,68,68,68,68,68,68,53,53,30,70,70,64,64,64,69,54,54,54,70,70,69,69,69,59,59,59,68,53,70,58,58,58,39,39,60,60,36,36,41,41,41,41,40,40,0,0],"gold":18,"neow_bonus":"","is_daily":false,"chose_seed":false,"campfire_upgraded":9,"win_rate":0.0,"timestamp":1608472604,"path_taken":["M","?","M","?","?","R","?","R","T","R","?","R","$","?","R","BOSS","M","M","M","?","M","E","?","?","T","R","M","M","M","M","M","R","BOSS","BOSS","M","?","?","M","?","E","R","E","T","?","R","?","$","M","R","BOSS"],"items_purchased_type":["Relic","Relic","Relic","Card","Relic","Relic"],"build_version":"2020-12-13","purchased_purges":3,"victory":false,"max_hp_per_floor":[70,70,70,70,70,70,70,70,70,70,70,70,70,70,70,70,70,70,70,70,70,70,70,70,70,70,70,70,70,70,70,70,70,70,70,70,70,70,70,70,70,70,70,70,70,70,70,70,70,70,70,70,70],"card_choices":[{"not_picked":["DemoMod:FastSwitch","DemoMod:BattleInHaste"],"picked":"DemoMod:MachoBrace","floor":1},{"not_picked":["DemoMod:ChanceBullets","DemoMod:SAA"],"picked":"DemoMod:AC15","floor":3},{"not_picked":["DemoMod:FeignSurrender","DemoMod:AWP"],"picked":"DemoMod:DarkMarker","floor":11},{"not_picked":["DemoMod:TeaPot","DemoMod:HuntsMan"],"picked":"DemoMod:HardPowerCard","floor":14},{"not_picked":["DemoMod:ThirdPartyController","DemoMod:FinishedGun"],"picked":"DemoMod:Elimentaler","floor":16},{"not_picked":["DemoMod:ConditionalReflex","DemoMod:JK47"],"picked":"DemoMod:HighKaliber+1","floor":18},{"not_picked":["DemoMod:DoubleSwitch","DemoMod:SAA"],"picked":"DemoMod:TripleGun","floor":19},{"not_picked":["DemoMod:JK47","DemoMod:DoubleSwitch"],"picked":"DemoMod:DirectionalPad+1","floor":20},{"not_picked":["DemoMod:CombinedRifle","DemoMod:GunstockTap"],"picked":"DemoMod:BulletBore","floor":22},{"not_picked":["DemoMod:StickyCrossBow","DemoMod:ChanceBullets","DemoMod:TripleGun"],"picked":"SKIP","floor":23},{"not_picked":["DemoMod:BoxingGlove+1","DemoMod:ChanceBullets"],"picked":"DemoMod:PotionOfGunFriendShip","floor":28},{"not_picked":["DemoMod:DirectionalPad","DemoMod:PotionOfGunFriendShip"],"picked":"DemoMod:SkilledReload+1","floor":29},{"not_picked":["DemoMod:Purify+1","DemoMod:AC15+1"],"picked":"DemoMod:PracticeMakesPerfect","floor":30},{"not_picked":["DemoMod:MegaHand+1","DemoMod:TeaPot+1"],"picked":"DemoMod:CombinedRifle+1","floor":31},{"not_picked":["DemoMod:ThirdPartyController","DemoMod:BattleInHaste"],"picked":"DemoMod:SAA+1","floor":32},{"not_picked":[],"picked":"DemoMod:Elimentaler","floor":35},{"not_picked":["DemoMod:Slinger","DemoMod:BalloonGun"],"picked":"DemoMod:BSG","floor":35},{"not_picked":["DemoMod:Purify+1","DemoMod:DoubleSwitch+1"],"picked":"DemoMod:FortunesFavor+1","floor":36},{"not_picked":["DemoMod:BattleInHaste+1","DemoMod:AWP+1"],"picked":"DemoMod:FullFirepower","floor":37},{"not_picked":["DemoMod:CursedBullets+1","DemoMod:FeignSurrender+1"],"picked":"DemoMod:BattleInHaste","floor":38},{"not_picked":["DemoMod:HuntsMan+1","DemoMod:AC15"],"picked":"DemoMod:Unmoved+1","floor":40},{"not_picked":["DemoMod:SkilledReload+1","DemoMod:DirectionalPad"],"picked":"DemoMod:FightSabre","floor":42},{"not_picked":["DemoMod:ZorGun","DemoMod:TripleGun"],"picked":"DemoMod:MachoBrace+1","floor":44},{"not_picked":["DemoMod:MachoBrace","DemoMod:HardPowerCard"],"picked":"DemoMod:ShadowBullets","floor":46},{"not_picked":["DemoMod:SniperShot+1","DemoMod:MachoBrace+1"],"picked":"DemoMod:HardPowerCard+1","floor":50}],"player_experience":70545,"relics_obtained":[{"floor":9,"key":"Toy Ornithopter"},{"floor":23,"key":"Pen Nib"},{"floor":36,"key":"DemoMod:RatBoots"},{"floor":36,"key":"DemoMod:ResourcefulSack"},{"floor":36,"key":"DemoMod:PartiallyEatenCheese"},{"floor":36,"key":"SlaversCollar"},{"floor":38,"key":"DemoMod:Antibody"},{"floor":42,"key":"Happy Flower"},{"floor":44,"key":"Shuriken"}],"event_choices":[{"cards_removed":["DemoMod:Strike_Huntress"],"damage_healed":0,"gold_gain":0,"player_choice":"Card Removal","damage_taken":0,"max_hp_gain":0,"max_hp_loss":0,"event_name":"The Cleric","floor":2,"gold_loss":50},{"cards_removed":["DemoMod:Strike_Huntress"],"damage_healed":0,"gold_gain":0,"player_choice":"Forget","damage_taken":0,"max_hp_gain":0,"max_hp_loss":0,"event_name":"Living Wall","floor":5,"gold_loss":0},{"damage_healed":0,"gold_gain":275,"player_choice":"Desecrate","damage_taken":0,"max_hp_gain":0,"max_hp_loss":0,"event_name":"Golden Shrine","floor":7,"gold_loss":0,"cards_obtained":["Regret"]},{"damage_healed":0,"gold_gain":0,"player_choice":"Searched \u00272\u0027 times","damage_taken":0,"relics_obtained":["DemoMod:PoisonVial"],"max_hp_gain":0,"max_hp_loss":0,"event_name":"Dead Adventurer","floor":14,"gold_loss":0},{"damage_healed":0,"gold_gain":0,"player_choice":"Traded Relic","damage_taken":0,"relics_obtained":["Nloth\u0027s Gift"],"max_hp_gain":0,"max_hp_loss":0,"event_name":"N\u0027loth","floor":21,"relics_lost":["Coffee Dripper"],"gold_loss":0},{"damage_healed":0,"gold_gain":0,"cards_transformed":["DemoMod:Defend_Huntress","DemoMod:Defend_Huntress"],"player_choice":"Became Test Subject","damage_taken":0,"max_hp_gain":0,"max_hp_loss":0,"event_name":"Drug Dealer","floor":25,"gold_loss":0,"cards_obtained":["DemoMod:MachoBrace","DemoMod:TeaPot"]},{"damage_healed":0,"gold_gain":0,"player_choice":"Fight","damage_taken":0,"max_hp_gain":0,"max_hp_loss":0,"event_name":"Mysterious Sphere","floor":38,"gold_loss":0},{"damage_healed":0,"gold_gain":0,"player_choice":"Ignored","damage_taken":0,"max_hp_gain":0,"max_hp_loss":0,"event_name":"Falling","floor":39,"gold_loss":0},{"damage_healed":0,"gold_gain":0,"player_choice":"Got Potions","damage_taken":0,"max_hp_gain":0,"max_hp_loss":0,"event_name":"Lab","floor":48,"gold_loss":0}],"is_beta":false,"boss_relics":[{"not_picked":["Philosopher\u0027s Stone","Sozu"],"picked":"Coffee Dripper"},{"not_picked":[]}],"items_purged_floors":[4,13,24],"is_endless":false,"potions_floor_spawned":[3,14,16,19,22,31,32,32,37,40,44,50],"killed_by":"Time Eater","ascension_level":0}}