{"host":"p5nht1vx148lgsp8","time":1608506344,"event":{"mods":["AchievementEnabler","BaseMod","Better Altar","Better Match","Better Note","Better Sensory Stone","Better Skull","Better Third Choice","Colored Map","Colored Powertips","Downfall","Infinite Spire","KinomotoSakuraMod(????)","Marisa????????","Minty Spire (QoL Compilation)","Permanent Neow","Prisma Mod","Replay The Spire","StSLib","The Servant 0.9.4","Waifu the Spire"],"gold_per_floor":[116,116,81,99,114,114,114,130,130,162,162,194,223,254,254,254,254],"floor_reached":16,"playtime":981,"items_purged":[],"score":166,"play_id":"9dd4c051-6375-48b3-b5d9-fc2cfb572904","local_time":"20201220151904","daily_mods":["Shiny","DeadlyEvents"],"is_ascension_mode":true,"campfire_choices":[{"data":"Demon Form","floor":6,"key":"SMITH"},{"floor":15,"key":"REST"}],"circlet_count":0,"master_deck":["Double Tap","Fiend Fire","Eclipse","Demonic Infusion","Exhume","Bludgeon","Limit Break","Hemogenesis","Demon Form+1","Berserk","Impervious","Juggernaut","Brutality","Offering","Feed","Replay:Many Hands","Corruption","Barricade","Reaper","Immolate","Self Repair+1","Rip and Tear","Fire Breathing","Burning Pact","Ghostly Armor","Reckless Charge"],"relics":["Iron Core","Ornamental Fan","Letter Opener","Mercury Hourglass","Replay:Multitool","Art of War","infinitespire:EmpoweringShard"],"acts_visited":["Exordium"],"potions_floor_usage":[7,12,16],"damage_taken":[{"damage":12,"enemies":"2 Louse","floor":1,"turns":3},{"damage":15,"enemies":"Small Slimes","floor":4,"turns":3},{"damage":18,"enemies":"Cultist","floor":5,"turns":5},{"damage":10,"enemies":"3 Sentries","floor":7,"turns":2},{"damage":0,"enemies":"Gremlin Gang","floor":8,"turns":3},{"damage":30,"enemies":"Lagavulin","floor":10,"turns":5},{"damage":32,"enemies":"3 Sentries","floor":12,"turns":3},{"damage":12,"enemies":"Lagavulin","floor":13,"turns":6},{"damage":30,"enemies":"Replay:BlueRogue","floor":14,"turns":5},{"damage":74,"enemies":"The Guardian","floor":16,"turns":5}],"seed_played":"6814380377173345283","potions_obtained":[{"floor":4,"key":"SmokeBomb"},{"floor":10,"key":"AttackPotion"},{"floor":14,"key":"ElixirPotion"}],"is_trial":true,"path_per_floor":["M","?","?","M","M","R","E","M","T","E","T","E","E","E","R","B"],"character_chosen":"IRONCLAD","items_purchased":[],"campfire_rested":1,"item_purchase_floors":[],"current_hp_per_floor":[77,77,83,83,86,86,86,89,89,59,59,40,42,22,49,0,0],"gold":254,"neow_bonus":"","is_daily":false,"chose_seed":false,"campfire_upgraded":1,"win_rate":0.0,"timestamp":1608506344,"path_taken":["M","?","?","M","M","R","E","M","T","E","?","?","?","E","R","BOSS"],"items_purchased_type":[],"build_version":"2020-12-13","purchased_purges":0,"victory":false,"max_hp_per_floor":[83,83,83,83,86,86,86,89,89,89,89,92,92,92,92,92,92],"card_choices":[{"not_picked":["Iron Wave","Warcry","Twin Strike"],"picked":"SKIP","floor":1},{"not_picked":["Clothesline","Thunderclap","Flex"],"picked":"SKIP","floor":4},{"not_picked":["Perfected Strike","Rebound"],"picked":"Rip and Tear","floor":5},{"not_picked":["Warcry","Abandon"],"picked":"Fire Breathing","floor":8},{"not_picked":["Blood for Blood","Armaments"],"picked":"Burning Pact","floor":10},{"not_picked":["Twin Strike","Juggernaut","FTL"],"picked":"SKIP","floor":12},{"not_picked":["Blood for Blood","ReplayTheSpireMod:LeadingStrike"],"picked":"Ghostly Armor","floor":13},{"not_picked":["WeaponsOverheat","Iron Wave"],"picked":"Reckless Charge","floor":14}],"player_experience":183038,"relics_obtained":[{"floor":9,"key":"Ornamental Fan"},{"floor":10,"key":"Letter Opener"},{"floor":11,"key":"Mercury Hourglass"},{"floor":12,"key":"Replay:Multitool"},{"floor":13,"key":"Art of War"},{"floor":14,"key":"infinitespire:EmpoweringShard"}],"event_choices":[{"damage_healed":20,"gold_gain":0,"player_choice":"Healed","damage_taken":0,"max_hp_gain":0,"max_hp_loss":0,"event_name":"The Cleric","floor":3,"gold_loss":35}],"is_beta":false,"boss_relics":[],"items_purged_floors":[],"is_endless":false,"potions_floor_spawned":[4,10,14],"killed_by":"The Guardian","ascension_level":4}}