{"host":"baymyijz6sxaqj5s","time":1608477960,"event":{"mods":["AchievementEnabler","BaseMod","Colored Map","Colored Powertips","DeckTracker","KOR Keyword Fix","Keyboard Shortcuts","Minty Spire (QoL Compilation)","StSLib","SuperFastMode"],"gold_per_floor":[212,222,234,254,128,128,128,128,151,151,151,151,168,182,182,284,284,297,277,293,193,203,203,219,219,270,270,284,302,302,302],"floor_reached":30,"playtime":866,"items_purged":["Strike_R","Strike_R"],"score":226,"play_id":"aa132ccc-1f68-41f3-8721-5466df27d1b7","local_time":"20201221002600","is_ascension_mode":false,"campfire_choices":[{"data":"Body Slam","floor":6,"key":"SMITH"},{"data":"Heavy Blade","floor":8,"key":"SMITH"},{"floor":12,"key":"REST"},{"data":"Flame Barrier","floor":15,"key":"SMITH"},{"floor":23,"key":"REST"},{"floor":25,"key":"REST"},{"data":"Barricade","floor":27,"key":"SMITH"}],"circlet_count":0,"master_deck":["Strike_R","Strike_R","Strike_R","Defend_R","Defend_R","Defend_R","Defend_R","Bash+1","Body Slam+1","Thunderclap+1","Twin Strike","Heavy Blade+1","Power Through","Flame Barrier+1","Impervious","Shrug It Off+1","Ghostly Armor+1","Barricade+1","Bloodletting","Spot Weakness+1"],"relics":["Burning Blood","Pen Nib","SlaversCollar","Lantern"],"acts_visited":["Exordium","TheCity"],"potions_floor_usage":[13,16,16,20,22,24],"damage_taken":[{"damage":0,"enemies":"2 Louse","floor":1,"turns":4},{"damage":10,"enemies":"Jaw Worm","floor":2,"turns":5},{"damage":5,"enemies":"Small Slimes","floor":3,"turns":3},{"damage":8,"enemies":"2 Fungi Beasts","floor":4,"turns":3},{"damage":10,"enemies":"3 Louse","floor":13,"turns":3},{"damage":0,"enemies":"Exordium Wildlife","floor":14,"turns":3},{"damage":43,"enemies":"Slime Boss","floor":16,"turns":10},{"damage":14,"enemies":"Spheric Guardian","floor":18,"turns":5},{"damage":19,"enemies":"2 Thieves","floor":19,"turns":4},{"damage":37,"enemies":"Centurion and Healer","floor":20,"turns":7},{"damage":12,"enemies":"Snecko","floor":22,"turns":5},{"damage":13,"enemies":"Snake Plant","floor":24,"turns":4},{"damage":53,"enemies":"3 Cultists","floor":28,"turns":11},{"damage":13,"enemies":"Snecko","floor":29,"turns":4},{"damage":9,"enemies":"Sentry and Sphere","floor":30,"turns":3}],"seed_played":"-3320996205648970186","potions_obtained":[{"floor":1,"key":"SteroidPotion"},{"floor":2,"key":"PowerPotion"},{"floor":4,"key":"SpeedPotion"},{"floor":18,"key":"LiquidBronze"},{"floor":20,"key":"Dexterity Potion"},{"floor":22,"key":"LiquidMemories"}],"is_trial":false,"path_per_floor":["M","M","M","M","$","R","?","R","T","?","?","R","M","M","R","B",null,"M","M","M","$","M","R","M","R","T","R","M","M","M"],"character_chosen":"IRONCLAD","items_purchased":["Heavy Blade"],"campfire_rested":3,"item_purchase_floors":[5],"current_hp_per_floor":[80,76,77,75,75,75,75,75,75,75,59,80,76,80,80,43,80,72,59,28,28,22,46,39,63,63,63,16,9,0,0],"gold":302,"neow_bonus":"HUNDRED_GOLD","is_daily":false,"chose_seed":false,"campfire_upgraded":4,"win_rate":0.0,"timestamp":1608477960,"path_taken":["M","M","M","M","$","R","?","R","T","?","?","R","M","M","R","BOSS","M","M","M","$","M","R","M","R","T","R","M","M","M"],"items_purchased_type":["Card"],"build_version":"2020-12-13","purchased_purges":2,"victory":false,"max_hp_per_floor":[80,80,80,80,80,80,80,80,80,80,80,80,80,80,80,80,80,80,80,80,80,80,80,80,80,80,80,80,80,80,80],"card_choices":[{"not_picked":["Whirlwind","Perfected Strike"],"picked":"Body Slam","floor":1},{"not_picked":["Rage","Reckless Charge","Flex"],"picked":"SKIP","floor":2},{"not_picked":["Intimidate","Flex"],"picked":"Thunderclap","floor":3},{"not_picked":["True Grit","Pommel Strike"],"picked":"Twin Strike","floor":4},{"not_picked":["Armaments","Bloodletting"],"picked":"Power Through","floor":13},{"not_picked":["Anger","Perfected Strike"],"picked":"Flame Barrier","floor":14},{"not_picked":["Limit Break","Offering"],"picked":"Impervious","floor":16},{"not_picked":["Anger","Rupture"],"picked":"Shrug It Off+1","floor":18},{"not_picked":["Dark Embrace","Shrug It Off"],"picked":"Ghostly Armor+1","floor":19},{"not_picked":["Perfected Strike","Hemokinesis"],"picked":"Barricade","floor":20},{"not_picked":["Iron Wave","Body Slam+1"],"picked":"Bloodletting","floor":22},{"not_picked":["Pommel Strike","Body Slam","Pummel+1"],"picked":"SKIP","floor":24},{"not_picked":["Whirlwind","Warcry"],"picked":"Spot Weakness+1","floor":28},{"not_picked":["Blood for Blood+1","Clothesline","Twin Strike"],"picked":"SKIP","floor":29}],"player_experience":150066,"relics_obtained":[{"floor":9,"key":"Pen Nib"},{"floor":26,"key":"Lantern"}],"event_choices":[{"damage_healed":0,"gold_gain":0,"player_choice":"Searched \u00270\u0027 times","damage_taken":0,"max_hp_gain":0,"max_hp_loss":0,"event_name":"Dead Adventurer","floor":7,"gold_loss":0},{"damage_healed":0,"gold_gain":0,"player_choice":"Ignored","damage_taken":0,"max_hp_gain":0,"max_hp_loss":0,"event_name":"Liars Game","floor":10,"gold_loss":0},{"damage_healed":0,"gold_gain":0,"player_choice":"Entered Light","damage_taken":16,"max_hp_gain":0,"max_hp_loss":0,"event_name":"Shining Light","floor":11,"gold_loss":0,"cards_upgraded":["Bash","Thunderclap"]}],"is_beta":false,"boss_relics":[{"not_picked":["Mark of Pain","Sozu"],"picked":"SlaversCollar"}],"items_purged_floors":[5,21],"is_endless":false,"potions_floor_spawned":[1,2,4,18,20,22],"killed_by":"Sentry and Sphere","ascension_level":0}}