{"host":"qwv9nni2x0umspiu","time":1608435879,"event":{"mods":["BaseMod","Downfall","Minty Spire (QoL Compilation)","Replay The Spire","StSLib","The Hierophant","Wandering Minibosses"],"gold_per_floor":[112,112,128,128,128,128,139,139,193,193,193,193,118,130,124,130,130,70,70],"floor_reached":18,"playtime":523,"items_purged":["hierophant:Strike_Hierophant"],"score":270,"play_id":"76ea1263-dbc4-47e6-bf81-2d5eea31868a","local_time":"20201219194439","is_ascension_mode":true,"campfire_choices":[{"data":"hierophant:ChurchCoffers","floor":8,"key":"SMITH"},{"data":"hierophant:SealAway","floor":10,"key":"SMITH"},{"floor":12,"key":"REST"},{"data":"hierophant:Community","floor":17,"key":"SMITH"}],"circlet_count":0,"master_deck":["AscendersBane","hierophant:Strike_Hierophant","hierophant:Strike_Hierophant","hierophant:Strike_Hierophant","hierophant:Punish+1","hierophant:Defend_Hierophant","hierophant:Defend_Hierophant","hierophant:Defend_Hierophant","hierophant:Defend_Hierophant","hierophant:ChurchCoffers+1","hierophant:SealAway+1","hierophant:Community+1","hierophant:Smite"],"relics":["hierophant:PropheticMaskRelic","NeowsBlessing","hierophant:DonationBoxRelic","Chameleon Ring","Matryoshka","Question Card"],"acts_visited":["Exordium"],"potions_floor_usage":[15,15,18],"damage_taken":[{"damage":0,"enemies":"2 Louse","floor":1,"turns":1},{"damage":0,"enemies":"Small Slimes","floor":3,"turns":1},{"damage":0,"enemies":"Cultist","floor":7,"turns":1},{"damage":20,"enemies":"Large Slime","floor":14,"turns":4},{"damage":0,"enemies":"Gremlin Nob","floor":15,"turns":2},{"damage":0,"enemies":"3 Louse","floor":16,"turns":2},{"damage":31,"enemies":"Slime Boss","floor":18,"turns":6}],"seed_played":"19839047665364416","potions_obtained":[{"floor":1,"key":"Swift Potion"},{"floor":9,"key":"Adrenaline Potion"},{"floor":16,"key":"DistilledChaos"}],"is_trial":false,"path_per_floor":["M","?","M","PTL","PTL","?","M","R","?","R","T","R","$","M","E","M","R","B"],"character_chosen":"HIEROPHANT","items_purchased":[],"campfire_rested":1,"item_purchase_floors":[],"current_hp_per_floor":[68,50,50,50,50,50,50,50,26,26,26,48,48,28,28,28,28,0,0],"gold":70,"neow_bonus":"THREE_ENEMY_KILL","is_daily":false,"chose_seed":false,"campfire_upgraded":3,"win_rate":0.0,"timestamp":1608435879,"path_taken":["M","?","M","PTL","PTL","?","M","R","?","R","T","R","$","M","E","M","R","BOSS"],"items_purchased_type":[],"build_version":"2020-12-13","purchased_purges":1,"victory":false,"max_hp_per_floor":[75,75,75,75,75,75,75,75,75,75,75,75,75,75,75,75,75,75,75],"card_choices":[{"not_picked":["hierophant:SolarFlare","hierophant:PassingBell"],"picked":"hierophant:SealAway","floor":1},{"not_picked":["hierophant:TollTheBells","hierophant:Sermon","hierophant:Remorse"],"picked":"SKIP","floor":3},{"not_picked":["hierophant:Purify","hierophant:PassingBell","hierophant:Refuge"],"picked":"SKIP","floor":7},{"not_picked":["hierophant:OrnateBuckler","hierophant:ThreeLashes"],"picked":"hierophant:Community","floor":14},{"not_picked":["hierophant:FlamingChariot","hierophant:Zeal"],"picked":"hierophant:Smite","floor":15},{"not_picked":["hierophant:Dazzle","hierophant:AuricBeam","hierophant:Determination","hierophant:Encroach"],"picked":"SKIP","floor":16}],"player_experience":1283187,"relics_obtained":[{"floor":9,"key":"Chameleon Ring"},{"floor":11,"key":"Matryoshka"},{"floor":15,"key":"Question Card"}],"event_choices":[{"damage_healed":0,"gold_gain":0,"player_choice":"Success","damage_taken":18,"relics_obtained":["hierophant:DonationBoxRelic"],"max_hp_gain":0,"max_hp_loss":0,"event_name":"Scrap Ooze","floor":2,"gold_loss":0}],"is_beta":false,"boss_relics":[],"items_purged_floors":[13],"is_endless":false,"potions_floor_spawned":[1,16],"killed_by":"Slime Boss","ascension_level":20}}