{"host":"yts3k7tnnujxb1o4","time":1608495791,"event":{"mods":["2.2 Compatiblity","AchievementEnabler","BaseMod","Bestiary","Better Altar","Better Match","Better Note","Better Sensory Stone","Better Skull","Better Third Choice","BetterRewards","Colored Map","Colored Powertips","DeckTracker","Displayed Cursed Tome","Emptier Cage","Filter the Spire","Minty Spire (QoL Compilation)","Quick Restart","RNG Fix","Rare Cards Sparkle","Relic Sorter","Relic Stats","Spicy Shops","StSLib","Synergy Search","The Blue Laboratory"],"gold_per_floor":[139,139,67,67,44,44,103,126,126,164,47,47,47,107,107,258,258,279,279,21,21,21,105,105,154,154,178,178,82,82,82,82,203,203,216,229,229,229,243,243,243,243],"floor_reached":41,"playtime":1920,"items_purged":["Strike_R"],"score":514,"play_id":"69222b52-a3ca-4238-b427-067de50ac77b","local_time":"20201220202311","is_ascension_mode":true,"campfire_choices":[{"floor":6,"key":"REST"},{"data":"Searing Blow+1","floor":12,"key":"SMITH"},{"floor":15,"key":"REST"},{"data":"Barricade","floor":28,"key":"SMITH"},{"floor":32,"key":"REST"},{"floor":40,"key":"REST"}],"circlet_count":0,"master_deck":["Defend_R","Defend_R","Defend_R","Defend_R","Bash","HandOfGreed+1","Thunderclap+1","Pommel Strike+1","Body Slam+1","Metallicize","Twin Strike+1","Searing Blow+2","Body Slam+1","Barricade+1","Feed+1","RitualDagger+1","Dramatic Entrance+1","Demon Form","Reaper+1","Shrug It Off"],"relics":["Burning Blood","Pen Nib","Molten Egg 2","Golden Idol","Tiny Chest","Bottled Tornado","Frozen Eye","Bronze Scales","Empty Cage","Red Skull","Self Forming Clay","Juzu Bracelet","Gremlin Horn","Oddly Smooth Stone","Runic Pyramid"],"acts_visited":["Exordium","TheCity","TheBeyond"],"potions_floor_usage":[7,16,23,33,33],"damage_taken":[{"damage":12,"enemies":"2 Louse","floor":1,"turns":3},{"damage":25,"enemies":"3 Sentries","floor":7,"turns":8},{"damage":0,"enemies":"Cultist","floor":8,"turns":2},{"damage":0,"enemies":"Small Slimes","floor":10,"turns":3},{"damage":15,"enemies":"Gremlin Nob","floor":14,"turns":3},{"damage":18,"enemies":"Hexaghost","floor":16,"turns":5},{"damage":17,"enemies":"Chosen","floor":18,"turns":5},{"damage":12,"enemies":"Slavers","floor":23,"turns":4},{"damage":16,"enemies":"2 Thieves","floor":25,"turns":4},{"damage":41,"enemies":"Collector","floor":33,"turns":11},{"damage":18,"enemies":"Orb Walker","floor":35,"turns":3},{"damage":10,"enemies":"3 Darklings","floor":36,"turns":3},{"damage":48,"enemies":"Transient","floor":39,"turns":5},{"damage":66,"enemies":"Giant Head","floor":41,"turns":6}],"seed_played":"-1840429105762809599","potions_obtained":[{"floor":1,"key":"blueLaboratory:PyrophylliteBrew"},{"floor":7,"key":"blueLaboratory:HorrorPotion"},{"floor":10,"key":"blueLaboratory:RecallPotion"},{"floor":18,"key":"Fire Potion"},{"floor":25,"key":"blueLaboratory:BottleOfRum"}],"is_trial":false,"path_per_floor":["M","?","$","?","$","R","E","M","T","M","$","R","$","E","R","B",null,"M","T","$","?","$","E","?","M","T","T","R","$","?","?","R","B",null,"M","M","?","T","M","R","E"],"character_chosen":"IRONCLAD","items_purchased":["Pen Nib","Molten Egg 2","HandOfGreed+1","Thunderclap+1","Body Slam+1","Twin Strike+1","Frozen Eye","Body Slam+1","Self Forming Clay","Dramatic Entrance+1"],"campfire_rested":4,"item_purchase_floors":[0,0,0,0,3,5,11,11,20,29],"current_hp_per_floor":[38,18,18,18,18,42,23,29,29,35,35,35,35,26,50,38,70,59,59,59,80,80,74,68,62,62,62,62,62,54,38,63,28,70,58,54,54,54,12,36,0,0],"gold":243,"neow_bonus":"","is_daily":false,"chose_seed":false,"campfire_upgraded":2,"win_rate":0.0,"timestamp":1608495791,"path_taken":["M","?","$","?","$","R","E","?","T","M","?","R","?","E","R","BOSS","M","?","$","?","?","E","?","M","T","?","R","$","?","?","R","BOSS","M","M","?","?","M","R","E"],"items_purchased_type":["Relic","Relic","Card","Card","Card","Card","Relic","Card","Relic","Card"],"build_version":"2020-12-13","purchased_purges":1,"victory":false,"max_hp_per_floor":[80,80,80,80,80,80,80,80,80,80,80,80,80,80,80,80,80,80,80,80,80,80,80,80,84,84,84,84,84,84,84,84,84,84,84,84,80,80,80,80,80,80],"relic_stats":{"Gremlin Horn":[8,8],"counters":[14,65],"Golden Idol":96,"Self Forming Clay":[57],"Bronze Scales":[126],"Tiny Chest":3,"Pen Nib":[12],"Juzu Bracelet":2,"obtain_stats":[{"Gremlin Horn":26,"Golden Idol":2,"Self Forming Clay":20,"Oddly Smooth Stone":27,"Pen Nib":0,"Juzu Bracelet":23,"Bottled Tornado":9,"Empty Cage":17,"Burning Blood":0,"Frozen Eye":11,"Bronze Scales":14,"Molten Egg 2":0,"Tiny Chest":7,"Red Skull":19,"Runic Pyramid":34},{"Gremlin Horn":9,"Golden Idol":1,"Self Forming Clay":7,"Oddly Smooth Stone":9,"Pen Nib":0,"Juzu Bracelet":8,"Bottled Tornado":3,"Empty Cage":6,"Burning Blood":0,"Frozen Eye":4,"Bronze Scales":5,"Molten Egg 2":0,"Tiny Chest":2,"Red Skull":7,"Runic Pyramid":10},{"Gremlin Horn":37,"Golden Idol":3,"Self Forming Clay":29,"Oddly Smooth Stone":37,"Pen Nib":0,"Juzu Bracelet":33,"Bottled Tornado":13,"Empty Cage":24,"Burning Blood":0,"Frozen Eye":16,"Bronze Scales":19,"Molten Egg 2":0,"Tiny Chest":11,"Red Skull":29,"Runic Pyramid":48}],"Burning Blood":78},"card_choices":[{"not_picked":["Disarm","Dual Wield"],"picked":"Pommel Strike+1","floor":1},{"not_picked":["Pommel Strike+1","Power Through","Clothesline+1"],"picked":"SKIP","floor":7},{"not_picked":["Uppercut+1","Reckless Charge+1"],"picked":"Searing Blow+1","floor":8},{"not_picked":["Dual Wield","Shrug It Off"],"picked":"Spot Weakness","floor":10},{"not_picked":["Headbutt+1","Hemokinesis+1","Sever Soul+1"],"picked":"SKIP","floor":14},{"not_picked":["Demon Form","Limit Break"],"picked":"Barricade","floor":16},{"not_picked":["Wild Strike+1","Pommel Strike+1","Reckless Charge+1"],"picked":"SKIP","floor":18},{"not_picked":["True Grit","Perfected Strike+1"],"picked":"Feed+1","floor":23},{"not_picked":["Fire Breathing+1","Blood for Blood+1","Sword Boomerang+1"],"picked":"SKIP","floor":25},{"not_picked":["Corruption","Double Tap"],"picked":"Reaper+1","floor":33},{"not_picked":["Wild Strike+1","Clash+1","Rupture"],"picked":"SKIP","floor":35},{"not_picked":["Clothesline+1","Shockwave+1"],"picked":"Shrug It Off","floor":36},{"not_picked":["Second Wind","Headbutt+1","Anger+1"],"picked":"SKIP","floor":39}],"player_experience":184974,"relics_obtained":[{"floor":7,"key":"Tiny Chest"},{"floor":9,"key":"Bottled Tornado"},{"floor":14,"key":"Bronze Scales"},{"floor":19,"key":"Red Skull"},{"floor":23,"key":"Juzu Bracelet"},{"floor":26,"key":"Gremlin Horn"},{"floor":27,"key":"Oddly Smooth Stone"}],"event_choices":[{"damage_healed":0,"gold_gain":0,"player_choice":"Take Damage","damage_taken":20,"relics_obtained":["Golden Idol"],"max_hp_gain":0,"max_hp_loss":0,"event_name":"Golden Idol","floor":2,"gold_loss":0},{"damage_healed":0,"gold_gain":0,"cards_transformed":["Strike_R"],"player_choice":"Transformed","damage_taken":0,"max_hp_gain":0,"max_hp_loss":0,"event_name":"Transmorgrifier","floor":4,"gold_loss":0,"cards_obtained":["Metallicize"]},{"cards_removed":["Spot Weakness"],"damage_healed":21,"gold_gain":0,"player_choice":"Offered Uncommon","damage_taken":0,"max_hp_gain":0,"max_hp_loss":0,"event_name":"Bonfire Elementals","floor":21,"gold_loss":0},{"damage_healed":0,"gold_gain":0,"player_choice":"Dagger","damage_taken":6,"max_hp_gain":0,"max_hp_loss":0,"event_name":"betterThird:BetterNest","floor":24,"gold_loss":0,"cards_obtained":["RitualDagger"]},{"damage_healed":0,"gold_gain":0,"player_choice":"Damaged","damage_taken":8,"max_hp_gain":0,"max_hp_loss":0,"event_name":"Wheel of Change","floor":30,"gold_loss":0},{"damage_healed":0,"gold_gain":2,"player_choice":"2","damage_taken":0,"max_hp_gain":0,"max_hp_loss":16,"event_name":"betterStone:BetterStone","floor":31,"gold_loss":0},{"damage_healed":0,"gold_gain":0,"player_choice":"Max HP","damage_taken":0,"max_hp_gain":0,"max_hp_loss":4,"event_name":"Winding Halls","floor":37,"gold_loss":0}],"is_beta":false,"boss_relics":[{"not_picked":["SlaversCollar","Fusion Hammer"],"picked":"Empty Cage"},{"not_picked":["Calling Bell","Sozu"],"picked":"Runic Pyramid"}],"items_purged_floors":[0],"is_endless":false,"potions_floor_spawned":[1,7,10,18,25],"killed_by":"Giant Head","ascension_level":5}}