{"host":"i4eavuqabbk5mi94","time":1608505399,"event":{"mods":["BaseMod","Googly Eyes","Minty Spire (QoL Compilation)"],"gold_per_floor":[114,134,154,172,57,57,69,104,104,104,133,144,144,155,155,256,256,268,25,42,42,42],"floor_reached":21,"playtime":1181,"items_purged":["Strike_G"],"score":210,"play_id":"5e12b4ed-ab92-46c4-9c1a-e565c9fd15bd","local_time":"20201220230319","is_ascension_mode":true,"campfire_choices":[{"data":"Neutralize","floor":6,"key":"SMITH"},{"floor":10,"key":"REST"},{"floor":13,"key":"REST"},{"floor":15,"key":"REST"}],"circlet_count":0,"master_deck":["Strike_G","Strike_G","Strike_G","Strike_G","Defend_G","Defend_G","Defend_G","Defend_G","Defend_G","Survivor","Neutralize+1","Riddle With Holes","Poisoned Stab","Blur","Dagger Throw","Footwork","Outmaneuver","Terror","Dagger Spray","Setup","Eviscerate","Corpse Explosion","Deadly Poison+1","Apotheosis","Backflip","Crippling Poison"],"relics":["Ring of the Snake","NeowsBlessing","Pear","Gremlin Horn","Odd Mushroom","Philosopher\u0027s Stone"],"acts_visited":["Exordium","TheCity"],"potions_floor_usage":[8,14,16,18,20],"damage_taken":[{"damage":0,"enemies":"Cultist","floor":1,"turns":1},{"damage":0,"enemies":"Small Slimes","floor":2,"turns":1},{"damage":0,"enemies":"2 Louse","floor":3,"turns":1},{"damage":10,"enemies":"Exordium Wildlife","floor":4,"turns":7},{"damage":15,"enemies":"3 Louse","floor":7,"turns":5},{"damage":22,"enemies":"Gremlin Nob","floor":8,"turns":5},{"damage":20,"enemies":"The Mushroom Lair","floor":11,"turns":5},{"damage":0,"enemies":"2 Fungi Beasts","floor":12,"turns":3},{"damage":19,"enemies":"Exordium Thugs","floor":14,"turns":5},{"damage":55,"enemies":"The Guardian","floor":16,"turns":15},{"damage":29,"enemies":"2 Thieves","floor":18,"turns":3},{"damage":14,"enemies":"3 Byrds","floor":20,"turns":6},{"damage":39,"enemies":"Shelled Parasite and Fungi","floor":21,"turns":7}],"seed_played":"3807854610747705124","potions_obtained":[{"floor":2,"key":"DuplicationPotion"},{"floor":4,"key":"CunningPotion"},{"floor":11,"key":"ColorlessPotion"},{"floor":14,"key":"SpeedPotion"},{"floor":16,"key":"Dexterity Potion"},{"floor":20,"key":"Weak Potion"}],"is_trial":false,"path_per_floor":["M","M","M","M","$","R","M","E","T","R","?","M","R","M","R","B",null,"M","$","M","M"],"character_chosen":"THE_SILENT","items_purchased":["Footwork","Apotheosis","Backflip"],"campfire_rested":3,"item_purchase_floors":[5,19,19],"current_hp_per_floor":[70,70,70,60,60,60,45,33,33,57,37,37,61,42,66,11,80,51,51,37,0,0],"gold":42,"neow_bonus":"THREE_ENEMY_KILL","is_daily":false,"chose_seed":false,"campfire_upgraded":1,"win_rate":0.0,"timestamp":1608505399,"path_taken":["M","?","M","M","$","R","M","E","T","R","?","M","R","M","R","BOSS","M","$","M","M"],"items_purchased_type":["Card","Card","Card"],"build_version":"2020-12-13","purchased_purges":1,"victory":false,"max_hp_per_floor":[70,70,70,70,70,70,70,80,80,80,80,80,80,80,80,80,80,80,80,80,80,80],"card_choices":[{"not_picked":["Cloak And Dagger","Acrobatics"],"picked":"Riddle With Holes","floor":1},{"not_picked":["Bouncing Flask","Backstab"],"picked":"Poisoned Stab","floor":2},{"not_picked":["Accuracy","Outmaneuver"],"picked":"Blur","floor":3},{"not_picked":["Well Laid Plans","Heel Hook"],"picked":"Dagger Throw","floor":4},{"not_picked":["Prepared","Poisoned Stab"],"picked":"Outmaneuver","floor":7},{"not_picked":["Blade Dance","Accuracy"],"picked":"Terror","floor":8},{"not_picked":["Underhanded Strike","Distraction"],"picked":"Dagger Spray","floor":11},{"not_picked":["Accuracy","Deadly Poison"],"picked":"Setup","floor":12},{"not_picked":["Distraction","Deflect"],"picked":"Eviscerate","floor":14},{"not_picked":["Wraith Form v2","Die Die Die"],"picked":"Corpse Explosion","floor":16},{"not_picked":["Terror","Bane"],"picked":"Deadly Poison+1","floor":18},{"not_picked":["Accuracy","Quick Slash"],"picked":"Crippling Poison","floor":20}],"player_experience":348660,"relics_obtained":[{"floor":8,"key":"Pear"},{"floor":9,"key":"Gremlin Horn"},{"floor":11,"key":"Odd Mushroom"}],"event_choices":[{"damage_healed":0,"gold_gain":0,"player_choice":"Fought Mushrooms","damage_taken":0,"max_hp_gain":0,"max_hp_loss":0,"event_name":"Mushrooms","floor":11,"gold_loss":0}],"is_beta":false,"boss_relics":[{"not_picked":["Tiny House","SacredBark"],"picked":"Philosopher\u0027s Stone"}],"items_purged_floors":[5],"is_endless":false,"potions_floor_spawned":[2,4,11,14,16,20],"killed_by":"Shelled Parasite and Fungi","ascension_level":3}}