{"host":"d8d3jqle49sogkjv","time":1608462218,"event":{"mods":["BaseMod","Colored Map","Colored Powertips","Minty Spire (QoL Compilation)","StSLib"],"gold_per_floor":[113,123,123,172,51,51,82,82,82,94,94,121,121,139,139,239,239,252,252,126,139,139,149,169,169,169],"floor_reached":25,"playtime":938,"items_purged":["Strike_R"],"score":392,"play_id":"3b6fe7bf-aea5-4af9-a538-2334e43bdd3c","local_time":"20201220120338","is_ascension_mode":true,"campfire_choices":[{"data":"Inflame","floor":6.0,"key":"SMITH"},{"data":"Armaments","floor":8.0,"key":"SMITH"},{"data":"Limit Break","floor":13.0,"key":"SMITH"},{"floor":15.0,"key":"RECALL"}],"circlet_count":0,"master_deck":["AscendersBane","Strike_R","Strike_R","Strike_R","Defend_R","Defend_R","Defend_R","Defend_R","Bash","Heavy Blade+1","Metallicize+1","Inflame+1","Cleave","Armaments+1","Limit Break+1","Berserk","Spot Weakness","Shrug It Off"],"relics":["Black Blood","NeowsBlessing","Red Skull","InkBottle","Oddly Smooth Stone"],"acts_visited":["Exordium","TheCity"],"potions_floor_usage":[25,25],"damage_taken":[{"damage":0.0,"enemies":"Jaw Worm","floor":1.0,"turns":1.0},{"damage":0.0,"enemies":"2 Louse","floor":2.0,"turns":1.0},{"damage":0.0,"enemies":"Gremlin Nob","floor":7.0,"turns":1.0},{"damage":3.0,"enemies":"Cultist","floor":10.0,"turns":4.0},{"damage":17.0,"enemies":"3 Sentries","floor":12.0,"turns":6.0},{"damage":9.0,"enemies":"Blue Slaver","floor":14.0,"turns":4.0},{"damage":28.0,"enemies":"Slime Boss","floor":16.0,"turns":5.0},{"damage":49.0,"enemies":"3 Byrds","floor":18.0,"turns":6.0},{"damage":16.0,"enemies":"Shell Parasite","floor":21.0,"turns":6.0},{"damage":20.0,"enemies":"Centurion and Healer","floor":23.0,"turns":6.0},{"damage":32.0,"enemies":"3 Cultists","floor":24.0,"turns":5.0},{"damage":35,"enemies":"Gremlin Leader","floor":25,"turns":3}],"seed_played":"4847652356762217604","potions_obtained":[{"floor":10.0,"key":"GamblersBrew"},{"floor":12.0,"key":"ColorlessPotion"},{"floor":16.0,"key":"LiquidMemories"},{"floor":21.0,"key":"Block Potion"}],"is_trial":false,"path_per_floor":["M","M","?","T","$","R","E","R","T","M","?","E","R","M","R","B",null,"M","?","$","M","?","M","M","E"],"character_chosen":"IRONCLAD","items_purchased":["Inflame","Cleave","Shrug It Off"],"campfire_rested":0,"item_purchase_floors":[5,5,20],"current_hp_per_floor":[78,80,80,80,80,80,80,80,80,80,80,69,69,66,66,44,71,34,60,60,56,56,48,28,0,0],"gold":169,"neow_bonus":"THREE_ENEMY_KILL","is_daily":false,"chose_seed":false,"campfire_upgraded":3,"win_rate":0.0,"timestamp":1608462218,"path_taken":["M","M","?","?","$","R","E","R","T","M","?","E","R","?","R","BOSS","M","?","$","M","?","M","M","E"],"items_purchased_type":["Card","Card","Card"],"build_version":"2020-12-13","purchased_purges":1,"victory":false,"max_hp_per_floor":[80,80,80,80,80,80,80,80,80,80,80,80,80,80,80,80,80,80,80,80,80,80,80,80,80,80],"card_choices":[{"not_picked":["Perfected Strike","Pommel Strike"],"picked":"Heavy Blade","floor":1.0},{"not_picked":["Twin Strike","Headbutt"],"picked":"Metallicize","floor":2.0},{"not_picked":["Heavy Blade","Iron Wave"],"picked":"Armaments","floor":7.0},{"not_picked":["Perfected Strike","Armaments","Cleave"],"picked":"SKIP","floor":10.0},{"not_picked":["Carnage","Shockwave"],"picked":"Limit Break","floor":12.0},{"not_picked":["Burning Pact","Rampage","Inflame"],"picked":"SKIP","floor":14.0},{"not_picked":["Impervious","Limit Break"],"picked":"Berserk","floor":16.0},{"not_picked":["Havoc+1","Heavy Blade"],"picked":"Spot Weakness","floor":18.0},{"not_picked":["Wild Strike","Cleave","Armaments"],"picked":"SKIP","floor":21.0},{"not_picked":["Perfected Strike","Second Wind+1","Flex"],"picked":"SKIP","floor":23.0},{"not_picked":["Reckless Charge","Carnage","Blood for Blood+1"],"picked":"SKIP","floor":24.0}],"player_experience":312353,"relics_obtained":[{"floor":4.0,"key":"Red Skull"},{"floor":7.0,"key":"InkBottle"},{"floor":12.0,"key":"Oddly Smooth Stone"}],"event_choices":[{"damage_healed":0.0,"max_hp_gain":0.0,"max_hp_loss":0.0,"gold_gain":0.0,"event_name":"Living Wall","player_choice":"Grow","floor":3.0,"gold_loss":0.0,"damage_taken":0.0,"cards_upgraded":["Metallicize"]},{"damage_healed":0.0,"max_hp_gain":0.0,"max_hp_loss":0.0,"gold_gain":0.0,"event_name":"Upgrade Shrine","player_choice":"Upgraded","floor":11.0,"gold_loss":0.0,"damage_taken":0.0,"cards_upgraded":["Heavy Blade"]},{"damage_healed":26.0,"max_hp_gain":0.0,"max_hp_loss":0.0,"gold_gain":0.0,"event_name":"The Library","player_choice":"Heal","floor":19.0,"gold_loss":0.0,"damage_taken":0.0},{"cards_removed":["Strike_R"],"damage_healed":0.0,"max_hp_gain":0.0,"max_hp_loss":0.0,"gold_gain":0.0,"event_name":"Back to Basics","player_choice":"Elegance","floor":22.0,"gold_loss":0.0,"damage_taken":0.0}],"is_beta":false,"boss_relics":[{"not_picked":["Cursed Key","Sozu"],"picked":"Black Blood"}],"items_purged_floors":[20],"is_endless":false,"potions_floor_spawned":[10,12,16,21,23],"killed_by":"Gremlin Leader","ascension_level":10}}