{"host":"md89vqicwl6qtmdx","time":1608444917,"event":{"mods":["AchievementEnabler","BaseMod","Colored Powertips","Downfall","Highlight Path","Minty Spire (QoL Compilation)","Quick Restart","Shop Mod","StSLib","SuperFastMode"],"gold_per_floor":[119,119,135,147,165,196,209,209,209,227,227,227,240,261,261,368,368,387,408,408,459,459,459,492,492,492,492,492,492],"floor_reached":28,"playtime":1291,"items_purged":[],"score":340,"play_id":"60d9217d-0283-40e2-8e99-54169a144835","local_time":"20201220141517","is_ascension_mode":false,"campfire_choices":[{"data":"Zap","floor":8.0,"key":"SMITH"},{"data":"Redo","floor":11.0,"key":"SMITH"},{"data":"Genetic Algorithm","floor":15.0,"key":"SMITH"},{"data":"Defragment","floor":23.0,"key":"SMITH"},{"floor":25.0,"key":"REST"},{"data":"Dualcast","floor":27.0,"key":"SMITH"}],"circlet_count":1,"master_deck":["Strike_B+1","Strike_B+1","Strike_B+1","Strike_B+1","Defend_B+1","Defend_B+1","Defend_B+1","Defend_B+1","Zap+1","Dualcast+1","Beam Cell","Coolheaded","Genetic Algorithm+1","Cold Snap","Chill","Redo+1","Coolheaded","Electrodynamics","Defragment+1","Hologram+1"],"relics":["Cracked Core","Circlet","Emotion Chip","Sling","Letter Opener","Ancient Tea Set","Boot","Frozen Egg 2"],"acts_visited":[],"potions_floor_usage":[],"damage_taken":[{"damage":1.0,"enemies":"Jaw Worm","floor":1.0,"turns":2.0},{"damage":1.0,"enemies":"Cultist","floor":3.0,"turns":3.0},{"damage":0.0,"enemies":"2 Louse","floor":4.0,"turns":3.0},{"damage":12.0,"enemies":"Large Slime","floor":5.0,"turns":5.0},{"damage":22.0,"enemies":"Lagavulin","floor":6.0,"turns":9.0},{"damage":0.0,"enemies":"Exordium Thugs","floor":7.0,"turns":4.0},{"damage":0.0,"enemies":"Lots of Slimes","floor":10.0,"turns":3.0},{"damage":0.0,"enemies":"Looter","floor":13.0,"turns":3.0},{"damage":8.0,"enemies":"Red Slaver","floor":14.0,"turns":2.0},{"damage":23.0,"enemies":"Slime Boss","floor":16.0,"turns":15.0},{"damage":19.0,"enemies":"Shell Parasite","floor":18.0,"turns":10.0},{"damage":15.0,"enemies":"2 Thieves","floor":19.0,"turns":2.0},{"damage":5.0,"enemies":"Book of Stabbing","floor":24.0,"turns":5.0},{"damage":0,"enemies":"Snecko","floor":28,"turns":1}],"seed_played":"-7224217219556076512","potions_obtained":[{"floor":2.0,"key":"Fire Potion"},{"floor":2.0,"key":"DuplicationPotion"},{"floor":2.0,"key":"Weak Potion"},{"floor":3.0,"key":"FairyPotion"},{"floor":5.0,"key":"Regen Potion"},{"floor":7.0,"key":"PotionOfCapacity"},{"floor":19.0,"key":"Swift Potion"}],"is_trial":false,"path_per_floor":["M","?","M","M","M","E","M","R","T","M","R","AVR","M","M","R","B",null,"M","M","?","T","?","R","E","R","T","R","M"],"character_chosen":"DEFECT","items_purchased":["infinitespire:Midas Blood","Emotion Chip","Sling"],"campfire_rested":1,"item_purchase_floors":[0,0,0],"current_hp_per_floor":[48,48,47,47,35,28,28,28,28,28,28,28,28,20,20,20,75,56,41,41,41,41,41,36,58,58,58,58,58],"gold":492,"neow_bonus":"","is_daily":false,"chose_seed":false,"campfire_upgraded":5,"win_rate":0.0,"timestamp":1608444917,"path_taken":["M","?","M","?","M","E","M","R","T","M","R","AVR","M","M","R","BOSS","M","M","?","?","?","R","E","R","T","R","M"],"items_purchased_type":["Undefined","Relic","Relic"],"build_version":"2020-12-13","purchased_purges":0,"victory":false,"max_hp_per_floor":[75,75,75,75,75,75,75,75,75,75,75,75,75,75,75,75,75,75,75,75,75,75,75,75,75,75,75,75,75],"card_choices":[{"not_picked":["Compile Driver","Gash"],"picked":"Beam Cell","floor":1.0},{"not_picked":["Gash","Consume"],"picked":"Coolheaded","floor":3.0},{"not_picked":["Static Discharge","Darkness"],"picked":"Genetic Algorithm","floor":4.0},{"not_picked":["Glacier","Leap"],"picked":"Cold Snap","floor":5.0},{"not_picked":["Thunder Strike","Auto Shields","Rebound"],"picked":"SKIP","floor":6.0},{"not_picked":["Skim","Fusion"],"picked":"Chill","floor":7.0},{"not_picked":["Leap","Beam Cell"],"picked":"Redo","floor":10.0},{"not_picked":["Barrage","Chill","Glacier"],"picked":"SKIP","floor":13.0},{"not_picked":["Cold Snap","Darkness"],"picked":"Coolheaded","floor":14.0},{"not_picked":["Amplify","Rainbow"],"picked":"Electrodynamics","floor":16.0},{"not_picked":["Compile Driver","White Noise+1"],"picked":"Defragment","floor":18.0},{"not_picked":["Recycle","Loop","Undo+1"],"picked":"SKIP","floor":19.0},{"not_picked":["Streamline","Beam Cell+1"],"picked":"Hologram+1","floor":24.0}],"player_experience":222146,"relics_obtained":[{"floor":6.0,"key":"Letter Opener"},{"floor":21.0,"key":"Ancient Tea Set"},{"floor":24.0,"key":"Boot"},{"floor":26.0,"key":"Frozen Egg 2"}],"event_choices":[{"damage_healed":0.0,"max_hp_gain":0.0,"max_hp_loss":0.0,"gold_gain":0.0,"event_name":"Lab","player_choice":"Got Potions","floor":2.0,"gold_loss":0.0,"damage_taken":0.0},{"damage_healed":0.0,"max_hp_gain":0.0,"max_hp_loss":0.0,"gold_gain":0.0,"event_name":"Back to Basics","player_choice":"Simplicity","floor":22.0,"gold_loss":0.0,"damage_taken":0.0,"cards_upgraded":["Strike_B","Strike_B","Strike_B","Strike_B","Defend_B","Defend_B","Defend_B","Defend_B"]}],"is_beta":false,"boss_relics":[{"not_picked":["infinitespire:Cupcake","Coffee Dripper","Velvet Choker"]}],"items_purged_floors":[],"is_endless":false,"potions_floor_spawned":[3,5,7,10,13,19],"killed_by":"Snecko","ascension_level":0}}