{"host":"pjgcdp3h1plnbocs","time":1608497846,"event":{"mods":["AchievementEnabler","BaseMod","Colored Map","Highlight Path","Minty Spire (QoL Compilation)"],"gold_per_floor":[116,130,149,166,39,39,39,70,70,70,70],"floor_reached":10,"playtime":359,"items_purged":["Strike_G"],"score":92,"play_id":"a2338421-9d38-40ee-9be5-b44634e4d1b5","local_time":"20201220215726","is_ascension_mode":true,"campfire_choices":[{"data":"Deadly Poison","floor":6,"key":"SMITH"}],"circlet_count":0,"master_deck":["Strike_G","Strike_G","Strike_G","Strike_G","Defend_G","Defend_G","Defend_G","Defend_G","Defend_G","Survivor","Neutralize","After Image","Infinite Blades","Blade Dance","Backflip","Deadly Poison+1"],"relics":["Ring of the Snake","Gremlin Horn","Singing Bowl","Bottled Lightning"],"acts_visited":["Exordium"],"potions_floor_usage":[8,10],"damage_taken":[{"damage":4,"enemies":"2 Louse","floor":1,"turns":4},{"damage":0,"enemies":"Small Slimes","floor":2,"turns":3},{"damage":0,"enemies":"Cultist","floor":3,"turns":5},{"damage":0,"enemies":"Large Slime","floor":4,"turns":6},{"damage":50,"enemies":"Gremlin Nob","floor":8,"turns":5},{"damage":9,"enemies":"3 Sentries","floor":10,"turns":4}],"seed_played":"-3784958440511116110","potions_obtained":[{"floor":1,"key":"BlessingOfTheForge"},{"floor":2,"key":"LiquidBronze"},{"floor":8,"key":"Energy Potion"}],"is_trial":false,"path_per_floor":["M","M","M","M","$","R","?","E","T","E"],"character_chosen":"THE_SILENT","items_purchased":["Deadly Poison"],"campfire_rested":0,"item_purchase_floors":[5],"current_hp_per_floor":[59,59,59,59,59,59,52,4,4,0,0],"gold":70,"neow_bonus":"THREE_RARE_CARDS","is_daily":false,"chose_seed":false,"campfire_upgraded":1,"win_rate":0.0,"timestamp":1608497846,"path_taken":["M","M","M","M","$","R","?","E","T","E"],"items_purchased_type":["Card"],"build_version":"2020-12-13","purchased_purges":1,"victory":false,"max_hp_per_floor":[63,63,63,63,63,63,63,65,65,65,65],"card_choices":[{"not_picked":["Doppelganger","Unload"],"picked":"After Image","floor":0},{"not_picked":["Expertise","Slice"],"picked":"Infinite Blades","floor":1},{"not_picked":["Flying Knee","Bane"],"picked":"Blade Dance","floor":2},{"not_picked":["Choke","Reflex","Masterful Stab"],"picked":"SKIP","floor":3},{"not_picked":["Blade Dance","Deadly Poison"],"picked":"Backflip","floor":4},{"not_picked":["Slice","Crippling Poison","Heel Hook"],"picked":"Singing Bowl","floor":8}],"player_experience":122168,"relics_obtained":[{"floor":8,"key":"Singing Bowl"},{"floor":9,"key":"Bottled Lightning"}],"event_choices":[{"damage_healed":0,"gold_gain":0,"player_choice":"Success","damage_taken":7,"relics_obtained":["Gremlin Horn"],"max_hp_gain":0,"max_hp_loss":0,"event_name":"Scrap Ooze","floor":7,"gold_loss":0}],"is_beta":false,"boss_relics":[],"items_purged_floors":[5],"is_endless":false,"potions_floor_spawned":[1,2,8],"killed_by":"3 Sentries","ascension_level":7}}