{"host":"f5n4tidiz2n5sooh","time":1608432827,"event":{"mods":["BaseMod","Bestiary","Colored Map","Minty Spire (QoL Compilation)","Relic Stats","StSLib"],"gold_per_floor":[119,130,150,166,166,196,196,271,271,297,313,313,313,343,343,420,420,440,440,460,460,375,375,387,422,422,436,436,471,22,22,22,93,93,107,124,137,137,26,26,53,65,77,108,120,150,162,206,218,230,242,242],"floor_reached":51,"playtime":2095,"items_purged":["Strike_P"],"score":1675,"play_id":"e423f08f-b717-4aeb-96a0-33c03d34ee1c","local_time":"20201219205347","is_ascension_mode":true,"campfire_choices":[{"floor":7,"key":"REST"},{"data":"EmptyFist","floor":12,"key":"SMITH"},{"floor":15,"key":"REST"},{"data":"JustLucky","floor":23,"key":"SMITH"},{"data":"Vigilance","floor":28,"key":"SMITH"},{"data":"BattleHymn","floor":32,"key":"SMITH"},{"data":"Halt","floor":40,"key":"SMITH"},{"data":"Perseverance","floor":42,"key":"SMITH"},{"floor":47,"key":"REST"},{"floor":49,"key":"RECALL"}],"circlet_count":0,"master_deck":["AscendersBane","Defend_P","Defend_P","Defend_P","Defend_P","Eruption","Vigilance+1","EmptyFist+1","Weave","Wireheading","JustLucky+1","BattleHymn+1","FearNoEvil+1","EmptyFist+1","Vault","CutThroughFate+1","Meditate","JustLucky+1","CutThroughFate+1","Conclude+1","DeceiveReality","Halt+1","Perseverance+1","ThirdEye"],"relics":["Sozu","Molten Egg 2","Shuriken","Blue Candle","Bag of Marbles","VioletLotus","MutagenicStrength","Pantograph","FossilizedHelix","The Courier","Happy Flower","Medical Kit","Oddly Smooth Stone","Nunchaku","Empty Cage","MawBank","Spirit Poop","Frozen Egg 2"],"acts_visited":["Exordium","TheCity","TheBeyond"],"potions_floor_usage":[],"damage_taken":[{"damage":3,"enemies":"2 Louse","floor":1,"turns":3},{"damage":6,"enemies":"Small Slimes","floor":2,"turns":3},{"damage":6,"enemies":"Jaw Worm","floor":3,"turns":4},{"damage":7,"enemies":"3 Louse","floor":4,"turns":4},{"damage":20,"enemies":"3 Sentries","floor":6,"turns":6},{"damage":0,"enemies":"Lagavulin","floor":10,"turns":4},{"damage":5,"enemies":"Large Slime","floor":11,"turns":4},{"damage":15,"enemies":"Gremlin Nob","floor":14,"turns":3},{"damage":0,"enemies":"Slime Boss","floor":16,"turns":4},{"damage":0,"enemies":"Chosen","floor":18,"turns":4},{"damage":0,"enemies":"Spheric Guardian","floor":20,"turns":3},{"damage":0,"enemies":"Centurion and Healer","floor":24,"turns":3},{"damage":27,"enemies":"Book of Stabbing","floor":25,"turns":4},{"damage":0,"enemies":"Snake Plant","floor":27,"turns":1},{"damage":0,"enemies":"Gremlin Leader","floor":29,"turns":4},{"damage":23,"enemies":"Champ","floor":33,"turns":7},{"damage":0,"enemies":"Orb Walker","floor":35,"turns":3},{"damage":0,"enemies":"3 Darklings","floor":36,"turns":4},{"damage":0,"enemies":"Maw","floor":37,"turns":5},{"damage":33,"enemies":"Reptomancer","floor":41,"turns":6},{"damage":0,"enemies":"Writhing Mass","floor":44,"turns":7},{"damage":20,"enemies":"3 Darklings","floor":46,"turns":3},{"damage":1,"enemies":"Nemesis","floor":48,"turns":6},{"damage":24,"enemies":"Donu and Deca","floor":50,"turns":8},{"damage":52,"enemies":"Time Eater","floor":51,"turns":5}],"seed_played":"1051493405399173841","potions_obtained":[],"is_trial":false,"path_per_floor":["M","M","M","M","?","E","R","?","T","E","M","R","?","E","R","B",null,"M","?","M","?","?","R","M","E","T","M","R","E","$","?","R","B",null,"M","M","M","?","$","R","E","R","T","M","?","M","R","E","R","B","B"],"character_chosen":"WATCHER","items_purchased":["Medical Kit","Oddly Smooth Stone","Nunchaku","DeceiveReality","Halt"],"campfire_rested":3,"item_purchase_floors":[30,30,30,39,39],"current_hp_per_floor":[58,52,46,39,32,12,32,21,21,21,16,16,16,1,21,21,56,56,56,56,37,37,37,37,10,10,10,10,10,10,10,10,12,58,58,58,58,58,58,58,25,25,25,25,25,5,24,23,23,24,0,0],"gold":242,"neow_bonus":"BOSS_RELIC","is_daily":false,"chose_seed":false,"campfire_upgraded":6,"win_rate":0.0,"timestamp":1608432827,"path_taken":["M","M","M","M","?","E","R","?","T","E","M","R","?","E","R","BOSS","M","?","M","?","?","R","M","E","T","M","R","E","$","?","R","BOSS","M","M","M","?","$","R","E","R","T","M","?","?","R","E","R","BOSS","BOSS"],"items_purchased_type":["Relic","Relic","Relic","Card","Card"],"build_version":"2020-12-13","purchased_purges":1,"victory":false,"max_hp_per_floor":[68,68,68,68,68,68,68,68,68,68,68,68,68,68,68,68,68,68,68,68,73,73,73,73,73,73,73,73,73,73,73,73,73,73,73,73,73,69,69,69,69,69,69,69,66,66,66,66,66,66,66,66],"relic_stats":{"Sozu":10,"Nunchaku":[21],"Happy Flower":[18],"counters":[25,108],"Shuriken":[74],"Blue Candle":[1],"Pantograph":75,"VioletLotus":[23],"Medical Kit":[5],"MawBank":120,"obtain_stats":[{"Happy Flower":29,"Blue Candle":10,"Oddly Smooth Stone":30,"Spirit Poop":45,"The Courier":26,"Frozen Egg 2":48,"Medical Kit":30,"Empty Cage":34,"MawBank":41,"Sozu":0,"Nunchaku":30,"Shuriken":9,"MutagenicStrength":19,"Pantograph":22,"Molten Egg 2":6,"VioletLotus":17,"Bag of Marbles":14,"PureWater":0,"FossilizedHelix":25},{"Happy Flower":15,"Blue Candle":6,"Oddly Smooth Stone":15,"Spirit Poop":21,"The Courier":13,"Frozen Egg 2":23,"Medical Kit":15,"Empty Cage":16,"MawBank":20,"Sozu":0,"Nunchaku":15,"Shuriken":5,"MutagenicStrength":10,"Pantograph":11,"Molten Egg 2":5,"VioletLotus":9,"Bag of Marbles":8,"PureWater":0,"FossilizedHelix":13},{"Happy Flower":54,"Blue Candle":24,"Oddly Smooth Stone":54,"Spirit Poop":86,"The Courier":49,"Frozen Egg 2":95,"Medical Kit":54,"Empty Cage":61,"MawBank":79,"Sozu":0,"Nunchaku":54,"Shuriken":20,"MutagenicStrength":39,"Pantograph":42,"Molten Egg 2":20,"VioletLotus":35,"Bag of Marbles":31,"PureWater":0,"FossilizedHelix":49}]},"card_choices":[{"not_picked":["SandsOfTime","SashWhip"],"picked":"EmptyFist","floor":1},{"not_picked":["Evaluate","SignatureMove"],"picked":"Weave","floor":2},{"not_picked":["ThirdEye","EmptyBody"],"picked":"Wireheading","floor":3},{"not_picked":["LikeWater","Wireheading"],"picked":"JustLucky","floor":4},{"not_picked":["FollowUp+1","DeceiveReality"],"picked":"BattleHymn","floor":6},{"not_picked":["Vengeance","BowlingBash+1"],"picked":"FearNoEvil+1","floor":10},{"not_picked":["Adaptation","ClearTheMind","ConjureBlade"],"picked":"SKIP","floor":11},{"not_picked":["FollowUp+1","SashWhip+1"],"picked":"EmptyFist+1","floor":14},{"not_picked":["Ragnarok+1","Judgement"],"picked":"Vault","floor":16},{"not_picked":["Prostrate","MentalFortress"],"picked":"CutThroughFate+1","floor":18},{"not_picked":["FlurryOfBlows+1","PathToVictory","SashWhip+1"],"picked":"SKIP","floor":20},{"not_picked":["Halt","BattleHymn"],"picked":"Meditate","floor":24},{"not_picked":["Swivel","Consecrate+1"],"picked":"JustLucky+1","floor":25},{"not_picked":["Judgement","FollowUp+1","CrushJoints+1"],"picked":"SKIP","floor":27},{"not_picked":["CarveReality+1","ForeignInfluence","Crescendo"],"picked":"SKIP","floor":29},{"not_picked":["LikeWater+1","Crescendo"],"picked":"CutThroughFate+1","floor":35},{"not_picked":["Swivel","PathToVictory+1","ClearTheMind"],"picked":"SKIP","floor":36},{"not_picked":["MentalFortress+1","ClearTheMind"],"picked":"Conclude+1","floor":37},{"not_picked":["Crescendo+1","Wireheading+1"],"picked":"Perseverance","floor":41},{"not_picked":["FlyingSleeves+1","WreathOfFlame","Brilliance+1"],"picked":"SKIP","floor":44},{"not_picked":["FlyingSleeves+1","PathToVictory","FollowUp+1"],"picked":"SKIP","floor":46},{"not_picked":["DeceiveReality","Consecrate+1"],"picked":"ThirdEye","floor":48}],"player_experience":1900350,"relics_obtained":[{"floor":6,"key":"Molten Egg 2"},{"floor":9,"key":"Shuriken"},{"floor":10,"key":"Blue Candle"},{"floor":14,"key":"Bag of Marbles"},{"floor":25,"key":"FossilizedHelix"},{"floor":26,"key":"The Courier"},{"floor":29,"key":"Happy Flower"},{"floor":41,"key":"MawBank"},{"floor":48,"key":"Frozen Egg 2"}],"event_choices":[{"cards_removed":["Strike_P"],"damage_healed":0,"gold_gain":0,"player_choice":"Card Removal","damage_taken":7,"max_hp_gain":0,"max_hp_loss":0,"event_name":"Golden Wing","floor":5,"gold_loss":0},{"damage_healed":0,"gold_gain":75,"player_choice":"Gather Gold","damage_taken":11,"max_hp_gain":0,"max_hp_loss":0,"event_name":"World of Goop","floor":8,"gold_loss":0},{"damage_healed":0,"gold_gain":0,"player_choice":"Fled","damage_taken":0,"max_hp_gain":0,"max_hp_loss":0,"event_name":"Scrap Ooze","floor":13,"gold_loss":0},{"damage_healed":0,"gold_gain":0,"player_choice":"Inject Mutagens","damage_taken":0,"relics_obtained":["MutagenicStrength"],"max_hp_gain":0,"max_hp_loss":0,"event_name":"Drug Dealer","floor":19,"gold_loss":0},{"damage_healed":0,"gold_gain":0,"player_choice":"Shed Blood","damage_taken":24,"max_hp_gain":5,"max_hp_loss":0,"event_name":"Forgotten Altar","floor":21,"gold_loss":0},{"damage_healed":0,"gold_gain":0,"player_choice":"Obtained Relic","damage_taken":0,"relics_obtained":["Pantograph"],"max_hp_gain":0,"max_hp_loss":0,"event_name":"Addict","floor":22,"gold_loss":85},{"damage_healed":0,"gold_gain":0,"player_choice":"Ignored","damage_taken":0,"max_hp_gain":0,"max_hp_loss":0,"event_name":"The Mausoleum","floor":31,"gold_loss":0},{"damage_healed":0,"gold_gain":0,"player_choice":"Max HP","damage_taken":0,"max_hp_gain":0,"max_hp_loss":4,"event_name":"Winding Halls","floor":38,"gold_loss":0},{"cards_removed":["Parasite"],"damage_healed":0,"gold_gain":0,"player_choice":"Offered Curse","damage_taken":0,"relics_obtained":["Spirit Poop"],"max_hp_gain":0,"max_hp_loss":0,"event_name":"Bonfire Elementals","floor":45,"gold_loss":0}],"is_beta":false,"boss_relics":[{"not_picked":["Calling Bell","Runic Pyramid"],"picked":"VioletLotus"},{"not_picked":["Snecko Eye","Pandora\u0027s Box"],"picked":"Empty Cage"}],"items_purged_floors":[30],"is_endless":false,"potions_floor_spawned":[1,2,11,18,27,29,33,35,36,44],"killed_by":"Time Eater","ascension_level":20}}