{"host":"qie07cxbi2v0we72","time":1608486775,"event":{"mods":["BaseMod","Minty Spire (QoL Compilation)","Relic Stats","StSLib","SuperFastMode","Waifu the Spire","thorton"],"gold_per_floor":[120,120,143,143,170,170,197,197,197,197,229,267,267,338,338,464,464,484,484,204,303,303,303,369,369,394,418,418,494,582,654,654,834,834,917,610,683,766,766,841,841,916,916,967,967,967],"floor_reached":44,"playtime":1591,"items_purged":[],"score":504,"play_id":"f06ee1b7-97ad-4bf4-a0f3-2d9c65a45d78","local_time":"20201220185255","is_ascension_mode":false,"campfire_choices":[{"data":"thethorton:CreditCard","floor":6,"key":"SMITH"},{"floor":8,"key":"REST"},{"floor":13,"key":"REST"},{"data":"thethorton:CreditCard+1","floor":15,"key":"SMITH"},{"data":"thethorton:CreditCard+2","floor":23,"key":"SMITH"},{"data":"thethorton:CreditCard+3","floor":25,"key":"SMITH"},{"floor":28,"key":"REST"},{"floor":32,"key":"REST"}],"circlet_count":0,"master_deck":["thethorton:Strike","thethorton:Strike","thethorton:Strike","thethorton:Defend","thethorton:Defend","thethorton:Defend","thethorton:Heckle","thethorton:CreditCard+4","thethorton:GoldBuffer","thethorton:BusinessCard","thethorton:WhirlingBriefcase","thethorton:CashBash","thethorton:BigBreak","thethorton:Octopus+1","thethorton:PennyToss+1","thethorton:GemGun+1","thethorton:StumblingSlap","thethorton:BusinessCard","thethorton:Siphon","thethorton:LastDitchEffort","thethorton:GoldBuffer","thethorton:PocketChange+1","thethorton:RunningKick+1","thethorton:RunningKick","thethorton:DodgeAndRollAndRun","thethorton:BusinessCard+1","thethorton:BusinessCard","thethorton:PocketChange","thethorton:PocketChange+1","Writhe","thethorton:DualBap+1"],"relics":["thethorton:CouragePotion","Boot","FossilizedHelix","Astrolabe","Sling","Lizard Tail","PreservedInsect","Oddly Smooth Stone","thethorton:BottledFunds","InkBottle","Kunai","Blue Candle","Bag of Marbles"],"acts_visited":["Exordium","TheCity","TheBeyond"],"potions_floor_usage":[16,16,16,16,27,29,30,30,31,38,40,44,44],"damage_taken":[{"damage":9,"enemies":"2 Louse","floor":1,"turns":3},{"damage":10,"enemies":"Jaw Worm","floor":3,"turns":6},{"damage":5,"enemies":"Cultist","floor":5,"turns":4},{"damage":12,"enemies":"Red Slaver","floor":7,"turns":6},{"damage":24,"enemies":"Large Slime","floor":11,"turns":12},{"damage":6,"enemies":"Looter","floor":12,"turns":4},{"damage":0,"enemies":"Slime Boss","floor":16,"turns":6},{"damage":15,"enemies":"2 Thieves","floor":18,"turns":4},{"damage":16,"enemies":"Spheric Guardian","floor":24,"turns":5},{"damage":12,"enemies":"Shelled Parasite and Fungi","floor":27,"turns":2},{"damage":22,"enemies":"Sentry and Sphere","floor":29,"turns":6},{"damage":9,"enemies":"3 Cultists","floor":30,"turns":4},{"damage":8,"enemies":"Centurion and Healer","floor":31,"turns":4},{"damage":94,"enemies":"Automaton","floor":33,"turns":12},{"damage":24,"enemies":"3 Darklings","floor":35,"turns":8},{"damage":0,"enemies":"Orb Walker","floor":37,"turns":5},{"damage":13,"enemies":"Jaw Worm Horde","floor":38,"turns":4},{"damage":26,"enemies":"Maw","floor":40,"turns":9},{"damage":33,"enemies":"Sphere and 2 Shapes","floor":42,"turns":6},{"damage":3,"enemies":"Spire Growth","floor":44,"turns":3}],"seed_played":"923123515777558349","potions_obtained":[{"floor":1,"key":"SteroidPotion"},{"floor":3,"key":"DuplicationPotion"},{"floor":11,"key":"EntropicBrew"},{"floor":16,"key":"Fire Potion"},{"floor":24,"key":"DuplicationPotion"},{"floor":27,"key":"Regen Potion"},{"floor":30,"key":"Explosive Potion"},{"floor":37,"key":"PowerPotion"},{"floor":40,"key":"Fruit Juice"},{"floor":42,"key":"BlessingOfTheForge"}],"is_trial":false,"path_per_floor":["M","?","M","?","M","R","M","R","T","$","M","M","R","?","R","B",null,"M","?","$","?","T","R","M","R","T","M","R","M","M","M","R","B",null,"M","$","M","M","?","M","?","M","T","M"],"character_chosen":"THE_THORT","items_purchased":["Sling","thethorton:BusinessCard","thethorton:Siphon","Kunai","ColorlessPotion"],"campfire_rested":4,"item_purchase_floors":[20,20,20,36,36],"current_hp_per_floor":[59,64,54,54,49,49,37,58,58,58,34,28,49,49,49,49,73,58,58,58,58,58,58,42,42,42,30,51,29,32,24,45,3,73,49,49,49,36,36,15,35,2,2,0,0,0],"gold":967,"neow_bonus":"RANDOM_COMMON_RELIC","is_daily":false,"chose_seed":false,"campfire_upgraded":4,"win_rate":0.0,"timestamp":1608486775,"path_taken":["M","?","M","?","?","R","M","R","T","?","M","M","R","?","R","BOSS","M","?","$","?","?","R","M","R","T","?","R","M","M","?","R","BOSS","M","$","M","?","?","M","?","M","T","?"],"items_purchased_type":["Relic","Card","Card","Relic","Potion"],"build_version":"2020-12-13","purchased_purges":0,"victory":false,"max_hp_per_floor":[68,73,73,73,73,73,73,73,73,73,73,73,73,73,73,73,73,73,73,73,73,73,73,73,73,73,73,73,73,73,73,73,73,73,73,73,73,73,73,78,78,78,78,78,78,78],"relic_stats":{"Lizard Tail":36,"counters":[20,113],"Astrolabe":["thethorton:Octopus","thethorton:PennyToss","thethorton:GemGun"],"Blue Candle":[1],"PreservedInsect":0,"Kunai":[14],"Boot":[158],"obtain_stats":[{"thethorton:BottledFunds":34,"Astrolabe":17,"Blue Candle":40,"Oddly Smooth Stone":27,"PreservedInsect":26,"Boot":0,"Sling":20,"Lizard Tail":22,"thethorton:CouragePotion":0,"Bag of Marbles":43,"Kunai":36,"FossilizedHelix":9,"InkBottle":35},{"thethorton:BottledFunds":14,"Astrolabe":7,"Blue Candle":18,"Oddly Smooth Stone":10,"PreservedInsect":9,"Boot":0,"Sling":8,"Lizard Tail":8,"thethorton:CouragePotion":0,"Bag of Marbles":19,"Kunai":15,"FossilizedHelix":4,"InkBottle":15},{"thethorton:BottledFunds":78,"Astrolabe":41,"Blue Candle":99,"Oddly Smooth Stone":52,"PreservedInsect":50,"Boot":0,"Sling":45,"Lizard Tail":45,"thethorton:CouragePotion":0,"Bag of Marbles":110,"Kunai":86,"FossilizedHelix":19,"InkBottle":82}],"InkBottle":[13]},"card_choices":[{"not_picked":["thethorton:Hindsight","thethorton:CashBash"],"picked":"thethorton:GoldBuffer","floor":1},{"not_picked":["thethorton:PocketChange","thethorton:RunningKick"],"picked":"thethorton:BusinessCard","floor":3},{"not_picked":["thethorton:TakeAccounts","thethorton:SnowDay"],"picked":"thethorton:WhirlingBriefcase","floor":5},{"not_picked":["thethorton:ElbowSmash","thethorton:DownPayment"],"picked":"thethorton:PocketChange","floor":7},{"not_picked":["thethorton:DownPayment","thethorton:ElbowSmash","thethorton:DesperateRun"],"picked":"SKIP","floor":11},{"not_picked":["thethorton:ROI","thethorton:Octopus"],"picked":"thethorton:CashBash","floor":12},{"not_picked":["thethorton:Fish","thethorton:Hexaghostify"],"picked":"thethorton:BigBreak","floor":16},{"not_picked":["thethorton:ElbowSmash+1","thethorton:CallIn"],"picked":"thethorton:StumblingSlap","floor":18},{"not_picked":["thethorton:SicklyRun+1","thethorton:SeeingDouble"],"picked":"thethorton:LastDitchEffort","floor":24},{"not_picked":["thethorton:WhirlingBriefcase","thethorton:ElbowSmash"],"picked":"thethorton:GoldBuffer","floor":27},{"not_picked":["thethorton:FearfulRun","thethorton:GemGun"],"picked":"thethorton:PocketChange+1","floor":29},{"not_picked":["thethorton:CallIn","thethorton:BookBash"],"picked":"thethorton:RunningKick+1","floor":30},{"not_picked":["thethorton:PocketChange","thethorton:BusinessBash"],"picked":"thethorton:RunningKick","floor":31},{"not_picked":["thethorton:AdministrativeActions","thethorton:CardboardBox"],"picked":"thethorton:DodgeAndRollAndRun","floor":33},{"not_picked":["thethorton:LastDitchEffort+1","thethorton:StumblingSlap"],"picked":"thethorton:BusinessCard+1","floor":35},{"not_picked":["thethorton:CoinShield+1","thethorton:FearfulRun"],"picked":"thethorton:BusinessCard","floor":37},{"not_picked":["thethorton:BookBash","thethorton:HitAhead"],"picked":"thethorton:PocketChange","floor":38},{"not_picked":["thethorton:StumblingSlap+1","thethorton:ShoutAndRun"],"picked":"thethorton:PocketChange+1","floor":40},{"not_picked":["thethorton:GemGun","thethorton:CoinClash"],"picked":"thethorton:DualBap+1","floor":42}],"player_experience":892170,"relics_obtained":[{"floor":9,"key":"FossilizedHelix"},{"floor":22,"key":"Lizard Tail"},{"floor":26,"key":"PreservedInsect"},{"floor":43,"key":"Bag of Marbles"}],"event_choices":[{"damage_healed":0,"gold_gain":0,"player_choice":"Donut","damage_taken":0,"max_hp_gain":5,"max_hp_loss":0,"event_name":"Big Fish","floor":2,"gold_loss":0},{"cards_removed":["Normality"],"damage_healed":0,"gold_gain":0,"player_choice":"Card Removal","damage_taken":0,"max_hp_gain":0,"max_hp_loss":0,"event_name":"Wheel of Change","floor":4,"gold_loss":0},{"damage_healed":0,"gold_gain":71,"player_choice":"Gained Gold","damage_taken":0,"max_hp_gain":0,"max_hp_loss":0,"event_name":"Golden Wing","floor":14,"gold_loss":0},{"damage_healed":0,"gold_gain":0,"player_choice":"Ignored","damage_taken":0,"max_hp_gain":0,"max_hp_loss":0,"event_name":"Ghosts","floor":19,"gold_loss":0},{"damage_healed":0,"gold_gain":99,"player_choice":"Stole From Cult","damage_taken":0,"max_hp_gain":0,"max_hp_loss":0,"event_name":"Nest","floor":21,"gold_loss":0},{"damage_healed":0,"gold_gain":0,"player_choice":"Ignored","damage_taken":0,"max_hp_gain":0,"max_hp_loss":0,"event_name":"Tomb of Lord Red Mask","floor":39,"gold_loss":0},{"damage_healed":20,"gold_gain":0,"player_choice":"Writhe","damage_taken":0,"max_hp_gain":0,"max_hp_loss":0,"event_name":"Winding Halls","floor":41,"gold_loss":0,"cards_obtained":["Writhe"]}],"is_beta":false,"boss_relics":[{"not_picked":["Ectoplasm","Empty Cage"],"picked":"Astrolabe"},{"not_picked":["Philosopher\u0027s Stone","Busted Crown"],"picked":"thethorton:BottledFunds"}],"items_purged_floors":[],"is_endless":false,"potions_floor_spawned":[1,3,11,16,24,27,30,37,40,42],"killed_by":"Spire Growth","ascension_level":0}}