{"host":"gbop6m4qugddaz18","time":1608428312,"event":{"mods":["2.2 Compatiblity","BaseMod","Better Third Choice","Block Reminder","Downfall","GifTheSpireLib","Highlight Path","Minty Spire (QoL Compilation)","Replay The Spire","StSLib"],"gold_per_floor":[349,368,368,387,387,387,464,482,482,482,7,28,51,51,65,174,174,174,190,190,190,235,235,259,292,304,304],"floor_reached":26,"playtime":862,"items_purged":[],"score":248,"play_id":"b75d9e26-853d-4498-bb8f-f6cf45d1eebd","local_time":"20201219203832","is_ascension_mode":true,"campfire_choices":[{"data":"Neutralize","floor":1,"key":"SMITH"},{"data":"Replay:Poison Smokescreen","floor":3,"key":"SMITH"},{"data":"Deadly Poison","floor":6,"key":"SMITH"},{"floor":10,"key":"REST"},{"data":"Toxin Wave","floor":18,"key":"SMITH"},{"floor":20,"key":"REST"},{"floor":23,"key":"REST"}],"circlet_count":0,"master_deck":["Strike_G","Strike_G","Strike_G","Strike_G","Defend_G","Defend_G","Defend_G","Defend_G","Defend_G","Survivor","Neutralize+1","Replay:Poison Smokescreen+1","Deadly Poison+1","Dagger Spray","Leg Sweep","Toxin Wave+1","Bouncing Flask","Dodge and Roll","ReplayTheSpireMod:Necrosis","Parasite","Poisoned Stab","Poison Darts","Crippling Poison","Sickly","Dagger Spray+1","Draining Mist"],"relics":["Ring of the Snake","Replay:Bottled Eggs","Replay:Bandana","Darkstone Periapt","Replay:WaspNest","Blood Vial","Black Star","ReplayTheSpireMod:Ring of Addiction","Chameleon Ring","Toy Ornithopter","Ring of Panic","ReplayTheSpireMod:Ninjato","PreservedInsect","Pet Ghost"],"acts_visited":["Exordium","TheCity"],"potions_floor_usage":[15,16,22,22,22],"damage_taken":[{"damage":7,"enemies":"Small Slimes","floor":2,"turns":3},{"damage":0,"enemies":"Cultist","floor":4,"turns":3},{"damage":3,"enemies":"Jaw Worm","floor":8,"turns":2},{"damage":0,"enemies":"downfall:FleeingMerchant","floor":11,"turns":4},{"damage":7,"enemies":"2 Fungi Beasts","floor":12,"turns":3},{"damage":4,"enemies":"Looter","floor":13,"turns":4},{"damage":1,"enemies":"3 Louse","floor":15,"turns":3},{"damage":26,"enemies":"The Guardian","floor":16,"turns":9},{"damage":32,"enemies":"Chosen","floor":19,"turns":4},{"damage":64,"enemies":"Gremlin Leader","floor":22,"turns":6},{"damage":41,"enemies":"Centurion and Healer","floor":25,"turns":5},{"damage":9,"enemies":"Slavers","floor":26,"turns":2}],"seed_played":"-7693614847921649332","potions_obtained":[{"floor":2,"key":"Elixir"},{"floor":4,"key":"BlessingOfTheForge"},{"floor":12,"key":"Toxic Potion"},{"floor":16,"key":"SteroidPotion"},{"floor":21,"key":"Dexterity Potion"},{"floor":21,"key":"champ:CounterPotion"},{"floor":22,"key":"Strength Potion"},{"floor":25,"key":"SteroidPotion"}],"is_trial":false,"path_per_floor":["R","M","R","M","?","R","T","M","?","R","$","M","M","?","M","B",null,"R","M","R","?","E","R","T","M","E"],"character_chosen":"THE_SILENT","items_purchased":["Replay:WaspNest","Blood Vial","Bouncing Flask"],"campfire_rested":3,"item_purchase_floors":[11,11,11],"current_hp_per_floor":[49,42,42,42,42,42,42,39,17,38,38,33,31,54,55,31,76,76,44,66,72,18,42,42,3,0,0],"gold":304,"neow_bonus":"TWO_FIFTY_GOLD","is_daily":false,"chose_seed":false,"campfire_upgraded":4,"win_rate":0.0,"timestamp":1608428312,"path_taken":["R","M","R","M","?","R","T","?","?","R","$","M","M","?","M","BOSS","R","M","R","?","E","R","T","M","E"],"items_purchased_type":["Relic","Relic","Card"],"build_version":"2020-12-13","purchased_purges":0,"victory":false,"max_hp_per_floor":[70,70,70,70,70,70,70,70,70,70,70,70,70,76,76,76,76,76,76,76,82,82,82,82,82,80,80],"card_choices":[{"not_picked":["Sucker Punch","Outmaneuver"],"picked":"Replay:Poison Smokescreen","floor":2},{"not_picked":["Acrobatics","Prepared"],"picked":"Deadly Poison","floor":4},{"not_picked":["Reflex","Predator"],"picked":"Leg Sweep","floor":8},{"not_picked":["Choke","Tactician"],"picked":"Toxin Wave","floor":11},{"not_picked":["ReplayTheSpireMod:Speed Training","Calculated Gamble"],"picked":"Dodge and Roll","floor":12},{"not_picked":["Choke","Backflip"],"picked":"ReplayTheSpireMod:Necrosis","floor":13},{"not_picked":["Accuracy","Bane"],"picked":"Poisoned Stab","floor":15},{"not_picked":["Night Terror","Unload"],"picked":"Poison Darts","floor":16},{"not_picked":["Hidden Blade+1","Dodge and Roll"],"picked":"Crippling Poison","floor":19},{"not_picked":["Predator","Underhanded Strike+1"],"picked":"Dagger Spray+1","floor":22},{"not_picked":["Blade Dance","Dodge and Roll"],"picked":"Draining Mist","floor":25}],"player_experience":487715,"relics_obtained":[{"floor":7,"key":"Replay:Bottled Eggs"},{"floor":21,"key":"ReplayTheSpireMod:Ring of Addiction"},{"floor":21,"key":"Chameleon Ring"},{"floor":21,"key":"Toy Ornithopter"},{"floor":21,"key":"Ring of Panic"},{"floor":22,"key":"ReplayTheSpireMod:Ninjato"},{"floor":22,"key":"PreservedInsect"},{"floor":24,"key":"Pet Ghost"}],"event_choices":[{"damage_healed":0,"gold_gain":0,"cards_transformed":["Strike_G"],"player_choice":"Transformed","damage_taken":0,"max_hp_gain":0,"max_hp_loss":0,"event_name":"Transmorgrifier","floor":5,"gold_loss":0,"cards_obtained":["Dagger Spray"]},{"damage_healed":0,"gold_gain":1,"player_choice":"Relic Relic ","damage_taken":22,"max_hp_gain":0,"max_hp_loss":0,"event_name":"betterThird:BetterScrap","floor":9,"gold_loss":0,"cards_obtained":["Fiend Fire"]},{"damage_healed":17,"gold_gain":0,"player_choice":"Healed and dodged fight","damage_taken":0,"max_hp_gain":0,"max_hp_loss":0,"event_name":"Mushrooms","floor":14,"gold_loss":0,"cards_obtained":["Parasite"]}],"is_beta":false,"boss_relics":[{"not_picked":["SacredBark","Honey Jar"],"picked":"Black Star"}],"items_purged_floors":[],"is_endless":false,"potions_floor_spawned":[2,4,12,16,22,25],"killed_by":"Slavers","ascension_level":3}}