{"host":"wcdwdpnxbe04tinu","time":1608454746,"event":{"mods":["BaseMod","Downfall","Minty Spire (QoL Compilation)","Relic Sorter","StSLib"],"gold_per_floor":[99,99,99,113,38,50,50,76,94,128,128,128,31,44,59,158,158,8,25,25,55,66,66,66,78,104,104,14,114,124,41,56,151,151,151,178,178,12,29,40,40,40,40,69,85,85,102,452,467,467],"floor_reached":51,"playtime":4351,"items_purged":["champ:Strike","champ:Execute+1"],"score":855,"play_id":"99c8dc28-bf70-4ee0-bc32-a669515e45e8","local_time":"20201220025906","is_ascension_mode":false,"campfire_choices":[{"data":"champ:StanceDance","floor":1,"key":"SMITH"},{"floor":3,"key":"RECALL"},{"data":"champ:Execute","floor":5,"key":"SMITH"},{"data":"champ:Lariat","floor":18,"key":"SMITH"},{"data":"champ:IronFortress","floor":20,"key":"SMITH"},{"data":"champ:GladiatorsShout","floor":23,"key":"SMITH"},{"data":"champ:StanceDance","floor":27,"key":"SMITH"},{"data":"champ:IronFortress","floor":35,"key":"SMITH"},{"data":"champ:SteelEdge","floor":37,"key":"SMITH"},{"data":"champ:PreciseThrust","floor":43,"key":"SMITH"}],"circlet_count":0,"master_deck":["champ:Strike","champ:Strike","champ:Defend","champ:Defend","champ:Defend","champ:Defend","champ:Taunt+1","champ:StanceDance+1","champ:StanceDance+1","champ:BerserkerStyle","champ:IronFortress+1","champ:GladiatorsShout+1","champ:IronFortress+1","champ:Lariat+1","champ:Balance","champ:SteelEdge+1","champ:TornadoPunch","champ:StanceDance+1","champ:PreciseThrust+1","champ:Lariat+1","champ:IronFortress+1","champ:DancingMaster","champ:Riposte+1","champ:FalseCounter+1"],"relics":["champ:ChampionCrown","downfall:HeartBlessingRed","Question Card","Pen Nib","Runic Dome","downfall:HeartBlessingGreen","downfall:HeartBlessingBlue","Orichalcum","InkBottle","Omamori","champ:BlackKnightHelmet","Sundial","Cursed Key","Toy Ornithopter","Blue Candle","Potion Belt","Old Coin"],"acts_visited":["Exordium","TheCity","TheBeyond"],"potions_floor_usage":[8,26,39,44,50,50],"damage_taken":[{"damage":14,"enemies":"Jaw Worm","floor":4,"turns":5},{"damage":5,"enemies":"Cultist","floor":6,"turns":3},{"damage":21,"enemies":"3 Sentries","floor":8,"turns":8},{"damage":10,"enemies":"Small Slimes","floor":9,"turns":3},{"damage":42,"enemies":"Gremlin Nob","floor":10,"turns":4},{"damage":17,"enemies":"downfall:FleeingMerchant","floor":13,"turns":4},{"damage":13,"enemies":"2 Fungi Beasts","floor":14,"turns":4},{"damage":25,"enemies":"Blue Slaver","floor":15,"turns":3},{"damage":16,"enemies":"downfall:Ironclad","floor":16,"turns":9},{"damage":7,"enemies":"3 Byrds","floor":19,"turns":4},{"damage":36,"enemies":"Book of Stabbing","floor":21,"turns":5},{"damage":5,"enemies":"Spheric Guardian","floor":22,"turns":3},{"damage":11,"enemies":"Centurion and Healer","floor":25,"turns":6},{"damage":2,"enemies":"Slavers","floor":26,"turns":6},{"damage":0,"enemies":"downfall:FleeingMerchant","floor":28,"turns":4},{"damage":12,"enemies":"downfall:FleeingMerchant","floor":29,"turns":8},{"damage":8,"enemies":"Snake Plant","floor":30,"turns":4},{"damage":25,"enemies":"downfall:FleeingMerchant","floor":31,"turns":4},{"damage":28,"enemies":"Cultist and Chosen","floor":32,"turns":4},{"damage":30,"enemies":"downfall:Defect","floor":33,"turns":8},{"damage":10,"enemies":"Giant Head","floor":36,"turns":5},{"damage":38,"enemies":"downfall:FleeingMerchant","floor":38,"turns":4},{"damage":24,"enemies":"3 Darklings","floor":39,"turns":4},{"damage":6,"enemies":"3 Shapes","floor":40,"turns":3},{"damage":30,"enemies":"Reptomancer","floor":44,"turns":6},{"damage":41,"enemies":"Transient","floor":45,"turns":5},{"damage":14,"enemies":"Maw","floor":47,"turns":6},{"damage":39,"enemies":"Mind Bloom Boss Battle","floor":48,"turns":7},{"damage":0,"enemies":"Jaw Worm Horde","floor":49,"turns":3},{"damage":16,"enemies":"downfall:Watcher","floor":50,"turns":7}],"seed_played":"-6012349929276629106","potions_obtained":[{"floor":4,"key":"champ:CounterPotion"},{"floor":10,"key":"BlessingOfTheForge"},{"floor":15,"key":"GamblersBrew"},{"floor":22,"key":"Explosive Potion"},{"floor":26,"key":"SneckoOil"},{"floor":33,"key":"Regen Potion"},{"floor":40,"key":"Energy Potion"},{"floor":49,"key":"ColorlessPotion"}],"is_trial":false,"path_per_floor":["R","?","R","M","R","M","T","E","M","E","?","?","$","M","M","B",null,"R","M","R","E","M","R","T","M","E","R","$","?","M","$","M","B",null,"R","E","R","$","M","M","T","?","R","E","M","?","M","?","M","B",null],"character_chosen":"THE_CHAMP","items_purchased":["champ:IronFortress","champ:IronFortress","PowerPotion"],"campfire_rested":0,"item_purchase_floors":[13,31,38],"current_hp_per_floor":[90,90,90,86,86,86,86,75,73,46,46,46,46,43,34,25,90,100,100,100,91,91,91,91,86,84,84,84,82,87,79,79,79,100,100,95,95,95,81,78,78,78,78,75,85,85,85,85,85,95],"gold":467,"neow_bonus":"THREE_CARDS","is_daily":false,"chose_seed":false,"campfire_upgraded":9,"win_rate":0.0,"timestamp":1608454746,"path_taken":["R","?","R","?","R","M","T","E","?","E","?","?","$","M","M","BOSS","R","M","R","E","M","R","T","?","E","R","$","?","M","$","M","BOSS","R","E","R","$","M","M","T","?","R","E","?","?","M","?","M","BOSS"],"items_purchased_type":["Card","Card","Potion"],"build_version":"2020-12-13","purchased_purges":2,"victory":true,"max_hp_per_floor":[90,90,90,90,90,90,90,90,90,90,90,90,90,90,90,90,90,100,100,100,100,100,100,100,100,100,100,100,100,100,100,100,100,100,100,100,100,100,100,100,100,100,100,100,100,100,100,100,100,100],"card_choices":[{"not_picked":["champ:IronFortress","champ:Encircle"],"picked":"champ:StanceDance","floor":0},{"not_picked":["champ:PerfectedStrike","champ:CrookedStrike","champ:DeathBlow"],"picked":"SKIP","floor":4},{"not_picked":["champ:BringItOn","champ:BerserkersShout"],"picked":"champ:StanceDance","floor":6},{"not_picked":["champ:BladeFlurry","champ:FocusedBerserking","champ:BerserkersShout"],"picked":"SKIP","floor":8},{"not_picked":["champ:Control","champ:AdrenalArmor","champ:RageSigil"],"picked":"champ:BerserkerStyle","floor":9},{"not_picked":["champ:DefensiveShout","champ:Balance","champ:FocusedDefense"],"picked":"champ:IronFortress","floor":10},{"not_picked":["champ:DefensiveShout","champ:PerfectedStrike","champ:FightOn"],"picked":"champ:GladiatorsShout","floor":13},{"not_picked":["champ:RisingSlash","champ:SwordSigil","champ:CrownThrow"],"picked":"champ:Lariat","floor":14},{"not_picked":["champ:SwordSigil","champ:BerserkersShout","champ:Haymaker"],"picked":"champ:Balance","floor":15},{"not_picked":["champ:DancingMaster","champ:IgnorePain","champ:VampiricStrike"],"picked":"champ:SteelEdge","floor":16},{"not_picked":["champ:RapidStrikes","champ:BladeFlurry+1","champ:GladiatorsShout","champ:RageSigil"],"picked":"SKIP","floor":19},{"not_picked":["champ:CalledShot","champ:ShieldThrow","champ:Shatter","champ:FocusedBerserking+1"],"picked":"SKIP","floor":21},{"not_picked":["champ:Lariat","champ:FanOfKnives+1","champ:Haymaker"],"picked":"champ:TornadoPunch","floor":22},{"not_picked":["champ:FaceSlap","champ:DeathBlow","champ:CrookedStrike+1","champ:RapidStrikes"],"picked":"SKIP","floor":25},{"not_picked":["champ:Backstep","champ:GladiatorsShout","champ:PreciseThrust"],"picked":"champ:StanceDance","floor":26},{"not_picked":["champ:ShieldThrow","champ:GladiatorsShout","champ:Encircle+1","champ:AdrenalArmor"],"picked":"SKIP","floor":28},{"not_picked":["champ:CrookedStrike","champ:Lariat","champ:Haymaker+1"],"picked":"champ:PreciseThrust","floor":29},{"not_picked":["champ:FaceSlap","champ:TornadoPunch","champ:CrownThrow","champ:ShieldWall"],"picked":"SKIP","floor":30},{"not_picked":["champ:PerfectedStrike+1","champ:RageSigil","champ:CalledShot+1"],"picked":"champ:Lariat+1","floor":31},{"not_picked":["champ:TornadoPunch","champ:ShieldWall","champ:ShieldSigil","champ:Backstep+1"],"picked":"SKIP","floor":32},{"not_picked":["champ:ShieldThrow","champ:Improvising","champ:CheapShot"],"picked":"champ:DancingMaster","floor":33},{"not_picked":["champ:GladiatorsShout+1","champ:SwordSigil+1","champ:EndlessRage","champ:BringItOn+1"],"picked":"SKIP","floor":36},{"not_picked":["champ:SwordSigil+1","champ:HeartStrike","champ:FocusedDefense"],"picked":"champ:Riposte+1","floor":38},{"not_picked":["champ:Haymaker+1","champ:DeathBlow","champ:Backstep+1"],"picked":"champ:FalseCounter+1","floor":39},{"not_picked":["champ:SwordSigil+1","champ:FlashCut","champ:AdrenalArmor+1","champ:VampiricStrike"],"picked":"SKIP","floor":40},{"not_picked":["champ:Circumvent+1","champ:FaceSlap","champ:CalledShot+1","champ:Control+1"],"picked":"SKIP","floor":44},{"not_picked":["champ:DeathBlow","champ:PreciseThrust","champ:AdrenalArmor+1","champ:Backstep"],"picked":"SKIP","floor":45},{"not_picked":["champ:Backstep","champ:Encircle+1","champ:ShieldWall+1","champ:FanOfKnives"],"picked":"SKIP","floor":47},{"not_picked":["champ:Haymaker","champ:TornadoPunch","champ:ShieldSigil","champ:FaceSlap+1"],"picked":"SKIP","floor":49}],"player_experience":522858,"relics_obtained":[{"floor":8,"key":"Question Card"},{"floor":10,"key":"Pen Nib"},{"floor":21,"key":"Orichalcum"},{"floor":24,"key":"InkBottle"},{"floor":26,"key":"Omamori"},{"floor":29,"key":"champ:BlackKnightHelmet"},{"floor":29,"key":"Sundial"},{"floor":36,"key":"Toy Ornithopter"},{"floor":41,"key":"Blue Candle"},{"floor":44,"key":"Potion Belt"},{"floor":48,"key":"Old Coin"}],"event_choices":[{"damage_healed":0,"gold_gain":0,"player_choice":"Forge","damage_taken":0,"max_hp_gain":0,"max_hp_loss":0,"event_name":"Accursed Blacksmith","floor":2,"gold_loss":0,"cards_upgraded":["champ:Taunt"]},{"damage_healed":0,"gold_gain":0,"player_choice":"Grow","damage_taken":0,"max_hp_gain":0,"max_hp_loss":0,"event_name":"Living Wall","floor":11,"gold_loss":0,"cards_upgraded":["champ:StanceDance"]},{"damage_healed":0,"gold_gain":0,"player_choice":"Upgraded","damage_taken":0,"max_hp_gain":0,"max_hp_loss":0,"event_name":"Upgrade Shrine","floor":12,"gold_loss":0,"cards_upgraded":["champ:IronFortress"]},{"cards_removed":["champ:Strike"],"damage_healed":0,"gold_gain":0,"player_choice":"Purged","damage_taken":0,"max_hp_gain":0,"max_hp_loss":0,"event_name":"Purifier","floor":42,"gold_loss":0}],"is_beta":false,"boss_relics":[{"not_picked":["Tiny House","SacredBark"],"picked":"Runic Dome"},{"not_picked":["Fusion Hammer","Sozu"],"picked":"Cursed Key"}],"items_purged_floors":[28,38],"is_endless":false,"potions_floor_spawned":[4,10,15,22,26,30,32,33,36,40,49],"ascension_level":0}}