{"host":"pl1fbpkom0aq337f","time":1608467066,"event":{"mods":["AchievementEnabler","BaseMod","Colored Map","Marisa????????","Minty Spire (QoL Compilation)"],"gold_per_floor":[116,132,132,132,10,10,43,43,123,167,167,198,198,247,247,247,247,358,358,377,182,207,207,13,13,64,118,118,118,118,93,93,121,147,177,177,177,253,253,268,268,278,278,108,150,150,179,202,211,211,243,258,258,335,189,221,146,146,146,146,146,44,78,78,78],"floor_reached":64,"playtime":4601,"items_purged":["AbsoluteMagnitude","Regret"],"score":1632,"play_id":"122a06d1-da46-499e-b6ab-8b251b96289e","local_time":"20201220132426","is_ascension_mode":true,"campfire_choices":[{"data":"DeepEcoloBomb","floor":6.0,"key":"SMITH"},{"data":"MasterSpark","floor":8.0,"key":"SMITH"},{"data":"AsteroidBelt","floor":11.0,"key":"SMITH"},{"data":"AsteroidBelt","floor":15.0,"key":"SMITH"},{"data":"MysteriousBeam","floor":17,"key":"SMITH"},{"floor":25,"key":"REST"},{"data":"EscapeVelocity","floor":32,"key":"SMITH"},{"floor":36,"key":"REST"},{"data":"GasGiant","floor":37,"key":"SMITH"},{"data":"Orbital","floor":46,"key":"SMITH"},{"data":"IllusionStar","floor":50,"key":"SMITH"},{"floor":53,"key":"RECALL"},{"data":"EscapeVelocity","floor":58,"key":"SMITH"},{"data":"MachineGunSpark","floor":61,"key":"SMITH"}],"circlet_count":0,"master_deck":["AscendersBane","MasterSpark+1","UpSweep","AsteroidBelt+1","MysteriousBeam+1","DeepEcoloBomb+1","WitchOfGreed","GrandCross+1","MachineGunSpark+1","EscapeVelocity+1","AsteroidBelt+1","ManaConvection","AbsoluteMagnitude","GasGiant+1","ManaConvection","ShootTheMoon","Orbital+1","IllusionStar+1","MeteoricShower","ShootingEcho","WitchLeyline","WitchLeyline","MagicAbsorber","BlazingStar+1","ShootingEcho","GasGiant","EscapeVelocity+1","MeteoricShower","MachineGunSpark+1"],"relics":["MiniHakkero","NeowsBlessing","Blood Vial","Oddly Smooth Stone","Singing Bowl","Whetstone","Incense Burner","Bloody Idol","Pandora\u0027s Box","Membership Card","Enchiridion","SproutingBranch","StrikeDummy","Cursed Key","Boot","Sling","Akabeko","Letter Opener","CeramicFish","BreadOfAWashokuLover","CaptainsWheel","DollysMirror","Bag of Marbles","Anchor","Nunchaku"],"acts_visited":["Exordium","TheCity","TheBeyond","TheEnding"],"potions_floor_usage":[20,27,33,38,40,45,52,59,64],"damage_taken":[{"damage":0.0,"enemies":"Jaw Worm","floor":1.0,"turns":1.0},{"damage":0.0,"enemies":"2 Louse","floor":2.0,"turns":1.0},{"damage":0.0,"enemies":"3 Sentries","floor":7.0,"turns":1.0},{"damage":10.0,"enemies":"Lagavulin","floor":10.0,"turns":6.0},{"damage":0.0,"enemies":"Small Slimes","floor":12.0,"turns":5.0},{"damage":0.0,"enemies":"3 Sentries","floor":14.0,"turns":5.0},{"damage":33,"enemies":"The Guardian","floor":18,"turns":11},{"damage":8,"enemies":"3 Byrds","floor":20,"turns":6},{"damage":2,"enemies":"Chosen","floor":22,"turns":3},{"damage":33,"enemies":"Book of Stabbing","floor":26,"turns":5},{"damage":5,"enemies":"Centurion and Healer","floor":27,"turns":5},{"damage":33,"enemies":"Snake Plant","floor":33,"turns":3},{"damage":4,"enemies":"Cultist and Chosen","floor":34,"turns":4},{"damage":0,"enemies":"Centurion and Healer","floor":35,"turns":4},{"damage":76,"enemies":"Collector","floor":38,"turns":8},{"damage":3,"enemies":"3 Darklings","floor":40,"turns":5},{"damage":0,"enemies":"3 Shapes","floor":42,"turns":2},{"damage":30,"enemies":"Giant Head","floor":45,"turns":7},{"damage":31,"enemies":"Reptomancer","floor":47,"turns":4},{"damage":0,"enemies":"Sphere and 2 Shapes","floor":51,"turns":4},{"damage":0,"enemies":"Spire Growth","floor":52,"turns":2},{"damage":25,"enemies":"2 Orb Walkers","floor":54,"turns":3},{"damage":9,"enemies":"Nemesis","floor":56,"turns":3},{"damage":21,"enemies":"Donu and Deca","floor":59,"turns":7},{"damage":72,"enemies":"Shield and Spear","floor":63,"turns":5},{"damage":113,"enemies":"The Heart","floor":64,"turns":6}],"seed_played":"3842248724170904564","potions_obtained":[{"floor":2.0,"key":"LiquidBronze"},{"floor":7.0,"key":"SneckoOil"},{"floor":10.0,"key":"SteroidPotion"},{"floor":14.0,"key":"ShroomBrew"},{"floor":18,"key":"AttackPotion"},{"floor":18,"key":"FairyPotion"},{"floor":26,"key":"ColorlessPotion"},{"floor":27,"key":"Ancient Potion"},{"floor":33,"key":"DistilledChaos"},{"floor":38,"key":"DistilledChaos"},{"floor":40,"key":"LiquidMemories"},{"floor":45,"key":"SneckoOil"},{"floor":51,"key":"Fruit Juice"},{"floor":52,"key":"BottledSpark"}],"is_trial":false,"path_per_floor":["M","M","?","?","$","R","E","R","T","E","R","M","?","E","R","?","R","B",null,"M","$","M","?","$","R","E","M","?","T","?","$","R","M","M","M","R","R","B",null,"M","?","M","?","$","E","R","E","T","T","R","M","M","R","?","$","E","?","R","B",null,"R","$","E","B"],"character_chosen":"MARISA","items_purchased":["DeepEcoloBomb","WitchOfGreed","Membership Card","SproutingBranch","WitchLeyline","Boot","ShootingEcho","Sling","DollysMirror","MachineGunSpark","SkillPotion","Anchor"],"campfire_rested":2,"item_purchase_floors":[5,5,21,24,31,44,44,44,55,55,62,62],"current_hp_per_floor":[63,63,58,63,63,63,65,65,65,57,57,61,61,63,63,63,63,34,63,57,57,59,38,38,60,43,54,54,54,54,54,54,37,54,73,76,76,11,60,78,78,80,82,82,61,61,49,54,59,59,82,93,93,84,93,95,95,95,96,105,105,105,48,0,0],"gold":78,"neow_bonus":"THREE_ENEMY_KILL","is_daily":false,"chose_seed":false,"campfire_upgraded":11,"win_rate":0.0,"timestamp":1608467066,"path_taken":["M","M","?","?","$","R","E","R","T","E","R","M","?","E","R","?","R","BOSS","M","$","M","?","$","R","E","M","?","T","?","$","R","M","?","M","R","R","BOSS","M","?","?","?","$","E","R","E","T","T","R","M","M","R","?","?","E","?","R","BOSS","R","$","E","BOSS"],"items_purchased_type":["Card","Card","Relic","Relic","Card","Relic","Card","Relic","Relic","Card","Potion","Relic"],"build_version":"2020-12-13","purchased_purges":2,"victory":false,"max_hp_per_floor":[70,70,70,75,75,75,75,75,75,75,75,77,77,77,77,70,70,72,72,72,72,74,74,74,74,74,74,74,74,74,74,74,74,76,76,76,76,76,76,78,78,80,82,82,84,84,84,84,84,84,86,93,93,93,93,95,95,95,108,108,108,108,110,110,110],"card_choices":[{"not_picked":["GravityBeat","ChargingUp"],"picked":"AsteroidBelt","floor":1.0},{"not_picked":["UnstableBomb","DragonMeteor"],"picked":"MysteriousBeam","floor":2.0},{"not_picked":["PowerUp","NonDirectionalLaser"],"picked":"GrandCross","floor":7.0},{"not_picked":["MilkyWay","DC"],"picked":"MachineGunSpark","floor":10.0},{"not_picked":["UnstableBomb","StarlightTyphoon","DC"],"picked":"Singing Bowl","floor":12.0},{"not_picked":["GravityBeat","Singularity"],"picked":"AsteroidBelt","floor":14.0},{"not_picked":["JA","EscapeVelocity","TreasureHunter"],"picked":"Singing Bowl","floor":18},{"not_picked":["EventHorizon","DarkMatter"],"picked":"IllusionStar","floor":20},{"not_picked":["MysteriousBeam","ManaConvection","OrrerysSun"],"picked":"Singing Bowl","floor":22},{"not_picked":["AsteroidBelt+1","MaximisePower"],"picked":"MeteoricShower","floor":26},{"not_picked":["StarlightTyphoon","DeepEcoloBomb"],"picked":"ShootingEcho","floor":27},{"not_picked":["PropBag","MachineGunSpark+1"],"picked":"WitchLeyline","floor":33},{"not_picked":["ShootingEcho","Singularity+1","MysteriousBeam"],"picked":"Singing Bowl","floor":34},{"not_picked":["StarBarrage","DC"],"picked":"MagicAbsorber","floor":35},{"not_picked":["JA","CollectingQuirk"],"picked":"BlazingStar","floor":38},{"not_picked":["EventHorizon","ChargeUpSpray","DC"],"picked":"Singing Bowl","floor":40},{"not_picked":["WitchOfGreed","MysteriousBeam","SatelliteIllusion"],"picked":"Singing Bowl","floor":42},{"not_picked":["Panacea","Impatience","Madness"],"picked":"Singing Bowl","floor":43},{"not_picked":["SprinkleStarSeal","EventHorizon+1","SporeBomb"],"picked":"Singing Bowl","floor":45},{"not_picked":["ChargingUp","Acceleration"],"picked":"GasGiant","floor":47},{"not_picked":["EarthLightRay+1","MysteriousBeam","GrandCross"],"picked":"Singing Bowl","floor":51},{"not_picked":["EventHorizon","6A","GravityBeat"],"picked":"Singing Bowl","floor":52},{"not_picked":["WitchOfGreed","SporeBomb+1"],"picked":"EscapeVelocity","floor":54},{"not_picked":["MilkyWay","Acceleration+1","NonDirectionalLaser"],"picked":"Singing Bowl","floor":56},{"not_picked":["OrrerysSun","WitchLeyline+1","MachineGunSpark"],"picked":"Singing Bowl","floor":63}],"player_experience":480597,"relics_obtained":[{"floor":7.0,"key":"Oddly Smooth Stone"},{"floor":9.0,"key":"Singing Bowl"},{"floor":10.0,"key":"Whetstone"},{"floor":14.0,"key":"Incense Burner"},{"floor":23,"key":"Enchiridion"},{"floor":26,"key":"StrikeDummy"},{"floor":45,"key":"Akabeko"},{"floor":47,"key":"Letter Opener"},{"floor":48,"key":"CeramicFish"},{"floor":49,"key":"BreadOfAWashokuLover"},{"floor":54,"key":"CaptainsWheel"},{"floor":56,"key":"Bag of Marbles"},{"floor":63,"key":"Nunchaku"}],"event_choices":[{"damage_healed":0.0,"max_hp_gain":0.0,"max_hp_loss":0.0,"gold_gain":0.0,"event_name":"Scrap Ooze","player_choice":"Success","floor":3.0,"gold_loss":0.0,"damage_taken":5.0,"relics_obtained":["Blood Vial"]},{"damage_healed":0.0,"max_hp_gain":5.0,"max_hp_loss":0.0,"gold_gain":0.0,"event_name":"Big Fish","player_choice":"Donut","floor":4.0,"gold_loss":0.0,"damage_taken":0.0},{"damage_healed":0.0,"max_hp_gain":0.0,"max_hp_loss":0.0,"gold_gain":0.0,"cards_transformed":["Strike_MRS"],"event_name":"Living Wall","player_choice":"Change","floor":13.0,"gold_loss":0.0,"damage_taken":0.0,"cards_obtained":["EscapeVelocity"]},{"damage_healed":0,"gold_gain":0,"player_choice":"Lose Max HP","damage_taken":0,"relics_obtained":["Golden Idol"],"max_hp_gain":0,"max_hp_loss":7,"event_name":"Golden Idol","floor":16,"gold_loss":0},{"damage_healed":0,"gold_gain":0,"player_choice":"Obtained Book","damage_taken":21,"max_hp_gain":0,"max_hp_loss":0,"event_name":"Cursed Tome","floor":23,"gold_loss":0},{"damage_healed":0,"gold_gain":0,"player_choice":"Ignored","damage_taken":0,"max_hp_gain":0,"max_hp_loss":0,"event_name":"The Mausoleum","floor":28,"gold_loss":0},{"damage_healed":0,"gold_gain":0,"player_choice":"Gave Idol","damage_taken":0,"relics_obtained":["Bloody Idol"],"max_hp_gain":0,"max_hp_loss":0,"event_name":"Forgotten Altar","floor":30,"relics_lost":["Golden Idol"],"gold_loss":0},{"damage_healed":0,"gold_gain":0,"player_choice":"Upgraded","damage_taken":0,"max_hp_gain":0,"max_hp_loss":0,"event_name":"Upgrade Shrine","floor":41,"gold_loss":0,"cards_upgraded":["BlazingStar"]},{"damage_healed":0,"gold_gain":0,"player_choice":"Memory 1","damage_taken":0,"max_hp_gain":0,"max_hp_loss":0,"event_name":"SensoryStone","floor":43,"gold_loss":0},{"damage_healed":0,"gold_gain":0,"player_choice":"Fight","damage_taken":0,"max_hp_gain":0,"max_hp_loss":0,"event_name":"Mysterious Sphere","floor":54,"gold_loss":0},{"cards_removed":["Regret"],"damage_healed":0,"gold_gain":0,"player_choice":"Single Remove","damage_taken":0,"max_hp_gain":0,"max_hp_loss":0,"event_name":"Designer","floor":57,"gold_loss":75}],"is_beta":false,"boss_relics":[{"not_picked":["Runic Dome","Velvet Choker"],"picked":"Pandora\u0027s Box"},{"not_picked":["Runic Pyramid","Philosopher\u0027s Stone"],"picked":"Cursed Key"}],"items_purged_floors":[21,55],"is_endless":false,"potions_floor_spawned":[2,7,18,26,33,38,40,45,47,52,56],"killed_by":"The Heart","ascension_level":15}}