{"host":"8hy8aczuekhxmmq8","time":1608447239,"event":{"mods":["BaseMod","Colored Map","Colored Powertips","DeckTracker","Minty Spire (QoL Compilation)","Quick Restart","StSLib","SuperFastMode"],"gold_per_floor":[119,138,138,313,340,340,350,350,350,53,79,104,104,120,120,216,216,231,60,79,79,0,0,18,18,71,83,83,83,83,83],"floor_reached":30,"playtime":776,"items_purged":["Doubt","Demon Form"],"score":226,"play_id":"996fa0aa-c007-4a6b-be51-4496fd3cba54","local_time":"20201220155359","is_ascension_mode":false,"campfire_choices":[{"data":"Immolate","floor":6,"key":"SMITH"},{"data":"Iron Wave","floor":8,"key":"SMITH"},{"data":"True Grit","floor":13,"key":"SMITH"},{"data":"Metallicize","floor":15,"key":"SMITH"},{"data":"Evolve","floor":23,"key":"SMITH"},{"data":"Dark Embrace","floor":25,"key":"SMITH"}],"circlet_count":0,"master_deck":["Strike_R","Defend_R","Defend_R","Defend_R","Defend_R","Bash","CurseOfTheBell","Twin Strike","Immolate+1","Iron Wave+1","Metallicize+1","Clash","True Grit+1","Battle Trance","Fire Breathing+1","Warcry+1","Twin Strike+1","Dark Embrace+1","Clash","Writhe","Evolve+1","Juggernaut","Dark Embrace"],"relics":["Calling Bell","Centennial Puzzle","Meat on the Bone","Champion Belt","Art of War","Anchor","ClockworkSouvenir","Odd Mushroom","Red Skull","Astrolabe","PreservedInsect","Blood Vial"],"acts_visited":["Exordium","TheCity"],"potions_floor_usage":[27],"damage_taken":[{"damage":6,"enemies":"Jaw Worm","floor":1,"turns":3},{"damage":0,"enemies":"2 Louse","floor":2,"turns":2},{"damage":0,"enemies":"Small Slimes","floor":7,"turns":2},{"damage":0,"enemies":"The Mushroom Lair","floor":11,"turns":1},{"damage":13,"enemies":"3 Sentries","floor":12,"turns":5},{"damage":0,"enemies":"Looter","floor":14,"turns":2},{"damage":41,"enemies":"Hexaghost","floor":16,"turns":11},{"damage":15,"enemies":"3 Byrds","floor":18,"turns":4},{"damage":6,"enemies":"Shell Parasite","floor":20,"turns":6},{"damage":22,"enemies":"Centurion and Healer","floor":24,"turns":5},{"damage":42,"enemies":"Sentry and Sphere","floor":27,"turns":6},{"damage":25,"enemies":"3 Cultists","floor":30,"turns":3}],"seed_played":"1609781552109306782","potions_obtained":[{"floor":1,"key":"BloodPotion"},{"floor":11,"key":"SpeedPotion"},{"floor":24,"key":"SmokeBomb"}],"is_trial":false,"path_per_floor":["M","M","?","?","T","R","M","R","T","$","?","E","R","M","R","B",null,"M","$","M","?","$","R","M","R","T","M","?","?","M"],"character_chosen":"IRONCLAD","items_purchased":["Metallicize","ClockworkSouvenir","Dark Embrace","Evolve"],"campfire_rested":0,"item_purchase_floors":[10,10,19,22],"current_hp_per_floor":[74,74,74,74,74,74,74,74,74,74,74,61,61,61,61,32,80,65,65,59,59,59,59,49,49,49,37,37,22,0,0],"gold":83,"neow_bonus":"BOSS_RELIC","is_daily":false,"chose_seed":false,"campfire_upgraded":6,"win_rate":0.0,"timestamp":1608447239,"path_taken":["M","M","?","?","?","R","?","R","T","$","?","E","R","M","R","BOSS","M","$","M","?","$","R","M","R","T","M","?","?","M"],"items_purchased_type":["Card","Relic","Card","Card"],"build_version":"2020-12-13","purchased_purges":2,"victory":false,"max_hp_per_floor":[80,80,80,80,80,80,80,80,80,80,80,80,80,80,80,80,80,80,80,80,80,80,80,80,80,80,80,80,85,85,85],"card_choices":[{"not_picked":["Rupture","Anger"],"picked":"Twin Strike","floor":1},{"not_picked":["Warcry","Flex"],"picked":"Immolate","floor":2},{"not_picked":["Anger","Havoc"],"picked":"Iron Wave","floor":7},{"not_picked":["Sever Soul","Feel No Pain"],"picked":"Clash","floor":11},{"not_picked":["Intimidate","Immolate"],"picked":"True Grit","floor":12},{"not_picked":["Warcry","Heavy Blade"],"picked":"Battle Trance","floor":14},{"not_picked":["Exhume","Corruption"],"picked":"Demon Form","floor":16},{"not_picked":["Havoc","Disarm","Flex"],"picked":"SKIP","floor":18},{"not_picked":["Anger+1","Sword Boomerang"],"picked":"Clash","floor":20},{"not_picked":["Heavy Blade","Warcry"],"picked":"Juggernaut","floor":24},{"not_picked":["Headbutt","Iron Wave","Intimidate"],"picked":"SKIP","floor":27}],"player_experience":41851,"relics_obtained":[{"floor":0,"key":"Centennial Puzzle"},{"floor":0,"key":"Meat on the Bone"},{"floor":0,"key":"Champion Belt"},{"floor":5,"key":"Art of War"},{"floor":9,"key":"Anchor"},{"floor":11,"key":"Odd Mushroom"},{"floor":12,"key":"Red Skull"},{"floor":26,"key":"Blood Vial"}],"event_choices":[{"cards_removed":["Strike_R"],"damage_healed":0,"gold_gain":0,"player_choice":"Forget","damage_taken":0,"max_hp_gain":0,"max_hp_loss":0,"event_name":"Living Wall","floor":3,"gold_loss":0},{"damage_healed":0,"gold_gain":175,"player_choice":"AGREE","damage_taken":0,"max_hp_gain":0,"max_hp_loss":0,"event_name":"Liars Game","floor":4,"gold_loss":0,"cards_obtained":["Doubt"]},{"damage_healed":0,"gold_gain":0,"player_choice":"Fought Mushrooms","damage_taken":0,"max_hp_gain":0,"max_hp_loss":0,"event_name":"Mushrooms","floor":11,"gold_loss":0},{"damage_healed":0,"gold_gain":0,"player_choice":"Opened","damage_taken":0,"relics_obtained":["PreservedInsect"],"max_hp_gain":0,"max_hp_loss":0,"event_name":"The Mausoleum","floor":21,"gold_loss":0,"cards_obtained":["Writhe"]},{"damage_healed":0,"gold_gain":0,"player_choice":"Read","damage_taken":0,"max_hp_gain":0,"max_hp_loss":0,"event_name":"The Library","floor":28,"gold_loss":0,"cards_obtained":["Dark Embrace"]},{"damage_healed":0,"gold_gain":0,"player_choice":"Shed Blood","damage_taken":20,"max_hp_gain":5,"max_hp_loss":0,"event_name":"Forgotten Altar","floor":29,"gold_loss":0}],"is_beta":false,"boss_relics":[{"not_picked":["SlaversCollar","Ectoplasm"],"picked":"Astrolabe"}],"items_purged_floors":[10,19],"is_endless":false,"potions_floor_spawned":[1,11,24],"killed_by":"3 Cultists","ascension_level":0}}