{"host":"79p0n9jgvmu4oxs9","time":1608470090,"event":{"mods":["AchievementEnabler","Act Like it!","BaseMod","Colored Map","Downfall","Friendly Minions","GifTheSpireLib","Minty Spire (QoL Compilation)","Rare Cards Sparkle","StSLib","The Dragon Tamer"],"gold_per_floor":[113,123,198,267,267,298,313,313,384,417,417,417,427,461,461,561,561,572,591,591,606,606,618,618,643,643,677,689,689,689,420,420,524,574,594,609,622,622,622,622,636,636,636,646,666,666,677,677,677,677,677,677],"floor_reached":50,"playtime":2393,"items_purged":["Writhe"],"score":679,"play_id":"43efda75-6b4f-4d5a-9b60-c767e3e77eea","local_time":"20201220051450","is_ascension_mode":false,"metric_token":723,"campfire_choices":[{"data":"DTMod:Training","floor":8,"key":"SMITH"},{"floor":12,"key":"REST"},{"data":"DTMod:Training","floor":15,"key":"SMITH"},{"data":"DTMod:SealedStrike+1","floor":24,"key":"SMITH"},{"floor":30,"key":"REST"},{"floor":32,"key":"REST"},{"data":"DTMod:MagiciansMark","floor":40,"key":"SMITH"},{"data":"DTMod:SealedStrike+2","floor":42,"key":"SMITH"},{"data":"DTMod:SealedStrike+3","floor":46,"key":"SMITH"},{"floor":49,"key":"REST"}],"dtmod_dragon_data":[0,58,3,0,10,0],"circlet_count":0,"master_deck":["DTMod:DoubleHit","DTMod:TargetDefense","DTMod:TargetDefense","DTMod:TargetDefense","DTMod:SwitchingTactic","DTMod:HeatWave","DTMod:ComboAttack","DTMod:Training+1","DTMod:ComboAttack","DTMod:Feint+1","DTMod:FlameSlash","DTMod:Training+1","DTMod:ShadowImage","DTMod:SealedStrike+4","DTMod:BalancedStrike+1","DTMod:Overwhelm+1","DTMod:Weaken","DTMod:WarmUp+1","DTMod:MagiciansMark+1","DTMod:Weaken","DTMod:ShadowImage","DTMod:Feint","DTMod:Threaten","DTMod:StunTrap"],"relics":["DTMod:PactStone","NeowsBlessing","Meat on the Bone","Art of War","Gremlin Horn","Anchor","CaptainsWheel","Astrolabe","Akabeko","WingedGreaves","Blood Vial","Ornamental Fan","Vajra","Tiny House","Eternal Feather","DTMod:TacticalNote"],"acts_visited":["Exordium","TheCity","TheBeyond"],"potions_floor_usage":[10,14,16,21,21,27,33,33,41,47,48,50,50],"damage_taken":[{"damage":0,"enemies":"Cultist","floor":1,"turns":1},{"damage":0,"enemies":"Small Slimes","floor":2,"turns":1},{"damage":0,"enemies":"Gremlin Nob","floor":6,"turns":1},{"damage":0,"enemies":"Jaw Worm","floor":7,"turns":5},{"damage":0,"enemies":"Lagavulin","floor":10,"turns":5},{"damage":0,"enemies":"Large Slime","floor":13,"turns":3},{"damage":0,"enemies":"3 Sentries","floor":14,"turns":4},{"damage":3,"enemies":"Hexaghost","floor":16,"turns":7},{"damage":0,"enemies":"2 Thieves","floor":18,"turns":3},{"damage":0,"enemies":"Shell Parasite","floor":19,"turns":4},{"damage":0,"enemies":"Snake Plant","floor":21,"turns":2},{"damage":0,"enemies":"3 Cultists","floor":23,"turns":5},{"damage":0,"enemies":"Book of Stabbing","floor":25,"turns":6},{"damage":11,"enemies":"Slavers","floor":27,"turns":8},{"damage":7,"enemies":"Snecko","floor":28,"turns":6},{"damage":0,"enemies":"Collector","floor":33,"turns":4},{"damage":0,"enemies":"3 Shapes","floor":35,"turns":2},{"damage":0,"enemies":"3 Darklings","floor":36,"turns":4},{"damage":0,"enemies":"Sphere and 2 Shapes","floor":37,"turns":3},{"damage":0,"enemies":"Jaw Worm Horde","floor":41,"turns":3},{"damage":2,"enemies":"Writhing Mass","floor":44,"turns":5},{"damage":0,"enemies":"Transient","floor":45,"turns":5},{"damage":10,"enemies":"3 Darklings","floor":47,"turns":7},{"damage":0,"enemies":"Maw","floor":48,"turns":1},{"damage":52,"enemies":"Donu and Deca","floor":50,"turns":6}],"seed_played":"-5703093322347181470","potions_obtained":[{"floor":7,"key":"FearPotion"},{"floor":10,"key":"LiquidBronze"},{"floor":14,"key":"Fire Potion"},{"floor":16,"key":"Slimebound:ThreeZeroPotion"},{"floor":19,"key":"Fire Potion"},{"floor":25,"key":"LiquidMemories"},{"floor":28,"key":"DistilledChaos"},{"floor":29,"key":"Energy Potion"},{"floor":29,"key":"PowerPotion"},{"floor":34,"key":"Strength Potion"},{"floor":36,"key":"ColorlessPotion"},{"floor":41,"key":"sneckomod:MuddlingPotion"},{"floor":47,"key":"SmokeBomb"}],"is_trial":false,"path_per_floor":["M","M","?","T","?","E","M","R","T","E","?","R","M","E","R","B",null,"M","M","?","M","?","M","R","E","T","E","M","?","R","$","R","B",null,"M","M","M","?","T","R","M","R","T","M","M","R","M","M","R","B"],"character_chosen":"THE_DT","items_purchased":["Vajra","DTMod:Weaken"],"campfire_rested":4,"item_purchase_floors":[31,31],"current_hp_per_floor":[45,45,34,34,34,34,34,34,34,34,34,45,45,45,45,42,45,45,45,45,45,45,45,45,45,45,34,29,29,42,42,45,45,50,50,50,50,50,50,50,50,50,50,48,50,50,40,42,50,0,0,0],"gold":677,"neow_bonus":"THREE_ENEMY_KILL","is_daily":false,"chose_seed":false,"campfire_upgraded":6,"win_rate":0.0,"timestamp":1608470090,"path_taken":["M","?","?","?","?","E","?","R","T","E","?","R","M","E","R","BOSS","M","?","?","M","?","?","R","E","T","E","?","?","R","$","R","BOSS","M","?","M","?","?","R","M","R","T","M","M","R","?","M","R","BOSS"],"items_purchased_type":["Relic","Card"],"build_version":"2020-12-13","purchased_purges":1,"victory":false,"max_hp_per_floor":[45,45,45,45,45,45,45,45,45,45,45,45,45,45,45,45,45,45,45,45,45,45,45,45,45,45,45,45,45,45,45,45,45,50,50,50,50,50,50,50,50,50,50,50,50,50,50,50,50,50,50,50],"card_choices":[{"not_picked":["DTMod:BizarreTactic","DTMod:DragonDance"],"picked":"DTMod:HeatWave","floor":1},{"not_picked":["DTMod:BurningEnergy","DTMod:MasterPlan"],"picked":"DTMod:ComboAttack","floor":2},{"not_picked":["DTMod:HeatWave","DTMod:LowKick","DTMod:BreakAttack"],"picked":"SKIP","floor":6},{"not_picked":["DTMod:CleansingStrike","DTMod:LastStand"],"picked":"DTMod:ComboAttack","floor":7},{"not_picked":["DTMod:CalculatedDefense","DTMod:DragonDance"],"picked":"DTMod:Feint","floor":10},{"not_picked":["DTMod:MaximumCharge","DTMod:SealedStrike"],"picked":"DTMod:FlameSlash","floor":13},{"not_picked":["DTMod:ShieldDrain","DTMod:BizarreTactic"],"picked":"DTMod:Training","floor":14},{"not_picked":["DTMod:HeadStart","DTMod:StunTrap"],"picked":"DTMod:ShadowImage","floor":16},{"not_picked":["DTMod:Hide+1","DTMod:Observe"],"picked":"DTMod:Weaken","floor":18},{"not_picked":["DTMod:BlazingStrike","DTMod:MasterPlan","DTMod:LowKick+1"],"picked":"SKIP","floor":19},{"not_picked":["DTMod:MasterPlan","DTMod:LastStand"],"picked":"DTMod:WarmUp+1","floor":21},{"not_picked":["DTMod:QuickFly","DTMod:BuildUp+1","DTMod:HeatWave"],"picked":"SKIP","floor":23},{"not_picked":["DTMod:Shift+1","DTMod:LastStand","DTMod:MasterPlan"],"picked":"SKIP","floor":25},{"not_picked":["DTMod:QuickFly","DTMod:Punisher"],"picked":"DTMod:MagiciansMark","floor":27},{"not_picked":["DTMod:RunningTactic","DTMod:BuildUp","DTMod:BlazingStrike+1"],"picked":"SKIP","floor":28},{"not_picked":["DTMod:EchoTactic","DTMod:TriAttack"],"picked":"DTMod:ShadowImage","floor":33},{"not_picked":["DTMod:BlazingStrike","DTMod:MaximumCharge+1"],"picked":"DTMod:Feint","floor":34},{"not_picked":["DTMod:Punisher","DTMod:CleansingStrike+1","DTMod:Haste"],"picked":"SKIP","floor":35},{"not_picked":["DTMod:MasterPlan","DTMod:Cover+1","DTMod:Adaptation"],"picked":"SKIP","floor":36},{"not_picked":["DTMod:WarmUp","DTMod:ComboAttack","DTMod:QuickFly+1"],"picked":"SKIP","floor":37},{"not_picked":["DTMod:BreakAttack","DTMod:MagicField+1"],"picked":"DTMod:Threaten","floor":41},{"not_picked":["DTMod:Dissolve","DTMod:MagiciansMark"],"picked":"DTMod:StunTrap","floor":44},{"not_picked":["DTMod:MasterPlan+1","DTMod:Training+1","DTMod:CleansingStrike"],"picked":"SKIP","floor":45},{"not_picked":["DTMod:FlameSlash","DTMod:Hide+1","DTMod:BurningEnergy"],"picked":"SKIP","floor":47}],"player_experience":847946,"relics_obtained":[{"floor":4,"key":"Meat on the Bone"},{"floor":6,"key":"Art of War"},{"floor":9,"key":"Gremlin Horn"},{"floor":10,"key":"Anchor"},{"floor":14,"key":"CaptainsWheel"},{"floor":25,"key":"WingedGreaves"},{"floor":26,"key":"Blood Vial"},{"floor":27,"key":"Ornamental Fan"},{"floor":39,"key":"Eternal Feather"},{"floor":43,"key":"DTMod:TacticalNote"}],"event_choices":[{"damage_healed":0,"gold_gain":75,"player_choice":"Gather Gold","damage_taken":11,"max_hp_gain":0,"max_hp_loss":0,"event_name":"World of Goop","floor":3,"gold_loss":0},{"damage_healed":0,"gold_gain":0,"cards_transformed":["DTMod:Strike"],"player_choice":"Transformed","damage_taken":0,"max_hp_gain":0,"max_hp_loss":0,"event_name":"Transmorgrifier","floor":5,"gold_loss":0,"cards_obtained":["DTMod:Training"]},{"cards_removed":["DTMod:Strike"],"damage_healed":0,"gold_gain":0,"player_choice":"Purged","damage_taken":0,"max_hp_gain":0,"max_hp_loss":0,"event_name":"Purifier","floor":11,"gold_loss":0},{"damage_healed":0,"gold_gain":0,"player_choice":"Opened","damage_taken":0,"relics_obtained":["Akabeko"],"max_hp_gain":0,"max_hp_loss":0,"event_name":"The Mausoleum","floor":20,"gold_loss":0,"cards_obtained":["Writhe"]},{"damage_healed":0,"gold_gain":0,"player_choice":"0 cards matched","damage_taken":0,"max_hp_gain":0,"max_hp_loss":0,"event_name":"Match and Keep!","floor":22,"gold_loss":0,"cards_obtained":[]},{"damage_healed":0,"gold_gain":0,"player_choice":"Got Potions","damage_taken":0,"max_hp_gain":0,"max_hp_loss":0,"event_name":"Lab","floor":29,"gold_loss":0},{"damage_healed":0,"gold_gain":0,"player_choice":"Ignored","damage_taken":0,"max_hp_gain":0,"max_hp_loss":0,"event_name":"Mysterious Sphere","floor":38,"gold_loss":0}],"is_beta":false,"boss_relics":[{"not_picked":["Pandora\u0027s Box","SacredBark"],"picked":"Astrolabe"},{"not_picked":["Empty Cage","Runic Pyramid"],"picked":"Tiny House"}],"items_purged_floors":[31],"is_endless":false,"potions_floor_spawned":[7,10,14,16,19,25,28,36,41,47,48],"killed_by":"Donu and Deca","ascension_level":0}}