{"host":"ln38befi3ugo1bsw","time":1608442967,"event":{"mods":["BaseMod","BetterRewards","Colored Map","Colored Powertips","Downfall","Hermit","Jorbs\u0027s Wanderer Trilogy","Lobotomy","Marisa????????","Minty Spire (QoL Compilation)","READ ME - Guardian Mod","READ ME - Snecko Mod","StSLib","SuperFastMode","The Cursed","The Servant 0.9.4"],"gold_per_floor":[113,188,15,34,48,79,79,99,99,127,127,153,168,182,182,287,287,302,158,168,0,0,0,0,10,62,62,73,73,86,100,100,100,100],"floor_reached":33,"playtime":1868,"items_purged":["Defend_G"],"score":269,"play_id":"7fc07584-f1cc-4fa4-af34-d23e40afbd48","local_time":"20201220004247","is_ascension_mode":false,"campfire_choices":[{"floor":7,"key":"REST"},{"floor":11,"key":"REST"},{"floor":15,"key":"REST"},{"data":"Well Laid Plans","floor":23,"key":"SMITH"},{"data":"Crippling Poison","floor":27,"key":"SMITH"},{"floor":29,"key":"REST"},{"floor":32,"key":"REST"}],"circlet_count":0,"master_deck":["Strike_G","Strike_G","Strike_G","Strike_G","Defend_G","Defend_G","Defend_G","Defend_G","Survivor","Neutralize","Poisoned Stab","Crippling Poison+1","Outmaneuver","Prepared","Poisoned Stab","Footwork","Well Laid Plans+1","Backstab","Escape Plan","Backflip","Dodge and Roll","Phantasmal Killer","Caltrops","Deadly Poison","J.A.X.","Leg Sweep+1","hexamod:Haunted","Flying Knee","Sucker Punch","Catalyst+1"],"relics":["Ring of the Snake","Pen Nib","InkBottle","Pocketwatch","Tough Bandages","Cursed Key","TwistedFunnel","Blood Vial"],"acts_visited":["Exordium","TheCity"],"potions_floor_usage":[6,16,16,33,33],"damage_taken":[{"damage":2,"enemies":"Small Slimes","floor":1,"turns":5},{"damage":6,"enemies":"Cultist","floor":4,"turns":5},{"damage":0,"enemies":"2 Louse","floor":5,"turns":3},{"damage":41,"enemies":"3 Sentries","floor":6,"turns":12},{"damage":0,"enemies":"2 Fungi Beasts","floor":8,"turns":4},{"damage":6,"enemies":"Lagavulin","floor":10,"turns":8},{"damage":24,"enemies":"Gremlin Nob","floor":12,"turns":5},{"damage":5,"enemies":"Blue Slaver","floor":13,"turns":3},{"damage":11,"enemies":"Gremlin Gang","floor":14,"turns":4},{"damage":23,"enemies":"Slime Boss","floor":16,"turns":16},{"damage":14,"enemies":"Spheric Guardian","floor":18,"turns":4},{"damage":3,"enemies":"2 Thieves","floor":20,"turns":4},{"damage":8,"enemies":"3 Cultists","floor":25,"turns":4},{"damage":9,"enemies":"Snecko","floor":28,"turns":4},{"damage":32,"enemies":"Shelled Parasite and Fungi","floor":30,"turns":5},{"damage":8,"enemies":"Snake Plant","floor":31,"turns":3},{"damage":65,"enemies":"Champ","floor":33,"turns":8}],"seed_played":"797114847644597437","potions_obtained":[{"floor":5,"key":"DistilledChaos"},{"floor":12,"key":"Explosive Potion"},{"floor":14,"key":"hexamod:EctoCoolerPotion"},{"floor":16,"key":"Strength Potion"},{"floor":25,"key":"DuplicationPotion"},{"floor":28,"key":"Fire Potion"},{"floor":31,"key":"Regen Potion"}],"is_trial":false,"path_per_floor":["M","?","$","M","M","E","R","M","T","E","R","E","M","M","R","B",null,"M","$","M","?","?","R","?","M","T","R","M","R","M","M","R","B"],"character_chosen":"THE_SILENT","items_purchased":["Crippling Poison","Outmaneuver","TwistedFunnel"],"campfire_rested":5,"item_purchase_floors":[3,3,19],"current_hp_per_floor":[68,61,61,55,55,14,35,35,35,29,50,26,21,10,31,8,70,56,56,53,53,53,53,53,45,45,45,38,59,29,23,44,0,0],"gold":100,"neow_bonus":"REMOVE_CARD","is_daily":false,"chose_seed":false,"campfire_upgraded":2,"win_rate":0.0,"timestamp":1608442967,"path_taken":["M","?","$","M","M","E","R","M","T","E","R","E","M","?","R","BOSS","M","$","M","?","?","R","?","M","T","R","M","R","?","M","R","BOSS"],"items_purchased_type":["Card","Card","Relic"],"build_version":"2020-12-13","purchased_purges":1,"victory":false,"max_hp_per_floor":[70,70,70,70,70,70,70,70,70,70,70,70,70,70,70,70,70,70,70,70,70,70,70,70,70,70,70,70,70,70,70,70,70,70],"card_choices":[{"not_picked":["Acrobatics","Bane"],"picked":"Poisoned Stab","floor":1},{"not_picked":["PiercingWail","Tactician"],"picked":"Prepared","floor":4},{"not_picked":["Deflect","Dagger Throw"],"picked":"Poisoned Stab","floor":5},{"not_picked":["Dodge and Roll","Leg Sweep"],"picked":"Footwork","floor":6},{"not_picked":["Dash","Dagger Throw"],"picked":"Well Laid Plans","floor":8},{"not_picked":["All Out Attack","Dagger Spray"],"picked":"Backstab","floor":10},{"not_picked":["Terror","Dash"],"picked":"Escape Plan","floor":12},{"not_picked":["PiercingWail","Prepared"],"picked":"Backflip","floor":13},{"not_picked":["Prepared","Blade Dance"],"picked":"Dodge and Roll","floor":14},{"not_picked":["Doppelganger","Wraith Form v2"],"picked":"Phantasmal Killer","floor":16},{"not_picked":["Acrobatics+1","Backflip"],"picked":"Caltrops","floor":18},{"not_picked":["Backflip","Calculated Gamble"],"picked":"Deadly Poison","floor":20},{"not_picked":["Backflip","Choke"],"picked":"Leg Sweep+1","floor":25},{"not_picked":["Slice","Dagger Spray"],"picked":"Flying Knee","floor":28},{"not_picked":["Dagger Spray","Wraith Form v2"],"picked":"Sucker Punch","floor":30},{"not_picked":["Outmaneuver","Dodge and Roll+1"],"picked":"Catalyst+1","floor":31}],"player_experience":34716,"relics_obtained":[{"floor":6,"key":"Pen Nib"},{"floor":9,"key":"InkBottle"},{"floor":10,"key":"Pocketwatch"},{"floor":12,"key":"Tough Bandages"},{"floor":26,"key":"Blood Vial"}],"event_choices":[{"damage_healed":0,"gold_gain":75,"player_choice":"Touch","damage_taken":7,"max_hp_gain":0,"max_hp_loss":0,"event_name":"FaceTrader","floor":2,"gold_loss":0},{"damage_healed":0,"gold_gain":0,"player_choice":"Paid Fearfully","damage_taken":0,"max_hp_gain":0,"max_hp_loss":0,"event_name":"Masked Bandits","floor":21,"gold_loss":168},{"damage_healed":0,"gold_gain":0,"player_choice":"Obtain J.A.X.","damage_taken":0,"max_hp_gain":0,"max_hp_loss":0,"event_name":"Drug Dealer","floor":22,"gold_loss":0,"cards_obtained":["J.A.X."]},{"damage_healed":0,"gold_gain":0,"player_choice":"Ignored","damage_taken":0,"max_hp_gain":0,"max_hp_loss":0,"event_name":"Vampires","floor":24,"gold_loss":0}],"is_beta":false,"boss_relics":[{"not_picked":["Runic Dome","Coffee Dripper"],"picked":"Cursed Key"}],"items_purged_floors":[3],"is_endless":false,"potions_floor_spawned":[5,12,14,16,25,28,30,31],"killed_by":"Champ","ascension_level":0}}