{"host":"1ewc6jxpaqi263j3","time":1608449247,"event":{"mods":["Act Like it!","BaseMod","Better Vampires","Better-Laid Plans","BetterRewards","Card Forge","Colored Map","Elementarium","Gensokyo","Hallownest","HololiveMod","Luminous","Menagerie","Minty Spire (QoL Compilation)","Quick Restart","Rare Cards Sparkle","Shop Mod","StSLib","The Animator","The Bug Knight","UnlockEverythingMod"],"gold_per_floor":[116,116,41,59,73,73,94,108,108,118,118,118,133,144,144,144,144],"floor_reached":16,"playtime":457,"items_purged":["Luminous:Dark_Abyssal_Drop"],"score":94,"play_id":"9bfdcb1e-7ff8-435c-8746-c92d7d317b0d","local_time":"20201220152727","is_ascension_mode":false,"campfire_choices":[{"data":"Luminous:Light_Gather","floor":6,"key":"SMITH"},{"floor":11,"key":"REST"},{"data":"Luminous:Ethereal_Form_Luminous","floor":15,"key":"SMITH"}],"circlet_count":0,"master_deck":["Luminous:Light_Flash_Shower","Luminous:Light_Flash_Shower","Luminous:Light_Flash_Shower","Luminous:Dark_Abyssal_Drop","Luminous:Dark_Abyssal_Drop","Luminous:Defend_Luminous","Luminous:Defend_Luminous","Luminous:Defend_Luminous","Luminous:Defend_Luminous","Luminous:Switch_Luminous","Luminous:Light_Gather","Luminous:Light_Gather+1","Luminous:Phantom_Treasure_Luminous","Luminous:Chaos_Field_Luminous","Luminous:Ethereal_Form_Luminous+1","Luminous:Chase_Spell_Luminous"],"relics":["Luminous:MirrorRelic","Hammer of Thor","Seething Fire","Anvil of the Gods","NeowsBlessing","GremlinMask","Odd Mushroom","The Courier"],"acts_visited":["Exordium"],"potions_floor_usage":[],"damage_taken":[{"damage":0,"enemies":"2 Louse","floor":1,"turns":1},{"damage":0,"enemies":"Cultist","floor":4,"turns":1},{"damage":0,"enemies":"Jaw Worm","floor":5,"turns":1},{"damage":31,"enemies":"The Mushroom Lair","floor":7,"turns":6},{"damage":3,"enemies":"Red Slaver","floor":8,"turns":5},{"damage":22,"enemies":"3 Louse","floor":10,"turns":6},{"damage":15,"enemies":"Blue Slaver","floor":13,"turns":4},{"damage":10,"enemies":"Looter","floor":14,"turns":3},{"damage":27,"enemies":"The Guardian","floor":16,"turns":2}],"seed_played":"-3929869698508040735","potions_obtained":[{"floor":4,"key":"SpeedPotion"},{"floor":10,"key":"LiquidMemories"}],"is_trial":false,"path_per_floor":["M","?","$","M","M","R","?","M","T","M","R","?","M","M","R","B"],"character_chosen":"LuminousClass","items_purchased":[],"campfire_rested":1,"item_purchase_floors":[],"current_hp_per_floor":[75,75,75,75,75,75,44,41,41,19,41,41,26,16,16,0,0],"gold":144,"neow_bonus":"THREE_ENEMY_KILL","is_daily":false,"chose_seed":false,"campfire_upgraded":2,"win_rate":0.0,"timestamp":1608449247,"path_taken":["M","?","$","?","M","R","?","M","T","M","R","?","M","M","R","BOSS"],"items_purchased_type":[],"build_version":"2020-12-13","purchased_purges":1,"victory":false,"max_hp_per_floor":[75,75,75,75,75,75,75,75,75,75,75,75,75,75,75,75,75],"card_choices":[{"not_picked":["Luminous:Blinding_Pillar_Luminous","Luminous:Light_Wash_Luminous"],"picked":"Luminous:Light_Gather","floor":1},{"not_picked":["Luminous:Accumulation_Luminous","Luminous:Magic_Boost_Luminous"],"picked":"Luminous:Light_Gather","floor":4},{"not_picked":["Luminous:Dark_Pressure_Void","Luminous:Dark_Dim_Erosion","Luminous:Light_Wash_Luminous"],"picked":"SKIP","floor":5},{"not_picked":["Luminous:Blinding_Pillar_Luminous","Luminous:Lunar_Tide_Luminous"],"picked":"Luminous:Phantom_Treasure_Luminous","floor":7},{"not_picked":["Luminous:Accumulation_Luminous","Luminous:Dark_Dim_Erosion","Luminous:Light_Wash_Luminous"],"picked":"SKIP","floor":8},{"not_picked":["Luminous:Dark_Pressure_Void","Luminous:Accumulation_Luminous"],"picked":"Luminous:Chaos_Field_Luminous","floor":10},{"not_picked":["Luminous:Accumulation_Luminous","Luminous:Dark_Dim_Erosion","Luminous:Dark_Raid"],"picked":"SKIP","floor":13},{"not_picked":["Luminous:Tune_Luminous","Luminous:Dark_Pressure_Void"],"picked":"Luminous:Chase_Spell_Luminous","floor":14}],"player_experience":228153,"relics_obtained":[{"floor":7,"key":"Odd Mushroom"},{"floor":9,"key":"The Courier"}],"event_choices":[{"damage_healed":0,"gold_gain":0,"player_choice":"Trade","damage_taken":0,"relics_obtained":["GremlinMask"],"max_hp_gain":0,"max_hp_loss":0,"event_name":"FaceTrader","floor":2,"gold_loss":0},{"damage_healed":0,"gold_gain":0,"player_choice":"Fought Mushrooms","damage_taken":0,"max_hp_gain":0,"max_hp_loss":0,"event_name":"Mushrooms","floor":7,"gold_loss":0},{"damage_healed":0,"gold_gain":0,"player_choice":"1 cards matched","damage_taken":0,"max_hp_gain":0,"max_hp_loss":0,"event_name":"Match and Keep!","floor":12,"gold_loss":0,"cards_obtained":["Luminous:Ethereal_Form_Luminous"]}],"is_beta":false,"boss_relics":[],"items_purged_floors":[3],"is_endless":false,"potions_floor_spawned":[4,10],"killed_by":"The Guardian","ascension_level":0}}