{"host":"ry4pu9xcjr7tzcbd","time":1608504285,"event":{"mods":["BaseMod","Beaked The Cultist","Downfall","Minty Spire (QoL Compilation)","StSLib"],"gold_per_floor":[99,109,120,131,143,199,253,13,39,39,39,39,56,75,90,90,90],"floor_reached":16,"playtime":802,"items_purged":["Slimebound:Strike_Slimebound"],"score":104,"play_id":"680b6e17-ecbc-4d91-9de3-5f5d7426db94","local_time":"20201220234445","is_ascension_mode":false,"campfire_choices":[{"data":"Slimebound:Split","floor":1,"key":"SMITH"},{"floor":10,"key":"REST"}],"circlet_count":0,"master_deck":["Slimebound:Strike_Slimebound","Slimebound:Strike_Slimebound","Slimebound:Tackle","Slimebound:Defend_Slimebound","Slimebound:Defend_Slimebound","Slimebound:Defend_Slimebound","Slimebound:Defend_Slimebound","Slimebound:Split+1","Slimebound:CorrosiveSpit","Slimebound:RollThrough","Slimebound:BestDefense","Slimebound:OozeBath","Slimebound:ComboTackle","Slimebound:DuplicatedForm","Slimebound:Equalize","Slimebound:GoopTackle"],"relics":["Slimebound:AbsorbEndCombat","Blood Vial","Ancient Tea Set","Nunchaku","Smiling Mask"],"acts_visited":["Exordium"],"potions_floor_usage":[8,9,9,9,13,14],"damage_taken":[{"damage":8,"enemies":"2 Louse","floor":2,"turns":3},{"damage":14,"enemies":"Jaw Worm","floor":3,"turns":3},{"damage":8,"enemies":"Small Slimes","floor":4,"turns":3},{"damage":24,"enemies":"Exordium Thugs","floor":5,"turns":4},{"damage":49,"enemies":"Lagavulin Event","floor":6,"turns":7},{"damage":16,"enemies":"downfall:FleeingMerchant","floor":8,"turns":4},{"damage":15,"enemies":"Lagavulin","floor":9,"turns":7},{"damage":14,"enemies":"Red Slaver","floor":13,"turns":1},{"damage":13,"enemies":"3 Louse","floor":14,"turns":3},{"damage":14,"enemies":"2 Fungi Beasts","floor":15,"turns":4},{"damage":52,"enemies":"downfall:Defect","floor":16,"turns":4}],"seed_played":"4653438446777731720","potions_obtained":[{"floor":6,"key":"Strength Potion"},{"floor":9,"key":"BlessingOfTheForge"},{"floor":13,"key":"Ancient Potion"}],"is_trial":false,"path_per_floor":["R","M","M","M","M","?","T","$","E","R","?","?","M","M","M","B"],"character_chosen":"SLIMEBOUND","items_purchased":["Slimebound:ComboTackle","EntropicBrew"],"campfire_rested":1,"item_purchase_floors":[8,8],"current_hp_per_floor":[60,60,58,60,48,19,19,17,24,42,42,42,38,35,37,0,0],"gold":90,"neow_bonus":"RANDOM_COMMON_RELIC","is_daily":false,"chose_seed":false,"campfire_upgraded":1,"win_rate":0.0,"timestamp":1608504285,"path_taken":["R","M","M","M","M","?","T","$","E","R","?","?","M","?","M","BOSS"],"items_purchased_type":["Card","Potion"],"build_version":"2020-12-13","purchased_purges":1,"victory":false,"max_hp_per_floor":[60,60,60,60,60,60,60,60,60,60,60,60,60,60,60,60,60],"card_choices":[{"not_picked":["Slimebound:SplitLeeching","Slimebound:GoopSpray"],"picked":"Slimebound:RollThrough","floor":2},{"not_picked":["Slimebound:SplitMire","Slimebound:DivideAndConquer"],"picked":"Slimebound:BestDefense","floor":3},{"not_picked":["Slimebound:RejuvenatingLick","Slimebound:RollThrough","Slimebound:LeechingTouch"],"picked":"SKIP","floor":4},{"not_picked":["Slimebound:SlimeSpikes","Slimebound:SlimeBarrage","Slimebound:TongueLash"],"picked":"SKIP","floor":5},{"not_picked":["Slimebound:Prepare","Slimebound:PressTheAttack"],"picked":"Slimebound:OozeBath","floor":8},{"not_picked":["Slimebound:Schlurp","Slimebound:Dissolve"],"picked":"Slimebound:DuplicatedForm","floor":9},{"not_picked":["Slimebound:SlimeBrawl","Slimebound:SlimeSpikes","Slimebound:HauntingLick"],"picked":"SKIP","floor":13},{"not_picked":["Slimebound:GrowthPunch","Slimebound:Schlurp"],"picked":"Slimebound:Equalize","floor":14},{"not_picked":["Slimebound:ViciousTackle","Slimebound:Chomp"],"picked":"Slimebound:GoopTackle","floor":15}],"player_experience":1222117,"relics_obtained":[{"floor":6,"key":"Ancient Tea Set"},{"floor":7,"key":"Nunchaku"},{"floor":9,"key":"Smiling Mask"}],"event_choices":[],"is_beta":false,"boss_relics":[],"items_purged_floors":[8],"is_endless":false,"potions_floor_spawned":[6,9,13],"killed_by":"downfall:Defect","ascension_level":0}}