{"host":"ho59mfosqnmja9sv","time":1608475950,"event":{"mods":["AchievementEnabler","BaseMod","Card Forge","Friendly Minions","Minty Spire (QoL Compilation)","StSLib"],"gold_per_floor":[216,216,233,253,268,303,303,329,329,176,187,215,315,346,346,450,450,470,420,434,138,151,176,176,205,205,218,218,238,271,287,287,385,385,395,445,445,445,464,493,493,524,550,550,584,584,609,643,643,643,643,643,368,398,398],"floor_reached":56,"playtime":3341,"items_purged":[],"score":2117,"play_id":"fefaf92a-83ab-468c-a818-84a0008ca5a1","local_time":"20201220165230","is_ascension_mode":true,"campfire_choices":[{"floor":7.0,"key":"RECALL"},{"floor":15.0,"key":"REST"},{"floor":24.0,"key":"REST"},{"floor":32.0,"key":"REST"},{"floor":41,"key":"REST"},{"floor":46,"key":"REST"},{"floor":49,"key":"REST"},{"floor":52,"key":"REST"}],"circlet_count":0,"master_deck":["Adrenaline+1","Venomology+1","Well Laid Plans+1","Corpse Explosion+1","Footwork+1","Night Terror+1","Blur+1","Crippling Poison+1","Wraith Form v2+1","PiercingWail+1","Deadly Poison+1","Dodge and Roll+1","Footwork+1","Catalyst+1","Blur+1","Deadly Poison+1","Dodge and Roll+1","CurseOfTheBell","Catalyst+1"],"relics":["Ring of the Snake","Hammer of Thor","Seething Fire","Anvil of the Gods","InkBottle","Toy Ornithopter","ClockworkSouvenir","Blue Candle","Snake Skull","Busted Crown","Lantern","Anchor","Smiling Mask","Darkstone Periapt","Toxic Egg 2","HornCleat","Calling Bell","Juzu Bracelet","Pantograph","WingedGreaves","Prayer Wheel","Bottled Lightning","Bronze Scales","Nunchaku","Happy Flower","Paper Crane","Boot","Membership Card","Kunai","Lizard Tail"],"acts_visited":["Exordium","TheCity","TheBeyond","TheEnding"],"potions_floor_usage":[42,45,47,48,50,54,55,55],"damage_taken":[{"damage":0.0,"enemies":"Cultist","floor":1.0,"turns":2.0},{"damage":0.0,"enemies":"Small Slimes","floor":3.0,"turns":2.0},{"damage":0.0,"enemies":"Jaw Worm","floor":4.0,"turns":2.0},{"damage":0.0,"enemies":"2 Fungi Beasts","floor":5.0,"turns":4.0},{"damage":0.0,"enemies":"Lagavulin","floor":6.0,"turns":4.0},{"damage":0.0,"enemies":"Gremlin Nob","floor":8.0,"turns":2.0},{"damage":0.0,"enemies":"Gremlin Gang","floor":11.0,"turns":1.0},{"damage":0.0,"enemies":"Lagavulin","floor":12.0,"turns":2.0},{"damage":0.0,"enemies":"3 Sentries","floor":14.0,"turns":4.0},{"damage":0.0,"enemies":"Slime Boss","floor":16.0,"turns":1.0},{"damage":0.0,"enemies":"2 Thieves","floor":18.0,"turns":2.0},{"damage":0.0,"enemies":"Spheric Guardian","floor":20.0,"turns":3.0},{"damage":0.0,"enemies":"Shelled Parasite and Fungi","floor":22.0,"turns":2.0},{"damage":0.0,"enemies":"Slavers","floor":23.0,"turns":4.0},{"damage":0.0,"enemies":"Gremlin Leader","floor":25.0,"turns":4.0},{"damage":0.0,"enemies":"Snecko","floor":27.0,"turns":2.0},{"damage":0.0,"enemies":"3 Cultists","floor":29.0,"turns":2.0},{"damage":0.0,"enemies":"Slavers","floor":30.0,"turns":3.0},{"damage":0.0,"enemies":"Snake Plant","floor":31.0,"turns":2.0},{"damage":0.0,"enemies":"Champ","floor":33.0,"turns":2.0},{"damage":0.0,"enemies":"Orb Walker","floor":35.0,"turns":2.0},{"damage":0.0,"enemies":"Mind Bloom Boss Battle","floor":36.0,"turns":2.0},{"damage":0.0,"enemies":"3 Darklings","floor":39.0,"turns":2.0},{"damage":0,"enemies":"Giant Head","floor":40,"turns":3},{"damage":0,"enemies":"Nemesis","floor":42,"turns":3},{"damage":0,"enemies":"Giant Head","floor":45,"turns":2},{"damage":0,"enemies":"Nemesis","floor":47,"turns":5},{"damage":0,"enemies":"Reptomancer","floor":48,"turns":3},{"damage":0,"enemies":"Awakened One","floor":50,"turns":6},{"damage":0,"enemies":"Shield and Spear","floor":54,"turns":3},{"damage":0,"enemies":"The Heart","floor":55,"turns":5}],"seed_played":"-5424692670347251972","potions_obtained":[{"floor":3.0,"key":"Explosive Potion"},{"floor":20.0,"key":"GhostInAJar"},{"floor":25.0,"key":"Fruit Juice"}],"is_trial":false,"path_per_floor":["M","?","M","M","M","E","R","E","T","$","M","E","?","E","R","B",null,"M","?","M","$","M","E","R","E","T","M","$","M","E","M","R","B",null,"M","?","$","?","M","E","R","E","T","?","E","R","E","E","R","B",null,"R","$","E","B",null],"character_chosen":"THE_SILENT","items_purchased":["ClockworkSouvenir","Lantern","Anchor","Membership Card","Kunai"],"campfire_rested":7,"item_purchase_floors":[10,21,21,53,53],"current_hp_per_floor":[70,70,70,70,70,70,70,70,70,70,70,70,70,70,70,70,70,70,70,70,70,70,70,70,75,75,75,75,75,75,75,75,75,81,81,81,81,81,81,81,81,81,81,81,81,81,81,81,81,81,81,81,81,81,81],"gold":398,"neow_bonus":"HUNDRED_GOLD","is_daily":false,"chose_seed":false,"campfire_upgraded":0,"win_rate":0.0,"timestamp":1608475950,"path_taken":["M","?","M","M","M","E","R","E","T","?","?","E","?","E","R","BOSS","M","?","M","$","M","E","R","E","T","M","$","M","E","M","R","BOSS","M","?","$","?","M","E","R","E","T","?","E","R","E","E","R","BOSS","R","$","E","BOSS"],"items_purchased_type":["Relic","Relic","Relic","Relic","Relic"],"build_version":"2020-12-13","purchased_purges":0,"victory":true,"max_hp_per_floor":[70,70,70,70,70,70,70,70,70,70,70,70,70,70,70,70,70,70,70,70,70,70,70,70,75,75,75,75,75,75,75,75,75,81,81,81,81,81,81,81,81,81,81,81,81,81,81,81,81,81,81,81,81,81,81],"card_choices":[{"not_picked":["Reflex","Underhanded Strike","Expertise"],"picked":"SKIP","floor":1.0},{"not_picked":["Dash","Acrobatics","Flying Knee"],"picked":"SKIP","floor":3.0},{"not_picked":["Blade Dance","Deflect","Slice"],"picked":"SKIP","floor":4.0},{"not_picked":["Dodge and Roll","Dagger Throw","Burst"],"picked":"SKIP","floor":5.0},{"not_picked":["Dash","Endless Agony","Skewer"],"picked":"SKIP","floor":6.0},{"not_picked":["Bane","Catalyst","Dodge and Roll"],"picked":"SKIP","floor":8.0},{"not_picked":["Outmaneuver","Backflip","Bane"],"picked":"SKIP","floor":11.0},{"not_picked":["Bullet Time","Quick Slash","Prepared"],"picked":"SKIP","floor":12.0},{"not_picked":["Outmaneuver","Blade Dance","Footwork"],"picked":"SKIP","floor":14.0},{"not_picked":["Reflex"],"picked":"SKIP","floor":18.0},{"not_picked":["Outmaneuver"],"picked":"SKIP","floor":20.0},{"not_picked":["Infinite Blades"],"picked":"SKIP","floor":22.0},{"not_picked":["Outmaneuver"],"picked":"SKIP","floor":23.0},{"not_picked":["Escape Plan"],"picked":"SKIP","floor":25.0},{"not_picked":["PiercingWail+1"],"picked":"SKIP","floor":27.0},{"not_picked":["Underhanded Strike"],"picked":"SKIP","floor":29.0},{"not_picked":["Deflect+1"],"picked":"SKIP","floor":30.0},{"not_picked":["Slice+1"],"picked":"SKIP","floor":31.0},{"not_picked":["Predator"],"picked":"SKIP","floor":35.0},{"not_picked":["Predator"],"picked":"SKIP","floor":39},{"not_picked":["Outmaneuver+1"],"picked":"SKIP","floor":39},{"not_picked":["Calculated Gamble+1"],"picked":"SKIP","floor":40},{"not_picked":["Outmaneuver+1"],"picked":"SKIP","floor":42},{"not_picked":["Skewer"],"picked":"SKIP","floor":45},{"not_picked":["Prepared+1"],"picked":"SKIP","floor":47},{"not_picked":["Distraction+1"],"picked":"SKIP","floor":48},{"not_picked":["Deflect+1"],"picked":"SKIP","floor":54}],"player_experience":42576,"relics_obtained":[{"floor":6.0,"key":"InkBottle"},{"floor":8.0,"key":"Toy Ornithopter"},{"floor":12.0,"key":"Blue Candle"},{"floor":14.0,"key":"Snake Skull"},{"floor":23.0,"key":"Smiling Mask"},{"floor":25.0,"key":"Darkstone Periapt"},{"floor":26.0,"key":"Toxic Egg 2"},{"floor":30.0,"key":"HornCleat"},{"floor":34.0,"key":"Juzu Bracelet"},{"floor":34.0,"key":"Pantograph"},{"floor":34.0,"key":"WingedGreaves"},{"floor":36.0,"key":"Prayer Wheel"},{"floor":40,"key":"Bottled Lightning"},{"floor":42,"key":"Bronze Scales"},{"floor":43,"key":"Nunchaku"},{"floor":45,"key":"Happy Flower"},{"floor":47,"key":"Paper Crane"},{"floor":48,"key":"Boot"},{"floor":54,"key":"Lizard Tail"}],"event_choices":[{"damage_healed":0.0,"max_hp_gain":0.0,"max_hp_loss":0.0,"gold_gain":0.0,"event_name":"Transmorgrifier","player_choice":"Ignored","floor":2.0,"gold_loss":0.0,"damage_taken":0.0},{"damage_healed":0.0,"max_hp_gain":0.0,"max_hp_loss":0.0,"gold_gain":100.0,"event_name":"Golden Shrine","player_choice":"Pray","floor":13.0,"gold_loss":0.0,"damage_taken":0.0},{"damage_healed":0.0,"max_hp_gain":0.0,"max_hp_loss":0.0,"gold_gain":0.0,"event_name":"The Joust","player_choice":"Bet on Murderer","floor":19.0,"gold_loss":50.0,"damage_taken":0.0},{"damage_healed":0.0,"max_hp_gain":0.0,"max_hp_loss":0.0,"gold_gain":0.0,"event_name":"MindBloom","player_choice":"Fight","floor":36.0,"gold_loss":0.0,"damage_taken":0.0},{"cards_removed":["Catalyst"],"damage_healed":0.0,"max_hp_gain":0.0,"max_hp_loss":0.0,"gold_gain":0.0,"event_name":"Falling","player_choice":"Removed Skill","floor":38.0,"gold_loss":0.0,"damage_taken":0.0},{"damage_healed":0,"gold_gain":0,"player_choice":"Memory 1","damage_taken":0,"max_hp_gain":0,"max_hp_loss":0,"event_name":"SensoryStone","floor":44,"gold_loss":0}],"is_beta":false,"boss_relics":[{"not_picked":["HoveringKite","Astrolabe"],"picked":"Busted Crown"},{"not_picked":["Runic Pyramid","Tiny House"],"picked":"Calling Bell"}],"items_purged_floors":[],"is_endless":false,"potions_floor_spawned":[3,5,8,12,16,20,23,25,35,47],"ascension_level":2}}