{"host":"xfr90oo4gfm5wrxc","time":1608436766,"event":{"mods":["BaseMod","Downfall","Minty Spire (QoL Compilation)","Replay The Spire","Shop Mod","StSLib","SuperFastMode","TestMod","The Cursed"],"gold_per_floor":[99,99,99,127,427,289,289,312,338,338,349,364,399,24,43,145,145,145,28,40,53,83,83,107,122,153,153,172,189,216,227,247,247,247],"floor_reached":33,"playtime":2647,"items_purged":["Slimebound:Icky","Slimebound:Icky"],"score":471,"play_id":"7d3a67d7-aaf6-4ed2-8906-29a867e63683","local_time":"20201220115926","daily_mods":["DeadlyEvents","Elite Swarm"],"is_ascension_mode":true,"campfire_choices":[{"floor":1.0,"key":"RECALL"},{"data":"Guardian:TwinSlam","floor":3.0,"key":"SMITH"},{"data":"Guardian:TimeSifter","floor":10.0,"key":"SMITH"},{"floor":18.0,"key":"DIG"},{"floor":23.0,"key":"REST"},{"floor":27.0,"key":"REST"}],"circlet_count":0,"master_deck":["Guardian:Strike_Guardian+1","Guardian:Strike_Guardian","Guardian:Strike_Guardian","Guardian:Strike_Guardian","Guardian:Defend_Guardian","Guardian:Defend_Guardian","Guardian:Defend_Guardian","Guardian:Defend_Guardian","Guardian:CurlUp","Guardian:TwinSlam+1","Pot Of Greed","Guardian:BaubleBeam","Pot Of Greed","Guardian:TimeCapacitor","Guardian:TimeSifter+1","Guardian:Planning","Guardian:BronzeOrb","Guardian:ExploitGems","Guardian:PiercingHide","Guardian:PolyBeam","Guardian:AncientConstruct","Pot Of Greed","Looming Evil","Guardian:PiercingHide+1","Guardian:Incinerate","Guardian:FastForward","Guardian:Clone","Guardian:RevengeProtocol","Guardian:DonusPower+1","Guardian:ArmoredProtocol","Guardian:GatlingBeam","Guardian:Gem_Purple"],"relics":["Guardian:ModeShifter","testmod-TestBox","Grinning Jar","Quantum Egg","Guardian:PocketSentry","The Courier","StrikeDummy","Centennial Puzzle","Strange Spoon","Snecko Heart","testmod-LifeArmor","ReplayTheSpireMod:CursedCoin","testmod-Nyarlathotep","Replay:Bottled Flurry","Dream Catcher","Replay:Ringing Soul","Ginger"],"acts_visited":["Exordium","TheCity"],"potions_floor_usage":[30,30,32,33],"damage_taken":[{"damage":17.0,"enemies":"Lagavulin","floor":4.0,"turns":7.0},{"damage":5.0,"enemies":"downfall:FleeingMerchant","floor":6.0,"turns":4.0},{"damage":24.0,"enemies":"3 Sentries","floor":9.0,"turns":7.0},{"damage":2.0,"enemies":"2 Louse","floor":11.0,"turns":2.0},{"damage":1.0,"enemies":"Small Slimes","floor":12.0,"turns":4.0},{"damage":19.0,"enemies":"Lagavulin","floor":13.0,"turns":7.0},{"damage":0.0,"enemies":"downfall:FleeingMerchant","floor":14.0,"turns":4.0},{"damage":0.0,"enemies":"Cultist","floor":15.0,"turns":2.0},{"damage":11.0,"enemies":"downfall:Watcher","floor":16.0,"turns":11.0},{"damage":4.0,"enemies":"downfall:FleeingMerchant","floor":19.0,"turns":4.0},{"damage":4.0,"enemies":"Spheric Guardian","floor":20.0,"turns":4.0},{"damage":32.0,"enemies":"Cultist and Chosen","floor":21.0,"turns":8.0},{"damage":15.0,"enemies":"Replay:Snechameleon","floor":22.0,"turns":5.0},{"damage":14.0,"enemies":"Centurion and Healer","floor":25.0,"turns":7.0},{"damage":9.0,"enemies":"Slavers","floor":26.0,"turns":4.0},{"damage":19.0,"enemies":"Snecko","floor":28.0,"turns":5.0},{"damage":14.0,"enemies":"Cultist and Chosen","floor":29.0,"turns":5.0},{"damage":10,"enemies":"Gremlin Leader","floor":30,"turns":5},{"damage":9,"enemies":"Sentry and Sphere","floor":31,"turns":4},{"damage":8,"enemies":"Snake Plant","floor":32,"turns":3},{"damage":5,"enemies":"downfall:Silent","floor":33,"turns":1}],"seed_played":"-2572630953983828030","potions_obtained":[{"floor":9.0,"key":"testmod-EscapePotion"},{"floor":12.0,"key":"Fire Potion"},{"floor":13.0,"key":"GamblersBrew"},{"floor":15.0,"key":"Weak Potion"},{"floor":21.0,"key":"Elixir"},{"floor":26.0,"key":"EssenceOfSteel"},{"floor":28.0,"key":"champ:CounterPotion"},{"floor":30,"key":"Ancient Potion"}],"is_trial":true,"path_per_floor":["R","?","R","E","?","$","T","T","E","R","M","M","E","$","M","B",null,"R","$","M","M","E","R","T","M","E","R","M","M","E","M","M","B"],"character_chosen":"GUARDIAN","items_purchased":["Guardian:Gem_Green","Centennial Puzzle","Strange Spoon","Guardian:PiercingHide","ReplayTheSpireMod:CursedCoin","testmod-Nyarlathotep"],"campfire_rested":2,"item_purchase_floors":[6,14,14,14,19,19],"current_hp_per_floor":[80,80,80,63,63,58,58,58,34,34,32,31,12,12,12,1,80,80,76,72,40,25,49,49,35,29,53,37,26,19,13,5,0,0],"gold":247,"neow_bonus":"","is_daily":false,"chose_seed":false,"campfire_upgraded":2,"win_rate":0.0,"timestamp":1608436766,"path_taken":["R","?","R","E","?","$","T","?","E","R","?","M","?","$","M","BOSS","R","?","M","M","E","R","T","M","E","R","M","?","?","M","M","BOSS"],"items_purchased_type":["Card","Relic","Relic","Card","Relic","Relic"],"build_version":"2020-12-13","purchased_purges":2,"victory":false,"max_hp_per_floor":[80,80,80,80,80,80,80,80,80,80,80,80,80,80,80,80,80,80,80,80,80,80,80,80,80,83,83,86,89,92,95,95,95,95],"card_choices":[{"not_picked":["Guardian:HyperBeam_Guardian","Guardian:StasisField"],"picked":"Guardian:BaubleBeam","floor":4.0},{"not_picked":["Guardian:Repulse","Guardian:SentryBeam"],"picked":"Guardian:TimeCapacitor","floor":6.0},{"not_picked":["Guardian:Gem_Synthetic","Guardian:Gem_Orange"],"picked":"Guardian:TimeSifter","floor":9.0},{"not_picked":["Guardian:RollAttack","Guardian:TimeBomb"],"picked":"Guardian:Planning","floor":11.0},{"not_picked":["Guardian:Gem_Fragmented","Guardian:Reroute"],"picked":"Guardian:BronzeOrb","floor":12.0},{"not_picked":["Guardian:StasisStrike","Guardian:ConstructionForm"],"picked":"Guardian:ExploitGems","floor":13.0},{"not_picked":["Guardian:CrystalBeam","Guardian:Gem_Red"],"picked":"Guardian:Gem_Cyan","floor":14.0},{"not_picked":["Guardian:CrystalBeam","Guardian:Suspension"],"picked":"Guardian:PolyBeam","floor":15.0},{"not_picked":["Guardian:ConstructionForm","Guardian:BaubleBeam"],"picked":"Guardian:AncientConstruct","floor":16.0},{"not_picked":["Guardian:Gem_Lightblue","Guardian:ShieldCharger"],"picked":"Guardian:Gem_Red","floor":19.0},{"not_picked":["Guardian:TimeBomb","Guardian:Planning+1"],"picked":"Guardian:PiercingHide+1","floor":20.0},{"not_picked":["Guardian:GuardianWhirl+1","Guardian:Repulse"],"picked":"Guardian:Incinerate","floor":21.0},{"not_picked":["Guardian:BaubleBeam","Guardian:ExploitGems"],"picked":"Guardian:FastForward","floor":22.0},{"not_picked":["Guardian:ChargeCore+1","Guardian:Recover"],"picked":"Guardian:Clone","floor":25.0},{"not_picked":["Guardian:StasisField","Guardian:AncientConstruct"],"picked":"Guardian:RevengeProtocol","floor":26.0},{"not_picked":["Guardian:Reroute+1","Guardian:PiercingHide"],"picked":"Guardian:DonusPower+1","floor":28.0},{"not_picked":["Guardian:WalkerClaw","Guardian:Reroute"],"picked":"Guardian:ArmoredProtocol","floor":29.0},{"not_picked":["Guardian:FastForward","Guardian:TimeSifter"],"picked":"Guardian:GatlingBeam","floor":30},{"not_picked":["Guardian:Incinerate","Guardian:PolyBeam+1"],"picked":"Guardian:Gem_Purple","floor":31},{"not_picked":["Guardian:TimeCapacitor","Guardian:ChargeUp","Guardian:RefractedBeam"],"picked":"SKIP","floor":32}],"player_experience":148020,"relics_obtained":[{"floor":4.0,"key":"Grinning Jar"},{"floor":7.0,"key":"Quantum Egg"},{"floor":8.0,"key":"Guardian:PocketSentry"},{"floor":9.0,"key":"The Courier"},{"floor":13.0,"key":"StrikeDummy"},{"floor":18.0,"key":"testmod-LifeArmor"},{"floor":22.0,"key":"Replay:Bottled Flurry"},{"floor":24.0,"key":"Dream Catcher"},{"floor":26.0,"key":"Replay:Ringing Soul"},{"floor":30,"key":"Ginger"}],"event_choices":[],"is_beta":false,"boss_relics":[{"not_picked":["ReplayTheSpireMod:DimensionalGlitch","SacredBark"],"picked":"Snecko Heart"}],"items_purged_floors":[6,14],"is_endless":true,"potions_floor_spawned":[9,12,13,15,21,26,28,30],"killed_by":"downfall:Silent","ascension_level":1}}