{"host":"rt0td7aa3g170xdl","time":1608464678,"event":{"mods":["2.2 Compatiblity","AchievementEnabler","BaseMod","Colored Map","DeckTracker","Keyboard Shortcuts","Minty Spire (QoL Compilation)","Permanent Neow","Quick Restart","SuperFastMode","everything is the same but u backflip on backflip"],"gold_per_floor":[117,135,60,72,72,72,101,101,101,112,127,127,159,175,175,273,273,253,253,100,113,113,113,113,113],"floor_reached":24,"playtime":1236,"items_purged":["Strike_P","Defend_P"],"score":282,"play_id":"8f8cab6a-fe84-4abb-81df-ac43d6505d00","local_time":"20201220204438","is_ascension_mode":true,"campfire_choices":[{"data":"Eruption","floor":6.0,"key":"SMITH"},{"data":"BowlingBash","floor":8.0,"key":"SMITH"},{"data":"Prostrate","floor":12.0,"key":"SMITH"},{"floor":15.0,"key":"REST"},{"data":"Vault","floor":23,"key":"SMITH"}],"circlet_count":0,"master_deck":["Strike_P+1","Strike_P+1","Defend_P+1","Defend_P+1","Defend_P+1","Eruption+1","Vigilance","BowlingBash+1","FearNoEvil","Prostrate+1","Prostrate","Vault+1","Prostrate","FlyingSleeves"],"relics":["PureWater","Question Card","Damaru","Omamori","Calling Bell","Oddly Smooth Stone","Gremlin Horn","Incense Burner"],"acts_visited":["Exordium","TheCity"],"potions_floor_usage":[16],"damage_taken":[{"damage":0.0,"enemies":"Cultist","floor":1.0,"turns":2.0},{"damage":0.0,"enemies":"2 Louse","floor":2.0,"turns":1.0},{"damage":0.0,"enemies":"Jaw Worm","floor":4.0,"turns":2.0},{"damage":10.0,"enemies":"3 Sentries","floor":7.0,"turns":8.0},{"damage":0.0,"enemies":"Exordium Wildlife","floor":10.0,"turns":3.0},{"damage":5.0,"enemies":"2 Fungi Beasts","floor":11.0,"turns":3.0},{"damage":44.0,"enemies":"Gremlin Nob","floor":13.0,"turns":5.0},{"damage":0.0,"enemies":"Looter","floor":14.0,"turns":2.0},{"damage":0,"enemies":"Slime Boss","floor":16,"turns":6},{"damage":12,"enemies":"2 Thieves","floor":18,"turns":5},{"damage":36,"enemies":"Spheric Guardian","floor":21,"turns":4},{"damage":24,"enemies":"Centurion and Healer","floor":24,"turns":5}],"seed_played":"5329531591424044001","potions_obtained":[{"floor":1.0,"key":"DuplicationPotion"},{"floor":4.0,"key":"SpeedPotion"},{"floor":11.0,"key":"Weak Potion"},{"floor":21,"key":"Fire Potion"}],"is_trial":false,"path_per_floor":["M","M","$","M","$","R","E","R","T","M","M","R","E","M","R","B",null,"M","?","$","M","?","R","M"],"character_chosen":"WATCHER","items_purchased":["Prostrate"],"campfire_rested":1,"item_purchase_floors":[20],"current_hp_per_floor":[72,72,72,72,72,72,62,62,62,62,57,57,13,13,34,34,72,60,60,60,24,24,24,0,0],"gold":113,"neow_bonus":"REMOVE_CARD","is_daily":false,"chose_seed":false,"campfire_upgraded":4,"win_rate":0.0,"timestamp":1608464678,"path_taken":["M","M","$","M","?","R","E","R","T","?","?","R","E","M","R","BOSS","M","?","$","M","?","R","M"],"items_purchased_type":["Card"],"build_version":"2020-12-13","purchased_purges":2,"victory":false,"max_hp_per_floor":[72,72,72,72,72,72,72,72,72,72,72,72,72,72,72,72,72,72,72,72,72,72,72,72,72],"card_choices":[{"not_picked":["Nirvana","EmptyMind"],"picked":"BowlingBash","floor":1.0},{"not_picked":["ForeignInfluence","PathToVictory","Crescendo"],"picked":"SKIP","floor":2.0},{"not_picked":["EmptyFist","SashWhip"],"picked":"FearNoEvil","floor":4.0},{"not_picked":["EmptyMind","Prostrate","FollowUp"],"picked":"SKIP","floor":7.0},{"not_picked":["Halt","PathToVictory","BattleHymn"],"picked":"Prostrate","floor":10.0},{"not_picked":["SignatureMove","Protect","JustLucky"],"picked":"Prostrate","floor":11.0},{"not_picked":["PathToVictory","Nirvana","LessonLearned","ThirdEye"],"picked":"SKIP","floor":13.0},{"not_picked":["ClearTheMind","BowlingBash","PathToVictory","Consecrate"],"picked":"SKIP","floor":14.0},{"not_picked":["Alpha","SpiritShield","Scrawl"],"picked":"Vault","floor":16},{"not_picked":["BowlingBash","WreathOfFlame","Tantrum","Indignation"],"picked":"SKIP","floor":18},{"not_picked":["BowlingBash","Evaluate","EmptyBody"],"picked":"FlyingSleeves","floor":21}],"player_experience":294645,"relics_obtained":[{"floor":7.0,"key":"Question Card"},{"floor":9.0,"key":"Damaru"},{"floor":13.0,"key":"Omamori"},{"floor":17,"key":"Oddly Smooth Stone"},{"floor":17,"key":"Gremlin Horn"},{"floor":17,"key":"Incense Burner"}],"event_choices":[{"damage_healed":0,"gold_gain":0,"player_choice":"Ignored","damage_taken":0,"max_hp_gain":0,"max_hp_loss":0,"event_name":"Vampires","floor":19,"gold_loss":0},{"damage_healed":0,"gold_gain":0,"player_choice":"Simplicity","damage_taken":0,"max_hp_gain":0,"max_hp_loss":0,"event_name":"Back to Basics","floor":22,"gold_loss":0,"cards_upgraded":["Strike_P","Strike_P","Defend_P","Defend_P","Defend_P"]}],"is_beta":false,"boss_relics":[{"not_picked":["Coffee Dripper","Sozu"],"picked":"Calling Bell"}],"items_purged_floors":[3,20],"is_endless":false,"potions_floor_spawned":[1,4,11,13,21],"killed_by":"Centurion and Healer","ascension_level":2}}