{"host":"61r95uy0hn86b9iu","time":1608502375,"event":{"mods":["AchievementEnabler","BaseMod","Better Vampires","BetterRewards","Colored Powertips","Hubris","Minty Spire (QoL Compilation)","Shop Mod","StSLib"],"gold_per_floor":[109,109,121,134,134,134,178,199,199,224,224,224,247,12,12,106,106,129,129,129,129,148,148,167,180,180,196,196,17,32,51,51,129,129,146,8,8,55,72,72,91,91,115,115,127,64,177,208,208,208,208,208],"floor_reached":51,"playtime":1397,"items_purged":["Injury","Strike_G","Strike_G"],"score":1312,"play_id":"1336cc45-83d6-487a-9852-b15bb3713bed","local_time":"20201220161255","is_ascension_mode":true,"campfire_choices":[{"data":"Bouncing Flask","floor":6.0,"key":"SMITH"},{"floor":12.0,"key":"REST"},{"floor":15.0,"key":"REST"},{"data":"Adrenaline","floor":23.0,"key":"SMITH"},{"floor":32.0,"key":"REST"},{"floor":40.0,"key":"REST"},{"data":"Adrenaline","floor":42.0,"key":"SMITH"},{"floor":49.0,"key":"REST"}],"circlet_count":0,"master_deck":["AscendersBane","Defend_G","Defend_G","Defend_G","Defend_G","Defend_G","Survivor","Neutralize","Sucker Punch","Bouncing Flask+1","Corpse Explosion","Backflip","Flechettes","Deadly Poison","Adrenaline+1","Catalyst+1","Quick Slash","Well Laid Plans","PiercingWail","Leg Sweep","Noxious Fumes","Adrenaline+1"],"relics":["Ring of the Snake","NeowsBlessing","Bloody Idol","Gambling Chip","The Specimen","TwistedFunnel","Sozu","Membership Card","hubris:RunicObelisk","MerchantsRug","MealTicket","hubris:Icosahedron","hubris:Potato","Art of War","hubris:TinFlute"],"acts_visited":["Exordium","TheCity","TheBeyond"],"potions_floor_usage":[],"damage_taken":[{"damage":0.0,"enemies":"2 Louse","floor":1.0,"turns":1.0},{"damage":0.0,"enemies":"Cultist","floor":3.0,"turns":1.0},{"damage":0.0,"enemies":"Small Slimes","floor":4.0,"turns":1.0},{"damage":32.0,"enemies":"3 Sentries","floor":7.0,"turns":4.0},{"damage":1.0,"enemies":"Blue Slaver","floor":8.0,"turns":3.0},{"damage":7.0,"enemies":"3 Louse","floor":10.0,"turns":2.0},{"damage":0.0,"enemies":"Looter","floor":13.0,"turns":2.0},{"damage":27.0,"enemies":"Hexaghost","floor":16.0,"turns":8.0},{"damage":0.0,"enemies":"Chosen","floor":18.0,"turns":3.0},{"damage":0.0,"enemies":"3 Byrds","floor":22.0,"turns":3.0},{"damage":0.0,"enemies":"3 Cultists","floor":24.0,"turns":1.0},{"damage":18.0,"enemies":"Snake Plant","floor":25.0,"turns":2.0},{"damage":10.0,"enemies":"Sentry and Sphere","floor":27.0,"turns":4.0},{"damage":0.0,"enemies":"3 Cultists","floor":30.0,"turns":1.0},{"damage":0.0,"enemies":"Snecko","floor":31.0,"turns":2.0},{"damage":38.0,"enemies":"hubris:MusketHawk","floor":33.0,"turns":7.0},{"damage":0.0,"enemies":"3 Shapes","floor":35.0,"turns":2.0},{"damage":34.0,"enemies":"2 Orb Walkers","floor":38.0,"turns":3.0},{"damage":3.0,"enemies":"Orb Walker","floor":39.0,"turns":4.0},{"damage":16.0,"enemies":"Sphere and 2 Shapes","floor":41.0,"turns":4.0},{"damage":11.0,"enemies":"Writhing Mass","floor":45.0,"turns":4.0},{"damage":0.0,"enemies":"4 Shapes","floor":47.0,"turns":2.0},{"damage":35.0,"enemies":"Giant Head","floor":48.0,"turns":6.0},{"damage":43,"enemies":"Time Eater","floor":50,"turns":7},{"damage":14,"enemies":"hubris:GrandSnecko","floor":51,"turns":4}],"seed_played":"6422182839239606783","potions_obtained":[{"floor":4.0,"key":"FearPotion"},{"floor":13.0,"key":"Poison Potion"},{"floor":16.0,"key":"Block Potion"}],"is_trial":false,"path_per_floor":["M","?","M","M","?","R","E","M","T","M","?","R","M","$","R","B",null,"M","?","?","?","M","R","M","M","T","M","?","$","M","M","R","B",null,"M","$","?","?","M","R","M","R","T","?","M","$","M","E","R","B","B"],"character_chosen":"THE_SILENT","items_purchased":["TwistedFunnel","Membership Card","Noxious Fumes","MerchantsRug","MealTicket"],"campfire_rested":5,"item_purchase_floors":[14,29,29,36,36],"current_hp_per_floor":[59,59,59,59,59,59,27,26,26,19,19,38,38,38,57,30,57,57,57,57,57,57,57,57,39,39,29,29,29,34,39,58,25,56,61,66,66,37,39,58,47,47,52,52,46,61,66,36,55,12,0,0],"gold":208,"neow_bonus":"THREE_ENEMY_KILL","is_daily":false,"chose_seed":false,"campfire_upgraded":3,"win_rate":0.0,"timestamp":1608502375,"path_taken":["M","?","M","?","?","R","E","M","T","M","?","R","M","$","R","BOSS","M","?","?","?","M","R","M","?","T","M","?","$","M","M","R","BOSS","M","$","?","?","M","R","M","R","T","?","?","$","M","E","R","BOSS","BOSS"],"items_purchased_type":["Relic","Relic","Card","Relic","Relic"],"build_version":"2020-12-13","purchased_purges":3,"victory":false,"max_hp_per_floor":[66,66,66,66,66,66,66,66,66,66,66,66,66,66,66,66,66,66,66,66,66,66,66,66,66,66,66,66,66,66,66,66,66,66,66,66,66,66,66,66,66,66,66,66,66,66,66,66,66,66,66,66],"card_choices":[{"not_picked":["Quick Slash","Predator"],"picked":"Sucker Punch","floor":1.0},{"not_picked":["Dodge and Roll","Concentrate","Slice"],"picked":"SKIP","floor":3.0},{"not_picked":["Sucker Punch","Flying Knee"],"picked":"Corpse Explosion","floor":4.0},{"not_picked":["hubris:SlightOfHand","Die Die Die"],"picked":"Backflip","floor":7.0},{"not_picked":["Heel Hook","Dodge and Roll","Poisoned Stab"],"picked":"SKIP","floor":8.0},{"not_picked":["Cloak And Dagger","Setup"],"picked":"Flechettes","floor":10.0},{"not_picked":["Finisher","Quick Slash"],"picked":"Deadly Poison","floor":13.0},{"not_picked":["Malaise","Unload"],"picked":"Adrenaline","floor":16.0},{"not_picked":["Heel Hook","Deflect"],"picked":"Catalyst","floor":18.0},{"not_picked":["Deadly Poison","Dagger Spray","Bane"],"picked":"SKIP","floor":22.0},{"not_picked":["Slice","Sucker Punch"],"picked":"PiercingWail","floor":24.0},{"not_picked":["Flying Knee","Concentrate","Phantasmal Killer"],"picked":"SKIP","floor":25.0},{"not_picked":["Flying Knee","Underhanded Strike"],"picked":"Leg Sweep","floor":27.0},{"not_picked":["Deflect","Slice","Cloak And Dagger"],"picked":"SKIP","floor":30.0},{"not_picked":["Poisoned Stab","Skewer","Sucker Punch"],"picked":"SKIP","floor":31.0},{"not_picked":["Unload","Wraith Form v2"],"picked":"Adrenaline","floor":33.0},{"not_picked":["Bane","Dagger Spray+1","Dodge and Roll"],"picked":"SKIP","floor":35.0},{"not_picked":["Endless Agony","Setup","Expertise+1"],"picked":"SKIP","floor":39.0},{"not_picked":["Flying Knee+1","Setup","Poisoned Stab"],"picked":"SKIP","floor":41.0},{"not_picked":["Backstab","Setup+1","Dagger Spray"],"picked":"SKIP","floor":45.0},{"not_picked":["Dagger Spray","Skewer","All Out Attack"],"picked":"SKIP","floor":47.0},{"not_picked":["Sucker Punch","Cloak And Dagger","hubris:TrickCloak"],"picked":"SKIP","floor":48.0}],"player_experience":3199948,"relics_obtained":[{"floor":7.0,"key":"Gambling Chip"},{"floor":9.0,"key":"The Specimen"},{"floor":26.0,"key":"Calipers"},{"floor":38.0,"key":"hubris:Potato"},{"floor":43.0,"key":"Art of War"},{"floor":48.0,"key":"hubris:TinFlute"}],"event_choices":[{"damage_healed":0.0,"max_hp_gain":0.0,"max_hp_loss":0.0,"gold_gain":0.0,"cards_transformed":["Strike_G"],"event_name":"Transmorgrifier","player_choice":"Transformed","floor":2.0,"gold_loss":0.0,"damage_taken":0.0,"cards_obtained":["Bouncing Flask"]},{"damage_healed":0.0,"max_hp_gain":0.0,"max_hp_loss":0.0,"gold_gain":0.0,"event_name":"Golden Idol","player_choice":"Take Wound","floor":5.0,"gold_loss":0.0,"damage_taken":0.0,"relics_obtained":["Golden Idol"],"cards_obtained":["Injury"]},{"damage_healed":0.0,"max_hp_gain":0.0,"max_hp_loss":0.0,"gold_gain":0.0,"event_name":"Scrap Ooze","player_choice":"Fled","floor":11.0,"gold_loss":0.0,"damage_taken":0.0},{"damage_healed":0.0,"max_hp_gain":0.0,"max_hp_loss":0.0,"gold_gain":0.0,"event_name":"Ghosts","player_choice":"Ignored","floor":19.0,"gold_loss":0.0,"damage_taken":0.0},{"damage_healed":0.0,"max_hp_gain":0.0,"max_hp_loss":0.0,"gold_gain":0.0,"cards_transformed":["Strike_G","Strike_G"],"event_name":"Drug Dealer","player_choice":"Became Test Subject","floor":21.0,"gold_loss":0.0,"damage_taken":0.0,"cards_obtained":["Quick Slash","Well Laid Plans"]},{"damage_healed":0.0,"max_hp_gain":0.0,"max_hp_loss":0.0,"gold_gain":0.0,"event_name":"Forgotten Altar","player_choice":"Gave Idol","floor":28.0,"relics_lost":["Golden Idol"],"gold_loss":0.0,"damage_taken":0.0,"relics_obtained":["Bloody Idol"]},{"damage_healed":0.0,"max_hp_gain":0.0,"max_hp_loss":0.0,"gold_gain":0.0,"event_name":"Mysterious Sphere","player_choice":"Fight","floor":38.0,"gold_loss":0.0,"damage_taken":0.0},{"damage_healed":0.0,"max_hp_gain":0.0,"max_hp_loss":0.0,"gold_gain":0.0,"event_name":"SecretPortal","player_choice":"Ignored","floor":44.0,"gold_loss":0.0,"damage_taken":0.0}],"is_beta":false,"boss_relics":[{"not_picked":["Snecko Eye","Coffee Dripper"],"picked":"Sozu"},{"not_picked":["hubris:VirtuousBlindfold","Philosopher\u0027s Stone"],"picked":"hubris:RunicObelisk"}],"items_purged_floors":[14,36,46],"is_endless":false,"potions_floor_spawned":[4,13,16,22,24,27,31,39,45,47],"killed_by":"hubris:GrandSnecko","ascension_level":20}}