{"host":"nug5xkek4sujf8as","time":1608464691,"event":{"mods":["Act Like it!","Aspiration","BaseMod","Booster Modes","CapriCore","Colored Powertips","Conspire","Gensokyo","Minty Spire (QoL Compilation)","Permanent Neow","Quick Restart","Replay The Spire","Shop Mod","Spicy Shops","StSLib","vexMod","【功能Mod】混沌之环修复补丁","【遗物卡牌】REMEMod","篝火指南"],"gold_per_floor":[151,209,209,209,209,209,247,247,270,326,21,21,21,66,66,162,162,145,159,159,159],"floor_reached":20,"playtime":985,"items_purged":[],"score":400,"play_id":"a1077804-8a2c-4c43-a2e1-3784f534086f","local_time":"20201220194451","is_ascension_mode":true,"campfire_choices":[{"data":"HandOfGreed","floor":6.0,"key":"SMITH"},{"floor":8.0,"key":"REST"},{"floor":13,"key":"RECALL"},{"data":"Noxious Fumes","floor":15,"key":"SMITH"}],"circlet_count":0,"master_deck":["AscendersBane","Strike_G","Strike_G","Strike_G","Strike_G","Strike_G","Defend_G","Defend_G","Defend_G","Defend_G+1","Defend_G","Survivor","Neutralize","HandOfGreed+1","Doubt","ReplayTheSpireMod:Tripwire","Noxious Fumes+1","REME_GreenPollution","REME_CopyPotion","After Image"],"relics":["REME_ComplimentaryCards","Basket Of Snakes","Golden Idol","Ring of Panic","Ring of Hypnosis","REME_PuzzleBoxRelic","vexMod:BarristanHead","Anchor","Medical Kit","Tingsha","Sizzling Blood","Replay:Bronze Core"],"acts_visited":["TheCity"],"potions_floor_usage":[16,18],"damage_taken":[{"damage":2.0,"enemies":"2 Louse","floor":1.0,"turns":5.0},{"damage":7.0,"enemies":"Small Slimes","floor":2.0,"turns":4.0},{"damage":46.0,"enemies":"Lagavulin","floor":7.0,"turns":11.0},{"damage":0.0,"enemies":"Gremlin Nob","floor":10.0,"turns":4.0},{"damage":0,"enemies":"Jaw Worm","floor":14,"turns":4},{"damage":27,"enemies":"Fading Forest","floor":16,"turns":13},{"damage":6,"enemies":"2 Thieves","floor":18,"turns":5},{"damage":25,"enemies":"conspire:FuzzyDice","floor":19,"turns":8},{"damage":7,"enemies":"Centurion and Healer","floor":20,"turns":5}],"seed_played":"-6617530883342746642","potions_obtained":[{"floor":10.0,"key":"Explosive Potion"},{"floor":16,"key":"PowerPotion"},{"floor":19,"key":"Fire Potion"}],"is_trial":false,"path_per_floor":["M","M","?","?","?","R","E","R","T","E","R","?","R","M","R","B",null,"M","M","M"],"character_chosen":"THE_SILENT","items_purchased":["Medical Kit","Tingsha"],"campfire_rested":1,"item_purchase_floors":[11,11],"current_hp_per_floor":[57,50,50,50,50,50,4,22,22,22,22,26,26,30,30,15,52,50,29,22,22],"gold":159,"neow_bonus":"ONE_RARE_RELIC","is_daily":false,"chose_seed":false,"campfire_upgraded":2,"win_rate":0.0,"timestamp":1608464691,"path_taken":["M","M","?","?","?","R","E","R","T","E","R","?","R","?","R","BOSS","M","M","?"],"items_purchased_type":["Relic","Relic"],"build_version":"2020-12-13","purchased_purges":0,"victory":false,"max_hp_per_floor":[66,66,60,60,60,60,60,60,60,60,60,64,64,64,64,64,64,64,64,64,64],"card_choices":[{"not_picked":["Prepared","Cloak And Dagger"],"picked":"ReplayTheSpireMod:Tripwire","floor":1.0},{"not_picked":["Deadly Poison","Draining Mist"],"picked":"Noxious Fumes","floor":2.0},{"not_picked":["Dash","PiercingWail"],"picked":"REME_GreenPollution","floor":7.0},{"not_picked":["Quick Slash","Setup","Outmaneuver"],"picked":"SKIP","floor":10.0},{"not_picked":["Caltrops","Sucker Punch"],"picked":"REME_CopyPotion","floor":14},{"not_picked":["aspiration:Lunge","Phantasmal Killer"],"picked":"After Image","floor":16},{"not_picked":["Underhanded Strike","Poisoned Stab","All Out Attack"],"picked":"SKIP","floor":18},{"not_picked":["Terror","Slice","Replay:Poison Smokescreen"],"picked":"SKIP","floor":19}],"player_experience":688246,"relics_obtained":[{"floor":4.0,"key":"Ring of Panic"},{"floor":4.0,"key":"Ring of Hypnosis"},{"floor":7.0,"key":"REME_PuzzleBoxRelic"},{"floor":9.0,"key":"vexMod:BarristanHead"},{"floor":10.0,"key":"Anchor"}],"event_choices":[{"damage_healed":0.0,"max_hp_gain":0.0,"max_hp_loss":6.0,"gold_gain":0.0,"event_name":"Golden Idol","player_choice":"Lose Max HP","floor":3.0,"gold_loss":0.0,"damage_taken":0.0,"relics_obtained":["Golden Idol"]}],"is_beta":false,"boss_relics":[{"not_picked":["Philosopher\u0027s Stone","Painkiller Herb"],"picked":"Replay:Bronze Core"}],"items_purged_floors":[],"is_endless":false,"potions_floor_spawned":[10,16,19],"killed_by":"Centurion and Healer","ascension_level":19}}