{"host":"1c52r9kaxdyo25eq","time":1608443263,"event":{"mods":["AchievementEnabler","BaseMod","Minty Spire (QoL Compilation)","Rare Cards Sparkle","SuperFastMode","everything is the same but u backflip on backflip"],"gold_per_floor":[112,130,130,130,153,153,187,37,82,106,31,31,44,63,63,187,187,201,116,116,137,160,160,199,199,199,233,233,254,254,16,16,16,16],"floor_reached":33,"playtime":935,"items_purged":["Strike_R"],"score":371,"play_id":"81b36392-bc7d-4d2b-844a-9556da34a401","local_time":"20201220144743","is_ascension_mode":true,"campfire_choices":[{"data":"Shockwave","floor":6.0,"key":"SMITH"},{"data":"Disarm","floor":15.0,"key":"SMITH"},{"data":"Headbutt","floor":23.0,"key":"SMITH"},{"data":"Seeing Red","floor":28,"key":"SMITH"},{"data":"Exhume","floor":32,"key":"SMITH"}],"circlet_count":0,"master_deck":["Strike_R","Strike_R","Defend_R","Defend_R","Bash","Shockwave+1","Evolve","Shrug It Off","Headbutt+1","Disarm+1","Seeing Red+1","Offering","Havoc+1","Clothesline+1","Pummel+1","Body Slam+1","Exhume+1"],"relics":["Burning Blood","NeowsBlessing","Golden Idol","Ornamental Fan","Tiny Chest","Medical Kit","Akabeko","Astrolabe","Meat on the Bone","Strawberry","Smiling Mask","Lizard Tail","InkBottle","Vajra","Molten Egg 2"],"acts_visited":["Exordium","TheCity"],"potions_floor_usage":[24,24,27,33],"damage_taken":[{"damage":0.0,"enemies":"Jaw Worm","floor":1.0,"turns":1.0},{"damage":0.0,"enemies":"Cultist","floor":2.0,"turns":1.0},{"damage":0.0,"enemies":"2 Louse","floor":5.0,"turns":2.0},{"damage":36.0,"enemies":"3 Sentries","floor":7.0,"turns":11.0},{"damage":17.0,"enemies":"Gremlin Gang","floor":10.0,"turns":6.0},{"damage":3.0,"enemies":"Looter","floor":13.0,"turns":4.0},{"damage":4.0,"enemies":"2 Fungi Beasts","floor":14.0,"turns":5.0},{"damage":11.0,"enemies":"Hexaghost","floor":16.0,"turns":11.0},{"damage":14.0,"enemies":"Chosen","floor":18.0,"turns":3.0},{"damage":6.0,"enemies":"Spheric Guardian","floor":21.0,"turns":2.0},{"damage":16.0,"enemies":"Snecko","floor":22.0,"turns":4.0},{"damage":35,"enemies":"Gremlin Leader","floor":24,"turns":6},{"damage":14,"enemies":"Slavers","floor":27,"turns":5},{"damage":1,"enemies":"Centurion and Healer","floor":29,"turns":4},{"damage":56,"enemies":"Collector","floor":33,"turns":8}],"seed_played":"1043155037671618758","potions_obtained":[{"floor":1.0,"key":"PowerPotion"},{"floor":7.0,"key":"EssenceOfSteel"},{"floor":16.0,"key":"GamblersBrew"},{"floor":21.0,"key":"SteroidPotion"},{"floor":22.0,"key":"Regen Potion"},{"floor":27,"key":"Block Potion"}],"is_trial":false,"path_per_floor":["M","M","?","T","M","R","E","$","T","M","$","?","M","M","R","B",null,"M","?","T","M","M","R","E","?","T","E","R","M","T","$","R","B"],"character_chosen":"IRONCLAD","items_purchased":["Medical Kit","Molten Egg 2"],"campfire_rested":0,"item_purchase_floors":[8,31],"current_hp_per_floor":[78,80,60,60,66,66,36,36,36,25,25,25,28,30,30,25,66,58,58,65,65,55,55,53,53,53,57,57,62,62,62,62,6,6],"gold":16,"neow_bonus":"THREE_ENEMY_KILL","is_daily":false,"chose_seed":false,"campfire_upgraded":5,"win_rate":0.0,"timestamp":1608443263,"path_taken":["M","M","?","?","?","R","E","$","T","M","$","?","M","?","R","BOSS","M","?","?","?","?","R","E","?","T","E","R","M","?","$","R","BOSS"],"items_purchased_type":["Relic","Relic"],"build_version":"2020-12-13","purchased_purges":1,"victory":false,"max_hp_per_floor":[80,80,80,80,80,80,80,80,80,80,80,80,80,80,80,80,80,80,80,87,87,87,87,87,87,87,87,87,87,87,87,87,87,87],"card_choices":[{"not_picked":["Hemokinesis","Twin Strike"],"picked":"Shockwave","floor":1.0},{"not_picked":["Shrug It Off","Twin Strike"],"picked":"Evolve","floor":2.0},{"not_picked":["Wild Strike","Shockwave"],"picked":"Shrug It Off","floor":5.0},{"not_picked":["Havoc","Dual Wield"],"picked":"Headbutt","floor":7.0},{"not_picked":["Infernal Blade","True Grit"],"picked":"Disarm","floor":10.0},{"not_picked":["Dual Wield","Clothesline","Thunderclap"],"picked":"SKIP","floor":13.0},{"not_picked":["Perfected Strike","Flame Barrier","Rupture"],"picked":"SKIP","floor":14.0},{"not_picked":["Impervious","Bludgeon"],"picked":"Offering","floor":16.0},{"not_picked":["Bloodletting","Seeing Red","Hemokinesis"],"picked":"SKIP","floor":18.0},{"not_picked":["Wild Strike+1","Heavy Blade","True Grit"],"picked":"SKIP","floor":21.0},{"not_picked":["Warcry","Disarm"],"picked":"Body Slam+1","floor":22.0},{"not_picked":["Armaments","Perfected Strike","Headbutt+1"],"picked":"SKIP","floor":24},{"not_picked":["Clothesline","Ghostly Armor","Anger+1"],"picked":"SKIP","floor":27},{"not_picked":["Pommel Strike","Anger"],"picked":"Exhume","floor":29}],"player_experience":500680,"relics_obtained":[{"floor":4.0,"key":"Ornamental Fan"},{"floor":7.0,"key":"Tiny Chest"},{"floor":9.0,"key":"Akabeko"},{"floor":20.0,"key":"Strawberry"},{"floor":24,"key":"Smiling Mask"},{"floor":26,"key":"Lizard Tail"},{"floor":27,"key":"InkBottle"},{"floor":30,"key":"Vajra"}],"event_choices":[{"damage_healed":0.0,"max_hp_gain":0.0,"max_hp_loss":0.0,"gold_gain":0.0,"event_name":"Golden Idol","player_choice":"Take Damage","floor":3.0,"gold_loss":0.0,"damage_taken":20.0,"relics_obtained":["Golden Idol"]},{"damage_healed":0.0,"max_hp_gain":0.0,"max_hp_loss":0.0,"gold_gain":0.0,"cards_transformed":["Defend_R"],"event_name":"Transmorgrifier","player_choice":"Transformed","floor":12.0,"gold_loss":0.0,"damage_taken":0.0,"cards_obtained":["Seeing Red"]},{"damage_healed":0.0,"max_hp_gain":0.0,"max_hp_loss":0.0,"gold_gain":0.0,"event_name":"Addict","player_choice":"Obtained Relic","floor":19.0,"gold_loss":85.0,"damage_taken":0.0,"relics_obtained":["Meat on the Bone"]},{"damage_healed":0,"gold_gain":0,"player_choice":"Ignored","damage_taken":0,"max_hp_gain":0,"max_hp_loss":0,"event_name":"Ghosts","floor":25,"gold_loss":0}],"is_beta":false,"boss_relics":[{"not_picked":["SacredBark","Empty Cage"],"picked":"Astrolabe"}],"items_purged_floors":[11],"is_endless":false,"potions_floor_spawned":[1,7,16,21,22,27],"killed_by":"Collector","ascension_level":6}}