{"host":"k5dhp0bkccqfauyu","time":1608467707,"event":{"mods":["BaseMod","Better Note","Better Skull","Better Vampires","Colored Map","Colored Powertips","DeckTracker","Minty Spire (QoL Compilation)","Permanent Neow","StSLib","SuperFastMode"],"gold_per_floor":[118,393,406,423,442,442,467,485,485,485,519,597,597,56,56,127,127,147,197,46,46,46,46,46],"floor_reached":23,"playtime":758,"items_purged":["Regret","Strike_R"],"score":444,"play_id":"e23ebf5b-e795-45d5-a824-2003743e600e","local_time":"20201220233507","is_ascension_mode":true,"campfire_choices":[{"data":"Rampage","floor":6,"key":"SMITH"},{"data":"Burning Pact","floor":13,"key":"SMITH"},{"data":"Dark Embrace","floor":15,"key":"SMITH"}],"circlet_count":0,"master_deck":["AscendersBane","Strike_R","Strike_R","Strike_R","Defend_R","Defend_R","Defend_R","Bash","Rampage+1","Headbutt","Shrug It Off","Rage","Second Wind","Burning Pact+1","Power Through","Dark Embrace+1","Havoc","Immolate","True Grit"],"relics":["Empty Cage","Pen Nib","Blue Candle","Happy Flower","Pear","PreservedInsect","Toy Ornithopter","Coffee Dripper"],"acts_visited":["Exordium","TheCity"],"potions_floor_usage":[7,7,8,11,11,16,23],"damage_taken":[{"damage":10,"enemies":"2 Louse","floor":1,"turns":2},{"damage":6,"enemies":"Cultist","floor":3,"turns":4},{"damage":12,"enemies":"Jaw Worm","floor":4,"turns":3},{"damage":4,"enemies":"Looter","floor":5,"turns":3},{"damage":25,"enemies":"Lagavulin","floor":7,"turns":7},{"damage":8,"enemies":"Blue Slaver","floor":8,"turns":5},{"damage":0,"enemies":"Gremlin Nob","floor":11,"turns":2},{"damage":24,"enemies":"Slime Boss","floor":16,"turns":10},{"damage":51,"enemies":"3 Byrds","floor":18,"turns":5},{"damage":22,"enemies":"Slavers","floor":23,"turns":2}],"seed_played":"-7423806680798964949","potions_obtained":[{"floor":4,"key":"FearPotion"},{"floor":5,"key":"Block Potion"},{"floor":7,"key":"EntropicBrew"},{"floor":11,"key":"Dexterity Potion"},{"floor":18,"key":"LiquidMemories"}],"is_trial":false,"path_per_floor":["M","?","M","M","M","R","E","M","T","?","E","T","R","$","R","B",null,"M","?","$","?","?","E"],"character_chosen":"IRONCLAD","items_purchased":["PreservedInsect","Dark Embrace","Toy Ornithopter","Havoc","True Grit"],"campfire_rested":0,"item_purchase_floors":[14,14,14,14,20],"current_hp_per_floor":[58,58,52,40,36,36,11,3,3,28,28,38,38,38,38,19,69,18,18,18,35,10,0,0],"gold":46,"neow_bonus":"BOSS_RELIC","is_daily":false,"chose_seed":false,"campfire_upgraded":3,"win_rate":0.0,"timestamp":1608467707,"path_taken":["M","?","M","?","M","R","E","M","T","?","E","?","R","$","R","BOSS","M","?","$","?","?","E"],"items_purchased_type":["Relic","Card","Relic","Card","Card"],"build_version":"2020-12-13","purchased_purges":2,"victory":false,"max_hp_per_floor":[75,75,75,75,75,75,75,75,75,75,75,85,85,85,85,85,85,85,85,85,85,90,90,90],"card_choices":[{"not_picked":["Twin Strike","Havoc"],"picked":"Rampage","floor":1},{"not_picked":["Twin Strike","Clothesline"],"picked":"Headbutt","floor":3},{"not_picked":["Clash","Reckless Charge"],"picked":"Shrug It Off","floor":4},{"not_picked":["Hemokinesis","Headbutt"],"picked":"Rage","floor":5},{"not_picked":["Armaments","Sword Boomerang"],"picked":"Second Wind","floor":7},{"not_picked":["Searing Blow","Infernal Blade"],"picked":"Burning Pact","floor":8},{"not_picked":["Twin Strike","Feed"],"picked":"Power Through","floor":11},{"not_picked":["Barricade","Brutality"],"picked":"Immolate","floor":16},{"not_picked":["Pommel Strike","Rage","Clothesline"],"picked":"SKIP","floor":18}],"player_experience":1800364,"relics_obtained":[{"floor":7,"key":"Pen Nib"},{"floor":9,"key":"Blue Candle"},{"floor":11,"key":"Happy Flower"},{"floor":12,"key":"Pear"}],"event_choices":[{"damage_healed":0,"gold_gain":275,"player_choice":"Desecrate","damage_taken":0,"max_hp_gain":0,"max_hp_loss":0,"event_name":"Golden Shrine","floor":2,"gold_loss":0,"cards_obtained":["Regret"]},{"damage_healed":25,"gold_gain":0,"player_choice":"Banana","damage_taken":0,"max_hp_gain":0,"max_hp_loss":0,"event_name":"Big Fish","floor":10,"gold_loss":0},{"damage_healed":0,"gold_gain":50,"player_choice":"Stole From Cult","damage_taken":0,"max_hp_gain":0,"max_hp_loss":0,"event_name":"Nest","floor":19,"gold_loss":0},{"damage_healed":17,"gold_gain":0,"player_choice":"Heal","damage_taken":0,"max_hp_gain":0,"max_hp_loss":0,"event_name":"The Library","floor":21,"gold_loss":0},{"damage_healed":0,"gold_gain":0,"player_choice":"Shed Blood","damage_taken":30,"max_hp_gain":5,"max_hp_loss":0,"event_name":"Forgotten Altar","floor":22,"gold_loss":0}],"is_beta":false,"boss_relics":[{"not_picked":["Sozu","Calling Bell"],"picked":"Coffee Dripper"}],"items_purged_floors":[14,20],"is_endless":false,"potions_floor_spawned":[4,5,7,8,11,18],"killed_by":"Slavers","ascension_level":20}}