{"host":"zdznbz1vk7bo8bwe","time":1608436186,"event":{"mods":["Act Like it!","Aspiration","BaseMod","Better-Laid Plans","Block Reminder","Conspire","Custom Start","Defuse TimeMaze Blight","Ekko","Elementarium","Energized Spire","Gensokyo","Hubris","Infinite Spire","Jedi Mod","Jorbs\u0027s Wanderer Trilogy","Lobotomy","Menagerie","Minty Spire (QoL Compilation)","Rare Cards Sparkle","Replay The Spire","StSLib","The Animator","The Bug Knight","The Cursed","The Factory","The Jungle","The Vixen","Transform Curses","vexMod"],"gold_per_floor":[118,118,118,128,140,167,167,167,167,201,201,226,259,300,300,405,405,450,450,450,450,472,472,505,555,555,555,597,742,742,68,68,186,186,208,208,253,280,280,280,319,319,319,319,353,353,386,426,426,441],"floor_reached":51,"playtime":5417,"items_purged":["ekkoTheBoyWhoShatteredTime:AfterimageTease"],"score":799,"play_id":"f05e39cc-8ef4-4446-81ab-ea117df33872","local_time":"20201219194946","daily_mods":["SealedDeck","Lethality"],"is_ascension_mode":false,"campfire_choices":[{"data":"ekkoTheBoyWhoShatteredTime:HailOfBlades","floor":7,"key":"SMITH"},{"data":"ekkoTheBoyWhoShatteredTime:PhaseDive","floor":15,"key":"SMITH"},{"data":"ekkoTheBoyWhoShatteredTime:Disturblast","floor":23,"key":"SMITH"},{"data":"ekkoTheBoyWhoShatteredTime:PhaseDive","floor":27,"key":"SMITH"},{"data":"ekkoTheBoyWhoShatteredTime:PhaseDive","floor":30,"key":"SMITH"},{"floor":32,"key":"DIG"},{"data":"ekkoTheBoyWhoShatteredTime:HailOfBlades","floor":40,"key":"SMITH"},{"data":"ekkoTheBoyWhoShatteredTime:KeepingMomentum","floor":42,"key":"SMITH"},{"data":"ekkoTheBoyWhoShatteredTime:PulsefirePooling","floor":44,"key":"SMITH"},{"data":"ekkoTheBoyWhoShatteredTime:Dash","floor":46,"key":"SMITH"}],"circlet_count":0,"master_deck":["ekkoTheBoyWhoShatteredTime:Acceleration","ekkoTheBoyWhoShatteredTime:NeedlesslyLargeRod","ekkoTheBoyWhoShatteredTime:NeedlesslyLargeRod","ekkoTheBoyWhoShatteredTime:Greed","ekkoTheBoyWhoShatteredTime:Acceleration","ekkoTheBoyWhoShatteredTime:Dash+1","ekkoTheBoyWhoShatteredTime:CommittedStrike","ekkoTheBoyWhoShatteredTime:PhaseDive+1","ekkoTheBoyWhoShatteredTime:PhaseDive+1","ekkoTheBoyWhoShatteredTime:HailOfBlades+1","ekkoTheBoyWhoShatteredTime:GrandeFinale","ekkoTheBoyWhoShatteredTime:Discharge","ekkoTheBoyWhoShatteredTime:Disturblast+1","ekkoTheBoyWhoShatteredTime:KeepingMomentum+1","ekkoTheBoyWhoShatteredTime:PhaseDive+1","ekkoTheBoyWhoShatteredTime:HailOfBlades+1","ekkoTheBoyWhoShatteredTime:Powered","ekkoTheBoyWhoShatteredTime:PhaseDive","ekkoTheBoyWhoShatteredTime:PulsefirePooling+1","ekkoTheBoyWhoShatteredTime:HextechProtobelt+1","ekkoTheBoyWhoShatteredTime:Knowledge+1"],"relics":["ekkoTheBoyWhoShatteredTime:zDriveResonance","replay:Trail_Library","hubris:Reverence","Menagerie:HuntersKnife","Philosopher\u0027s Stone","Lizard Tail","Darkstone Periapt","Ornamental Fan","Sundial","infinitespire:Satchel","Elementarium:ElementariumTrophy","hubris:Spice"],"acts_visited":["Menagerie:Menagerie","Elementarium:Elementarium","TheBeyond"],"potions_floor_usage":[],"damage_taken":[{"damage":0,"enemies":"Menagerie:2_RABBITS","floor":1,"turns":2},{"damage":4,"enemies":"Menagerie:MonstrousExperiment","floor":4,"turns":1},{"damage":0,"enemies":"Menagerie:StygianBoar","floor":5,"turns":1},{"damage":18,"enemies":"Menagerie:VoidReaper","floor":6,"turns":2},{"damage":5,"enemies":"Menagerie:DREAD_MOTH_AND_GRAFTED_WORMS","floor":10,"turns":2},{"damage":3,"enemies":"Menagerie:STYGIAN_BOAR_AND_RABBIT","floor":12,"turns":1},{"damage":0,"enemies":"Menagerie:3_RABBITS","floor":13,"turns":2},{"damage":3,"enemies":"Menagerie:BEAST_MAGE_AND_PROWLING_AMALGAM","floor":14,"turns":2},{"damage":24,"enemies":"Menagerie:Suneater","floor":16,"turns":3},{"damage":3,"enemies":"Elementarium:2_ELEMENTALS","floor":18,"turns":1},{"damage":4,"enemies":"Elementarium:Cyclone","floor":22,"turns":2},{"damage":0,"enemies":"Elementarium:WarGolem","floor":24,"turns":1},{"damage":0,"enemies":"Elementarium:3_ELEMENTALS","floor":25,"turns":2},{"damage":7,"enemies":"Elementarium:VOID_CORRUPTION_AND_TAR_GOLEM","floor":28,"turns":2},{"damage":2,"enemies":"Elementarium:FIRE_SANCTUM_HERALD","floor":29,"turns":1},{"damage":4,"enemies":"Elementarium:FIRE_SANCTUM_FIRELORD","floor":29,"turns":2},{"damage":21,"enemies":"Elementarium:GoldenDragon","floor":33,"turns":4},{"damage":0,"enemies":"Orb Walker","floor":35,"turns":1},{"damage":0,"enemies":"3 Shapes","floor":37,"turns":1},{"damage":0,"enemies":"Sphere and 2 Shapes","floor":38,"turns":2},{"damage":0,"enemies":"Writhing Mass","floor":41,"turns":2},{"damage":0,"enemies":"Nemesis","floor":45,"turns":1},{"damage":3,"enemies":"Spire Growth","floor":47,"turns":1},{"damage":0,"enemies":"3 Darklings","floor":48,"turns":1},{"damage":3,"enemies":"hubris:GrandSnecko","floor":50,"turns":1}],"seed_played":"2372261755712131184","potions_obtained":[{"floor":4,"key":"Cursed Concoction"},{"floor":6,"key":"Venom Potion"},{"floor":12,"key":"ekkoTheBoyWhoShatteredTime:BottledSheen"},{"floor":16,"key":"jedi:StrikingPotion"},{"floor":22,"key":"AttackPotion"},{"floor":37,"key":"FearPotion"},{"floor":49,"key":"EntropicBrew"}],"is_trial":true,"path_per_floor":["M","$","?","M","M","E","R","?","T","M","?","M","M","M","R","B",null,"M","?","?","?","M","R","E","M","T","R","M","?","R","$","R","B",null,"M","?","M","M","?","R","M","R","T","R","E","R","M","M","R","B",null],"character_chosen":"EKKO_THE_BOY_WHO_SHATTERED_TIME","items_purchased":["Ornamental Fan","Sundial","ekkoTheBoyWhoShatteredTime:HailOfBlades"],"campfire_rested":0,"item_purchase_floors":[31,31,31],"current_hp_per_floor":[78,78,78,74,74,56,56,56,56,51,51,48,48,48,48,24,72,72,80,77,77,73,73,73,76,76,76,72,72,72,72,72,54,80,80,80,80,80,80,80,80,80,88,88,88,88,88,88,88,88],"gold":441,"neow_bonus":"","is_daily":false,"chose_seed":false,"campfire_upgraded":9,"win_rate":0.0,"timestamp":1608436186,"path_taken":["M","$","?","?","M","E","R","?","T","M","?","M","?","M","R","BOSS","M","?","?","?","M","R","E","?","T","R","M","?","R","$","R","BOSS","M","?","?","M","?","R","?","R","T","R","E","R","M","?","R","BOSS"],"items_purchased_type":["Relic","Relic","Card"],"build_version":"2020-12-13","purchased_purges":1,"victory":true,"max_hp_per_floor":[78,78,78,78,78,78,78,72,72,72,72,72,72,72,72,72,72,72,80,80,80,80,80,80,80,80,80,80,80,80,80,80,80,80,80,80,80,80,80,80,80,80,88,88,88,88,88,88,88,88],"card_choices":[{"not_picked":["ekkoTheBoyWhoShatteredTime:NeedlesslyLargeRod","ekkoTheBoyWhoShatteredTime:DodgeTraining"],"picked":"ekkoTheBoyWhoShatteredTime:HailOfBlades","floor":1},{"not_picked":["ekkoTheBoyWhoShatteredTime:Leap","ekkoTheBoyWhoShatteredTime:NeedlesslyLargeRod"],"picked":"ekkoTheBoyWhoShatteredTime:GrandeFinale","floor":4},{"not_picked":["ekkoTheBoyWhoShatteredTime:WideSlice","ekkoTheBoyWhoShatteredTime:Greed","ekkoTheBoyWhoShatteredTime:CommittedStrike"],"picked":"SKIP","floor":5},{"not_picked":["ekkoTheBoyWhoShatteredTime:Process","ekkoTheBoyWhoShatteredTime:QuickBreak"],"picked":"ekkoTheBoyWhoShatteredTime:Discharge","floor":6},{"not_picked":["ekkoTheBoyWhoShatteredTime:NeedlesslyLargeRod","ekkoTheBoyWhoShatteredTime:TimeRecall","ekkoTheBoyWhoShatteredTime:ParallelConvergence"],"picked":"SKIP","floor":10},{"not_picked":["ekkoTheBoyWhoShatteredTime:KneeNSwordCombo","ekkoTheBoyWhoShatteredTime:Knowledge","ekkoTheBoyWhoShatteredTime:FeelIt"],"picked":"SKIP","floor":12},{"not_picked":["ekkoTheBoyWhoShatteredTime:Acceleration","ekkoTheBoyWhoShatteredTime:Resocharge"],"picked":"ekkoTheBoyWhoShatteredTime:Disturblast","floor":13},{"not_picked":["ekkoTheBoyWhoShatteredTime:Leap","ekkoTheBoyWhoShatteredTime:GuinsoosRageblade","ekkoTheBoyWhoShatteredTime:IceBreak"],"picked":"SKIP","floor":14},{"not_picked":["ekkoTheBoyWhoShatteredTime:AfterimageSetup+1","ekkoTheBoyWhoShatteredTime:QuickBreak"],"picked":"ekkoTheBoyWhoShatteredTime:KeepingMomentum","floor":18},{"not_picked":["ekkoTheBoyWhoShatteredTime:ItemsAfterimage","ekkoTheBoyWhoShatteredTime:NashorsTooth","ekkoTheBoyWhoShatteredTime:NeedlesslyLargeRod"],"picked":"SKIP","floor":22},{"not_picked":["ekkoTheBoyWhoShatteredTime:NeedlesslyLargeRod","ekkoTheBoyWhoShatteredTime:LevelUp","ekkoTheBoyWhoShatteredTime:NaggingBlow"],"picked":"SKIP","floor":24},{"not_picked":["ekkoTheBoyWhoShatteredTime:HauntedAfterimage","ekkoTheBoyWhoShatteredTime:VelocityConsuming+1","ekkoTheBoyWhoShatteredTime:Dash"],"picked":"SKIP","floor":25},{"not_picked":["ekkoTheBoyWhoShatteredTime:SpHit","ekkoTheBoyWhoShatteredTime:Confident"],"picked":"ekkoTheBoyWhoShatteredTime:PhaseDive","floor":28},{"not_picked":["ekkoTheBoyWhoShatteredTime:SktSynergy","ekkoTheBoyWhoShatteredTime:TrinityForce"],"picked":"ekkoTheBoyWhoShatteredTime:Powered","floor":33},{"not_picked":["ekkoTheBoyWhoShatteredTime:WaitForKeyTiming","ekkoTheBoyWhoShatteredTime:HauntingGuise"],"picked":"ekkoTheBoyWhoShatteredTime:PhaseDive","floor":35},{"not_picked":["ekkoTheBoyWhoShatteredTime:AfterimageBait+1","ekkoTheBoyWhoShatteredTime:Leap","ekkoTheBoyWhoShatteredTime:Process"],"picked":"SKIP","floor":37},{"not_picked":["ekkoTheBoyWhoShatteredTime:FeelIt","ekkoTheBoyWhoShatteredTime:Greed","ekkoTheBoyWhoShatteredTime:Leap+1"],"picked":"SKIP","floor":38},{"not_picked":["ekkoTheBoyWhoShatteredTime:Playful+1","ekkoTheBoyWhoShatteredTime:KeepingMomentum","ekkoTheBoyWhoShatteredTime:Greed"],"picked":"SKIP","floor":41},{"not_picked":["ekkoTheBoyWhoShatteredTime:FeelIt","ekkoTheBoyWhoShatteredTime:Vibin+1","ekkoTheBoyWhoShatteredTime:Dash+1"],"picked":"SKIP","floor":45},{"not_picked":["ekkoTheBoyWhoShatteredTime:Dash","ekkoTheBoyWhoShatteredTime:Leap+1"],"picked":"ekkoTheBoyWhoShatteredTime:HextechProtobelt+1","floor":47},{"not_picked":["ekkoTheBoyWhoShatteredTime:RecallingPunch","ekkoTheBoyWhoShatteredTime:Powered"],"picked":"ekkoTheBoyWhoShatteredTime:Knowledge+1","floor":48}],"player_experience":100,"relics_obtained":[{"floor":6,"key":"hubris:Reverence"},{"floor":24,"key":"Lizard Tail"},{"floor":29,"key":"Darkstone Periapt"},{"floor":32,"key":"infinitespire:Satchel"},{"floor":43,"key":"hubris:Spice"}],"event_choices":[{"damage_healed":0,"gold_gain":0,"player_choice":"Peek","damage_taken":0,"max_hp_gain":0,"max_hp_loss":0,"event_name":"Menagerie:OvergrownLibrary","floor":3,"gold_loss":0},{"damage_healed":0,"gold_gain":0,"player_choice":"Take","damage_taken":0,"relics_obtained":["Menagerie:HuntersKnife"],"max_hp_gain":0,"max_hp_loss":6,"event_name":"Menagerie:BigGameHunter","floor":8,"gold_loss":0},{"damage_healed":0,"gold_gain":0,"player_choice":"Ignored","damage_taken":0,"max_hp_gain":0,"max_hp_loss":0,"event_name":"Menagerie:BeastSpiritShrine","floor":11,"gold_loss":0},{"damage_healed":0,"gold_gain":0,"player_choice":"Graft","damage_taken":0,"max_hp_gain":8,"max_hp_loss":0,"event_name":"Elementarium:SculptureGarden","floor":19,"gold_loss":0},{"damage_healed":0,"gold_gain":0,"player_choice":"Poke through","damage_taken":3,"max_hp_gain":0,"max_hp_loss":0,"event_name":"Elementarium:GreatTreasure","floor":20,"gold_loss":0},{"damage_healed":0,"gold_gain":0,"player_choice":"Fight","damage_taken":0,"max_hp_gain":0,"max_hp_loss":0,"event_name":"Elementarium:FireSanctum","floor":29,"gold_loss":0},{"damage_healed":0,"gold_gain":0,"player_choice":"Confrontation","damage_taken":0,"max_hp_gain":0,"max_hp_loss":0,"event_name":"Elementarium:FireSanctum","floor":29,"gold_loss":0},{"damage_healed":0,"gold_gain":0,"player_choice":"0 cards matched","damage_taken":0,"max_hp_gain":0,"max_hp_loss":0,"event_name":"Match and Keep!","floor":36,"gold_loss":0,"cards_obtained":[]}],"is_beta":false,"boss_relics":[{"not_picked":["Runic Pyramid","conspire:SlowCooker"],"picked":"Philosopher\u0027s Stone"},{"not_picked":["vexMod:MysteryBossChallenge","vexMod:CursedCompass","Honey Jar"]}],"items_purged_floors":[31],"is_endless":false,"potions_floor_spawned":[4,6,12,13,16,22,25,29,37,41],"ascension_level":0}}