{"host":"zyn2zcp8fez1ptuq","time":1608485928,"event":{"mods":["BaseMod","BetterRewards","Downfall","Hermit","Hubris","Infinite Spire","Minty Spire (QoL Compilation)","Replay The Spire","Robot Space Explorer","Shade Mod","Shop Mod","StSLib","The Animator","The Cursed","The Jungle","The Necromancer"],"gold_per_floor":[119,119,139,89,113,113,127,193,220,254,268,287,287,308,308,432,432,446,446,464,464,489,503,503,503,503,503,503],"floor_reached":27,"playtime":1920,"items_purged":[],"score":342,"play_id":"bc3092f3-88fb-44cc-8033-6ed5d6708d5d","local_time":"20201220123848","is_ascension_mode":false,"campfire_choices":[{"data":"TheCursedMod:RavingStaff","floor":6,"key":"SMITH"},{"data":"TheCursedMod:RavingStaff","floor":15,"key":"SMITH"},{"floor":24,"key":"REST"}],"circlet_count":0,"master_deck":["TheCursedMod:Strike_TheCursed","TheCursedMod:Strike_TheCursed","TheCursedMod:Defend_TheCursed","TheCursedMod:Defend_TheCursed","TheCursedMod:Defend_TheCursed","TheCursedMod:Defend_TheCursed","TheCursedMod:CursedWand","TheCursedMod:CleanUpWorkshop","TheCursedMod:Dregs","TheCursedMod:HellfireBreathing","TheCursedMod:RavingStaff","TheCursedMod:RavingStaff+1","Injury","TheCursedMod:CursedBlade+1","TheCursedMod:RavingStaff+1","TheCursedMod:EmpowerCircles","ReplayTheSpireMod:Splinters","TheCursedMod:RavingStaff","TheCursedMod:CircleOfAmplification","TheCursedMod:CircleOfFlame","TheCursedMod:CursedAmulet","TheCursedMod:PrepareRite","TheCursedMod:DemonSword","TheCursedMod:LuckyCharm+1","TheCursedMod:SpitefulStrike","TheCursedMod:PrepareRite+1","TheCursedMod:CursedShiv","ReplayTheSpireMod:Restless Dread"],"relics":["TheCursedMod:BlackMagic101","Golden Idol","Ornamental Fan","hubris:DeckOfHolding","Cursed Key","hubris:Towel","Replay:Kaleidoscope"],"acts_visited":["Exordium","Exordium"],"potions_floor_usage":[10,10,16,18,22,23,27],"damage_taken":[{"damage":0,"enemies":"2 Louse","floor":1,"turns":2},{"damage":0,"enemies":"Jaw Worm","floor":3,"turns":4},{"damage":0,"enemies":"Small Slimes","floor":5,"turns":2},{"damage":2,"enemies":"Looter","floor":7,"turns":3},{"damage":8,"enemies":"Replay:BlueRogue","floor":10,"turns":5},{"damage":0,"enemies":"Exordium Wildlife","floor":11,"turns":3},{"damage":9,"enemies":"Blue Slaver","floor":12,"turns":3},{"damage":0,"enemies":"Looter","floor":14,"turns":2},{"damage":32,"enemies":"Fading Forest","floor":16,"turns":11},{"damage":16,"enemies":"theJungle:Flameango_and_Byrd","floor":18,"turns":5},{"damage":25,"enemies":"theJungle:GiantWrat","floor":20,"turns":5},{"damage":22,"enemies":"theJungle:Snecko_Cultist_And_Trap","floor":22,"turns":5},{"damage":5,"enemies":"theJungle:SlimyTreeVines","floor":23,"turns":8},{"damage":39,"enemies":"theJungle:Lyon","floor":27,"turns":4}],"seed_played":"7659678494503316854","potions_obtained":[{"floor":1,"key":"Block Potion"},{"floor":7,"key":"Swift Potion"},{"floor":8,"key":"FearPotion"},{"floor":11,"key":"SteroidPotion"},{"floor":14,"key":"CultistPotion"},{"floor":16,"key":"Adrenaline Potion"},{"floor":22,"key":"Weak Potion"}],"is_trial":false,"path_per_floor":["M","?","M","?","M","R","M","?","T","E","M","M","?","M","R","B",null,"M","?","M","?","M","M","R","?","T","M"],"character_chosen":"THE_CURSED","items_purchased":["TheCursedMod:HellfireBreathing","TheCursedMod:RavingStaff"],"campfire_rested":1,"item_purchase_floors":[0,0],"current_hp_per_floor":[75,75,75,75,75,75,73,73,73,65,65,56,56,56,56,30,75,59,59,34,34,12,13,35,35,35,0,0],"gold":503,"neow_bonus":"","is_daily":false,"chose_seed":false,"campfire_upgraded":2,"win_rate":0.0,"timestamp":1608485928,"path_taken":["M","?","M","?","M","R","M","?","T","E","M","M","?","M","R","BOSS","M","?","M","?","?","M","R","?","T","M"],"items_purchased_type":["Card","Card"],"build_version":"2020-12-13","purchased_purges":0,"victory":false,"max_hp_per_floor":[75,75,75,75,75,75,75,75,75,75,75,75,75,75,75,75,75,75,75,75,75,75,75,75,75,75,75,75],"card_choices":[{"not_picked":["TheCursedMod:CursedMace","TheCursedMod:Obscuration"],"picked":"TheCursedMod:RavingStaff","floor":1},{"not_picked":["TheCursedMod:PrepareRite","TheCursedMod:Stigma"],"picked":"TheCursedMod:CursedBlade","floor":3},{"not_picked":["TheCursedMod:SurpriseAttack","TheCursedMod:CursedMace"],"picked":"TheCursedMod:RavingStaff","floor":5},{"not_picked":["TheCursedMod:SpitefulPlan","TheCursedMod:ReleasedKnowledge"],"picked":"TheCursedMod:EmpowerCircles","floor":7},{"not_picked":["TheCursedMod:CursedMace","TheCursedMod:FuryStrike"],"picked":"TheCursedMod:RavingStaff","floor":8},{"not_picked":["TheCursedMod:RapidMovement","TheCursedMod:StunningStrike"],"picked":"TheCursedMod:CircleOfAmplification","floor":10},{"not_picked":["TheCursedMod:FleshFromBone","TheCursedMod:Mangle"],"picked":"TheCursedMod:CircleOfFlame","floor":11},{"not_picked":["TheCursedMod:BlessingInDisguise","TheCursedMod:CursedBoomerang"],"picked":"TheCursedMod:CursedAmulet","floor":12},{"not_picked":["TheCursedMod:RavingStaff","TheCursedMod:VitalStrike"],"picked":"TheCursedMod:PrepareRite","floor":14},{"not_picked":["TheCursedMod:ParallelWorld","TheCursedMod:ManaCirculation"],"picked":"TheCursedMod:DemonSword","floor":16},{"not_picked":["TheCursedMod:Torture","TheCursedMod:CursedBlade"],"picked":"TheCursedMod:LuckyCharm","floor":18},{"not_picked":["TheCursedMod:RavingStaff","TheCursedMod:VitalStrike+1"],"picked":"TheCursedMod:SpitefulStrike","floor":20},{"not_picked":["TheCursedMod:DoubleShield","TheCursedMod:RavingStaff"],"picked":"TheCursedMod:PrepareRite+1","floor":22},{"not_picked":["TheCursedMod:Wield","TheCursedMod:RapidMovement"],"picked":"TheCursedMod:CursedShiv","floor":23}],"player_experience":476595,"relics_obtained":[{"floor":8,"key":"Ornamental Fan"},{"floor":10,"key":"hubris:DeckOfHolding"},{"floor":26,"key":"Replay:Kaleidoscope"}],"event_choices":[{"damage_healed":0,"gold_gain":0,"player_choice":"Take Wound","damage_taken":0,"relics_obtained":["Golden Idol"],"max_hp_gain":0,"max_hp_loss":0,"event_name":"Golden Idol","floor":2,"gold_loss":0,"cards_obtained":["Injury"]},{"cards_removed":["TheCursedMod:Strike_TheCursed"],"damage_healed":0,"gold_gain":0,"player_choice":"Card Removal","damage_taken":0,"max_hp_gain":0,"max_hp_loss":0,"event_name":"The Cleric","floor":4,"gold_loss":50},{"cards_removed":["TheCursedMod:Strike_TheCursed"],"damage_healed":0,"gold_gain":0,"player_choice":"Purged","damage_taken":0,"max_hp_gain":0,"max_hp_loss":0,"event_name":"Purifier","floor":21,"gold_loss":0}],"is_beta":false,"boss_relics":[{"not_picked":["Honey Jar","hubris:Backtick"],"picked":"Cursed Key"}],"items_purged_floors":[],"is_endless":false,"potions_floor_spawned":[1,7,11,14,16,22],"killed_by":"theJungle:Lyon","ascension_level":0}}