{"host":"uvcf8ie4svzjsj3l","time":1608493035,"event":{"mods":["2.2 Compatiblity","AchievementEnabler","Act Like it!","Aspiration","Astrologer","Bard","BaseMod","Beaked The Cultist","Better Third Choice","BetterRewards","CapriCore","ChefMod","Clockwork Mod","Conspire","Friendly Minions","Gensokyo","Halation","Hallownest","Hermit","HololiveMod","Hubris","Infinite Spire","Jorbs\u0027s Wanderer Trilogy","Key Reminder","Luminous","Mad Scientist","Magitek Elite","Marisa????????","Minty Spire (QoL Compilation)","Pale of the Ancients","Potionbrewer","Quick Restart","Random Character Mod","Remilia??????","Replay The Spire","Shade Mod","Somnambulant","Spicy Shops","StSLib","The Accelerator","The Administrix","The Animator","The Blackbeard","The Bug Knight","The Clintock","The Construct","The Cursed","The Disciple","The Elementalist","The Florist","The Forsaken","The Gatherer","The Hayseed","The Hierophant","The Immortal","The Judge","The Juggle","The Mystic","The Necromancer","The Poker Player","The Problem Sleuth","The Runesmith","The Sage","The Senshi","The Servant 0.9.4","The Spell Scribe","The Valiant","The Vixen","The Wild Card","TheArtist","TheBandit","TheFirefly","TheHero","TheVelvet","thorton"],"gold_per_floor":[112,112,112,126,146,146,176,176,222,241,171,196,216,234,234,330,330,340,71,83,95,95,120,120,40,87,87,107,107,117,152,152,253,253,271,287,287,300,316,316,331,348,348,362,362,182,212,37,37,136,136,136,99,130,130],"floor_reached":56,"playtime":8036,"items_purged":["HollowMod:ShadowDash"],"score":1256,"play_id":"e7d2a7f9-64ff-40c9-9ef1-e68cf646f549","local_time":"20201220133715","is_ascension_mode":false,"campfire_choices":[{"floor":8,"key":"RECALL"},{"floor":15,"key":"DIG"},{"data":"HollowMod:MidwifesHunger","floor":24,"key":"SMITH"},{"data":"HollowMod:DungDefenderAura","floor":24,"key":"SMITH"},{"data":"HollowMod:ChannelNail","floor":40,"key":"SMITH"},{"data":"HollowMod:MonarchWings","floor":40,"key":"SMITH"},{"floor":45,"key":"REST"},{"floor":49,"key":"REST"},{"data":"Apotheosis","floor":52,"key":"SMITH"},{"data":"HollowMod:BaldurShell","floor":52,"key":"SMITH"}],"circlet_count":0,"master_deck":["HollowMod:FocusHealStart","HollowMod:PogoStrike","HollowMod:DungDefenderAura+1","HollowMod:SiblingsShadow","HollowMod:CycloneSlash","HollowMod:MidwifesHunger+1","HollowMod:CornifersMapStart","HollowMod:NewJinnsSoul","HollowMod:Weaversong","HollowMod:HeavyBlow","HollowMod:DungDefenderAura+1","HollowMod:MantisMark","HollowMod:VengefulSpirit","HollowMod:CornifersMapStart","HollowMod:NewLittleFool","HollowMod:DashSlash","HollowMod:ShapeofUnn","HollowMod:MonarchWings+1","HollowMod:FallenFury+1","HollowMod:HornetsHelp","HollowMod:BaldurShell+1","infinitespire:Collect+1","hubris:Rewind","HollowMod:CloakDash","HollowMod:CloakDash","HollowMod:ElderbugsWisdom","HollowMod:ChannelNail+1","HollowMod:HowlingWraiths","HollowMod:CloakDash","HollowMod:PureNailStrike+1","HollowMod:CloakDash","HollowMod:SlysStrikes","Apotheosis+1","HollowMod:SlysStrikes","HollowMod:SoulEater"],"relics":["HollowMod:VesselMask","Hallownest:DreamNailRelic","hubris:Icosahedron","Guard_Bracelet","HollowMod:LifeEnderRelic","Replay:Arrowhead","Pandora\u0027s Box","Pet Ghost","aspiration:SeaSaltIceCream","Replay:WaspNest","Mythril_Glove","aspiration:ArtOfWarUpgrade","White Beast Statue","beaked:MawFillet","infinitespire:Beetle Shell","Hallownest:StagBellStandRelic","Omamori","infinitespire:PuzzleCube"],"acts_visited":["Hallownest:Greenpath","Hallownest:CityofTears","Hallownest:KingdomsEdge","TheEnding"],"potions_floor_usage":[16,23,28,28,33,35,36,38,54,55,55,55],"damage_taken":[{"damage":0.0,"enemies":"2_ Uuma","floor":1.0,"turns":6.0},{"damage":0.0,"enemies":"Hallownest:2_MossCreeps","floor":4.0,"turns":7.0},{"damage":0.0,"enemies":"Hallownest:monsterHuskWarrior","floor":5.0,"turns":6.0},{"damage":8,"enemies":"Hallownest:eliteCrystalGuardian","floor":7,"turns":8},{"damage":3,"enemies":"Hallownest:Guard_and_Warrior","floor":10,"turns":6},{"damage":0,"enemies":"Hallownest:eliteVengeflyKing","floor":12,"turns":7},{"damage":0,"enemies":"Hallownest:2_Tiktiks_1_Baldur_1_Crawlid","floor":13,"turns":4},{"damage":0,"enemies":"Hallownest:monsterMossCharger","floor":14,"turns":3},{"damage":23,"enemies":"Hallownest:BossFalseKnight","floor":16,"turns":8},{"damage":7,"enemies":"Hallownest:2_Mistakes","floor":18,"turns":8},{"damage":3,"enemies":"Hallownest:3_Youths","floor":20,"turns":5},{"damage":10,"enemies":"Hallownest:monsterMisterMushroom","floor":21,"turns":7},{"damage":19,"enemies":"Hallownest:eliteWatcherKnight","floor":23,"turns":12},{"damage":31,"enemies":"Hallownest:3_Mistakes","floor":28,"turns":4},{"damage":10,"enemies":"Hallownest:Master_and_Novice","floor":30,"turns":4},{"damage":9,"enemies":"Nightmare","floor":31,"turns":9},{"damage":20,"enemies":"Hallownest:BossSoulMaster","floor":33,"turns":11},{"damage":13,"enemies":"Hallownest:Shield_Heavy","floor":35,"turns":5},{"damage":13,"enemies":"Hallownest:3_Siblings","floor":36,"turns":6},{"damage":22,"enemies":"Hallownest:monsterPrimalAspid","floor":38,"turns":4},{"damage":9,"enemies":"Hallownest:2_Wandering_and_1_Horned","floor":39,"turns":5},{"damage":0,"enemies":"Hallownest:2_Soldiers_and_1_Guardian","floor":41,"turns":6},{"damage":9,"enemies":"Hallownest:monsterPrimalAspid","floor":42,"turns":4},{"damage":18,"enemies":"Hallownest:Slobbering_and_Violent","floor":44,"turns":6},{"damage":14,"enemies":"Hallownest:eliteHiveKnight","floor":47,"turns":6},{"damage":20,"enemies":"Hallownest:Radiance","floor":50,"turns":8},{"damage":29,"enemies":"Shield and Spear","floor":54,"turns":7},{"damage":13,"enemies":"The Heart","floor":55,"turns":8}],"seed_played":"-3140668279973992871","potions_obtained":[{"floor":1.0,"key":"infinitespire:BlackPotion"},{"floor":5.0,"key":"Ancient Potion"},{"floor":10,"key":"Regen Potion"},{"floor":12,"key":"infinitespire:BlackPotion"},{"floor":18,"key":"Swift Potion"},{"floor":28,"key":"Doom Potion"},{"floor":30,"key":"potionbrewer:StunPotion"},{"floor":31,"key":"Fire Potion"},{"floor":33,"key":"potionbrewer:QuicksilverPotion"},{"floor":35,"key":"Regen Potion"},{"floor":36,"key":"Fire Potion"},{"floor":38,"key":"potionbrewer:StunPotion"},{"floor":39,"key":"Milkshake"},{"floor":41,"key":"potionbrewer:QuicksilverPotion"},{"floor":54,"key":"Swift Potion"}],"is_trial":false,"path_per_floor":["M","?","?","M","M","?","E","R","T","M","?","E","M","M","R","B",null,"M","$","M","M","T","E","R","$","T","AVR","M","R","M","NM","R","B",null,"M","M","?","M","M","R","M","M","T","M","R","?","E","$","R","B",null,"R","$","E","B",null],"character_chosen":"THE_BUGKNIGHT","items_purchased":["HollowMod:ShapeofUnn","Pet Ghost","HollowMod:BaldurShell","Apotheosis","HollowMod:SoulEater"],"campfire_rested":2,"item_purchase_floors":[19,19,25,48,53],"current_hp_per_floor":[75,75,75,75,75,75,75,75,75,75,75,75,75,75,75,52,75,68,68,65,55,55,42,42,42,42,42,38,38,28,31,31,11,75,62,70,70,48,39,39,39,30,30,12,34,34,20,20,42,22,75,75,75,58,57],"gold":130,"neow_bonus":"TRANSFORM_CARD","is_daily":false,"chose_seed":false,"campfire_upgraded":6,"win_rate":0.0,"timestamp":1608493035,"path_taken":["M","?","?","M","?","?","E","R","T","M","?","E","M","M","R","BOSS","M","$","?","?","?","E","R","?","T","AVR","?","R","M","NM","R","BOSS","M","M","?","?","M","R","M","M","T","M","R","?","E","?","R","BOSS","R","$","E","BOSS"],"items_purchased_type":["Card","Relic","Card","Card","Card"],"build_version":"2020-12-13","purchased_purges":1,"victory":true,"max_hp_per_floor":[75,75,75,75,75,75,75,75,75,75,75,75,75,75,75,75,75,75,75,75,75,75,75,75,75,75,75,75,75,75,75,75,75,75,75,75,75,75,75,75,75,75,75,75,75,75,75,75,75,75,75,75,75,75,75],"card_choices":[{"not_picked":["HollowMod:SharpenedNail","HollowMod:HowlingWraiths","HollowMod:SiblingsSouls"],"picked":"SKIP","floor":1.0},{"not_picked":["HollowMod:DungDefenderAura","HollowMod:ChannelNail"],"picked":"HollowMod:SiblingsShadow","floor":4.0},{"not_picked":["HollowMod:QuirrelsAssistance","HollowMod:HeavyBlow","HollowMod:GoodIntentions"],"picked":"SKIP","floor":5.0},{"not_picked":["HollowMod:FastStrike","HollowMod:HuntersJournal"],"picked":"HollowMod:CycloneSlash","floor":7},{"not_picked":["HollowMod:InfectedCysts","HollowMod:TaintedHusks","HollowMod:DoubleDash"],"picked":"SKIP","floor":10},{"not_picked":["HollowMod:GoodIntentions","HollowMod:SoulSplash"],"picked":"HollowMod:MidwifesHunger","floor":12},{"not_picked":["HollowMod:VengefulSpirit","HollowMod:DungDefenderAura"],"picked":"HollowMod:CornifersMapStart","floor":13},{"not_picked":["HollowMod:WraithStrike","HollowMod:BrokenVessel"],"picked":"HollowMod:NewJinnsSoul","floor":14},{"not_picked":["HollowMod:NewInfectedGuardian","HollowMod:VoidDash"],"picked":"HollowMod:Weaversong","floor":16},{"not_picked":["HollowMod:VengefulVoid","HollowMod:BlackTendrils"],"picked":"HollowMod:DashSlash","floor":18},{"not_picked":["HollowMod:ShadowDash","HollowMod:BlackTendrils"],"picked":"HollowMod:MonarchWings","floor":20},{"not_picked":["HollowMod:HeavyBlow","HollowMod:MonarchWings+1"],"picked":"HollowMod:FallenFury+1","floor":21},{"not_picked":["HollowMod:VengefulSpirit","HollowMod:SoulMaster"],"picked":"HollowMod:HornetsHelp","floor":23},{"not_picked":["HollowMod:InfectionAssault","HollowMod:DescendingDark"],"picked":"HollowMod:CloakDash","floor":28},{"not_picked":["HollowMod:NewLittleFool","HollowMod:SiblingsShadow","HollowMod:SharpenedNail"],"picked":"SKIP","floor":30},{"not_picked":["HollowMod:DashSlash","HollowMod:TaintedHusks"],"picked":"HollowMod:CloakDash","floor":31},{"not_picked":["HollowMod:theNailsmith","HollowMod:MidwifesHunger"],"picked":"HollowMod:ElderbugsWisdom","floor":33},{"not_picked":["HollowMod:SiblingsSouls+1","HollowMod:NewGlowingWomb+1"],"picked":"HollowMod:ChannelNail","floor":35},{"not_picked":["HollowMod:DoubleDash","HollowMod:LifebloodCocoon+1","HollowMod:DungDefenderAura"],"picked":"SKIP","floor":36},{"not_picked":["HollowMod:SoulShaman","HollowMod:NewJinnsSoul"],"picked":"HollowMod:HowlingWraiths","floor":38},{"not_picked":["HollowMod:SiblingsSouls+1","HollowMod:DashSlash"],"picked":"HollowMod:CloakDash","floor":39},{"not_picked":["HollowMod:DashSlash","HollowMod:FallenFury+1","HollowMod:ShadowDash"],"picked":"SKIP","floor":41},{"not_picked":["HollowMod:BrokenVessel","HollowMod:SharpenedShadows+1"],"picked":"HollowMod:PureNailStrike+1","floor":42},{"not_picked":["HollowMod:DoubleDash+1","HollowMod:MawleksShell+1"],"picked":"HollowMod:CloakDash","floor":44},{"not_picked":["HollowMod:FallenFury+1","HollowMod:DesolateDive"],"picked":"HollowMod:SlysStrikes","floor":47},{"not_picked":["HollowMod:HornetsHelp","HollowMod:AwokenDreamNail"],"picked":"HollowMod:SlysStrikes","floor":50},{"not_picked":["HollowMod:FallenFury","HollowMod:TaintedHusks","HollowMod:CornifersMapStart+1"],"picked":"SKIP","floor":54}],"player_experience":567512,"relics_obtained":[{"floor":7,"key":"Guard_Bracelet"},{"floor":12,"key":"HollowMod:LifeEnderRelic"},{"floor":15,"key":"Replay:Arrowhead"},{"floor":22,"key":"aspiration:SeaSaltIceCream"},{"floor":23,"key":"Mythril_Glove"},{"floor":26,"key":"Art of War"},{"floor":31,"key":"White Beast Statue"},{"floor":43,"key":"infinitespire:Beetle Shell"},{"floor":47,"key":"Omamori"},{"floor":54,"key":"infinitespire:PuzzleCube"}],"event_choices":[],"is_beta":false,"boss_relics":[{"not_picked":["hubris:GrandSneckoEye","Coffee Dripper"],"picked":"Pandora\u0027s Box"},{"not_picked":["ReplayTheSpireMod:DimensionalGlitch","hubris:BlackHole"],"picked":"beaked:MawFillet"}],"items_purged_floors":[19],"is_endless":false,"potions_floor_spawned":[1,5,10,12,18,28,30,31,33,35,36,38,39,41,42,44,47,50,54],"ascension_level":0}}