{"host":"baymyijz6sxaqj5s","time":1608460124,"event":{"mods":["AchievementEnabler","BaseMod","Colored Map","Colored Powertips","DeckTracker","KOR Keyword Fix","Keyboard Shortcuts","Minty Spire (QoL Compilation)","StSLib"],"gold_per_floor":[119,129,147,157,168,195,210,225,250,269,269,293,304,361,361,461,511,529,547,567,221,320,320,320],"floor_reached":23,"playtime":1081,"items_purged":["Strike_R"],"score":199,"play_id":"9c2e2c11-387c-448b-81d2-13466a47ad71","local_time":"20201220192844","is_ascension_mode":false,"campfire_choices":[{"data":"Heavy Blade","floor":11,"key":"SMITH"},{"floor":15,"key":"REST"}],"circlet_count":0,"master_deck":["Strike_R","Strike_R","Strike_R","Strike_R","Defend_R","Defend_R","Defend_R","Defend_R","Bash+1","Spot Weakness","Pommel Strike","Power Through","Armaments","Sword Boomerang","Entrench","Shrug It Off","Headbutt","Heavy Blade+1","Thunderclap","Body Slam","Cleave","Flame Barrier"],"relics":["Burning Blood","NeowsBlessing","Dead Branch","Oddly Smooth Stone","Odd Mushroom","Ice Cream","Tiny House","Blood Vial"],"acts_visited":["Exordium","TheCity"],"potions_floor_usage":[6,6,6,13,14,16,18,23,23],"damage_taken":[{"damage":0,"enemies":"Jaw Worm","floor":1,"turns":1},{"damage":0,"enemies":"Small Slimes","floor":2,"turns":1},{"damage":0,"enemies":"2 Louse","floor":3,"turns":1},{"damage":6,"enemies":"Blue Slaver","floor":4,"turns":5},{"damage":0,"enemies":"3 Louse","floor":5,"turns":4},{"damage":41,"enemies":"Gremlin Nob","floor":6,"turns":7},{"damage":1,"enemies":"Exordium Wildlife","floor":7,"turns":3},{"damage":2,"enemies":"Blue Slaver","floor":8,"turns":4},{"damage":1,"enemies":"3 Louse","floor":10,"turns":5},{"damage":3,"enemies":"The Mushroom Lair","floor":12,"turns":4},{"damage":12,"enemies":"Gremlin Gang","floor":13,"turns":3},{"damage":7,"enemies":"Gremlin Nob","floor":14,"turns":4},{"damage":10,"enemies":"Slime Boss","floor":16,"turns":7},{"damage":15,"enemies":"Shell Parasite","floor":18,"turns":9},{"damage":17,"enemies":"Chosen","floor":19,"turns":6},{"damage":18,"enemies":"Snecko","floor":20,"turns":5},{"damage":60,"enemies":"Book of Stabbing","floor":23,"turns":8}],"seed_played":"8115109228035313046","potions_obtained":[{"floor":1,"key":"EssenceOfSteel"},{"floor":4,"key":"AttackPotion"},{"floor":5,"key":"HeartOfIron"},{"floor":8,"key":"LiquidMemories"},{"floor":12,"key":"AttackPotion"},{"floor":13,"key":"Strength Potion"},{"floor":17,"key":"EssenceOfSteel"},{"floor":20,"key":"ColorlessPotion"}],"is_trial":false,"path_per_floor":["M","M","M","M","M","E","M","M","T","M","R","?","M","?","R","B",null,"M","M","M","$","?","E"],"character_chosen":"IRONCLAD","items_purchased":["Flame Barrier","Blood Vial","AttackPotion"],"campfire_rested":1,"item_purchase_floors":[21,21,21],"current_hp_per_floor":[80,80,80,80,80,45,50,54,54,59,59,62,56,55,79,75,85,76,65,53,53,53,0,0],"gold":320,"neow_bonus":"THREE_ENEMY_KILL","is_daily":false,"chose_seed":false,"campfire_upgraded":1,"win_rate":0.0,"timestamp":1608460124,"path_taken":["M","M","M","M","M","E","M","M","T","M","R","?","M","?","R","BOSS","M","M","M","$","?","E"],"items_purchased_type":["Card","Relic","Potion"],"build_version":"2020-12-13","purchased_purges":1,"victory":false,"max_hp_per_floor":[80,80,80,80,80,80,80,80,80,80,80,80,80,80,80,80,85,85,85,85,85,85,85,85],"card_choices":[{"not_picked":["Warcry","Pommel Strike"],"picked":"Spot Weakness","floor":1},{"not_picked":["Searing Blow","Clash"],"picked":"Pommel Strike","floor":2},{"not_picked":["Flex","Twin Strike"],"picked":"Power Through","floor":3},{"not_picked":["Burning Pact","Battle Trance"],"picked":"Armaments","floor":4},{"not_picked":["Iron Wave","Intimidate"],"picked":"Sword Boomerang","floor":5},{"not_picked":["Offering","Thunderclap"],"picked":"Entrench","floor":6},{"not_picked":["Armaments","Hemokinesis"],"picked":"Shrug It Off","floor":7},{"not_picked":["Whirlwind","Wild Strike"],"picked":"Headbutt","floor":8},{"not_picked":["Sever Soul","Feel No Pain"],"picked":"Heavy Blade","floor":10},{"not_picked":["Pummel","Warcry"],"picked":"Thunderclap","floor":13},{"not_picked":["True Grit+1","Seeing Red+1"],"picked":"Body Slam","floor":18},{"not_picked":["Whirlwind","Hemokinesis+1"],"picked":"Cleave","floor":19},{"not_picked":["Entrench+1","Wild Strike+1","Thunderclap"],"picked":"SKIP","floor":20}],"player_experience":145550,"relics_obtained":[{"floor":6,"key":"Dead Branch"},{"floor":9,"key":"Oddly Smooth Stone"},{"floor":12,"key":"Odd Mushroom"},{"floor":14,"key":"Ice Cream"}],"event_choices":[{"damage_healed":0,"gold_gain":0,"player_choice":"Fought Mushrooms","damage_taken":0,"max_hp_gain":0,"max_hp_loss":0,"event_name":"Mushrooms","floor":12,"gold_loss":0},{"damage_healed":0,"gold_gain":0,"player_choice":"Searched \u00271\u0027 times","damage_taken":0,"max_hp_gain":0,"max_hp_loss":0,"event_name":"Dead Adventurer","floor":14,"gold_loss":0},{"damage_healed":0,"gold_gain":99,"player_choice":"Stole From Cult","damage_taken":0,"max_hp_gain":0,"max_hp_loss":0,"event_name":"Nest","floor":22,"gold_loss":0}],"is_beta":false,"boss_relics":[{"not_picked":["Black Star","Ectoplasm"],"picked":"Tiny House"}],"items_purged_floors":[21],"is_endless":false,"potions_floor_spawned":[1,4,5,8,12,13,20],"killed_by":"Book of Stabbing","ascension_level":0}}