{"host":"3h5qf14xt40jhha0","time":1608429245,"event":{"mods":["AlwaysNeverKeys","BaseMod","Colored Powertips","Minty Spire (QoL Compilation)","Permanent Neow","Relic Stats","StSLib"],"gold_per_floor":[117,132,97,111,130,130,156,156,156,156,175,207,222,240,240,314,314,332,349,367,40,51,82,82,117,143,143,168,182,182,14,14,93,93,112,112,112,28,41,41,67,67,67,80,112,112,123,153,153,153,153,153,153,2,29,29,29],"floor_reached":56,"playtime":3921,"items_purged":["Gash"],"score":2039,"play_id":"40ec0084-35ba-463c-b4f3-1db9a49056b3","local_time":"20201219205405","is_ascension_mode":true,"campfire_choices":[{"data":"Streamline","floor":6.0,"key":"SMITH"},{"data":"Zap","floor":8.0,"key":"SMITH"},{"data":"Biased Cognition","floor":15.0,"key":"SMITH"},{"data":"Electrodynamics","floor":24.0,"key":"SMITH"},{"data":"Go for the Eyes","floor":27.0,"key":"SMITH"},{"data":"Glacier","floor":32.0,"key":"SMITH"},{"data":"Apotheosis","floor":40.0,"key":"SMITH"},{"floor":42.0,"key":"RECALL"},{"data":"Master of Strategy","floor":46.0,"key":"SMITH"},{"data":"Capacitor","floor":49.0,"key":"SMITH"},{"floor":53.0,"key":"REST"}],"circlet_count":0,"master_deck":["AscendersBane","Zap+1","Dualcast","BootSequence","Streamline+1","Compile Driver+1","Conserve Battery","Ball Lightning","Go for the Eyes+1","Biased Cognition+1","Electrodynamics+1","Meteor Strike","Core Surge","Undo+1","Self Repair","Glacier+1","Sweeping Beam","Blizzard+1","Genetic Algorithm","Conserve Battery+1","Capacitor+1","Recycle+1","Doom and Gloom+1","Coolheaded+1","Echo Form","Master of Strategy+1","Apotheosis+1","Glacier","Leap+1","Lockon","Cold Snap+1","Machine Learning","Stack+1"],"relics":["Cracked Core","Centennial Puzzle","Bag of Preparation","Gremlin Horn","Mango","Pandora\u0027s Box","Lee\u0027s Waffle","Boot","Darkstone Periapt","War Paint","Omamori","Lantern","Cursed Key","Oddly Smooth Stone","Unceasing Top","Lizard Tail","Whetstone"],"acts_visited":["Exordium","TheCity","TheBeyond","TheEnding"],"potions_floor_usage":[56],"damage_taken":[{"damage":9.0,"enemies":"Jaw Worm","floor":1.0,"turns":5.0},{"damage":1.0,"enemies":"Cultist","floor":2.0,"turns":3.0},{"damage":6.0,"enemies":"Small Slimes","floor":4.0,"turns":3.0},{"damage":1.0,"enemies":"Looter","floor":5.0,"turns":3.0},{"damage":12.0,"enemies":"3 Sentries","floor":7.0,"turns":7.0},{"damage":1.0,"enemies":"Exordium Thugs","floor":11.0,"turns":3.0},{"damage":10.0,"enemies":"Lagavulin","floor":12.0,"turns":5.0},{"damage":0.0,"enemies":"Blue Slaver","floor":13.0,"turns":2.0},{"damage":0.0,"enemies":"2 Fungi Beasts","floor":14.0,"turns":1.0},{"damage":50.0,"enemies":"Hexaghost","floor":16.0,"turns":8.0},{"damage":2.0,"enemies":"Chosen","floor":18.0,"turns":4.0},{"damage":11.0,"enemies":"Shell Parasite","floor":19.0,"turns":2.0},{"damage":18.0,"enemies":"Shelled Parasite and Fungi","floor":20.0,"turns":6.0},{"damage":18.0,"enemies":"Centurion and Healer","floor":22.0,"turns":7.0},{"damage":55.0,"enemies":"Book of Stabbing","floor":23.0,"turns":5.0},{"damage":20.0,"enemies":"Slavers","floor":25.0,"turns":4.0},{"damage":7.0,"enemies":"Book of Stabbing","floor":28.0,"turns":4.0},{"damage":0.0,"enemies":"Snake Plant","floor":29.0,"turns":5.0},{"damage":4.0,"enemies":"Champ","floor":33.0,"turns":11.0},{"damage":0.0,"enemies":"3 Shapes","floor":35.0,"turns":8.0},{"damage":6.0,"enemies":"Orb Walker","floor":39.0,"turns":4.0},{"damage":11.0,"enemies":"Giant Head","floor":41.0,"turns":8.0},{"damage":4.0,"enemies":"Spire Growth","floor":44.0,"turns":6.0},{"damage":0.0,"enemies":"Reptomancer","floor":45.0,"turns":5.0},{"damage":15.0,"enemies":"Jaw Worm Horde","floor":47.0,"turns":8.0},{"damage":41.0,"enemies":"Nemesis","floor":48.0,"turns":8.0},{"damage":38.0,"enemies":"Awakened One","floor":50.0,"turns":14.0},{"damage":18.0,"enemies":"Donu and Deca","floor":51.0,"turns":12.0},{"damage":74.0,"enemies":"Shield and Spear","floor":55.0,"turns":7.0},{"damage":126,"enemies":"The Heart","floor":56,"turns":9}],"seed_played":"-951293612378637240","potions_obtained":[{"floor":1.0,"key":"Dexterity Potion"},{"floor":4.0,"key":"Fire Potion"},{"floor":7.0,"key":"SneckoOil"},{"floor":13.0,"key":"Explosive Potion"},{"floor":16.0,"key":"PotionOfCapacity"},{"floor":23.0,"key":"ColorlessPotion"},{"floor":25.0,"key":"CultistPotion"},{"floor":29.0,"key":"DuplicationPotion"},{"floor":33.0,"key":"AttackPotion"},{"floor":35.0,"key":"EssenceOfDarkness"},{"floor":44.0,"key":"SpeedPotion"}],"is_trial":false,"path_per_floor":["M","M","?","M","M","R","E","R","T","?","M","E","M","M","R","B",null,"M","M","M","$","M","E","R","E","T","R","E","M","?","$","R","B",null,"M","?","?","$","M","R","E","R","T","M","E","R","M","E","R","B","B",null,"R","$","E","B"],"character_chosen":"DEFECT","items_purchased":["Capacitor","Lee\u0027s Waffle","Lantern","Glacier","Machine Learning"],"campfire_rested":1,"item_purchase_floors":[21,21,31,38,54],"current_hp_per_floor":[55,54,71,65,64,64,52,52,52,52,51,55,55,55,55,5,65,70,59,48,92,81,33,33,20,20,20,13,13,13,13,13,16,73,87,77,77,77,78,78,74,74,74,90,92,92,92,71,71,53,55,83,92,92,38,0,0],"gold":29,"neow_bonus":"RANDOM_COMMON_RELIC","is_daily":false,"chose_seed":false,"campfire_upgraded":9,"win_rate":0.0,"timestamp":1608429245,"path_taken":["M","M","?","M","M","R","E","R","T","?","M","E","M","M","R","BOSS","M","M","M","$","M","E","R","E","T","R","E","M","?","$","R","BOSS","M","?","?","$","M","R","E","R","T","M","E","R","M","E","R","BOSS","BOSS","R","$","E","BOSS"],"items_purchased_type":["Card","Relic","Relic","Card","Card"],"build_version":"2020-12-13","purchased_purges":1,"victory":false,"max_hp_per_floor":[71,71,71,71,71,71,71,71,71,71,71,85,85,85,85,85,85,85,85,85,92,92,92,92,92,92,92,92,92,92,92,92,92,92,92,92,92,92,92,92,92,92,92,92,92,92,92,92,92,92,92,92,92,92,92,92,92],"relic_stats":{"Darkstone Periapt":0,"Lee\u0027s Waffle":44,"Gremlin Horn":[21,21],"counters":[30,177],"Bag of Preparation":[50],"Whetstone":["Blizzard","Compile Driver"],"War Paint":["Recycle","Undo"],"Boot":[81],"Cursed Key":1,"Centennial Puzzle":[75],"Lizard Tail":46,"Pandora\u0027s Box":["Meteor Strike","Core Surge","Undo","Self Repair","Gash","Glacier","Sweeping Beam","Blizzard"],"obtain_stats":[{"Darkstone Periapt":25,"Lee\u0027s Waffle":21,"Lantern":31,"Gremlin Horn":9,"Oddly Smooth Stone":41,"Mango":12,"Bag of Preparation":7,"Omamori":28,"Whetstone":55,"War Paint":26,"Boot":23,"Cursed Key":34,"Centennial Puzzle":0,"Lizard Tail":48,"Pandora\u0027s Box":17,"Cracked Core":0,"Unceasing Top":45},{"Darkstone Periapt":16,"Lee\u0027s Waffle":13,"Lantern":18,"Gremlin Horn":5,"Oddly Smooth Stone":22,"Mango":7,"Bag of Preparation":5,"Omamori":17,"Whetstone":29,"War Paint":16,"Boot":15,"Cursed Key":19,"Centennial Puzzle":0,"Lizard Tail":26,"Pandora\u0027s Box":10,"Cracked Core":0,"Unceasing Top":24},{"Darkstone Periapt":68,"Lee\u0027s Waffle":52,"Lantern":77,"Gremlin Horn":21,"Oddly Smooth Stone":108,"Mango":29,"Bag of Preparation":21,"Omamori":72,"Whetstone":168,"War Paint":68,"Boot":64,"Cursed Key":88,"Centennial Puzzle":0,"Lizard Tail":135,"Pandora\u0027s Box":40,"Cracked Core":0,"Unceasing Top":119}],"Unceasing Top":[5]},"card_choices":[{"not_picked":["Storm","Leap"],"picked":"BootSequence","floor":1.0},{"not_picked":["Blizzard","Force Field"],"picked":"Streamline","floor":2.0},{"not_picked":["Redo","Barrage"],"picked":"Compile Driver","floor":4.0},{"not_picked":["Hello World","Redo"],"picked":"FTL","floor":5.0},{"not_picked":["Gash","White Noise","Fusion"],"picked":"SKIP","floor":7.0},{"not_picked":["Go for the Eyes","Sweeping Beam"],"picked":"Ball Lightning","floor":11.0},{"not_picked":["FTL","Ball Lightning"],"picked":"Go for the Eyes","floor":12.0},{"not_picked":["Ball Lightning","Auto Shields"],"picked":"Biased Cognition","floor":13.0},{"not_picked":["Reprogram","Recycle","Leap"],"picked":"SKIP","floor":14.0},{"not_picked":["Multi-Cast","Fission"],"picked":"Electrodynamics","floor":16.0},{"not_picked":["Turbo","Compile Driver","Rebound"],"picked":"SKIP","floor":18.0},{"not_picked":["Double Energy","Leap"],"picked":"Genetic Algorithm","floor":19.0},{"not_picked":["Undo","Hello World"],"picked":"Conserve Battery+1","floor":20.0},{"not_picked":["Hello World","Go for the Eyes","Force Field"],"picked":"SKIP","floor":22.0},{"not_picked":["Rebound","Consume"],"picked":"Recycle","floor":23.0},{"not_picked":["Buffer","Sweeping Beam"],"picked":"Doom and Gloom+1","floor":25.0},{"not_picked":["Barrage","Static Discharge","Beam Cell"],"picked":"SKIP","floor":28.0},{"not_picked":["Barrage","Ball Lightning"],"picked":"Coolheaded+1","floor":29.0},{"not_picked":["Seek","Electrodynamics"],"picked":"Echo Form","floor":33.0},{"not_picked":["Barrage","Heatsinks","Blizzard"],"picked":"SKIP","floor":35.0},{"not_picked":["Enlightenment","Purity"],"picked":"Master of Strategy","floor":36.0},{"not_picked":["Purity","Violence"],"picked":"Apotheosis","floor":36.0},{"not_picked":["Sweeping Beam+1","Compile Driver","Stack"],"picked":"SKIP","floor":39.0},{"not_picked":["Ball Lightning","Stack"],"picked":"Leap+1","floor":41.0},{"not_picked":["Gash","Steam Power","Hyperbeam"],"picked":"SKIP","floor":44.0},{"not_picked":["Sweeping Beam","Consume"],"picked":"Lockon","floor":45.0},{"not_picked":["Sweeping Beam","Hello World","Fusion+1"],"picked":"SKIP","floor":47.0},{"not_picked":["Sweeping Beam","Hello World","Fusion+1"],"picked":"SKIP","floor":47.0},{"not_picked":["Leap","Rebound"],"picked":"Cold Snap+1","floor":48.0},{"not_picked":["Streamline","Auto Shields"],"picked":"Stack+1","floor":55.0}],"player_experience":1255741,"relics_obtained":[{"floor":7.0,"key":"Bag of Preparation"},{"floor":9.0,"key":"Gremlin Horn"},{"floor":12.0,"key":"Mango"},{"floor":23.0,"key":"Boot"},{"floor":25.0,"key":"Darkstone Periapt"},{"floor":26.0,"key":"War Paint"},{"floor":28.0,"key":"Omamori"},{"floor":41.0,"key":"Oddly Smooth Stone"},{"floor":45.0,"key":"Unceasing Top"},{"floor":48.0,"key":"Lizard Tail"},{"floor":55.0,"key":"Whetstone"}],"event_choices":[{"damage_healed":17.0,"max_hp_gain":0.0,"max_hp_loss":0.0,"gold_gain":0.0,"event_name":"The Cleric","player_choice":"Healed","floor":3.0,"gold_loss":35.0,"damage_taken":0.0},{"damage_healed":0.0,"max_hp_gain":0.0,"max_hp_loss":0.0,"gold_gain":0.0,"event_name":"Match and Keep!","player_choice":"1 cards matched","floor":10.0,"gold_loss":0.0,"damage_taken":0.0,"cards_obtained":["Conserve Battery"]},{"damage_healed":0.0,"max_hp_gain":0.0,"max_hp_loss":0.0,"gold_gain":0.0,"event_name":"Ghosts","player_choice":"Ignored","floor":30.0,"gold_loss":0.0,"damage_taken":0.0},{"damage_healed":0.0,"max_hp_gain":0.0,"max_hp_loss":0.0,"gold_gain":0.0,"event_name":"SensoryStone","player_choice":"Memory 3","floor":36.0,"gold_loss":0.0,"damage_taken":10.0},{"cards_removed":["FTL"],"damage_healed":0.0,"max_hp_gain":0.0,"max_hp_loss":0.0,"gold_gain":0.0,"event_name":"Falling","player_choice":"Removed Attack","floor":37.0,"gold_loss":0.0,"damage_taken":0.0}],"is_beta":false,"boss_relics":[{"not_picked":["SacredBark","SlaversCollar"],"picked":"Pandora\u0027s Box"},{"not_picked":["Fusion Hammer","Busted Crown"],"picked":"Cursed Key"}],"items_purged_floors":[21],"is_endless":false,"potions_floor_spawned":[1,4,7,13,16,18,23,25,29,33,35,44,48],"killed_by":"The Heart","ascension_level":20}}