{"host":"sst22apzgpn07t8v","time":1608464862,"event":{"mods":["Act Like it!","BaseMod","Downfall","Hallownest","HololiveMod","KinomotoSakuraMod(ñÿîVñ{?)","Lobotomy","LobotomyExtend","Minty Spire (QoL Compilation)","Quick Restart","Replay The Spire","Shop Mod","StSLib","The Cursed","The Hayseed","[IsaacMod]à»éTêÎìÉ"],"gold_per_floor":[109,284,284,334,225,250,265,275,275,291,302,314,314,78,78,183,183,202,202,202,234,253,253,253,267,290,290,250,250,265,284,284,379,379,395,405,458,99,99,99,210,243,243,143,143],"floor_reached":44,"playtime":3613,"items_purged":[],"score":761,"play_id":"36f14a55-53b9-4828-83fb-3c1b299cf516","local_time":"20201220194742","is_ascension_mode":false,"campfire_choices":[{"data":"ClowCardTheLibra","floor":13,"key":"SMITH"},{"data":"ClowCardTheSweet","floor":15,"key":"SMITH"},{"data":"ClowCardTheVoice","floor":23,"key":"SMITH"},{"data":"ClowCardTheThunder","floor":29,"key":"SMITH"},{"data":"EpicFetus","floor":40,"key":"SMITH"}],"circlet_count":0,"master_deck":["SakuraCardTheGlow+","SakuraCardTheArrow+","ClowCardTheSword+1","ClowCardTheSword+1","ClowCardTheSword","ClowCardTheSword+1","ClowCardTheShield+1","ClowCardTheShield","ClowCardTheShield","ClowCardTheShield","SpellCardSeal","SpellCardRelease","BloodyBrimstone","ClowCardTheWindy+1","Doubt","ClowCardTheFlower","Pot Of Greed","Pot Of Greed","ClowCardTheArrow","ClowCardTheFlower","ClowCardTheThunder+1","ClowCardTheRain","ClowCardTheVoice+1","ClowCardTheBig","ClowCardTheSweet+1","ClowCardTheLibra+1","ClowCardTheShot+1","Pot Of Greed","ClowCardTheTwin","CurseOfTheBell","ClowCardTheMove","ClowCardTheSilent","ClowCardTheReturn","ClowCardTheSweet","ClowCardTheEarthy","ClowCardTheMove+1","ClowCardTheMove+1","ClowCardTheWood+1","Pot Of Greed","ClowCardTheLoop","ClowCardTheWatery+1","ClowCardTheSand","ClowCardTheSand","EpicFetus+1","ReplayTheSpireMod:Splinters","ClowCardTheJump+1","ClowCardTheSong","ClowCardTheCloud","ClowCardTheMirror"],"relics":["KSMOD_SealedBook","KSMOD_SealedWand","HushsDoor","KSMOD_Yue","Garlic","Replay:Bottled Snecko","Grinning Jar","YumHeart","WingedGreaves","Chameleon Ring","Replay:Wax Seal","Vajra","Calling Bell","Bag of Preparation","ReplayTheSpireMod:Shallot","BloodDonationMachine","Red Mask","Tiny Chest","Ring of Searing","Ring of Fangs","LetterFromLob","SlaversCollar","Whetstone","Blue Doll","Pen Nib","MealTicket","Simple Rune"],"acts_visited":["Exordium","TheCity","TheBeyond"],"potions_floor_usage":[16],"damage_taken":[{"damage":0,"enemies":"Cultist","floor":1,"turns":3},{"damage":18,"enemies":"Hiden Room Battle","floor":4,"turns":4},{"damage":0,"enemies":"3 Sentries","floor":6,"turns":2},{"damage":0,"enemies":"2 Louse","floor":7,"turns":1},{"damage":0,"enemies":"Small Slimes","floor":8,"turns":3},{"damage":0,"enemies":"Exordium Wildlife","floor":10,"turns":2},{"damage":6,"enemies":"2 Fungi Beasts","floor":11,"turns":3},{"damage":2,"enemies":"Lots of Slimes","floor":12,"turns":3},{"damage":28,"enemies":"Hexaghost","floor":16,"turns":6},{"damage":0,"enemies":"Spheric Guardian","floor":18,"turns":2},{"damage":0,"enemies":"Masked Bandits","floor":21,"turns":1},{"damage":0,"enemies":"2 Thieves","floor":22,"turns":4},{"damage":13,"enemies":"Snake Plant","floor":25,"turns":3},{"damage":15,"enemies":"Centurion and Healer","floor":30,"turns":7},{"damage":0,"enemies":"Snecko","floor":31,"turns":2},{"damage":46,"enemies":"Pondfish","floor":33,"turns":8},{"damage":27,"enemies":"3 Shapes","floor":35,"turns":3},{"damage":19,"enemies":"Orb Walker","floor":36,"turns":3},{"damage":2,"enemies":"R_Hoarder","floor":42,"turns":4},{"damage":34,"enemies":"2 Orb Walkers","floor":44,"turns":3}],"seed_played":"2146015792319019654","potions_obtained":[{"floor":4,"key":"Strength Potion"},{"floor":10,"key":"Fire Potion"},{"floor":11,"key":"FearPotion"},{"floor":18,"key":"SmokeBomb"},{"floor":25,"key":"ColorlessPotion"},{"floor":31,"key":"Weak Potion"},{"floor":33,"key":"champ:CounterPotion"},{"floor":35,"key":"Regen Potion"}],"is_trial":false,"path_per_floor":["M","?","?","?","$","E","M","M","T","M","M","M","R","$","R","B",null,"M","$","?","?","M","R","?","M","T","?","$","R","M","M","R","B",null,"M","M","T","$","M","R","?","E","T","?"],"character_chosen":"KINOMOTOSAKURA","items_purchased":["ClowCardTheArrow","ClowCardTheFlower","ClowCardTheShot+1","Replay:Wax Seal","Vajra","ClowCardTheSweet","ClowCardTheLoop","ClowCardTheWatery+1","ClowCardTheSand","EpicFetus","Pen Nib"],"campfire_rested":0,"item_purchase_floors":[5,5,14,14,14,28,38,38,38,38,38],"current_hp_per_floor":[63,63,45,12,37,37,37,37,37,37,31,34,34,57,57,29,57,57,57,48,48,53,53,59,46,46,46,46,46,41,41,58,45,56,54,35,35,35,35,35,35,33,33,0,0],"gold":143,"neow_bonus":"ONE_RARE_RELIC","is_daily":false,"chose_seed":false,"campfire_upgraded":5,"win_rate":0.0,"timestamp":1608464862,"path_taken":["M","?","?","?","?","E","M","M","T","?","?","M","R","$","R","BOSS","M","$","?","?","?","R","?","M","T","?","?","R","M","M","R","BOSS","M","?","?","$","M","R","?","E","T","?"],"items_purchased_type":["Card","Card","Card","Relic","Relic","Card","Card","Card","Card","Card","Relic"],"build_version":"2020-12-13","purchased_purges":0,"victory":false,"max_hp_per_floor":[63,63,63,60,60,57,57,57,57,57,57,57,57,57,57,57,57,57,57,62,59,59,59,59,59,59,59,59,59,59,59,59,56,56,56,56,56,56,58,58,58,58,58,58,58],"card_choices":[{"not_picked":[],"picked":"BloodyBrimstone","floor":0},{"not_picked":["ClowCardTheMaze","Bomb"],"picked":"ClowCardTheWindy","floor":1},{"not_picked":["Bomb","ClowCardTheIllusion"],"picked":"ClowCardTheFlower","floor":4},{"not_picked":["ClowCardTheWatery","ClowCardTheErase"],"picked":"ClowCardTheThunder","floor":6},{"not_picked":["ClowCardTheJump","ClowCardTheBubbles"],"picked":"ClowCardTheRain","floor":7},{"not_picked":["ClowCardTheMist","ClowCardTheJump"],"picked":"ClowCardTheVoice","floor":8},{"not_picked":["ClowCardTheWave","ClowCardTheLoop"],"picked":"ClowCardTheBig","floor":10},{"not_picked":["ClowCardTheFlower","ClowCardTheSilent"],"picked":"ClowCardTheSweet","floor":11},{"not_picked":["ClowCardTheErase","ClowCardTheShot"],"picked":"ClowCardTheLibra","floor":12},{"not_picked":["ClowCardTheThunder","ClowCardTheDash"],"picked":"ClowCardTheTwin","floor":16},{"not_picked":["ClowCardTheSleep","ClowCardTheWave"],"picked":"ClowCardTheMove","floor":18},{"not_picked":["ClowCardTheErase+1","ClowCardTheRain"],"picked":"ClowCardTheGlow","floor":21},{"not_picked":["ClowCardTheErase","ClowCardTheLoop"],"picked":"ClowCardTheSilent","floor":22},{"not_picked":["ClowCardTheSand","ClowCardTheWindy"],"picked":"ClowCardTheReturn","floor":25},{"not_picked":["ClowCardTheBig","ClowCardTheJump"],"picked":"ClowCardTheEarthy","floor":30},{"not_picked":["ClowCardTheMist","ClowCardTheShot"],"picked":"ClowCardTheMove+1","floor":31},{"not_picked":["ClowCardTheTime","ClowCardTheDark"],"picked":"ClowCardTheCreate","floor":33},{"not_picked":["ClowCardTheShadow+1","ClowCardTheChange+1"],"picked":"ClowCardTheMove+1","floor":35},{"not_picked":["ClowCardThePower","ClowCardTheThunder"],"picked":"ClowCardTheWood+1","floor":36},{"not_picked":["ClowCardTheIllusion+1","ClowCardTheShadow+1"],"picked":"ClowCardTheJump+1","floor":41},{"not_picked":["ClowCardTheLoop","ClowCardTheShadow"],"picked":"ClowCardTheSong","floor":41},{"not_picked":["ClowCardTheMist","ClowCardTheSong"],"picked":"ClowCardTheCloud","floor":41},{"not_picked":["ClowCardTheVoice+1","ClowCardTheSilent+1"],"picked":"ClowCardTheMirror","floor":42}],"player_experience":189759,"relics_obtained":[{"floor":4,"key":"Replay:Bottled Snecko"},{"floor":4,"key":"Grinning Jar"},{"floor":6,"key":"WingedGreaves"},{"floor":9,"key":"Chameleon Ring"},{"floor":17,"key":"Bag of Preparation"},{"floor":17,"key":"ReplayTheSpireMod:Shallot"},{"floor":17,"key":"BloodDonationMachine"},{"floor":21,"key":"Red Mask"},{"floor":26,"key":"Tiny Chest"},{"floor":27,"key":"Ring of Searing"},{"floor":27,"key":"Ring of Fangs"},{"floor":31,"key":"LetterFromLob"},{"floor":36,"key":"Whetstone"},{"floor":37,"key":"Blue Doll"},{"floor":42,"key":"MealTicket"},{"floor":43,"key":"Simple Rune"}],"event_choices":[{"damage_healed":0,"gold_gain":175,"player_choice":"AGREE","damage_taken":0,"max_hp_gain":0,"max_hp_loss":0,"event_name":"Liars Game","floor":2,"gold_loss":0,"cards_obtained":["Doubt"]},{"damage_healed":0,"gold_gain":0,"player_choice":"Success","damage_taken":18,"relics_obtained":["Garlic"],"max_hp_gain":0,"max_hp_loss":0,"event_name":"Scrap Ooze","floor":3,"gold_loss":0},{"damage_healed":0,"gold_gain":0,"player_choice":"Fight","damage_taken":0,"max_hp_gain":0,"max_hp_loss":0,"event_name":"HidenRoomEvent","floor":4,"gold_loss":0},{"damage_healed":0,"gold_gain":0,"player_choice":"Shed Blood","damage_taken":14,"max_hp_gain":5,"max_hp_loss":0,"event_name":"Forgotten Altar","floor":20,"gold_loss":0},{"damage_healed":0,"gold_gain":0,"player_choice":"Fought Bandits","damage_taken":0,"max_hp_gain":0,"max_hp_loss":0,"event_name":"Masked Bandits","floor":21,"gold_loss":0},{"damage_healed":0,"gold_gain":0,"player_choice":"Fight","damage_taken":0,"max_hp_gain":0,"max_hp_loss":0,"event_name":"Mysterious Sphere","floor":44,"gold_loss":0}],"is_beta":false,"boss_relics":[{"not_picked":["Replay:Drink Me","Replay:Wanted Poster"],"picked":"Calling Bell"},{"not_picked":[]},{"not_picked":["Hololive_ChaosS","Ring of Chaos"],"picked":"SlaversCollar"},{"not_picked":[]}],"items_purged_floors":[],"is_endless":false,"potions_floor_spawned":[4,10,11,12,18,21,25,31,33,35,42],"killed_by":"2 Orb Walkers","ascension_level":0}}