{"host":"Kdaddybrian","time":1608505046,"event":{"mods":["AchievementEnabler","BaseMod","Bestiary","Colored Powertips","Minty Spire (QoL Compilation)","Potion Indicator Mod","Quick Restart","Rare Cards Sparkle","Relic Stats","StSLib","Uncapped"],"gold_per_floor":[362,372,30,30,48,81,81,94,94,94,106,137,148,27,27,132,132,150,150,150,7,17,17,28,28,75,106,136,136,136],"floor_reached":29,"playtime":4240,"items_purged":["Strike_G"],"score":405,"play_id":"9caaed3b-75e8-43a9-a38a-dba73bd3a12a","local_time":"20201220175726","is_ascension_mode":true,"campfire_choices":[{"data":"Deadly Poison","floor":7,"key":"SMITH"},{"data":"Poisoned Stab","floor":10,"key":"SMITH"},{"floor":15,"key":"REST"},{"floor":23,"key":"REST"},{"data":"Ghostly","floor":25,"key":"SMITH"}],"circlet_count":0,"master_deck":["AscendersBane","Strike_G","Strike_G","Defend_G","Defend_G+1","Defend_G","Defend_G+1","Defend_G","Survivor","Neutralize+1","Dash","Blade Dance","Flying Knee","Quick Slash","Poisoned Stab+1","Deadly Poison+1","Storm of Steel","Leg Sweep","Prepared","PiercingWail","Tools of the Trade","PiercingWail","Ghostly+1","Ghostly","Ghostly","Ghostly","Ghostly","Prepared","Tactician","Infinite Blades","PiercingWail","After Image"],"relics":["Ring of the Snake","War Paint","Calipers","Unceasing Top","Thread and Needle","Empty Cage","Enchiridion","Orichalcum","Red Mask","Lantern"],"acts_visited":["Exordium","TheCity"],"potions_floor_usage":[12,12,16,24,24,28],"damage_taken":[{"damage":0,"enemies":"Cultist","floor":1,"turns":4},{"damage":0,"enemies":"Small Slimes","floor":2,"turns":3},{"damage":0,"enemies":"Jaw Worm","floor":5,"turns":4},{"damage":12,"enemies":"Gremlin Nob","floor":6,"turns":5},{"damage":9,"enemies":"Large Slime","floor":8,"turns":4},{"damage":6,"enemies":"3 Louse","floor":11,"turns":5},{"damage":22,"enemies":"3 Sentries","floor":12,"turns":8},{"damage":0,"enemies":"Looter","floor":13,"turns":3},{"damage":51,"enemies":"Slime Boss","floor":16,"turns":14},{"damage":13,"enemies":"Spheric Guardian","floor":18,"turns":6},{"damage":0,"enemies":"Shell Parasite","floor":22,"turns":6},{"damage":0,"enemies":"3 Cultists","floor":24,"turns":8},{"damage":2,"enemies":"Masked Bandits","floor":27,"turns":6},{"damage":8,"enemies":"Book of Stabbing","floor":28,"turns":9},{"damage":16,"enemies":"Snecko","floor":29,"turns":4}],"seed_played":"8611423977513893041","potions_obtained":[{"floor":1,"key":"Regen Potion"},{"floor":11,"key":"AttackPotion"},{"floor":12,"key":"Explosive Potion"},{"floor":16,"key":"DistilledChaos"},{"floor":22,"key":"Strength Potion"},{"floor":27,"key":"FearPotion"}],"is_trial":false,"path_per_floor":["M","M","$","?","M","E","R","M","T","R","M","E","M","$","R","B",null,"M","?","?","$","M","R","M","R","T","?","E","M"],"character_chosen":"THE_SILENT","items_purchased":["FairyPotion","Flying Knee","War Paint","Quick Slash","PiercingWail","GhostInAJar","Prepared"],"campfire_rested":2,"item_purchase_floors":[3,3,3,3,14,21,21],"current_hp_per_floor":[63,63,63,63,63,51,51,42,42,42,36,29,29,29,47,18,52,39,31,15,15,15,24,24,24,24,22,14,0,0],"gold":136,"neow_bonus":"TWO_FIFTY_GOLD","is_daily":false,"chose_seed":false,"campfire_upgraded":3,"win_rate":0.0,"timestamp":1608505046,"path_taken":["M","?","$","?","M","E","R","M","T","R","M","E","?","$","R","BOSS","M","?","?","?","M","R","M","R","T","?","E","M"],"items_purchased_type":["Potion","Card","Relic","Card","Card","Potion","Card"],"build_version":"2020-12-18","purchased_purges":1,"victory":false,"max_hp_per_floor":[63,63,63,63,63,63,63,63,63,63,63,63,63,63,63,63,63,63,31,31,31,31,31,31,31,31,31,31,31,31],"relic_stats":{"counters":[15,89],"War Paint":["Defend_G","Defend_G"],"Orichalcum":[60],"obtain_stats":[{"Lantern":28,"Calipers":6,"Enchiridion":20,"Thread and Needle":12,"Red Mask":27,"War Paint":3,"Orichalcum":26,"Empty Cage":17,"Unceasing Top":9,"Ring of the Snake":0},{"Lantern":14,"Calipers":4,"Enchiridion":10,"Thread and Needle":7,"Red Mask":13,"War Paint":2,"Orichalcum":12,"Empty Cage":9,"Unceasing Top":5,"Ring of the Snake":0},{"Lantern":85,"Calipers":16,"Enchiridion":56,"Thread and Needle":33,"Red Mask":76,"War Paint":7,"Orichalcum":70,"Empty Cage":50,"Unceasing Top":20,"Ring of the Snake":0}],"Unceasing Top":[22],"Ring of the Snake":[30]},"card_choices":[{"not_picked":["PiercingWail","Bane"],"picked":"Dash","floor":1},{"not_picked":["Dodge and Roll","PiercingWail"],"picked":"Blade Dance","floor":2},{"not_picked":["Flying Knee","Setup"],"picked":"Poisoned Stab","floor":5},{"not_picked":["Slice","Outmaneuver"],"picked":"Deadly Poison","floor":6},{"not_picked":["Backflip","Underhanded Strike","Eviscerate"],"picked":"SKIP","floor":8},{"not_picked":["Heel Hook","Dagger Throw"],"picked":"Storm of Steel","floor":11},{"not_picked":["Escape Plan","Skewer"],"picked":"Leg Sweep","floor":12},{"not_picked":["Choke","Caltrops"],"picked":"Prepared","floor":13},{"not_picked":["Grand Finale","Phantasmal Killer"],"picked":"Tools of the Trade","floor":16},{"not_picked":["Flying Knee","Calculated Gamble"],"picked":"PiercingWail","floor":18},{"not_picked":["Dodge and Roll","Prepared"],"picked":"Tactician","floor":22},{"not_picked":["Prepared","Acrobatics"],"picked":"Infinite Blades","floor":24},{"not_picked":["Predator","Glass Knife"],"picked":"PiercingWail","floor":27},{"not_picked":["Skewer+1","Accuracy"],"picked":"After Image","floor":28}],"player_experience":2884068,"relics_obtained":[{"floor":6,"key":"Calipers"},{"floor":9,"key":"Unceasing Top"},{"floor":12,"key":"Thread and Needle"},{"floor":20,"key":"Enchiridion"},{"floor":26,"key":"Orichalcum"},{"floor":27,"key":"Red Mask"},{"floor":28,"key":"Lantern"}],"event_choices":[{"damage_healed":0,"gold_gain":0,"player_choice":"Upgraded","damage_taken":0,"max_hp_gain":0,"max_hp_loss":0,"event_name":"Upgrade Shrine","floor":4,"gold_loss":0,"cards_upgraded":["Neutralize"]},{"damage_healed":0,"gold_gain":0,"player_choice":"Became a Ghost","damage_taken":0,"max_hp_gain":0,"max_hp_loss":32,"event_name":"Ghosts","floor":19,"gold_loss":0,"cards_obtained":["Ghostly","Ghostly","Ghostly","Ghostly","Ghostly"]},{"damage_healed":0,"gold_gain":0,"player_choice":"Obtained Book","damage_taken":16,"max_hp_gain":0,"max_hp_loss":0,"event_name":"Cursed Tome","floor":20,"gold_loss":0},{"damage_healed":0,"gold_gain":0,"player_choice":"Fought Bandits","damage_taken":0,"max_hp_gain":0,"max_hp_loss":0,"event_name":"Masked Bandits","floor":27,"gold_loss":0}],"is_beta":true,"boss_relics":[{"not_picked":["Ring of the Serpent","HoveringKite"],"picked":"Empty Cage"}],"items_purged_floors":[14],"is_endless":false,"potions_floor_spawned":[1,11,12,16,22,27],"killed_by":"Snecko","ascension_level":10}}