{"host":"08sn1703g14rasc1","time":1608456730,"event":{"mods":["AchievementEnabler","BaseMod","Colored Map","Colored Powertips","Hermit","Minty Spire (QoL Compilation)","StSLib"],"gold_per_floor":[111,111,111,111,136,136,174,174,174,193,231,231,231,181,181,307,307,330,330,330,330,349,349,373,411,479,31,47,67,80,100,100,100,100],"floor_reached":33,"playtime":679,"items_purged":["Defend_B"],"score":405,"play_id":"41867677-1b49-4504-b3b9-76cf0e95a4f2","local_time":"20201220013210","is_ascension_mode":true,"campfire_choices":[{"data":"Zap","floor":6.0,"key":"SMITH"},{"data":"Rainbow","floor":8.0,"key":"SMITH"},{"floor":12.0,"key":"REST"},{"data":"Dualcast","floor":15.0,"key":"SMITH"},{"floor":23.0,"key":"REST"},{"floor":32,"key":"REST"}],"circlet_count":0,"master_deck":["Strike_B","Defend_B","Defend_B","Zap+1","Dualcast+1","Gash","Heatsinks","Sweeping Beam","Rainbow+1","Doom and Gloom","Melter","Core Surge","Redo+1","Cold Snap","Rip and Tear","Swift Strike","Sunder+1","Skim+1","Creative AI","Enlightenment","Stack","Auto Shields+1","Double Energy","Cold Snap"],"relics":["Cracked Core","NeowsBlessing","Golden Idol","DataDisk","Akabeko","Bronze Scales","SacredBark","Question Card","Sundial","Membership Card","Ginger","Oddly Smooth Stone"],"acts_visited":["Exordium","TheCity"],"potions_floor_usage":[31,31,31],"damage_taken":[{"damage":0.0,"enemies":"Jaw Worm","floor":1.0,"turns":1.0},{"damage":0.0,"enemies":"2 Louse","floor":5.0,"turns":1.0},{"damage":0.0,"enemies":"Lagavulin","floor":7.0,"turns":1.0},{"damage":4.0,"enemies":"Small Slimes","floor":10.0,"turns":2.0},{"damage":15.0,"enemies":"3 Sentries","floor":11.0,"turns":4.0},{"damage":9.0,"enemies":"Slime Boss","floor":16.0,"turns":9.0},{"damage":20.0,"enemies":"2 Thieves","floor":18.0,"turns":3.0},{"damage":0.0,"enemies":"Spheric Guardian","floor":22.0,"turns":2.0},{"damage":4.0,"enemies":"Cultist and Chosen","floor":24.0,"turns":4.0},{"damage":16.0,"enemies":"Book of Stabbing","floor":25.0,"turns":3.0},{"damage":25,"enemies":"Centurion and Healer","floor":28,"turns":4},{"damage":18,"enemies":"Snake Plant","floor":29,"turns":2},{"damage":0,"enemies":"Cultist and Chosen","floor":30,"turns":5},{"damage":3,"enemies":"Centurion and Healer","floor":31,"turns":3},{"damage":44,"enemies":"Collector","floor":33,"turns":3}],"seed_played":"-5504921597599808973","potions_obtained":[{"floor":7.0,"key":"SteroidPotion"},{"floor":10.0,"key":"Regen Potion"},{"floor":11.0,"key":"EssenceOfSteel"},{"floor":24.0,"key":"SneckoOil"},{"floor":28,"key":"LiquidMemories"},{"floor":30,"key":"ColorlessPotion"}],"is_trial":false,"path_per_floor":["M","?","?","?","M","R","E","R","T","M","E","R","?","?","R","B",null,"M","?","?","?","M","R","M","E","T","$","M","M","M","M","R","B"],"character_chosen":"DEFECT","items_purchased":["Membership Card","Ginger","Oddly Smooth Stone","Enlightenment"],"campfire_rested":3,"item_purchase_floors":[27,27,27,27],"current_hp_per_floor":[68,61,61,61,61,61,61,61,61,57,54,75,80,80,80,71,78,58,58,58,46,46,70,66,50,50,50,25,7,7,4,28,0,0],"gold":100,"neow_bonus":"THREE_ENEMY_KILL","is_daily":false,"chose_seed":false,"campfire_upgraded":3,"win_rate":0.0,"timestamp":1608456730,"path_taken":["M","?","?","?","M","R","E","R","T","M","E","R","?","?","R","BOSS","M","?","?","?","M","R","M","E","T","$","M","M","?","M","R","BOSS"],"items_purchased_type":["Relic","Relic","Relic","Card"],"build_version":"2020-12-13","purchased_purges":1,"victory":false,"max_hp_per_floor":[75,75,75,75,75,75,75,75,75,75,75,75,80,80,80,80,80,80,80,80,80,80,80,80,80,80,80,80,80,80,80,80,80,80],"card_choices":[{"not_picked":["Cold Snap","Beam Cell"],"picked":"Gash","floor":1.0},{"not_picked":["Redo","Genetic Algorithm"],"picked":"Sweeping Beam","floor":5.0},{"not_picked":["Leap","Steam"],"picked":"Rainbow","floor":7.0},{"not_picked":["Fusion","Hello World"],"picked":"Doom and Gloom","floor":10.0},{"not_picked":["Steam","Beam Cell"],"picked":"Melter","floor":11.0},{"not_picked":["Seek","Reboot"],"picked":"Core Surge","floor":16.0},{"not_picked":["Conserve Battery","Sweeping Beam"],"picked":"Redo+1","floor":18.0},{"not_picked":["Heatsinks","Auto Shields"],"picked":"Sunder+1","floor":22.0},{"not_picked":["Streamline+1","Coolheaded"],"picked":"Skim+1","floor":24.0},{"not_picked":["Fusion+1","Reprogram"],"picked":"Creative AI","floor":25.0},{"not_picked":["Rebound+1","Recycle","Streamline"],"picked":"Stack","floor":28},{"not_picked":["Barrage","Darkness","Compile Driver"],"picked":"Auto Shields+1","floor":29},{"not_picked":["Redo","Steam","Genetic Algorithm"],"picked":"Double Energy","floor":30},{"not_picked":["Go for the Eyes","Chaos","Darkness"],"picked":"Cold Snap","floor":31}],"player_experience":412179,"relics_obtained":[{"floor":7.0,"key":"DataDisk"},{"floor":9.0,"key":"Akabeko"},{"floor":11.0,"key":"Bronze Scales"},{"floor":25.0,"key":"Question Card"},{"floor":26.0,"key":"Sundial"}],"event_choices":[{"cards_removed":["Strike_B"],"damage_healed":0.0,"max_hp_gain":0.0,"max_hp_loss":0.0,"gold_gain":0.0,"event_name":"Golden Wing","player_choice":"Card Removal","floor":2.0,"gold_loss":0.0,"damage_taken":7.0},{"damage_healed":0.0,"max_hp_gain":0.0,"max_hp_loss":0.0,"gold_gain":0.0,"event_name":"Golden Idol","player_choice":"Take Wound","floor":3.0,"gold_loss":0.0,"damage_taken":0.0,"relics_obtained":["Golden Idol"],"cards_obtained":["Injury"]},{"damage_healed":0.0,"max_hp_gain":0.0,"max_hp_loss":0.0,"gold_gain":0.0,"cards_transformed":["Strike_B"],"event_name":"Living Wall","player_choice":"Change","floor":4.0,"gold_loss":0.0,"damage_taken":0.0,"cards_obtained":["Heatsinks"]},{"damage_healed":0.0,"max_hp_gain":5.0,"max_hp_loss":0.0,"gold_gain":0.0,"event_name":"Big Fish","player_choice":"Donut","floor":13.0,"gold_loss":0.0,"damage_taken":0.0},{"cards_removed":["Injury"],"damage_healed":0.0,"max_hp_gain":0.0,"max_hp_loss":0.0,"gold_gain":0.0,"event_name":"The Cleric","player_choice":"Card Removal","floor":14.0,"gold_loss":50.0,"damage_taken":0.0},{"damage_healed":0.0,"max_hp_gain":0.0,"max_hp_loss":0.0,"gold_gain":0.0,"cards_transformed":["Defend_B","Strike_B"],"event_name":"Drug Dealer","player_choice":"Became Test Subject","floor":19.0,"gold_loss":0.0,"damage_taken":0.0,"cards_obtained":["Cold Snap","Rip and Tear"]},{"damage_healed":0.0,"max_hp_gain":0.0,"max_hp_loss":0.0,"gold_gain":0.0,"event_name":"Ghosts","player_choice":"Ignored","floor":20.0,"gold_loss":0.0,"damage_taken":0.0},{"damage_healed":0.0,"max_hp_gain":0.0,"max_hp_loss":0.0,"gold_gain":0.0,"event_name":"Knowing Skull","player_choice":"CARD ","floor":21.0,"potions_obtained":[],"gold_loss":0.0,"damage_taken":12.0,"cards_obtained":["Swift Strike"]}],"is_beta":false,"boss_relics":[{"not_picked":["SlaversCollar","Empty Cage"],"picked":"SacredBark"}],"items_purged_floors":[27],"is_endless":false,"potions_floor_spawned":[7,10,11,24,28,30],"killed_by":"Collector","ascension_level":7}}