{"host":"mgc7o2tpy0ck407l","time":1608481134,"event":{"mods":["Alarm Clock","AlwaysNeverKeys","BaseMod","Better Altar","Better Match","Better Note","Better Sensory Stone","Better Skull","Better Third Choice","Better Vampires","Block Reminder","Booster Modes","Challenge The Spire","Colored Map","Colored Powertips","Disable Question Mark Monsters","Emptier Cage","Infinite Spire","Minty Spire (QoL Compilation)","Permanent Neow","Quick Restart","Rare Cards Sparkle","Reorder Act Four","Replay The Spire","Spicy Shops","StSLib","The Blue Laboratory","Transform Curses","Unceasing Turn Reminder"],"gold_per_floor":[213,213,63,63,73,73,103,103,151,186,286,92,145,190,190,190,190],"floor_reached":16,"playtime":699,"items_purged":[],"score":113,"play_id":"65c3f22a-9762-441d-883a-afde6623fcbe","local_time":"20201220111854","is_ascension_mode":true,"campfire_choices":[{"data":"HandOfGreed","floor":6,"key":"SMITH"},{"data":"Pot Of Greed","floor":8,"key":"SMITH"},{"data":"Pot Of Greed","floor":15,"key":"SMITH"}],"circlet_count":0,"master_deck":["Strike_B","Strike_B","Strike_B","Strike_B","Defend_B","Defend_B","Defend_B","Defend_B","Zap","Dualcast","Conserve Battery","HandOfGreed+1","Pot Of Greed+1","Pot Of Greed+1","Coolheaded","ReplaySort","Coolheaded","Crow Ritual","Deep Breath","Midas Touch","Conserve Battery","Leap"],"relics":["Cracked Core","Grinning Jar","infinitespire:Broken Mirror","infinitespire:Beetle Shell","ReplayTheSpireMod:ShopPack","Mango","Prayer Wheel"],"acts_visited":["Exordium"],"potions_floor_usage":[],"damage_taken":[{"damage":0,"enemies":"Cultist","floor":1,"turns":3},{"damage":5,"enemies":"Small Slimes","floor":5,"turns":5},{"damage":23,"enemies":"Gremlin Nob","floor":7,"turns":4},{"damage":2,"enemies":"Jaw Worm","floor":10,"turns":3},{"damage":22,"enemies":"Lagavulin","floor":13,"turns":9},{"damage":3,"enemies":"2 Fungi Beasts","floor":14,"turns":3},{"damage":38,"enemies":"Hexaghost","floor":16,"turns":11}],"seed_played":"8769142585416179805","potions_obtained":[{"floor":5,"key":"Elixir"},{"floor":7,"key":"Venom Potion"},{"floor":10,"key":"Dexterity Potion"}],"is_trial":false,"path_per_floor":["M","?","$","$","M","R","E","R","T","M","?","$","E","M","R","B"],"character_chosen":"DEFECT","items_purchased":["Grinning Jar","Coolheaded","ReplayTheSpireMod:ShopPack"],"campfire_rested":0,"item_purchase_floors":[3,12,12],"current_hp_per_floor":[75,75,75,75,70,70,47,47,47,45,45,45,37,34,34,0,0],"gold":190,"neow_bonus":"HUNDRED_GOLD","is_daily":false,"chose_seed":false,"campfire_upgraded":3,"win_rate":0.0,"timestamp":1608481134,"path_taken":["M","?","?","$","M","R","E","R","T","M","?","$","E","M","R","BOSS"],"items_purchased_type":["Relic","Card","Relic"],"build_version":"2020-12-13","purchased_purges":0,"victory":false,"max_hp_per_floor":[75,75,75,75,75,75,75,75,75,75,75,75,89,89,89,89,89],"card_choices":[{"not_picked":["Force Field","Double Energy"],"picked":"Conserve Battery","floor":1},{"not_picked":["Replay:Sssssssssshield","Mayhem"],"picked":"HandOfGreed","floor":2},{"not_picked":["Rebound","Rip and Tear"],"picked":"Coolheaded","floor":5},{"not_picked":["Sunder","Redo"],"picked":"ReplaySort","floor":7},{"not_picked":["Rebound","Sweeping Beam","Stack"],"picked":"SKIP","floor":10},{"not_picked":["ReplayTheSpireMod:Brewmster","Replay:Dark Deal"],"picked":"Crow Ritual","floor":12},{"not_picked":["ReplayTheSpireMod:Uncanny Aura","Magnetism"],"picked":"Deep Breath","floor":12},{"not_picked":["ReplayTheSpireMod:Uncanny Aura","Replay:Sssssssssstrike"],"picked":"Midas Touch","floor":12},{"not_picked":["Streamline","Steam"],"picked":"Conserve Battery","floor":13},{"not_picked":["Heatsinks","Hologram"],"picked":"Leap","floor":14}],"player_experience":681364,"relics_obtained":[{"floor":7,"key":"infinitespire:Broken Mirror"},{"floor":9,"key":"infinitespire:Beetle Shell"},{"floor":13,"key":"Mango"}],"event_choices":[{"damage_healed":0,"gold_gain":1,"player_choice":"1","damage_taken":0,"max_hp_gain":0,"max_hp_loss":0,"event_name":"betterStone:BetterStone","floor":2,"gold_loss":0},{"damage_healed":0,"gold_gain":100,"player_choice":"Pray","damage_taken":0,"max_hp_gain":0,"max_hp_loss":0,"event_name":"Golden Shrine","floor":11,"gold_loss":0}],"is_beta":false,"boss_relics":[],"items_purged_floors":[],"is_endless":false,"potions_floor_spawned":[5,7,10],"killed_by":"Hexaghost","ascension_level":1}}