{"host":"6gwm7y0tp7acoxay","time":1608469768,"event":{"mods":["BaseMod","Colored Map","Keyboard Shortcuts","Minty Spire (QoL Compilation)","Quick Restart","StSLib","SuperFastMode","everything is the same but u backflip on backflip"],"gold_per_floor":[116,116,116,116,58,91,125,156,156,186,211,221,254,269,269,343,343,363,363,363,376,376,410,438,468,468,493,528,528,291,391,391,464,464,480,480,9,9,22,57,99,137,149,161,201,241,253,265,277,289,301,313,325,13,38,38],"floor_reached":57,"playtime":1854,"items_purged":["Rebound","Ball Lightning"],"score":3793,"play_id":"e45be0dd-15e7-4928-b7b2-0fa731834e71","local_time":"20201220220928","daily_mods":["SealedDeck","Heirloom","Flight"],"is_ascension_mode":true,"campfire_choices":[{"data":"Capacitor","floor":15.0,"key":"SMITH"},{"floor":29.0,"key":"REST"},{"data":"Go for the Eyes","floor":32.0,"key":"SMITH"},{"floor":47,"key":"RECALL"},{"data":"Defragment","floor":49,"key":"SMITH"},{"data":"Coolheaded","floor":53,"key":"SMITH"}],"circlet_count":0,"master_deck":["AscendersBane","Coolheaded+1","Beam Cell","Glacier","FTL","Capacitor+1","Coolheaded+1","Gash","Gash","Gash+1","All For One+1","Hologram","Seek","Skim","Electrodynamics","Echo Form","White Noise+1","Go for the Eyes+1","Panacea+1","Madness+1","Madness+1","Defragment+1"],"relics":["Cracked Core","Pocketwatch","Eternal Feather","Unceasing Top","Regal Pillow","Lantern","DataDisk","Sundial","Bag of Preparation","Blood Vial","Black Star","Incense Burner","Toxic Egg 2","HornCleat","TungstenRod","Toy Ornithopter","Darkstone Periapt","Boot","Juzu Bracelet","Potion Belt","Orichalcum","Nunchaku","Gambling Chip","White Beast Statue","Cursed Key","Gremlin Horn","MawBank","Strawberry","Oddly Smooth Stone","Letter Opener","PreservedInsect","Mummified Hand","Pantograph","Bronze Scales","Whetstone","Dream Catcher","Membership Card","Torii","Blue Candle","Art of War"],"acts_visited":["Exordium","TheCity","TheBeyond","TheEnding"],"potions_floor_usage":[56,56,56,56,56,56],"damage_taken":[{"damage":0.0,"enemies":"Cultist","floor":1.0,"turns":2.0},{"damage":4.0,"enemies":"Gremlin Nob","floor":6.0,"turns":3.0},{"damage":16.0,"enemies":"Lagavulin","floor":7.0,"turns":3.0},{"damage":10.0,"enemies":"3 Sentries","floor":8.0,"turns":4.0},{"damage":0.0,"enemies":"Gremlin Nob","floor":10.0,"turns":2.0},{"damage":0.0,"enemies":"Lagavulin","floor":11.0,"turns":3.0},{"damage":0.0,"enemies":"Small Slimes","floor":12.0,"turns":1.0},{"damage":0.0,"enemies":"Gremlin Nob","floor":13.0,"turns":1.0},{"damage":3.0,"enemies":"2 Louse","floor":14.0,"turns":2.0},{"damage":11.0,"enemies":"Hexaghost","floor":16.0,"turns":4.0},{"damage":0.0,"enemies":"Spheric Guardian","floor":18.0,"turns":4.0},{"damage":5.0,"enemies":"2 Thieves","floor":21.0,"turns":2.0},{"damage":0.0,"enemies":"Slavers","floor":23.0,"turns":2.0},{"damage":18.0,"enemies":"Book of Stabbing","floor":24.0,"turns":4.0},{"damage":0.0,"enemies":"Gremlin Leader","floor":25.0,"turns":3.0},{"damage":10.0,"enemies":"Slavers","floor":27.0,"turns":3.0},{"damage":17.0,"enemies":"Gremlin Leader","floor":28.0,"turns":4.0},{"damage":3.0,"enemies":"Colosseum Slavers","floor":31.0,"turns":3.0},{"damage":0.0,"enemies":"Colosseum Nobs","floor":31.0,"turns":3.0},{"damage":0.0,"enemies":"Collector","floor":33.0,"turns":5.0},{"damage":0.0,"enemies":"Orb Walker","floor":35.0,"turns":2.0},{"damage":0.0,"enemies":"3 Shapes","floor":39.0,"turns":4.0},{"damage":9.0,"enemies":"Nemesis","floor":40.0,"turns":3.0},{"damage":2.0,"enemies":"Reptomancer","floor":41.0,"turns":4.0},{"damage":2.0,"enemies":"Giant Head","floor":42.0,"turns":3.0},{"damage":0,"enemies":"Reptomancer","floor":45,"turns":2},{"damage":0,"enemies":"Nemesis","floor":46,"turns":3},{"damage":18,"enemies":"Donu and Deca","floor":50,"turns":3},{"damage":0,"enemies":"Time Eater","floor":51,"turns":7},{"damage":0,"enemies":"Shield and Spear","floor":55,"turns":3},{"damage":13,"enemies":"The Heart","floor":56,"turns":7}],"seed_played":"-2223546309817256124","potions_obtained":[{"floor":1.0,"key":"Fruit Juice"},{"floor":6.0,"key":"Energy Potion"},{"floor":7.0,"key":"FocusPotion"},{"floor":16.0,"key":"Fruit Juice"},{"floor":21.0,"key":"AttackPotion"},{"floor":23.0,"key":"Strength Potion"},{"floor":33.0,"key":"Swift Potion"},{"floor":35.0,"key":"CultistPotion"},{"floor":36.0,"key":"GamblersBrew"},{"floor":40.0,"key":"EntropicBrew"},{"floor":46,"key":"Ancient Potion"},{"floor":55,"key":"FocusPotion"}],"is_trial":true,"path_per_floor":["M","?","?","?","$","E","E","E","T","E","E","M","E","M","R","B",null,"M","?","?","M","?","E","E","E","T","E","E","R","$","?","R","B",null,"M","?","$","?","M","E","E","E","T","?","E","E","R","?","R","B","B",null,"R","$","E","B",null],"character_chosen":"DEFECT","items_purchased":["Gash","Nunchaku","Gremlin Horn","Panacea+1","Membership Card","Torii"],"campfire_rested":1,"item_purchase_floors":[5,30,37,37,54,54],"current_hp_per_floor":[69,74,74,69,69,65,49,39,39,39,39,39,39,38,47,43,75,77,52,52,49,49,51,35,37,37,34,19,73,73,74,83,85,90,91,91,91,76,78,83,83,83,83,83,85,87,98,98,98,80,98,98,98,98,98,85],"gold":38,"neow_bonus":"","is_daily":false,"chose_seed":false,"campfire_upgraded":4,"win_rate":0.0,"timestamp":1608469768,"path_taken":["M","?","?","?","?","E","E","E","T","E","E","?","E","?","R","BOSS","M","?","?","?","?","E","E","E","T","E","E","R","$","?","R","BOSS","M","?","?","?","M","E","E","E","T","?","E","E","R","?","R","BOSS","BOSS","R","$","E","BOSS"],"items_purchased_type":["Card","Relic","Relic","Card","Relic","Relic"],"build_version":"2020-12-13","purchased_purges":2,"victory":true,"max_hp_per_floor":[76,81,81,81,81,81,81,81,81,81,81,81,81,81,81,86,86,86,91,91,91,91,91,91,91,91,91,91,91,91,91,91,91,91,91,91,91,91,91,98,98,98,98,98,98,98,98,98,98,98,98,98,98,98,98,98],"card_choices":[{"not_picked":["Compile Driver","Sweeping Beam","Hello World"],"picked":"SKIP","floor":1.0},{"not_picked":["Barrage","Cold Snap"],"picked":"All For One","floor":6.0},{"not_picked":["Rebound","Chaos"],"picked":"Hologram","floor":7.0},{"not_picked":["Cold Snap","Storm","Steam"],"picked":"SKIP","floor":8.0},{"not_picked":["Sweeping Beam","Gash"],"picked":"Seek","floor":10.0},{"not_picked":["Heatsinks","Fusion"],"picked":"Skim","floor":11.0},{"not_picked":["Rebound","Leap","Stack"],"picked":"SKIP","floor":12.0},{"not_picked":["Turbo","Ball Lightning","Biased Cognition"],"picked":"SKIP","floor":13.0},{"not_picked":["Compile Driver","Conserve Battery","Sweeping Beam"],"picked":"SKIP","floor":14.0},{"not_picked":["Multi-Cast","Buffer"],"picked":"Electrodynamics","floor":16.0},{"not_picked":["Turbo","Reprogram","Redo"],"picked":"SKIP","floor":18.0},{"not_picked":["Cold Snap","Fusion","Beam Cell+1"],"picked":"SKIP","floor":21.0},{"not_picked":["Genetic Algorithm+1","Conserve Battery+1","Rebound+1"],"picked":"SKIP","floor":23.0},{"not_picked":["Double Energy+1","Conserve Battery+1","Undo+1"],"picked":"SKIP","floor":24.0},{"not_picked":["Scrape","Reprogram+1"],"picked":"Echo Form","floor":25.0},{"not_picked":["Go for the Eyes","Redo+1"],"picked":"White Noise+1","floor":27.0},{"not_picked":["Barrage","Rebound+1"],"picked":"Go for the Eyes","floor":28.0},{"not_picked":["Leap+1","Darkness+1","Barrage+1"],"picked":"SKIP","floor":35.0},{"not_picked":["Beam Cell","Ball Lightning","Storm"],"picked":"SKIP","floor":39.0},{"not_picked":["Conserve Battery+1","Hologram+1","Amplify+1"],"picked":"SKIP","floor":40.0},{"not_picked":["Beam Cell","Rip and Tear"],"picked":"Defragment","floor":41.0},{"not_picked":["Scrape+1","Sweeping Beam","Self Repair"],"picked":"SKIP","floor":42.0},{"not_picked":["Coolheaded+1","Sweeping Beam","Rip and Tear"],"picked":"SKIP","floor":45},{"not_picked":["Double Energy+1","Skim+1","Chaos+1"],"picked":"SKIP","floor":46},{"not_picked":["Blizzard","Compile Driver","Self Repair+1"],"picked":"SKIP","floor":55}],"player_experience":4296896,"relics_obtained":[{"floor":6.0,"key":"Unceasing Top"},{"floor":7.0,"key":"Regal Pillow"},{"floor":8.0,"key":"Lantern"},{"floor":9.0,"key":"DataDisk"},{"floor":10.0,"key":"Sundial"},{"floor":11.0,"key":"Bag of Preparation"},{"floor":13.0,"key":"Blood Vial"},{"floor":23.0,"key":"Incense Burner"},{"floor":23.0,"key":"Toxic Egg 2"},{"floor":24.0,"key":"HornCleat"},{"floor":24.0,"key":"TungstenRod"},{"floor":25.0,"key":"Toy Ornithopter"},{"floor":25.0,"key":"Darkstone Periapt"},{"floor":27.0,"key":"Boot"},{"floor":27.0,"key":"Juzu Bracelet"},{"floor":28.0,"key":"Potion Belt"},{"floor":28.0,"key":"Orichalcum"},{"floor":31.0,"key":"Gambling Chip"},{"floor":31.0,"key":"White Beast Statue"},{"floor":40.0,"key":"MawBank"},{"floor":40.0,"key":"Strawberry"},{"floor":41.0,"key":"Oddly Smooth Stone"},{"floor":41.0,"key":"Letter Opener"},{"floor":42.0,"key":"PreservedInsect"},{"floor":42.0,"key":"Mummified Hand"},{"floor":45,"key":"Pantograph"},{"floor":45,"key":"Bronze Scales"},{"floor":46,"key":"Whetstone"},{"floor":46,"key":"Dream Catcher"},{"floor":55,"key":"Blue Candle"},{"floor":55,"key":"Art of War"}],"event_choices":[{"damage_healed":0.0,"max_hp_gain":5.0,"max_hp_loss":0.0,"gold_gain":0.0,"event_name":"Big Fish","player_choice":"Donut","floor":2.0,"gold_loss":0.0,"damage_taken":0.0},{"damage_healed":0.0,"max_hp_gain":0.0,"max_hp_loss":0.0,"gold_gain":0.0,"event_name":"Living Wall","player_choice":"Grow","floor":3.0,"gold_loss":0.0,"damage_taken":0.0,"cards_upgraded":["Coolheaded"]},{"damage_healed":0.0,"max_hp_gain":0.0,"max_hp_loss":0.0,"gold_gain":0.0,"event_name":"Scrap Ooze","player_choice":"Success","floor":4.0,"gold_loss":0.0,"damage_taken":5.0,"relics_obtained":["Eternal Feather"]},{"damage_healed":0.0,"max_hp_gain":5.0,"max_hp_loss":0.0,"gold_gain":0.0,"event_name":"Forgotten Altar","player_choice":"Shed Blood","floor":19.0,"gold_loss":0.0,"damage_taken":30.0},{"damage_healed":0.0,"max_hp_gain":0.0,"max_hp_loss":0.0,"gold_gain":0.0,"event_name":"Match and Keep!","player_choice":"0 cards matched","floor":20.0,"gold_loss":0.0,"damage_taken":0.0,"cards_obtained":[]},{"damage_healed":0.0,"max_hp_gain":0.0,"max_hp_loss":0.0,"gold_gain":0.0,"event_name":"Vampires","player_choice":"Ignored","floor":22.0,"gold_loss":0.0,"damage_taken":0.0},{"damage_healed":0.0,"max_hp_gain":0.0,"max_hp_loss":0.0,"gold_gain":0.0,"event_name":"Colosseum","player_choice":"Fight","floor":31.0,"gold_loss":0.0,"damage_taken":0.0},{"damage_healed":0.0,"max_hp_gain":0.0,"max_hp_loss":0.0,"gold_gain":0.0,"event_name":"Colosseum","player_choice":"Fought Nobs","floor":31.0,"gold_loss":0.0,"damage_taken":0.0},{"damage_healed":0.0,"max_hp_gain":0.0,"max_hp_loss":0.0,"gold_gain":0.0,"event_name":"Lab","player_choice":"Got Potions","floor":36.0,"gold_loss":0.0,"damage_taken":0.0},{"damage_healed":0.0,"max_hp_gain":0.0,"max_hp_loss":0.0,"gold_gain":0.0,"event_name":"Winding Halls","player_choice":"Embrace Madness","floor":38.0,"gold_loss":0.0,"damage_taken":16.0,"cards_obtained":["Madness","Madness"]},{"damage_healed":0,"gold_gain":0,"player_choice":"Ignored","damage_taken":0,"max_hp_gain":0,"max_hp_loss":0,"event_name":"Transmorgrifier","floor":44,"gold_loss":0},{"damage_healed":0,"gold_gain":0,"player_choice":"Ignored","damage_taken":0,"max_hp_gain":0,"max_hp_loss":0,"event_name":"Tomb of Lord Red Mask","floor":48,"gold_loss":0}],"is_beta":false,"boss_relics":[{"not_picked":["Calling Bell","Runic Pyramid"],"picked":"Black Star"},{"not_picked":["Tiny House","SacredBark"],"picked":"Cursed Key"}],"items_purged_floors":[30,37],"is_endless":false,"potions_floor_spawned":[1,6,7,12,16,21,23,31,33,35,39,40,41,42,45,46,55],"ascension_level":20}}