{"host":"Aysed","time":1608469284,"event":{"mods":["AchievementEnabler","BaseMod","Colored Powertips","Downfall","Faster Ascension Climbing","Minty Spire (QoL Compilation)","Quick Restart","StSLib","SuperFastMode"],"gold_per_floor":[116,116,22,97,111,111,145,145,145,178,198,210,55,70,70,70,70],"floor_reached":16,"playtime":366,"items_purged":[],"score":135,"play_id":"8953b318-4f55-44be-9cf5-7b9ee88d07a8","local_time":"20201220140124","is_ascension_mode":false,"campfire_choices":[{"data":"Enlightenment","floor":6,"key":"SMITH"},{"data":"White Noise","floor":15,"key":"SMITH"}],"circlet_count":0,"master_deck":["Strike_B","Strike_B","Strike_B","Defend_B","Defend_B","Defend_B","Defend_B","Zap","Dualcast","Turbo","White Noise+1","Enlightenment+1","Meteor Strike"],"relics":["Cracked Core","NeowsBlessing","PreservedInsect","Gremlin Horn","CeramicFish","Toolbox"],"acts_visited":["Exordium"],"potions_floor_usage":[],"damage_taken":[{"damage":0,"enemies":"2 Louse","floor":1,"turns":1},{"damage":0,"enemies":"Jaw Worm","floor":5,"turns":1},{"damage":0,"enemies":"Gremlin Nob","floor":7,"turns":1},{"damage":17,"enemies":"3 Sentries","floor":10,"turns":5},{"damage":15,"enemies":"Cultist","floor":11,"turns":4},{"damage":7,"enemies":"Blue Slaver","floor":12,"turns":2},{"damage":18,"enemies":"Large Slime","floor":14,"turns":5},{"damage":12,"enemies":"Slime Boss","floor":16,"turns":3}],"seed_played":"1943168081010602983","potions_obtained":[{"floor":10,"key":"FearPotion"},{"floor":12,"key":"Block Potion"},{"floor":14,"key":"Block Potion"}],"is_trial":false,"path_per_floor":["M","?","$","?","M","R","E","?","T","E","M","M","$","M","R","B"],"character_chosen":"DEFECT","items_purchased":["Enlightenment","Toolbox"],"campfire_rested":0,"item_purchase_floors":[3,13],"current_hp_per_floor":[75,75,75,64,64,64,64,64,64,47,32,25,25,7,7,0,0],"gold":70,"neow_bonus":"THREE_ENEMY_KILL","is_daily":false,"chose_seed":false,"campfire_upgraded":2,"win_rate":0.0,"timestamp":1608469284,"path_taken":["M","?","$","?","M","R","E","?","T","E","M","?","$","M","R","BOSS"],"items_purchased_type":["Card","Relic"],"build_version":"2020-12-18","purchased_purges":0,"victory":false,"max_hp_per_floor":[75,75,75,75,75,75,75,75,75,75,75,75,75,75,75,75,75],"card_choices":[{"not_picked":["Hologram","Streamline"],"picked":"Turbo","floor":1},{"not_picked":["Fusion","Streamline","Chaos"],"picked":"SKIP","floor":5},{"not_picked":["Blizzard","Ball Lightning","Go for the Eyes"],"picked":"SKIP","floor":7},{"not_picked":["Streamline","Beam Cell","Sweeping Beam"],"picked":"SKIP","floor":10},{"not_picked":["Leap","Cold Snap"],"picked":"Meteor Strike","floor":11},{"not_picked":["Sweeping Beam","Beam Cell","Ball Lightning"],"picked":"SKIP","floor":12},{"not_picked":["Blizzard","Conserve Battery","Gash"],"picked":"SKIP","floor":14}],"player_experience":40407,"relics_obtained":[{"floor":7,"key":"PreservedInsect"},{"floor":9,"key":"Gremlin Horn"},{"floor":10,"key":"CeramicFish"}],"event_choices":[{"damage_healed":0,"gold_gain":0,"cards_transformed":["Strike_B"],"player_choice":"Change","damage_taken":0,"max_hp_gain":0,"max_hp_loss":0,"event_name":"Living Wall","floor":2,"gold_loss":0,"cards_obtained":["White Noise"]},{"damage_healed":0,"gold_gain":75,"player_choice":"Gather Gold","damage_taken":11,"max_hp_gain":0,"max_hp_loss":0,"event_name":"World of Goop","floor":4,"gold_loss":0},{"damage_healed":0,"gold_gain":0,"player_choice":"0 cards matched","damage_taken":0,"max_hp_gain":0,"max_hp_loss":0,"event_name":"Match and Keep!","floor":8,"gold_loss":0,"cards_obtained":[]}],"is_beta":true,"boss_relics":[],"items_purged_floors":[],"is_endless":false,"potions_floor_spawned":[10,12,14],"killed_by":"Slime Boss","ascension_level":0}}