{"host":"d8hh7rr4yzitjeuj","time":1608457460,"event":{"mods":["2.2 Compatiblity","AchievementEnabler","BaseMod","CapriCore","Colored Map","Colored Powertips","Highlight Path","Keyboard Shortcuts","Minty Spire (QoL Compilation)","Permanent Neow","Quick Restart","StSLib","SuperFastMode"],"gold_per_floor":[115,128,148,168,186,211,230,230,254,254,254,265,284,90,90,168,168,184,208,220,235,285,285,2,2,2,18,35,35,35,49,49,122,122,141,416,431,431,446,481,481,481,534,130,130,162,180,2,2,2,2],"floor_reached":50,"playtime":1720,"items_purged":["Regret"],"score":1012,"play_id":"4d15f819-4fab-4620-b74c-d699b2f4f2fb","local_time":"20201220184420","is_ascension_mode":true,"campfire_choices":[{"floor":11.0,"key":"REST"},{"floor":15.0,"key":"REST"},{"floor":23.0,"key":"REST"},{"floor":25.0,"key":"REST"},{"floor":32.0,"key":"REST"},{"floor":41.0,"key":"REST"},{"floor":49.0,"key":"REST"}],"circlet_count":0,"master_deck":["AscendersBane","Strike_B+1","Strike_B+1","Strike_B+1","Strike_B+1","Defend_B+1","Defend_B+1","Defend_B+1","Defend_B+1","Zap+1","Dualcast","Sunder+1","Gash","BootSequence","Go for the Eyes","Seek","FTL","Turbo","Stack","Sweeping Beam","Apotheosis","Echo Form","CurseOfTheBell","Streamline+1","Steam Power","Scrape+1","Magnetism","Stack","Coolheaded+1","Stack+1","Hyperbeam+1","Rebound+1","Injury","Reprogram"],"relics":["Fusion Hammer","Peace Pipe","Juzu Bracelet","Calling Bell","Toy Ornithopter","Molten Egg 2","FossilizedHelix","PreservedInsect","Membership Card","Cursed Key","The Courier","MawBank","Lantern","War Paint","OrangePellets","Vajra","Turnip","DataDisk","Eternal Feather","Centennial Puzzle"],"acts_visited":["Exordium","TheCity","TheBeyond"],"potions_floor_usage":[],"damage_taken":[{"damage":1.0,"enemies":"Cultist","floor":1.0,"turns":3.0},{"damage":0.0,"enemies":"Jaw Worm","floor":2.0,"turns":3.0},{"damage":0.0,"enemies":"2 Louse","floor":3.0,"turns":2.0},{"damage":15.0,"enemies":"Red Slaver","floor":4.0,"turns":4.0},{"damage":0.0,"enemies":"Looter","floor":5.0,"turns":2.0},{"damage":6.0,"enemies":"Gremlin Nob","floor":6.0,"turns":3.0},{"damage":14.0,"enemies":"3 Louse","floor":7.0,"turns":3.0},{"damage":7.0,"enemies":"Blue Slaver","floor":12.0,"turns":4.0},{"damage":5.0,"enemies":"Lots of Slimes","floor":13.0,"turns":4.0},{"damage":28.0,"enemies":"Hexaghost","floor":16.0,"turns":11.0},{"damage":9.0,"enemies":"Shell Parasite","floor":18.0,"turns":4.0},{"damage":1.0,"enemies":"Chosen","floor":20.0,"turns":4.0},{"damage":47.0,"enemies":"Snecko","floor":21.0,"turns":5.0},{"damage":18.0,"enemies":"Snake Plant","floor":27.0,"turns":5.0},{"damage":26.0,"enemies":"Shelled Parasite and Fungi","floor":28.0,"turns":4.0},{"damage":0.0,"enemies":"Sentry and Sphere","floor":31.0,"turns":5.0},{"damage":36.0,"enemies":"Automaton","floor":33.0,"turns":10.0},{"damage":0.0,"enemies":"3 Darklings","floor":35.0,"turns":3.0},{"damage":0.0,"enemies":"3 Shapes","floor":37.0,"turns":1.0},{"damage":23.0,"enemies":"Jaw Worm Horde","floor":39.0,"turns":3.0},{"damage":18.0,"enemies":"Giant Head","floor":40.0,"turns":8.0},{"damage":16.0,"enemies":"Reptomancer","floor":46.0,"turns":6.0},{"damage":14.0,"enemies":"Transient","floor":47.0,"turns":6.0},{"damage":55,"enemies":"Time Eater","floor":50,"turns":6}],"seed_played":"7122553780538498319","potions_obtained":[{"floor":2.0,"key":"FearPotion"},{"floor":4.0,"key":"SpeedPotion"},{"floor":5.0,"key":"Strength Potion"},{"floor":12.0,"key":"ColorlessPotion"},{"floor":20.0,"key":"PowerPotion"},{"floor":28.0,"key":"Strength Potion"},{"floor":31.0,"key":"Regen Potion"},{"floor":37.0,"key":"FocusPotion"},{"floor":39.0,"key":"Explosive Potion"},{"floor":40.0,"key":"GamblersBrew"}],"is_trial":false,"path_per_floor":["M","M","M","M","M","E","M","?","T","?","R","M","M","$","R","B",null,"M","T","M","M","?","R","$","R","T","M","M","$","?","M","R","B",null,"M","?","M","?","M","E","R","?","T","$","?","E","M","$","R","B"],"character_chosen":"DEFECT","items_purchased":["Apotheosis","Membership Card","Magnetism","Stack","Lantern","War Paint","OrangePellets","Vajra","Turnip","Eternal Feather","Centennial Puzzle"],"campfire_rested":7,"item_purchase_floors":[14,24,24,24,44,44,44,44,44,48,48],"current_hp_per_floor":[63,63,63,48,48,42,28,7,7,7,28,21,16,16,37,9,56,47,47,46,4,4,25,25,46,46,28,2,2,2,2,23,12,56,56,56,56,56,33,15,36,36,36,36,36,25,16,16,55,0,0],"gold":2,"neow_bonus":"BOSS_RELIC","is_daily":false,"chose_seed":false,"campfire_upgraded":0,"win_rate":0.0,"timestamp":1608457460,"path_taken":["M","M","M","?","M","E","M","?","T","?","R","M","M","$","R","BOSS","M","?","M","M","?","R","$","R","T","M","M","$","?","M","R","BOSS","M","?","M","?","M","E","R","?","T","$","?","E","M","$","R","BOSS"],"items_purchased_type":["Card","Relic","Card","Card","Relic","Relic","Relic","Relic","Relic","Relic","Relic"],"build_version":"2020-12-13","purchased_purges":1,"victory":false,"max_hp_per_floor":[71,71,71,71,71,71,71,71,71,71,71,71,71,71,71,71,71,71,71,71,71,71,71,71,71,71,71,71,71,71,71,71,71,71,71,71,71,71,71,71,71,71,71,71,71,71,71,71,71,71,71],"card_choices":[{"not_picked":["Redo","Go for the Eyes"],"picked":"Sunder","floor":1.0},{"not_picked":["Heatsinks","Static Discharge"],"picked":"Gash","floor":2.0},{"not_picked":["Static Discharge","Beam Cell"],"picked":"BootSequence","floor":3.0},{"not_picked":["Turbo","Cold Snap"],"picked":"Go for the Eyes","floor":4.0},{"not_picked":["Redo","Steam"],"picked":"Seek","floor":5.0},{"not_picked":["Steam Power","Turbo"],"picked":"FTL","floor":6.0},{"not_picked":["Compile Driver","Capacitor"],"picked":"Turbo","floor":7.0},{"not_picked":["Blizzard","Force Field"],"picked":"Stack","floor":12.0},{"not_picked":["Cold Snap","Coolheaded"],"picked":"Sweeping Beam","floor":13.0},{"not_picked":["Biased Cognition","Amplify"],"picked":"Echo Form","floor":16.0},{"not_picked":["Darkness","Double Energy"],"picked":"Streamline+1","floor":18.0},{"not_picked":["Cold Snap+1","Gash+1"],"picked":"Steam Power","floor":20.0},{"not_picked":["Hologram","Static Discharge"],"picked":"Scrape+1","floor":21.0},{"not_picked":["Streamline+1","Fission"],"picked":"Fusion","floor":27.0},{"not_picked":["Barrage+1","Stack"],"picked":"Coolheaded+1","floor":28.0},{"not_picked":["Ball Lightning+1","Fission"],"picked":"Stack","floor":31.0},{"not_picked":["Creative AI","Thunder Strike+1"],"picked":"Hyperbeam+1","floor":33.0},{"not_picked":["Rip and Tear+1","Leap","Streamline+1"],"picked":"SKIP","floor":35.0},{"not_picked":["Ball Lightning+1","Hologram+1"],"picked":"Rebound+1","floor":37.0},{"not_picked":["Turbo","Gash+1","Coolheaded"],"picked":"SKIP","floor":39.0},{"not_picked":["Coolheaded","Hologram","Reboot"],"picked":"SKIP","floor":40.0},{"not_picked":["Coolheaded","Hologram","Redo"],"picked":"SKIP","floor":46.0},{"not_picked":["Coolheaded","Streamline+1"],"picked":"Reprogram","floor":47.0}],"player_experience":1374490,"relics_obtained":[{"floor":6.0,"key":"Peace Pipe"},{"floor":9.0,"key":"Juzu Bracelet"},{"floor":17.0,"key":"Toy Ornithopter"},{"floor":17.0,"key":"Molten Egg 2"},{"floor":17.0,"key":"FossilizedHelix"},{"floor":19.0,"key":"PreservedInsect"},{"floor":40.0,"key":"The Courier"},{"floor":43.0,"key":"MawBank"},{"floor":46.0,"key":"DataDisk"}],"event_choices":[{"damage_healed":0.0,"max_hp_gain":0.0,"max_hp_loss":0.0,"gold_gain":0.0,"event_name":"Shining Light","player_choice":"Entered Light","floor":8.0,"gold_loss":0.0,"damage_taken":21.0,"cards_upgraded":["Defend_B","Strike_B"]},{"damage_healed":0.0,"max_hp_gain":0.0,"max_hp_loss":0.0,"gold_gain":0.0,"event_name":"Upgrade Shrine","player_choice":"Upgraded","floor":10.0,"gold_loss":0.0,"damage_taken":0.0,"cards_upgraded":["Sunder"]},{"damage_healed":0.0,"max_hp_gain":0.0,"max_hp_loss":0.0,"gold_gain":50.0,"event_name":"Nest","player_choice":"Stole From Cult","floor":22.0,"gold_loss":0.0,"damage_taken":0.0},{"damage_healed":0.0,"max_hp_gain":0.0,"max_hp_loss":0.0,"gold_gain":0.0,"event_name":"Back to Basics","player_choice":"Simplicity","floor":30.0,"gold_loss":0.0,"damage_taken":0.0,"cards_upgraded":["Strike_B","Strike_B","Strike_B","Defend_B","Defend_B","Defend_B"]},{"damage_healed":0.0,"max_hp_gain":0.0,"max_hp_loss":0.0,"gold_gain":275.0,"event_name":"Golden Shrine","player_choice":"Desecrate","floor":36.0,"gold_loss":0.0,"damage_taken":0.0,"cards_obtained":["Regret"]},{"damage_healed":0.0,"max_hp_gain":0.0,"max_hp_loss":0.0,"gold_gain":0.0,"event_name":"Mysterious Sphere","player_choice":"Ignored","floor":38.0,"gold_loss":0.0,"damage_taken":0.0},{"cards_removed":["Fusion"],"damage_healed":0.0,"max_hp_gain":0.0,"max_hp_loss":0.0,"gold_gain":0.0,"event_name":"Falling","player_choice":"Removed Skill","floor":42.0,"gold_loss":0.0,"damage_taken":0.0},{"damage_healed":0.0,"max_hp_gain":0.0,"max_hp_loss":0.0,"gold_gain":0.0,"event_name":"Tomb of Lord Red Mask","player_choice":"Ignored","floor":45.0,"gold_loss":0.0,"damage_taken":0.0}],"is_beta":false,"boss_relics":[{"not_picked":["Empty Cage","Ectoplasm"],"picked":"Calling Bell"},{"not_picked":["Runic Dome","Velvet Choker"],"picked":"Cursed Key"}],"items_purged_floors":[44],"is_endless":false,"potions_floor_spawned":[2,4,5,12,20,28,31,37,39,40],"killed_by":"Time Eater","ascension_level":20}}