{"host":"qgrlfjrqk9z96gfi","time":1608483247,"event":{"mods":["BaseMod","Block Reminder","Colored Map","DeckTracker","Minty Spire (QoL Compilation)"],"gold_per_floor":[117,12,24,24,41,41,67,67,114,114,139,151,209,224,224,224,224],"floor_reached":16,"playtime":636,"items_purged":["Strike_G"],"score":220,"play_id":"c956ff81-f121-4c99-8b25-b6211545ae20","local_time":"20201220065407","is_ascension_mode":true,"campfire_choices":[{"data":"Envenom","floor":6.0,"key":"SMITH"},{"floor":10.0,"key":"REST"},{"floor":15.0,"key":"REST"}],"circlet_count":0,"master_deck":["AscendersBane","Strike_G","Strike_G","Strike_G","Defend_G","Defend_G","Defend_G","Defend_G","Defend_G","Survivor","Neutralize","Predator","Poisoned Stab","Quick Slash","Envenom+1","Crippling Poison","Leg Sweep","Leg Sweep","Dagger Spray+1","Bouncing Flask"],"relics":["Ring of the Snake","Bag of Preparation","Oddly Smooth Stone","Molten Egg 2","Snake Skull"],"acts_visited":["Exordium"],"potions_floor_usage":[16,16],"damage_taken":[{"damage":2.0,"enemies":"Small Slimes","floor":1.0,"turns":5.0},{"damage":1.0,"enemies":"Cultist","floor":3.0,"turns":5.0},{"damage":0.0,"enemies":"2 Louse","floor":5.0,"turns":2.0},{"damage":19.0,"enemies":"Gremlin Nob","floor":7.0,"turns":4.0},{"damage":18.0,"enemies":"3 Sentries","floor":11.0,"turns":8.0},{"damage":15.0,"enemies":"Exordium Wildlife","floor":12.0,"turns":7.0},{"damage":20.0,"enemies":"3 Sentries","floor":13.0,"turns":10.0},{"damage":0.0,"enemies":"Looter","floor":14.0,"turns":4.0},{"damage":40,"enemies":"Slime Boss","floor":16,"turns":9}],"seed_played":"1157779301643481083","potions_obtained":[{"floor":3.0,"key":"Energy Potion"},{"floor":5.0,"key":"Ancient Potion"},{"floor":11.0,"key":"LiquidBronze"},{"floor":14.0,"key":"Regen Potion"}],"is_trial":false,"path_per_floor":["M","$","M","?","M","R","E","?","T","R","E","M","?","M","R","B"],"character_chosen":"THE_SILENT","items_purchased":["Quick Slash"],"campfire_rested":2,"item_purchase_floors":[2],"current_hp_per_floor":[57,57,56,56,56,56,37,37,37,56,38,23,3,3,22,0,0],"gold":224,"neow_bonus":"THREE_CARDS","is_daily":false,"chose_seed":false,"campfire_upgraded":1,"win_rate":0.0,"timestamp":1608483247,"path_taken":["M","$","M","?","M","R","E","?","T","R","E","?","?","M","R","BOSS"],"items_purchased_type":["Card"],"build_version":"2020-12-13","purchased_purges":1,"victory":false,"max_hp_per_floor":[66,66,66,66,66,66,66,66,66,66,66,66,66,66,66,66,66],"card_choices":[{"not_picked":["Deadly Poison","Backflip"],"picked":"Predator","floor":0.0},{"not_picked":["Dagger Throw","Quick Slash"],"picked":"Poisoned Stab","floor":1.0},{"not_picked":["Blur","Slice","Blade Dance"],"picked":"SKIP","floor":3.0},{"not_picked":["Dagger Throw","Terror"],"picked":"Envenom","floor":5.0},{"not_picked":["Riddle With Holes","Well Laid Plans"],"picked":"Crippling Poison","floor":7.0},{"not_picked":["Heel Hook+1","Poisoned Stab+1"],"picked":"Leg Sweep","floor":11.0},{"not_picked":["Choke+1","Distraction"],"picked":"Leg Sweep","floor":12.0},{"not_picked":["Backflip","Slice+1"],"picked":"Dagger Spray+1","floor":13.0},{"not_picked":["Deadly Poison","Slice+1"],"picked":"Bouncing Flask","floor":14.0}],"player_experience":938908,"relics_obtained":[{"floor":7.0,"key":"Bag of Preparation"},{"floor":9.0,"key":"Oddly Smooth Stone"},{"floor":11.0,"key":"Molten Egg 2"},{"floor":13.0,"key":"Snake Skull"}],"event_choices":[{"damage_healed":0.0,"max_hp_gain":0.0,"max_hp_loss":0.0,"gold_gain":0.0,"event_name":"Liars Game","player_choice":"Ignored","floor":4.0,"gold_loss":0.0,"damage_taken":0.0},{"cards_removed":["Strike_G"],"damage_healed":0.0,"max_hp_gain":0.0,"max_hp_loss":0.0,"gold_gain":0.0,"event_name":"Bonfire Elementals","player_choice":"Offered Basic","floor":8.0,"gold_loss":0.0,"damage_taken":0.0},{"damage_healed":0.0,"max_hp_gain":0.0,"max_hp_loss":0.0,"gold_gain":0.0,"event_name":"Dead Adventurer","player_choice":"Searched \u00271\u0027 times","floor":13.0,"gold_loss":0.0,"damage_taken":0.0}],"is_beta":false,"boss_relics":[],"items_purged_floors":[2],"is_endless":false,"potions_floor_spawned":[3,5,11,14],"killed_by":"Slime Boss","ascension_level":20}}