{"host":"l4li6saph8sy2zni","time":1608457560,"event":{"mods":["AchievementEnabler","Aspiration","BaseMod","BetterRewards","CCEM","Colored Map","Colored Powertips","Conspire","Downfall","Energized Spire","GifTheSpireLib","Highlight Path","Hubris","Infinite Spire","Mimic Mod","Minty Spire (QoL Compilation)","Permanent Neow","Quick Restart","Relic Filter","Replay The Spire","Shop Mod","StSLib","Stuff the Spire","The Hierophant"],"gold_per_floor":[99,144,144,158,158,158,158,169,56,81,99,115,129,149,162,162,162],"floor_reached":16,"playtime":1246,"items_purged":[],"score":104,"play_id":"eb299e53-d7e4-473c-8d79-b215cdf159ae","local_time":"20201220094600","is_ascension_mode":false,"campfire_choices":[{"data":"Guardian:Preprogram","floor":1,"key":"SMITH"},{"data":"Guardian:EvasiveProtocol","floor":3,"key":"SMITH"}],"circlet_count":0,"master_deck":["Guardian:Strike_Guardian","Guardian:Strike_Guardian+1","Guardian:Strike_Guardian","Guardian:Strike_Guardian","Guardian:Defend_Guardian","Guardian:Defend_Guardian+1","Guardian:Defend_Guardian","Guardian:CurlUp","Guardian:TwinSlam","Guardian:Preprogram+1","Guardian:EvasiveProtocol+1","Guardian:GuardianWhirl+1","Regret","Guardian:Gem_Blue","Guardian:Gem_White","Guardian:PiercingHide","Guardian:AncientConstruct","Guardian:WalkerClaw","Guardian:Gem_Fragmented","Guardian:Gem_Fragmented","Guardian:CrystalBeam","Guardian:ShieldCharger","Guardian:ArmoredProtocol","Guardian:BaubleBeam","Guardian:ChargeCore","Guardian:SphericShield"],"relics":["Guardian:ModeShifter","conspire:InfiniteJournal","infinitespire:Lucky Rock","Happy Flower"],"acts_visited":["Exordium"],"potions_floor_usage":[12,16],"damage_taken":[{"damage":0,"enemies":"Jaw Worm","floor":4,"turns":3},{"damage":2,"enemies":"2 Louse","floor":8,"turns":3},{"damage":5,"enemies":"downfall:FleeingMerchant","floor":9,"turns":4},{"damage":16,"enemies":"Replay:BlueRogue","floor":10,"turns":7},{"damage":10,"enemies":"infinitespire:Voidling","floor":11,"turns":4},{"damage":4,"enemies":"Exordium Wildlife","floor":12,"turns":5},{"damage":1,"enemies":"Large Slime","floor":13,"turns":6},{"damage":12,"enemies":"Lots of Slimes","floor":14,"turns":4},{"damage":1,"enemies":"3 Louse","floor":15,"turns":4},{"damage":29,"enemies":"downfall:Defect","floor":16,"turns":7}],"seed_played":"8068805074796049903","potions_obtained":[{"floor":8,"key":"LiquidMemories"},{"floor":10,"key":"LiquidMemories"},{"floor":12,"key":"SpeedPotion"},{"floor":15,"key":"Explosive Potion"}],"is_trial":false,"path_per_floor":["R","?","R","M","?","?","T","M","$","E","M","M","M","M","M","B"],"character_chosen":"GUARDIAN","items_purchased":["Guardian:WalkerClaw","Guardian:Gem_Fragmented"],"campfire_rested":0,"item_purchase_floors":[9,9],"current_hp_per_floor":[80,80,80,80,80,80,80,78,73,57,47,43,42,30,29,0,0],"gold":162,"neow_bonus":"TRANSFORM_CARD","is_daily":false,"chose_seed":false,"campfire_upgraded":2,"win_rate":0.0,"timestamp":1608457560,"path_taken":["R","?","R","?","?","?","T","M","$","E","?","M","?","M","M","BOSS"],"items_purchased_type":["Card","Card"],"build_version":"2020-12-13","purchased_purges":0,"victory":false,"max_hp_per_floor":[80,80,80,80,80,80,80,80,80,80,80,80,80,80,80,80,80],"card_choices":[{"not_picked":["Guardian:CrystalBeam","Guardian:Gem_Green"],"picked":"Guardian:EvasiveProtocol","floor":2},{"not_picked":["Guardian:Recover","Guardian:Harden"],"picked":"Guardian:Gem_Purple","floor":2},{"not_picked":["Guardian:Gem_Red","Guardian:Planning"],"picked":"Guardian:GuardianWhirl","floor":4},{"not_picked":["Guardian:Incinerate","Guardian:ExploitGems"],"picked":"Guardian:PiercingHide","floor":8},{"not_picked":["Guardian:Gem_Crimson","Guardian:ShieldCharger"],"picked":"Guardian:AncientConstruct","floor":9},{"not_picked":["Guardian:TemporalShield","Guardian:RevengeProtocol"],"picked":"Guardian:CrystalBeam","floor":10},{"not_picked":["Guardian:Gem_Green","Guardian:Suspension"],"picked":"Guardian:ShieldCharger","floor":11},{"not_picked":["Guardian:PolyBeam","Guardian:Planning"],"picked":"Guardian:ArmoredProtocol","floor":12},{"not_picked":["Guardian:BronzeArmor","Guardian:TemporalStrike"],"picked":"Guardian:BaubleBeam","floor":13},{"not_picked":["Guardian:DecasProtection","Guardian:TemporalStrike"],"picked":"Guardian:ChargeCore","floor":14},{"not_picked":["Guardian:TemporalStrike","Guardian:ShieldCharger"],"picked":"Guardian:SphericShield","floor":15}],"player_experience":91387,"relics_obtained":[{"floor":2,"key":"conspire:InfiniteJournal"},{"floor":7,"key":"infinitespire:Lucky Rock"},{"floor":10,"key":"Happy Flower"}],"event_choices":[],"is_beta":false,"boss_relics":[],"items_purged_floors":[],"is_endless":false,"potions_floor_spawned":[8,10,12,15],"killed_by":"downfall:Defect","ascension_level":0}}