{"host":"aioitfzuz1h9wkvz","time":1608460320,"event":{"mods":["BaseMod","Colored Map","Minty Spire (QoL Compilation)","Quick Restart","Relic Stats","Spicy Shops","StSLib"],"gold_per_floor":[117,137,137,148,220,220,67,85,85,85,110,33,63,82,82,184,184,198,1,14,28,28,28,41,3,3,35,35,45,59,71,71,174,174,192,192,204,204,217,244,255,255,255,255,42,92,102,29,29,29],"floor_reached":51,"playtime":1465,"items_purged":["Strike_R"],"score":749,"play_id":"20c59521-e616-4daf-940d-debc6fbe9568","local_time":"20201220203200","is_ascension_mode":false,"campfire_choices":[{"data":"Searing Blow","floor":6,"key":"SMITH"},{"data":"Whirlwind","floor":15,"key":"SMITH"},{"data":"Searing Blow+1","floor":23,"key":"SMITH"},{"floor":32,"key":"REST"},{"data":"Limit Break","floor":42,"key":"SMITH"},{"data":"Evolve","floor":49,"key":"SMITH"}],"circlet_count":0,"master_deck":["Strike_R","Strike_R","Strike_R","Strike_R","Defend_R","Defend_R","Defend_R","Defend_R","Bash","Searing Blow+2","Clash","Whirlwind+1","Cleave+1","Doubt","Limit Break+1","Mayhem","Madness","Madness","Inflame","Doubt","Evolve+1","Rupture"],"relics":["Black Blood","Vajra","GremlinMask","Membership Card","Letter Opener","Self Forming Clay","PreservedInsect","Bag of Marbles","Cursed Key","Lizard Tail","Blue Candle","TheAbacus","MutagenicStrength","Mercury Hourglass","Ginger","Anchor","Pear","Bottled Lightning","Champion Belt","Pocketwatch","Centennial Puzzle"],"acts_visited":["Exordium","TheCity","TheBeyond"],"potions_floor_usage":[27,33,50,50],"damage_taken":[{"damage":5,"enemies":"Cultist","floor":1,"turns":4},{"damage":6,"enemies":"Jaw Worm","floor":2,"turns":3},{"damage":7,"enemies":"Small Slimes","floor":4,"turns":4},{"damage":4,"enemies":"Blue Slaver","floor":8,"turns":4},{"damage":40,"enemies":"3 Sentries","floor":11,"turns":11},{"damage":0,"enemies":"3 Louse","floor":14,"turns":1},{"damage":31,"enemies":"Slime Boss","floor":16,"turns":9},{"damage":0,"enemies":"Chosen","floor":18,"turns":3},{"damage":16,"enemies":"Shell Parasite","floor":20,"turns":4},{"damage":23,"enemies":"Snake Plant","floor":21,"turns":3},{"damage":5,"enemies":"Sentry and Sphere","floor":24,"turns":3},{"damage":0,"enemies":"Gremlin Leader","floor":27,"turns":4},{"damage":10,"enemies":"Snecko","floor":29,"turns":3},{"damage":0,"enemies":"3 Cultists","floor":30,"turns":1},{"damage":12,"enemies":"Centurion and Healer","floor":31,"turns":2},{"damage":66,"enemies":"Champ","floor":33,"turns":8},{"damage":6,"enemies":"Orb Walker","floor":35,"turns":2},{"damage":0,"enemies":"3 Darklings","floor":37,"turns":1},{"damage":5,"enemies":"4 Shapes","floor":39,"turns":2},{"damage":24,"enemies":"Reptomancer","floor":40,"turns":4},{"damage":7,"enemies":"Jaw Worm Horde","floor":41,"turns":3},{"damage":0,"enemies":"Mind Bloom Boss Battle","floor":46,"turns":4},{"damage":35,"enemies":"Writhing Mass","floor":47,"turns":5},{"damage":108,"enemies":"Donu and Deca","floor":50,"turns":7}],"seed_played":"-9137309807537428996","potions_obtained":[{"floor":1,"key":"ElixirPotion"},{"floor":4,"key":"Ancient Potion"},{"floor":16,"key":"Dexterity Potion"},{"floor":27,"key":"Fruit Juice"},{"floor":29,"key":"PowerPotion"},{"floor":33,"key":"Strength Potion"},{"floor":41,"key":"BloodPotion"}],"is_trial":false,"path_per_floor":["M","M","?","M","?","R","$","M","T","?","E","$","?","M","R","B",null,"M","$","M","M","?","R","M","$","T","E","?","M","M","M","R","B",null,"M","?","M","?","M","E","M","R","T","?","$","?","M","$","R","B",null],"character_chosen":"IRONCLAD","items_purchased":["Membership Card","PreservedInsect","Lizard Tail","Blue Candle","TheAbacus","Bottled Lightning","Champion Belt","Centennial Puzzle"],"campfire_rested":1,"item_purchase_floors":[7,12,19,19,19,45,45,48],"current_hp_per_floor":[80,80,80,79,79,79,79,80,80,80,46,46,46,52,52,27,80,80,80,70,53,53,53,54,54,54,65,49,45,51,45,72,12,90,90,90,90,79,86,74,79,79,89,89,89,100,77,77,77,62],"gold":29,"neow_bonus":"RANDOM_COMMON_RELIC","is_daily":false,"chose_seed":false,"campfire_upgraded":5,"win_rate":0.0,"timestamp":1608460320,"path_taken":["M","?","?","?","?","R","$","M","T","?","E","?","?","M","R","BOSS","M","$","M","M","?","R","M","$","T","E","?","M","M","M","R","BOSS","M","?","M","?","M","E","M","R","T","?","$","?","M","$","R","BOSS"],"items_purchased_type":["Relic","Relic","Relic","Relic","Relic","Relic","Relic","Relic"],"build_version":"2020-12-13","purchased_purges":1,"victory":true,"max_hp_per_floor":[80,80,80,80,80,80,80,80,80,80,80,80,80,80,80,80,80,80,80,80,80,80,80,80,80,80,85,90,90,90,90,90,90,90,90,90,90,90,90,90,90,90,100,100,100,100,100,100,100,100],"relic_stats":{"counters":[24,95],"Self Forming Clay":[126],"Blue Candle":[5],"Black Blood":165,"PreservedInsect":100,"Letter Opener":[57],"Ginger":[21],"Cursed Key":2,"Mercury Hourglass":[189],"Lizard Tail":50,"Centennial Puzzle":[3],"TheAbacus":[78],"Champion Belt":[3],"obtain_stats":[{"Pear":43,"Self Forming Clay":11,"Blue Candle":19,"Vajra":0,"Black Blood":34,"GremlinMask":3,"PreservedInsect":12,"Letter Opener":9,"Ginger":27,"Cursed Key":17,"Burning Blood":0,"Mercury Hourglass":26,"Lizard Tail":19,"Anchor":40,"Centennial Puzzle":48,"TheAbacus":19,"MutagenicStrength":22,"Bag of Marbles":13,"Membership Card":7,"Bottled Lightning":45,"Champion Belt":45,"Pocketwatch":46},{"Pear":21,"Self Forming Clay":5,"Blue Candle":8,"Vajra":0,"Black Blood":16,"GremlinMask":2,"PreservedInsect":5,"Letter Opener":4,"Ginger":12,"Cursed Key":7,"Burning Blood":0,"Mercury Hourglass":11,"Lizard Tail":8,"Anchor":20,"Centennial Puzzle":23,"TheAbacus":8,"MutagenicStrength":10,"Bag of Marbles":5,"Membership Card":3,"Bottled Lightning":21,"Champion Belt":21,"Pocketwatch":22},{"Pear":79,"Self Forming Clay":26,"Blue Candle":39,"Vajra":0,"Black Blood":67,"GremlinMask":7,"PreservedInsect":26,"Letter Opener":15,"Ginger":53,"Cursed Key":36,"Burning Blood":0,"Mercury Hourglass":49,"Lizard Tail":39,"Anchor":76,"Centennial Puzzle":88,"TheAbacus":39,"MutagenicStrength":46,"Bag of Marbles":26,"Membership Card":11,"Bottled Lightning":79,"Champion Belt":79,"Pocketwatch":83}],"Pocketwatch":[14]},"card_choices":[{"not_picked":["Clash","Metallicize"],"picked":"Searing Blow","floor":1},{"not_picked":["Power Through","Iron Wave","Clothesline"],"picked":"SKIP","floor":2},{"not_picked":["Sword Boomerang","Exhume"],"picked":"Clash","floor":4},{"not_picked":["Power Through","Rupture","Wild Strike"],"picked":"SKIP","floor":8},{"not_picked":["True Grit","Spot Weakness"],"picked":"Whirlwind","floor":11},{"not_picked":["Blood for Blood","Reckless Charge","Havoc"],"picked":"SKIP","floor":14},{"not_picked":["Perfected Strike","Hemokinesis","Warcry"],"picked":"SKIP","floor":18},{"not_picked":["Sentinel","Blood for Blood"],"picked":"Cleave+1","floor":20},{"not_picked":["Seeing Red","Rage+1","Armaments"],"picked":"SKIP","floor":21},{"not_picked":["Carnage+1","Anger+1","Entrench"],"picked":"SKIP","floor":24},{"not_picked":["Wild Strike+1","Carnage+1","True Grit+1"],"picked":"SKIP","floor":27},{"not_picked":["Thunderclap","Hemokinesis","True Grit+1"],"picked":"SKIP","floor":29},{"not_picked":["Carnage+1","Bloodletting","Clothesline"],"picked":"SKIP","floor":30},{"not_picked":["Burning Pact+1","Wild Strike+1","Perfected Strike"],"picked":"SKIP","floor":31},{"not_picked":["Impervious","Juggernaut"],"picked":"Limit Break","floor":33},{"not_picked":["Rampage","Twin Strike+1","Anger"],"picked":"SKIP","floor":35},{"not_picked":["Blind","Thinking Ahead"],"picked":"Mayhem","floor":36},{"not_picked":["Body Slam","Fire Breathing","Clash+1"],"picked":"SKIP","floor":37},{"not_picked":["True Grit+1","Sword Boomerang","Perfected Strike"],"picked":"SKIP","floor":39},{"not_picked":["Carnage","Heavy Blade+1","Sword Boomerang"],"picked":"SKIP","floor":40},{"not_picked":["Cleave","Warcry"],"picked":"Inflame","floor":41},{"not_picked":["Second Wind","True Grit+1"],"picked":"Evolve","floor":46},{"not_picked":["Pummel","Warcry+1"],"picked":"Rupture","floor":47}],"player_experience":678253,"relics_obtained":[{"floor":9,"key":"Letter Opener"},{"floor":11,"key":"Self Forming Clay"},{"floor":26,"key":"Mercury Hourglass"},{"floor":27,"key":"Ginger"},{"floor":40,"key":"Anchor"},{"floor":43,"key":"Pear"},{"floor":46,"key":"Pocketwatch"}],"event_choices":[{"damage_healed":0,"gold_gain":0,"player_choice":"Trade","damage_taken":0,"relics_obtained":["GremlinMask"],"max_hp_gain":0,"max_hp_loss":0,"event_name":"FaceTrader","floor":3,"gold_loss":0},{"damage_healed":0,"gold_gain":72,"player_choice":"Gained Gold","damage_taken":0,"max_hp_gain":0,"max_hp_loss":0,"event_name":"Golden Wing","floor":5,"gold_loss":0},{"damage_healed":0,"gold_gain":0,"player_choice":"Leave","damage_taken":0,"max_hp_gain":0,"max_hp_loss":0,"event_name":"The Cleric","floor":10,"gold_loss":0},{"damage_healed":0,"gold_gain":30,"player_choice":"Searched \u00272\u0027 times","damage_taken":0,"relics_obtained":["Bag of Marbles"],"max_hp_gain":0,"max_hp_loss":0,"event_name":"Dead Adventurer","floor":13,"gold_loss":0},{"damage_healed":0,"gold_gain":0,"player_choice":"Inject Mutagens","damage_taken":0,"relics_obtained":["MutagenicStrength"],"max_hp_gain":0,"max_hp_loss":0,"event_name":"Drug Dealer","floor":22,"gold_loss":0},{"damage_healed":0,"gold_gain":0,"player_choice":"Shed Blood","damage_taken":21,"max_hp_gain":5,"max_hp_loss":0,"event_name":"Forgotten Altar","floor":28,"gold_loss":0},{"damage_healed":0,"gold_gain":0,"player_choice":"Memory 1","damage_taken":0,"max_hp_gain":0,"max_hp_loss":0,"event_name":"SensoryStone","floor":36,"gold_loss":0},{"damage_healed":0,"gold_gain":0,"player_choice":"Embrace Madness","damage_taken":11,"max_hp_gain":0,"max_hp_loss":0,"event_name":"Winding Halls","floor":38,"gold_loss":0,"cards_obtained":["Madness","Madness"]},{"damage_healed":0,"gold_gain":0,"player_choice":"Ignored","damage_taken":0,"max_hp_gain":0,"max_hp_loss":0,"event_name":"Mysterious Sphere","floor":44,"gold_loss":0},{"damage_healed":0,"gold_gain":0,"player_choice":"Fight","damage_taken":0,"max_hp_gain":0,"max_hp_loss":0,"event_name":"MindBloom","floor":46,"gold_loss":0}],"is_beta":false,"boss_relics":[{"not_picked":["Runic Dome","Runic Cube"],"picked":"Cursed Key"},{"not_picked":["Snecko Eye","SacredBark"],"picked":"Black Blood"}],"items_purged_floors":[25],"is_endless":false,"potions_floor_spawned":[1,4,16,24,27,29,30,33,35,39,40,41],"ascension_level":0}}