{"host":"yo9wwslrag05lh37","time":1608479649,"event":{"mods":["AchievementEnabler","BaseMod","Block Reminder","Colored Map","Colored Powertips","GifTheSpireLib","HexUI Lib","Highlight Path","Minty Spire (QoL Compilation)","Rare Cards Sparkle","Relic Stats","StSLib","everything is the same but u backflip on backflip"],"gold_per_floor":[115,115,127,143,143,143,174,174,174,174,192,204,234,248,248,325,325,335,335,72,92,104,104,118,151,151,151,166,185,200,93,93,167,167,183,0,0,12,22,22,22],"floor_reached":40,"playtime":2482,"items_purged":["Strike_B","Strike_B"],"score":894,"play_id":"4d326a09-0ea5-4994-b6a9-dd871fe5b7a4","local_time":"20201220165409","is_ascension_mode":true,"campfire_choices":[{"data":"Buffer","floor":6.0,"key":"SMITH"},{"data":"Zap","floor":8.0,"key":"SMITH"},{"data":"Doom and Gloom","floor":10.0,"key":"SMITH"},{"data":"Go for the Eyes","floor":15.0,"key":"SMITH"},{"floor":23.0,"key":"REST"},{"floor":27,"key":"REST"},{"floor":32,"key":"REST"}],"circlet_count":0,"master_deck":["AscendersBane","Strike_B","Strike_B","Defend_B","Defend_B","Defend_B","Zap+1","Dualcast","Buffer+1","Conserve Battery","Go for the Eyes+1","Doom and Gloom+1","Leap","Hologram","Core Surge","Defragment","Chill","Darkness","Barrage","Genetic Algorithm","Compile Driver+1","Coolheaded","Defragment","Coolheaded+1","Creative AI","Buffer","Buffer+1","Consume"],"relics":["Cracked Core","Gremlin Horn","Mummified Hand","Vajra","Inserter","CultistMask","Smiling Mask","Letter Opener","Runic Dome","Red Mask"],"acts_visited":["Exordium","TheCity","TheBeyond"],"potions_floor_usage":[24,25,28,29,30,33,33,40],"damage_taken":[{"damage":2.0,"enemies":"Jaw Worm","floor":1.0,"turns":5.0},{"damage":0.0,"enemies":"Cultist","floor":3.0,"turns":3.0},{"damage":2.0,"enemies":"2 Louse","floor":4.0,"turns":3.0},{"damage":0.0,"enemies":"Lagavulin","floor":7.0,"turns":6.0},{"damage":18.0,"enemies":"Exordium Thugs","floor":11.0,"turns":4.0},{"damage":0.0,"enemies":"Blue Slaver","floor":12.0,"turns":3.0},{"damage":13.0,"enemies":"3 Sentries","floor":13.0,"turns":6.0},{"damage":6.0,"enemies":"Looter","floor":14.0,"turns":2.0},{"damage":19.0,"enemies":"The Guardian","floor":16.0,"turns":11.0},{"damage":8.0,"enemies":"2 Thieves","floor":18.0,"turns":3.0},{"damage":3.0,"enemies":"3 Byrds","floor":21.0,"turns":4.0},{"damage":19.0,"enemies":"Snecko","floor":22.0,"turns":7.0},{"damage":19,"enemies":"Shelled Parasite and Fungi","floor":24,"turns":7},{"damage":17,"enemies":"Book of Stabbing","floor":25,"turns":6},{"damage":7,"enemies":"Centurion and Healer","floor":28,"turns":6},{"damage":1,"enemies":"Snecko","floor":29,"turns":5},{"damage":8,"enemies":"Snake Plant","floor":30,"turns":6},{"damage":16,"enemies":"Automaton","floor":33,"turns":9},{"damage":11,"enemies":"3 Shapes","floor":35,"turns":6},{"damage":9,"enemies":"3 Darklings","floor":38,"turns":6},{"damage":34,"enemies":"4 Shapes","floor":39,"turns":6},{"damage":15,"enemies":"Reptomancer","floor":40,"turns":5}],"seed_played":"5955868314587010472","potions_obtained":[{"floor":4.0,"key":"Explosive Potion"},{"floor":11.0,"key":"FearPotion"},{"floor":18.0,"key":"FearPotion"},{"floor":24,"key":"Block Potion"},{"floor":25,"key":"Energy Potion"},{"floor":28,"key":"Block Potion"},{"floor":29,"key":"EssenceOfDarkness"},{"floor":38,"key":"GamblersBrew"}],"is_trial":false,"path_per_floor":["M","?","M","M","?","R","E","R","T","R","M","M","E","M","R","B",null,"M","?","$","M","M","R","M","E","T","R","M","M","M","$","R","B",null,"M","?","?","M","M","E"],"character_chosen":"DEFECT","items_purchased":["Chill","Darkness","Barrage","Block Potion"],"campfire_rested":3,"item_purchase_floors":[20,20,20,31],"current_hp_per_floor":[62,62,62,60,65,65,65,65,65,65,47,47,34,28,28,9,59,51,51,51,48,29,51,32,15,15,37,30,29,21,21,43,27,64,53,53,53,44,10,0,0],"gold":22,"neow_bonus":"ONE_RANDOM_RARE_CARD","is_daily":false,"chose_seed":false,"campfire_upgraded":4,"win_rate":0.0,"timestamp":1608479649,"path_taken":["M","?","M","?","?","R","E","R","T","R","M","M","E","M","R","BOSS","M","?","$","M","M","R","M","E","T","R","M","M","M","$","R","BOSS","M","?","?","?","M","E"],"items_purchased_type":["Card","Card","Card","Potion"],"build_version":"2020-12-13","purchased_purges":2,"victory":false,"max_hp_per_floor":[71,71,71,71,76,76,76,76,76,76,76,76,76,76,76,76,76,76,76,76,76,76,76,76,76,76,76,76,76,76,76,76,76,76,76,76,76,76,76,76,76],"relic_stats":{"Inserter":[38],"Gremlin Horn":[22,22],"counters":[22,119],"Mummified Hand":[52],"Letter Opener":[164],"Smiling Mask":50,"obtain_stats":[{"Runic Dome":34,"Inserter":17,"Gremlin Horn":7,"Mummified Hand":9,"Vajra":13,"CultistMask":19,"Red Mask":36,"Letter Opener":26,"Cracked Core":0,"Smiling Mask":25},{"Runic Dome":18,"Inserter":9,"Gremlin Horn":4,"Mummified Hand":4,"Vajra":7,"CultistMask":10,"Red Mask":19,"Letter Opener":14,"Cracked Core":0,"Smiling Mask":14},{"Runic Dome":96,"Inserter":43,"Gremlin Horn":17,"Mummified Hand":17,"Vajra":30,"CultistMask":46,"Red Mask":102,"Letter Opener":70,"Cracked Core":0,"Smiling Mask":70}]},"card_choices":[{"not_picked":["Streamline","Beam Cell"],"picked":"Conserve Battery","floor":1.0},{"not_picked":["Amplify","Turbo"],"picked":"Doom and Gloom","floor":3.0},{"not_picked":["Double Energy","Aggregate"],"picked":"Leap","floor":4.0},{"not_picked":["Turbo","Beam Cell","Storm"],"picked":"SKIP","floor":7.0},{"not_picked":["Go for the Eyes","Double Energy","Blizzard"],"picked":"SKIP","floor":11.0},{"not_picked":["Go for the Eyes","Beam Cell","Steam"],"picked":"SKIP","floor":12.0},{"not_picked":["Sweeping Beam","Barrage","Leap"],"picked":"SKIP","floor":13.0},{"not_picked":["Redo","Steam"],"picked":"Hologram","floor":14.0},{"not_picked":["Echo Form","Hyperbeam"],"picked":"Core Surge","floor":16.0},{"not_picked":["Turbo","Coolheaded+1"],"picked":"Defragment","floor":18.0},{"not_picked":["Auto Shields","Stack"],"picked":"Genetic Algorithm","floor":21.0},{"not_picked":["Beam Cell+1","Stack+1"],"picked":"Compile Driver+1","floor":22.0},{"not_picked":["Rebound","Beam Cell"],"picked":"Coolheaded","floor":24},{"not_picked":["Chill","Hologram"],"picked":"Defragment","floor":25},{"not_picked":["Conserve Battery","Streamline"],"picked":"Coolheaded+1","floor":28},{"not_picked":["Coolheaded","Sweeping Beam"],"picked":"Creative AI","floor":29},{"not_picked":["Conserve Battery","Turbo","Leap"],"picked":"SKIP","floor":30},{"not_picked":["Reboot","Machine Learning"],"picked":"Buffer","floor":33},{"not_picked":["Genetic Algorithm","Steam+1","Blizzard"],"picked":"SKIP","floor":35},{"not_picked":["Compile Driver","Coolheaded","Go for the Eyes"],"picked":"SKIP","floor":38},{"not_picked":["FTL","Go for the Eyes"],"picked":"Consume","floor":39}],"player_experience":1365218,"relics_obtained":[{"floor":7.0,"key":"Gremlin Horn"},{"floor":9.0,"key":"Mummified Hand"},{"floor":13.0,"key":"Vajra"},{"floor":25,"key":"Smiling Mask"},{"floor":26,"key":"Letter Opener"}],"event_choices":[{"damage_healed":0.0,"max_hp_gain":0.0,"max_hp_loss":0.0,"gold_gain":0.0,"cards_transformed":["Defend_B"],"event_name":"Transmorgrifier","player_choice":"Transformed","floor":2.0,"gold_loss":0.0,"damage_taken":0.0,"cards_obtained":["Go for the Eyes"]},{"damage_healed":0.0,"max_hp_gain":5.0,"max_hp_loss":0.0,"gold_gain":0.0,"event_name":"Big Fish","player_choice":"Donut","floor":5.0,"gold_loss":0.0,"damage_taken":0.0},{"damage_healed":0.0,"max_hp_gain":0.0,"max_hp_loss":0.0,"gold_gain":0.0,"event_name":"FaceTrader","player_choice":"Trade","floor":19.0,"gold_loss":0.0,"damage_taken":0.0,"relics_obtained":["CultistMask"]},{"damage_healed":0,"gold_gain":0,"player_choice":"Paid","damage_taken":0,"relics_obtained":["Red Mask"],"max_hp_gain":0,"max_hp_loss":0,"event_name":"Tomb of Lord Red Mask","floor":36,"gold_loss":183},{"damage_healed":0,"gold_gain":0,"player_choice":"Copied","damage_taken":0,"max_hp_gain":0,"max_hp_loss":0,"event_name":"Duplicator","floor":37,"gold_loss":0,"cards_obtained":["Buffer"]}],"is_beta":false,"boss_relics":[{"not_picked":["Busted Crown","Empty Cage"],"picked":"Inserter"},{"not_picked":["Runic Pyramid","Pandora\u0027s Box"],"picked":"Runic Dome"}],"items_purged_floors":[20,31],"is_endless":false,"potions_floor_spawned":[4,11,12,18,24,25,28,29,38],"killed_by":"Reptomancer","ascension_level":20}}