{"host":"3c27c697js19kaoo","time":1608446591,"event":{"mods":["Aspiration","BaseMod","CapriCore","Dota2Spire","Hermit","Minty Spire (QoL Compilation)","Quick Restart","Remilia£®¿Ÿ√◊¿Ú—«£©","Replay The Spire","Robot Space Explorer","Spicy Shops","StSLib","The Alterego","The Cursed","The Runesmith","The Servant 0.9.4","vexMod","°æ“≈ŒÔø®≈∆°øREMEMod"],"gold_per_floor":[110,128,46,61,236,267,267,267,338,353,383,383,426,443,443,576,576,596,596,420,435,450,515,23,36,36,76,76,176,216,236,236,368,368,378,388,388,472,491,504,504,569,569,601,601,601,642,674,674,674],"floor_reached":51,"playtime":2302,"items_purged":["Doubt"],"score":746,"play_id":"852d37b4-e1af-412b-ac98-93c511b6eb85","local_time":"20201220144311","is_ascension_mode":false,"campfire_choices":[{"data":"RobotSpaceExplorer:Blaster","floor":8,"key":"SMITH"},{"floor":15,"key":"REST"},{"data":"ReplayTheSpireMod:Scrap Shanks","floor":28,"key":"SMITH"},{"data":"Malaise","floor":32,"key":"SMITH"},{"floor":41,"key":"REST"},{"data":"ReplayTheSpireMod:The Works","floor":49,"key":"SMITH"}],"circlet_count":0,"master_deck":["Survivor","Neutralize","RobotSpaceExplorer:Blaster+1","Flying Knee","Accuracy+1","ReplayTheSpireMod:Scrap Shanks+1","Acrobatics","REME_ShadowStrike","Storm of Steel+1","Reflex","Adrenaline","Tactician","A Thousand Cuts","Distraction","Bullet Time","Flying Knee","Die Die Die","Finisher","Acrobatics","Blade Dance","REME_GreenPollution+1","REME_Flogging","Tactician","Toxin Wave","Prepared","Deflect+1","Tools of the Trade","Madness","Madness","ReplayTheSpireMod:The Works+1","REME_Flogging"],"relics":["Ring of the Snake","REME_ComplimentaryCards","NeowsBlessing","REME_HourglassOfDeath","Iron Hammer","Dota2Spire:HandOfMidas","Pandora\u0027s Box","ReplayTheSpireMod:CursedCoin","vexMod:ScavengeHelm","Mirror","Snack Pack","REME_IWantAll","StoneCalendar","Sundial","Replay:Drink Me","Dota2Spire:OctarineCore","Replay:Kaleidoscope","Mummified Hand","aspiration:FetidBarrel","Dota2Spire:MagicBottle"],"acts_visited":["Exordium","TheCity","TheBeyond"],"potions_floor_usage":[11,11,29,36],"damage_taken":[{"damage":0,"enemies":"Cultist","floor":1,"turns":1},{"damage":0,"enemies":"Jaw Worm","floor":2,"turns":1},{"damage":0,"enemies":"Small Slimes","floor":4,"turns":1},{"damage":33,"enemies":"3 Sentries","floor":6,"turns":9},{"damage":2,"enemies":"Red Slaver","floor":10,"turns":4},{"damage":0,"enemies":"Lagavulin","floor":11,"turns":6},{"damage":0,"enemies":"Looter","floor":13,"turns":2},{"damage":0,"enemies":"3 Louse","floor":14,"turns":1},{"damage":15,"enemies":"The Guardian","floor":16,"turns":5},{"damage":0,"enemies":"Shell Parasite","floor":18,"turns":1},{"damage":0,"enemies":"Chosen","floor":21,"turns":1},{"damage":0,"enemies":"3 Cultists","floor":22,"turns":2},{"damage":7,"enemies":"Slavers","floor":23,"turns":3},{"damage":0,"enemies":"Shelled Parasite and Fungi","floor":25,"turns":1},{"damage":0,"enemies":"Centurion and Healer","floor":27,"turns":2},{"damage":22,"enemies":"Colosseum Slavers","floor":29,"turns":2},{"damage":0,"enemies":"Colosseum Nobs","floor":29,"turns":1},{"damage":0,"enemies":"3 Cultists","floor":30,"turns":2},{"damage":0,"enemies":"Sentry and Sphere","floor":31,"turns":1},{"damage":10,"enemies":"Champ","floor":33,"turns":4},{"damage":0,"enemies":"3 Darklings","floor":35,"turns":1},{"damage":19,"enemies":"3 Shapes","floor":36,"turns":2},{"damage":15,"enemies":"2 Orb Walkers","floor":38,"turns":2},{"damage":0,"enemies":"Spire Growth","floor":39,"turns":1},{"damage":3,"enemies":"4 Shapes","floor":40,"turns":2},{"damage":0,"enemies":"Giant Head","floor":42,"turns":3},{"damage":12,"enemies":"Nemesis","floor":44,"turns":3},{"damage":0,"enemies":"Transient","floor":47,"turns":4},{"damage":0,"enemies":"Reptomancer","floor":48,"turns":1},{"damage":11,"enemies":"Replay:Hell Engine","floor":50,"turns":3}],"seed_played":"4729753485434763702","potions_obtained":[{"floor":6,"key":"FairyPotion"},{"floor":7,"key":"LiquidMemories"},{"floor":7,"key":"Languid Potion"},{"floor":13,"key":"Doom Potion"},{"floor":16,"key":"BlessingOfTheForge"},{"floor":25,"key":"PowerPotion"},{"floor":30,"key":"SpeedPotion"},{"floor":33,"key":"AttackPotion"},{"floor":38,"key":"Reflective Coating"}],"is_trial":false,"path_per_floor":["M","M","$","M","?","E","?","R","T","M","E","?","M","M","R","B",null,"M","?","$","M","M","E","$","M","T","M","R","?","M","M","R","B",null,"M","M","?","?","M","M","R","E","T","E","?","?","M","E","R","B",null],"character_chosen":"THE_SILENT","items_purchased":["Accuracy+1","ReplayTheSpireMod:CursedCoin","vexMod:ScavengeHelm","REME_Flogging","Snack Pack"],"campfire_rested":2,"item_purchase_floors":[3,20,20,24,24],"current_hp_per_floor":[70,70,70,70,70,37,37,37,37,35,35,35,35,35,56,41,70,70,70,70,70,70,63,63,67,67,70,70,59,59,63,63,59,55,55,36,29,18,24,23,39,49,49,43,48,48,55,55,55,44],"gold":674,"neow_bonus":"THREE_ENEMY_KILL","is_daily":false,"chose_seed":false,"campfire_upgraded":4,"win_rate":0.0,"timestamp":1608446591,"path_taken":["M","M","$","?","?","E","?","R","T","?","E","?","M","M","R","BOSS","M","?","$","M","M","E","?","M","T","M","R","?","M","M","R","BOSS","M","M","?","?","M","M","R","E","T","E","?","?","M","E","R","BOSS"],"items_purchased_type":["Card","Relic","Relic","Card","Relic"],"build_version":"2020-12-13","purchased_purges":1,"victory":true,"max_hp_per_floor":[70,70,70,70,70,70,70,70,70,70,70,70,70,70,70,70,70,70,70,70,70,70,70,70,70,70,70,70,73,73,73,73,73,55,55,55,55,55,55,55,55,55,55,55,55,55,55,55,55,55],"card_choices":[{"not_picked":["Prepared","All Out Attack"],"picked":"Dagger Spray","floor":1},{"not_picked":["Quick Slash","Deflect"],"picked":"Flying Knee","floor":2},{"not_picked":["Dodge and Roll","Prepared"],"picked":"ReplayTheSpireMod:Scrap Shanks","floor":4},{"not_picked":["Draining Mist","Hidden Blade"],"picked":"Acrobatics","floor":6},{"not_picked":["Predator","Deflect"],"picked":"REME_ShadowStrike","floor":10},{"not_picked":["Draining Mist","Accuracy"],"picked":"Storm of Steel","floor":11},{"not_picked":["Choke","Replay:Poison Smokescreen","Deadly Poison"],"picked":"SKIP","floor":13},{"not_picked":["Hidden Blade","Underhanded Strike"],"picked":"Reflex","floor":14},{"not_picked":["Die Die Die","Burst"],"picked":"Adrenaline","floor":16},{"not_picked":["ReplayTheSpireMod:Exploit Weakness","Quick Slash","Sucker Punch"],"picked":"SKIP","floor":18},{"not_picked":["Flying Knee","Backflip","Acrobatics"],"picked":"SKIP","floor":21},{"not_picked":["Prepared","Backflip"],"picked":"REME_GreenPollution+1","floor":22},{"not_picked":["Choke","Finisher","Bane"],"picked":"SKIP","floor":23},{"not_picked":["Poisoned Stab","Catalyst"],"picked":"Tactician","floor":25},{"not_picked":["Toxin Wave","Prepared","Deflect+1"],"picked":"SKIP","floor":27},{"not_picked":["After Image","ReplayTheSpireMod:Scrap Shanks","Noxious Fumes"],"picked":"Singing Bowl","floor":29},{"not_picked":["ReplayTheSpireMod:Scrap Shanks","Blur","Blade Dance"],"picked":"SKIP","floor":30},{"not_picked":["Fluid Movement","ReplayTheSpireMod:Scrap Shanks","Flechettes"],"picked":"SKIP","floor":31},{"not_picked":["Corpse Explosion","After Image"],"picked":"Tools of the Trade","floor":33},{"not_picked":["Infinite Blades+1","Underhanded Strike+1","Terror+1"],"picked":"SKIP","floor":35},{"not_picked":["Dodge and Roll+1","Draining Mist","PiercingWail+1"],"picked":"SKIP","floor":36},{"not_picked":["Catalyst+1","Hidden Blade+1"],"picked":"ReplayTheSpireMod:The Works","floor":38},{"not_picked":["Blade Dance","Poisoned Stab","Acrobatics+1"],"picked":"SKIP","floor":39},{"not_picked":["Outmaneuver+1","Distraction","All Out Attack"],"picked":"SKIP","floor":40},{"not_picked":["Underhanded Strike","Blur","Wraith Form v2"],"picked":"SKIP","floor":42},{"not_picked":["Flying Knee+1","Hidden Blade","ReplayTheSpireMod:Tripwire"],"picked":"SKIP","floor":44},{"not_picked":["Skewer+1","Finisher","Dodge and Roll+1"],"picked":"SKIP","floor":47},{"not_picked":["Accuracy+1","Well Laid Plans+1","Toxin Wave"],"picked":"SKIP","floor":48}],"player_experience":152817,"relics_obtained":[{"floor":6,"key":"REME_HourglassOfDeath"},{"floor":9,"key":"Iron Hammer"},{"floor":11,"key":"Dota2Spire:HandOfMidas"},{"floor":23,"key":"Mirror"},{"floor":26,"key":"REME_IWantAll"},{"floor":29,"key":"StoneCalendar"},{"floor":29,"key":"Sundial"},{"floor":38,"key":"Dota2Spire:OctarineCore"},{"floor":42,"key":"Replay:Kaleidoscope"},{"floor":43,"key":"Mummified Hand"},{"floor":44,"key":"aspiration:FetidBarrel"},{"floor":48,"key":"Dota2Spire:MagicBottle"}],"event_choices":[{"damage_healed":0,"gold_gain":175,"player_choice":"AGREE","damage_taken":0,"max_hp_gain":0,"max_hp_loss":0,"event_name":"Liars Game","floor":5,"gold_loss":0,"cards_obtained":["Doubt"]},{"damage_healed":0,"gold_gain":0,"player_choice":"Got Potions","damage_taken":0,"max_hp_gain":0,"max_hp_loss":0,"event_name":"Lab","floor":7,"gold_loss":0},{"damage_healed":0,"gold_gain":0,"player_choice":"Bought 0 Potions","damage_taken":0,"max_hp_gain":0,"max_hp_loss":0,"event_name":"The Woman in Blue","floor":19,"gold_loss":0},{"damage_healed":0,"gold_gain":0,"player_choice":"Fight","damage_taken":0,"max_hp_gain":0,"max_hp_loss":0,"event_name":"Colosseum","floor":29,"gold_loss":0},{"damage_healed":0,"gold_gain":0,"player_choice":"Fought Nobs","damage_taken":0,"max_hp_gain":0,"max_hp_loss":0,"event_name":"Colosseum","floor":29,"gold_loss":0},{"damage_healed":0,"gold_gain":0,"player_choice":"Embrace Madness","damage_taken":7,"max_hp_gain":0,"max_hp_loss":0,"event_name":"Winding Halls","floor":37,"gold_loss":0,"cards_obtained":["Madness","Madness"]},{"damage_healed":0,"gold_gain":0,"player_choice":"Fight","damage_taken":0,"max_hp_gain":0,"max_hp_loss":0,"event_name":"Mysterious Sphere","floor":38,"gold_loss":0},{"damage_healed":0,"gold_gain":0,"player_choice":"Copied","damage_taken":0,"max_hp_gain":0,"max_hp_loss":0,"event_name":"Duplicator","floor":46,"gold_loss":0,"cards_obtained":["REME_Flogging"]}],"is_beta":false,"boss_relics":[{"not_picked":["Coffee Dripper","vexMod:MegatonBomb"],"picked":"Pandora\u0027s Box"},{"not_picked":["REME_LowDesire","aspiration:RitualDagger"],"picked":"Replay:Drink Me"}],"items_purged_floors":[20],"is_endless":false,"potions_floor_spawned":[6,10,13,16,25,27,29,30,33,38,42,44,47],"ascension_level":0}}