{"host":"2h34w377mcmn31br","time":1608507655,"event":{"mods":["Act Like it!","AlwaysNeverKeys","BaseMod","Better Third Choice","BetterRewards","Colored Map","Minty Spire (QoL Compilation)","StSLib"],"gold_per_floor":[110,122,122,140,152,181,181,209,209,209,223,248,265,265,265,386,386,401,401,197,120,138,138,179,179,228,241,262,116,116,132,132,256,256,280,52,70,95,113,157,178,103,103,124,124,165,165,165,165,165,165,165,19,57,57],"floor_reached":56,"playtime":2465,"items_purged":["Defend_P","Defend_P","Defend_P","Strike_P","Strike_P","Strike_P","Eruption","Transmutation+1"],"score":2024,"play_id":"7e1710cc-d42d-42e6-aacc-2dd2ce2e0660","local_time":"20201220154055","is_ascension_mode":true,"campfire_choices":[{"data":"Ragnarok","floor":7,"key":"SMITH"},{"data":"DevaForm","floor":10,"key":"SMITH"},{"data":"Vigilance","floor":15,"key":"SMITH"},{"data":"Strike_P","floor":23,"key":"SMITH"},{"data":"Defend_P","floor":25,"key":"SMITH"},{"floor":32,"key":"REST"},{"floor":49,"key":"REST"},{"floor":52,"key":"REST"}],"circlet_count":0,"master_deck":["Strike_P+1","Defend_P+1","Vigilance+1","Ragnarok+1","Crescendo+1","DevaForm+1","Transmutation+1","Vengeance+1","Double Energy+1","Omniscience+1","Necronomicurse","Omniscience+1","FlurryOfBlows","FlurryOfBlows+1"],"relics":["PureWater","Chemical X","Dream Catcher","TungstenRod","Du-Vu Doll","Membership Card","Nunchaku","Akabeko","Turnip","Toxic Egg 2","HandDrill","Darkstone Periapt","WingedGreaves","Pear","OrangePellets","Potion Belt","FossilizedHelix","Gremlin Horn","Vajra","DollysMirror","Calipers","Sling","Happy Flower","Pocketwatch","Lizard Tail","Mummified Hand","ClockworkSouvenir","Dead Branch","Ancient Tea Set","TeardropLocket","Bird Faced Urn","Unceasing Top","Ornamental Fan","Golden Idol","Runic Dome","Frozen Eye","Strawberry","Bronze Scales","Boot","Lee\u0027s Waffle","Orichalcum","Necronomicon","SacredBark","Lantern","Omamori","Melange","MealTicket","Bag of Marbles","Toy Ornithopter","Singing Bowl","Pantograph","Pen Nib"],"acts_visited":["Exordium","TheCity","TheBeyond","TheEnding"],"potions_floor_usage":[16,19,38,50,50,50,50,50,55],"damage_taken":[{"damage":0,"enemies":"2 Louse","floor":1,"turns":1},{"damage":0,"enemies":"Jaw Worm","floor":2,"turns":1},{"damage":0,"enemies":"Cultist","floor":4,"turns":1},{"damage":0,"enemies":"Red Slaver","floor":5,"turns":1},{"damage":0,"enemies":"Lagavulin","floor":6,"turns":2},{"damage":0,"enemies":"3 Sentries","floor":8,"turns":1},{"damage":0,"enemies":"Exordium Wildlife","floor":11,"turns":1},{"damage":0,"enemies":"Lagavulin","floor":12,"turns":1},{"damage":0,"enemies":"Looter","floor":13,"turns":1},{"damage":8,"enemies":"The Guardian","floor":16,"turns":2},{"damage":0,"enemies":"Spheric Guardian","floor":18,"turns":1},{"damage":0,"enemies":"Chosen","floor":22,"turns":1},{"damage":0,"enemies":"Slavers","floor":24,"turns":1},{"damage":0,"enemies":"Sentry and Sphere","floor":27,"turns":1},{"damage":0,"enemies":"Centurion and Healer","floor":28,"turns":1},{"damage":0,"enemies":"Snake Plant","floor":31,"turns":1},{"damage":0,"enemies":"Champ","floor":33,"turns":2},{"damage":0,"enemies":"3 Darklings","floor":35,"turns":2},{"damage":0,"enemies":"Orb Walker","floor":37,"turns":1},{"damage":0,"enemies":"Maw","floor":38,"turns":4},{"damage":0,"enemies":"Sphere and 2 Shapes","floor":39,"turns":1},{"damage":0,"enemies":"Reptomancer","floor":40,"turns":1},{"damage":0,"enemies":"3 Darklings","floor":41,"turns":1},{"damage":0,"enemies":"Transient","floor":44,"turns":3},{"damage":0,"enemies":"Giant Head","floor":46,"turns":2},{"damage":0,"enemies":"Awakened One","floor":50,"turns":4},{"damage":0,"enemies":"Shield and Spear","floor":54,"turns":1},{"damage":100,"enemies":"The Heart","floor":55,"turns":8}],"seed_played":"3407325404080403119","potions_obtained":[{"floor":2,"key":"LiquidBronze"},{"floor":13,"key":"Block Potion"},{"floor":16,"key":"SpeedPotion"},{"floor":19,"key":"Fruit Juice"},{"floor":19,"key":"Fire Potion"},{"floor":19,"key":"SpeedPotion"},{"floor":22,"key":"SteroidPotion"},{"floor":40,"key":"FearPotion"},{"floor":54,"key":"Swift Potion"}],"is_trial":false,"path_per_floor":["M","M","?","M","M","E","R","E","T","R","M","E","M","?","R","B",null,"M","?","$","$","M","R","E","R","T","M","M","$","?","M","R","B",null,"M","$","M","M","M","E","M","$","T","M","$","E","?","?","R","B",null,"R","$","E","B",null],"character_chosen":"WATCHER","items_purchased":["Chemical X","Dream Catcher","TungstenRod","Ragnarok","Membership Card","Nunchaku","Akabeko","Toxic Egg 2","HandDrill","Darkstone Periapt","Crescendo+1","Pear","OrangePellets","Potion Belt","DevaForm","Transmutation+1","Vengeance+1","Gremlin Horn","Vajra","DollysMirror","Sling","Happy Flower","Pocketwatch","Mummified Hand","ClockworkSouvenir","Dead Branch","Frozen Eye","Strawberry","Lee\u0027s Waffle","Orichalcum","Lantern","Omamori","Melange","Bag of Marbles","Pantograph","FlurryOfBlows"],"campfire_rested":3,"item_purchase_floors":[0,0,0,0,0,0,0,0,0,0,0,0,0,0,0,0,0,0,0,0,0,0,0,0,0,0,20,21,29,29,36,36,36,42,53,53],"current_hp_per_floor":[75,75,49,49,49,49,49,49,49,49,49,51,51,32,32,32,70,70,75,75,82,82,82,86,86,86,86,86,101,95,95,107,107,107,107,107,107,107,107,107,107,107,107,107,107,109,111,111,113,113,113,115,115,115,25],"gold":57,"neow_bonus":"","is_daily":false,"chose_seed":false,"campfire_upgraded":5,"win_rate":0.0,"timestamp":1608507655,"path_taken":["M","M","?","M","M","E","R","E","T","R","M","E","M","?","R","BOSS","M","?","$","$","M","R","E","R","T","M","?","?","?","M","R","BOSS","M","$","M","M","M","E","M","$","T","M","$","E","?","?","R","BOSS","R","$","E","BOSS"],"items_purchased_type":["Relic","Relic","Relic","Card","Relic","Relic","Relic","Relic","Relic","Relic","Card","Relic","Relic","Relic","Card","Card","Card","Relic","Relic","Relic","Relic","Relic","Relic","Relic","Relic","Relic","Relic","Relic","Relic","Relic","Relic","Relic","Relic","Relic","Relic","Card"],"build_version":"2020-12-13","purchased_purges":8,"victory":true,"max_hp_per_floor":[82,82,82,82,82,82,82,82,82,82,82,82,82,82,82,82,82,82,87,87,94,94,94,94,94,94,94,94,101,107,107,107,107,107,107,107,107,107,107,107,107,107,107,107,107,109,111,111,113,113,113,115,115,115,115],"card_choices":[{"not_picked":["FlyingSleeves","Crescendo+1","BattleHymn"],"picked":"SKIP","floor":1},{"not_picked":["Prostrate+1","Swivel+1","JustLucky"],"picked":"SKIP","floor":2},{"not_picked":["JustLucky","EmptyFist","Protect+1"],"picked":"SKIP","floor":4},{"not_picked":["Worship+1","Tantrum","Perseverance+1"],"picked":"SKIP","floor":5},{"not_picked":["SignatureMove","CarveReality","Meditate+1"],"picked":"SKIP","floor":6},{"not_picked":["Swivel+1","SignatureMove","CarveReality"],"picked":"SKIP","floor":8},{"not_picked":["Collect+1","ReachHeaven","ClearTheMind+1"],"picked":"SKIP","floor":11},{"not_picked":["CutThroughFate","Crescendo+1","FlurryOfBlows"],"picked":"SKIP","floor":12},{"not_picked":["TalkToTheHand","Protect+1","FlyingSleeves"],"picked":"SKIP","floor":13},{"not_picked":["Alpha+1","Scrawl+1"],"picked":"Omniscience+1","floor":16},{"not_picked":["Prostrate+1","CrushJoints+1","Halt+1"],"picked":"SKIP","floor":18},{"not_picked":["ClearTheMind+1","Indignation+1","CrushJoints"],"picked":"SKIP","floor":22},{"not_picked":["Meditate+1","FlyingSleeves+1","ThirdEye+1"],"picked":"SKIP","floor":24},{"not_picked":["WreathOfFlame+1","Consecrate","EmptyBody+1"],"picked":"SKIP","floor":27},{"not_picked":["ThirdEye+1","SandsOfTime","WheelKick"],"picked":"SKIP","floor":28},{"not_picked":["CutThroughFate","ThirdEye+1","BattleHymn+1"],"picked":"SKIP","floor":31},{"not_picked":["Alpha+1","DevaForm"],"picked":"Omniscience+1","floor":33},{"not_picked":["MentalFortress","Vengeance+1","Protect+1"],"picked":"SKIP","floor":35},{"not_picked":["Vengeance+1","EmptyBody+1","PathToVictory+1"],"picked":"SKIP","floor":37},{"not_picked":["Protect+1","Collect+1","Crescendo+1"],"picked":"SKIP","floor":38},{"not_picked":["Swivel+1","Pray+1","EmptyBody+1"],"picked":"SKIP","floor":39},{"not_picked":["Evaluate+1","TalkToTheHand+1","CarveReality"],"picked":"SKIP","floor":40},{"not_picked":["Sanctity+1","Worship+1","Consecrate"],"picked":"SKIP","floor":41},{"not_picked":["SandsOfTime+1","Protect+1","Study+1"],"picked":"SKIP","floor":44},{"not_picked":["FlurryOfBlows","Nirvana+1","Protect+1"],"picked":"Singing Bowl","floor":46},{"not_picked":["Jack Of All Trades+1","Finesse+1","Forethought+1"],"picked":"Singing Bowl","floor":47},{"not_picked":["WreathOfFlame+1","Nirvana+1","Devotion"],"picked":"Singing Bowl","floor":49},{"not_picked":["Collect+1","EmptyBody+1","CrushJoints"],"picked":"Singing Bowl","floor":52},{"not_picked":["Crescendo+1","Prostrate+1"],"picked":"FlurryOfBlows+1","floor":54}],"player_experience":187350,"relics_obtained":[{"floor":6,"key":"TeardropLocket"},{"floor":8,"key":"Bird Faced Urn"},{"floor":9,"key":"Unceasing Top"},{"floor":12,"key":"Ornamental Fan"},{"floor":24,"key":"Bronze Scales"},{"floor":26,"key":"Boot"},{"floor":30,"key":"Necronomicon"},{"floor":40,"key":"MealTicket"},{"floor":43,"key":"Toy Ornithopter"},{"floor":46,"key":"Singing Bowl"},{"floor":54,"key":"Pen Nib"}],"event_choices":[{"damage_healed":0,"gold_gain":0,"player_choice":"Take Damage","damage_taken":20,"relics_obtained":["Golden Idol"],"max_hp_gain":0,"max_hp_loss":0,"event_name":"Golden Idol","floor":14,"gold_loss":0},{"damage_healed":0,"gold_gain":0,"player_choice":"Got Potions","damage_taken":0,"max_hp_gain":0,"max_hp_loss":0,"event_name":"Lab","floor":19,"gold_loss":0},{"damage_healed":0,"gold_gain":0,"player_choice":"Obtained Book","damage_taken":16,"max_hp_gain":0,"max_hp_loss":0,"event_name":"Cursed Tome","floor":30,"gold_loss":0},{"damage_healed":0,"gold_gain":0,"player_choice":"Memory 1","damage_taken":0,"max_hp_gain":0,"max_hp_loss":0,"event_name":"SensoryStone","floor":47,"gold_loss":0},{"damage_healed":0,"gold_gain":0,"player_choice":"Bought 0 Potions","damage_taken":0,"max_hp_gain":0,"max_hp_loss":0,"event_name":"The Woman in Blue","floor":48,"gold_loss":0}],"is_beta":false,"boss_relics":[{"not_picked":["Calling Bell","Philosopher\u0027s Stone"],"picked":"Runic Dome"},{"not_picked":["Snecko Eye","Velvet Choker"],"picked":"SacredBark"}],"items_purged_floors":[0,0,0,0,0,0,0,20],"is_endless":false,"potions_floor_spawned":[2,6,8,13,16,22,27,28,33,37,40,54],"ascension_level":6}}