{"host":"ilrepnd391jk07a9","time":1608423884,"event":{"mods":["Aspiration","BaseMod","Better Altar","Better Note","Better Skull","Better Third Choice","BetterRewards","Colored Powertips","DeckTracker","Defuse TimeMaze Blight","Downfall","GifTheSpireLib","Gremlin Skip","Halation","Highlight Path","Hubris","Minty Spire (QoL Compilation)","Quick Restart","Relic Stats","Replay The Spire","StSLib","Stuff the Spire","everything is the same but u backflip on backflip","vexMod"],"gold_per_floor":[99,112,140,140,165,165,190,190,216,141,69,87,262,280,298,399,399,399,415,178,204,204,234,234,234,263,263,279,293,293,310,324,419,419,419,431,431,458,458,491,491,416,445,445,325,25,39,59,72,72],"floor_reached":51,"playtime":4625,"items_purged":["Doubt","hexamod:Strike"],"score":986,"play_id":"b1e5c4a7-718f-4ebc-a644-ae766e78502f","local_time":"20201220132444","is_ascension_mode":true,"campfire_choices":[{"data":"hexamod:Float","floor":1,"key":"SMITH"},{"data":"hexamod:Again","floor":4,"key":"SMITH"},{"data":"hexamod:Rewind","floor":6,"key":"SMITH"},{"floor":8,"key":"RECALL"},{"floor":10,"key":"REST"},{"data":"hexamod:CatchUp","floor":18,"key":"SMITH"},{"data":"hexamod:TimeWarp","floor":25,"key":"SMITH"},{"data":"hexamod:FastForward","floor":27,"key":"SMITH"},{"data":"hexamod:TimeWarp","floor":35,"key":"SMITH"},{"data":"hexamod:BacktrackSmack","floor":37,"key":"SMITH"},{"data":"hexamod:GhostOfSpirePast","floor":42,"key":"SMITH"},{"data":"hexamod:GhostShield","floor":44,"key":"SMITH"}],"circlet_count":0,"master_deck":["hexamod:Strike","hexamod:Strike","hexamod:Strike","hexamod:Defend","hexamod:Defend","hexamod:Defend","hexamod:Defend","hexamod:Sear","hexamod:Float+1","hexamod:Again+1","hexamod:GhostShield+1","hexamod:Rewind+1","hexamod:GhostOfSpirePast","hexamod:GhostOfSpirePast","hexamod:GhostOfSpirePast+1","hexamod:CatchUp+1","hexamod:FirstSeal","hexamod:HexaLevel","hexamod:BacktrackSmack+1","hexamod:TimeWarp+1","hexamod:FastForward+1","hexamod:TimeWarp+1","hexamod:GhostOfSpirePast+1","hexamod:GhostOfSpirePresent","hexamod:GhostOfSpireFuture+1","hexamod:CatchUp+1"],"relics":["hexamod:SpiritBrand","Potion Belt","hubris:BundleOfHerbs","Replay:Accelerometer","Replay:Rubber Ducky","Torii","downfall:HeartBlessingRed","hubris:ScarierMask","Bronze Scales","Bloody Idol","The Courier","CaptainsWheel","Red Mask","Nilry\u0027s Codex","Coffee Dripper","Replay:Towering Pillar of Hats","hubris:Icosahedron","hubris:MedicalManual","downfall:HeartBlessingBlue","Replay:Bottled Flurry","ClockworkSouvenir","Replay:WaspNest","StoneCalendar"],"acts_visited":["Exordium","TheCity","TheBeyond"],"potions_floor_usage":[23,38,50],"damage_taken":[{"damage":0,"enemies":"2 Louse","floor":2,"turns":3},{"damage":5,"enemies":"Replay:BlueRogue","floor":3,"turns":10},{"damage":17,"enemies":"Lagavulin","floor":5,"turns":9},{"damage":1,"enemies":"Replay:BlueRogue","floor":9,"turns":5},{"damage":0,"enemies":"downfall:FleeingMerchant","floor":11,"turns":4},{"damage":0,"enemies":"Jaw Worm","floor":12,"turns":4},{"damage":0,"enemies":"Small Slimes","floor":14,"turns":3},{"damage":0,"enemies":"Blue Slaver","floor":15,"turns":4},{"damage":1,"enemies":"downfall:Watcher","floor":16,"turns":7},{"damage":0,"enemies":"Chosen","floor":19,"turns":8},{"damage":0,"enemies":"downfall:FleeingMerchant","floor":20,"turns":4},{"damage":2,"enemies":"Book of Stabbing","floor":21,"turns":5},{"damage":1,"enemies":"Gremlin Leader","floor":23,"turns":5},{"damage":0,"enemies":"Masked Bandits","floor":26,"turns":3},{"damage":0,"enemies":"Spheric Guardian","floor":28,"turns":4},{"damage":1,"enemies":"Snake Plant","floor":29,"turns":4},{"damage":0,"enemies":"Centurion and Healer","floor":31,"turns":3},{"damage":0,"enemies":"Cultist and Chosen","floor":32,"turns":5},{"damage":0,"enemies":"downfall:Ironclad","floor":33,"turns":7},{"damage":0,"enemies":"3 Darklings","floor":36,"turns":2},{"damage":21,"enemies":"Nemesis","floor":38,"turns":5},{"damage":26,"enemies":"Giant Head","floor":40,"turns":7},{"damage":0,"enemies":"R_Hoarder","floor":43,"turns":5},{"damage":0,"enemies":"downfall:FleeingMerchant","floor":45,"turns":4},{"damage":0,"enemies":"downfall:FleeingMerchant","floor":46,"turns":3},{"damage":0,"enemies":"Orb Walker","floor":47,"turns":3},{"damage":0,"enemies":"Maw","floor":48,"turns":4},{"damage":0,"enemies":"Jaw Worm Horde","floor":49,"turns":3},{"damage":12,"enemies":"downfall:Silent","floor":50,"turns":6}],"seed_played":"9193890458174502061","potions_obtained":[{"floor":2,"key":"Flashbang"},{"floor":3,"key":"Swift Potion"},{"floor":12,"key":"Venom Potion"},{"floor":14,"key":"LiquidMemories"},{"floor":21,"key":"Energy Potion"},{"floor":23,"key":"DuplicationPotion"},{"floor":47,"key":"Swift Potion"},{"floor":49,"key":"EssenceOfSteel"}],"is_trial":false,"path_per_floor":["R","M","E","R","E","R","T","R","E","R","$","M","?","M","M","B",null,"R","M","$","E","?","E","T","R","?","R","M","M","?","M","M","B",null,"R","M","R","E","?","E","T","R","E","R","$","$","M","M","M","B",null],"character_chosen":"THE_SPIRIT","items_purchased":["hexamod:GhostOfSpirePast","hexamod:TimeWarp","hexamod:GhostOfSpirePast+1","hexamod:GhostOfSpirePresent","ClockworkSouvenir","Replay:WaspNest","StoneCalendar"],"campfire_rested":1,"item_purchase_floors":[11,20,45,45,46,46,46],"current_hp_per_floor":[70,70,65,65,48,48,48,48,47,68,68,68,68,68,68,70,70,70,70,70,70,35,46,46,46,58,58,70,70,54,59,70,70,70,70,70,70,61,61,56,56,66,78,78,80,80,80,80,80,75],"gold":72,"neow_bonus":"RANDOM_COMMON_RELIC","is_daily":false,"chose_seed":false,"campfire_upgraded":10,"win_rate":0.0,"timestamp":1608423884,"path_taken":["R","M","E","R","E","R","T","R","E","R","$","M","?","M","M","BOSS","R","M","$","E","?","E","T","R","?","R","M","M","?","M","M","BOSS","R","M","R","E","?","E","T","R","E","R","$","$","M","M","M","BOSS"],"items_purchased_type":["Card","Card","Card","Card","Relic","Relic","Relic"],"build_version":"2020-12-13","purchased_purges":2,"victory":true,"max_hp_per_floor":[70,70,70,70,70,70,70,70,70,70,70,70,70,70,70,70,70,70,70,70,70,70,70,70,70,70,70,70,70,70,70,70,70,70,70,70,70,70,70,70,70,80,80,80,80,80,80,80,80,80],"relic_stats":{"Torii":8,"counters":[29,139],"Bronze Scales":[176],"Bloody Idol":39,"StoneCalendar":[0],"obtain_stats":[{"Potion Belt":0,"Replay:Accelerometer":5,"Torii":9,"downfall:HeartBlessingRed":10,"Replay:Towering Pillar of Hats":38,"Nilry\u0027s Codex":30,"StoneCalendar":46,"The Courier":23,"hubris:MedicalManual":40,"Replay:WaspNest":46,"Replay:Rubber Ducky":7,"ClockworkSouvenir":46,"CaptainsWheel":24,"hubris:Icosahedron":39,"downfall:HeartBlessingBlue":42,"Bronze Scales":21,"Bloody Idol":22,"hubris:ScarierMask":17,"hubris:BundleOfHerbs":3,"Red Mask":26,"Coffee Dripper":34,"Replay:Bottled Flurry":43,"hexamod:SpiritBrand":0},{"Potion Belt":0,"Replay:Accelerometer":3,"Torii":4,"downfall:HeartBlessingRed":4,"Replay:Towering Pillar of Hats":21,"Nilry\u0027s Codex":16,"StoneCalendar":25,"The Courier":13,"hubris:MedicalManual":22,"Replay:WaspNest":25,"Replay:Rubber Ducky":3,"ClockworkSouvenir":25,"CaptainsWheel":13,"hubris:Icosahedron":21,"downfall:HeartBlessingBlue":22,"Bronze Scales":12,"Bloody Idol":12,"hubris:ScarierMask":9,"hubris:BundleOfHerbs":2,"Red Mask":14,"Coffee Dripper":19,"Replay:Bottled Flurry":23,"hexamod:SpiritBrand":0},{"Potion Belt":0,"Replay:Accelerometer":22,"Torii":27,"downfall:HeartBlessingRed":27,"Replay:Towering Pillar of Hats":104,"Nilry\u0027s Codex":82,"StoneCalendar":123,"The Courier":71,"hubris:MedicalManual":111,"Replay:WaspNest":123,"Replay:Rubber Ducky":22,"ClockworkSouvenir":123,"CaptainsWheel":71,"hubris:Icosahedron":104,"downfall:HeartBlessingBlue":111,"Bronze Scales":66,"Bloody Idol":66,"hubris:ScarierMask":49,"hubris:BundleOfHerbs":13,"Red Mask":74,"Coffee Dripper":97,"Replay:Bottled Flurry":116,"hexamod:SpiritBrand":0}]},"card_choices":[{"not_picked":["hexamod:ThermalTransfer","hexamod:NecessarySacrifice"],"picked":"hexamod:Again","floor":2},{"not_picked":["hexamod:NightmareStrike","hexamod:Firestarter"],"picked":"hexamod:GhostShield","floor":3},{"not_picked":["hexamod:Haunt","hexamod:SoulSteal"],"picked":"hexamod:Rewind","floor":5},{"not_picked":["hexamod:ChargedBarrage","hexamod:HauntingEcho"],"picked":"hexamod:GhostOfSpirePast","floor":9},{"not_picked":["hexamod:BurningTouch","hexamod:HeatMetal","hexamod:AdvancingGuard"],"picked":"SKIP","floor":11},{"not_picked":["hexamod:RadiantFlame","hexamod:ThermalTransfer"],"picked":"hexamod:CatchUp","floor":12},{"not_picked":["hexamod:InspiringFlames","hexamod:Hexaguard","hexamod:ThermalTransfer"],"picked":"SKIP","floor":14},{"not_picked":["hexamod:HeatShield","hexamod:NightmareGuise"],"picked":"hexamod:FirstSeal","floor":15},{"not_picked":["hexamod:GhostflameInferno","hexamod:VolcanoVisage"],"picked":"hexamod:HexaLevel","floor":16},{"not_picked":["hexamod:Firestarter","hexamod:HauntingEcho"],"picked":"hexamod:BacktrackSmack","floor":19},{"not_picked":["hexamod:RecurringNightmare","hexamod:BurningTouch","hexamod:ChargedBarrage"],"picked":"SKIP","floor":20},{"not_picked":["hexamod:GhostOfSpireFuture","hexamod:GhostflameInferno"],"picked":"hexamod:FastForward","floor":21},{"not_picked":["hexamod:ChargedBarrage","hexamod:ShieldOfDarkness","hexamod:ThermalTransfer"],"picked":"SKIP","floor":23},{"not_picked":["hexamod:SpectersWail","hexamod:ThirdSeal","hexamod:Haunt"],"picked":"SKIP","floor":28},{"not_picked":["hexamod:HeatCrush","hexamod:FirstSeal","hexamod:GhostShield"],"picked":"SKIP","floor":29},{"not_picked":["hexamod:BurningTouch","hexamod:Hexaguard+1","hexamod:NecessarySacrifice"],"picked":"SKIP","floor":31},{"not_picked":["hexamod:SpectersWail","hexamod:FourthSeal","hexamod:Haunt"],"picked":"SKIP","floor":32},{"not_picked":["hexamod:Toasty","hexamod:CrushingStance"],"picked":"hexamod:TimeWarp","floor":33},{"not_picked":["hexamod:EmpoweredFlame","hexamod:NightmareStrike+1","hexamod:BurningTouch"],"picked":"SKIP","floor":36},{"not_picked":["hexamod:BurningTouch+1","hexamod:PhantomFireball","hexamod:GhostLash+1"],"picked":"SKIP","floor":38},{"not_picked":["hexamod:Haunt+1","hexamod:TimeOfNeed","hexamod:SuperheatedStrike"],"picked":"SKIP","floor":40},{"not_picked":["hexamod:RadiantFlame+1","hexamod:PhantomCloak+1","hexamod:InspiringFlames"],"picked":"SKIP","floor":43},{"not_picked":["hexamod:Hexaguard","hexamod:FirstSeal","hexamod:FourthSeal"],"picked":"SKIP","floor":45},{"not_picked":["hexamod:NightmareStrike+1","hexamod:HauntingEcho+1","hexamod:RecurringNightmare"],"picked":"SKIP","floor":46},{"not_picked":["hexamod:Firestarter+1","hexamod:GhostOfSpirePresent"],"picked":"hexamod:GhostOfSpireFuture+1","floor":47},{"not_picked":["hexamod:Hexaguard+1","hexamod:ShieldOfDarkness+1"],"picked":"hexamod:CatchUp+1","floor":48},{"not_picked":["hexamod:HauntingEcho","hexamod:InspiringFlames+1","hexamod:UnleashSpirits"],"picked":"SKIP","floor":49}],"player_experience":817987,"relics_obtained":[{"floor":3,"key":"hubris:BundleOfHerbs"},{"floor":5,"key":"Replay:Accelerometer"},{"floor":7,"key":"Replay:Rubber Ducky"},{"floor":9,"key":"Torii"},{"floor":21,"key":"Bronze Scales"},{"floor":23,"key":"The Courier"},{"floor":24,"key":"CaptainsWheel"},{"floor":26,"key":"Red Mask"},{"floor":30,"key":"Nilry\u0027s Codex"},{"floor":38,"key":"Replay:Towering Pillar of Hats"},{"floor":40,"key":"hubris:MedicalManual"},{"floor":43,"key":"Replay:Bottled Flurry"}],"event_choices":[{"damage_healed":0,"gold_gain":0,"player_choice":" Idol ","damage_taken":35,"relics_obtained":["Bloody Idol"],"max_hp_gain":70,"max_hp_loss":35,"event_name":"betterAltar:BetterAltar","floor":22,"potions_obtained":[],"relics_lost":[],"gold_loss":0},{"damage_healed":0,"gold_gain":0,"player_choice":"Fought Bandits","damage_taken":0,"max_hp_gain":0,"max_hp_loss":0,"event_name":"Masked Bandits","floor":26,"gold_loss":0}],"is_beta":false,"boss_relics":[{"not_picked":["hubris:BlackHole","halation:PlatinumPhoenix"],"picked":"hubris:ScarierMask"},{"not_picked":["Kintsugi","vexMod:BigBerry"],"picked":"Coffee Dripper"}],"items_purged_floors":[20,46],"is_endless":false,"potions_floor_spawned":[2,3,12,14,21,23,29,47,48,49],"ascension_level":1}}