{"host":"newqdrzxfhh2im9e","time":1608489166,"event":{"mods":["AchievementEnabler","BaseMod","BetterRewards","Block Reminder","Colored Map","Jorbs\u0027s Wanderer Trilogy","Minty Spire (QoL Compilation)","Rare Cards Sparkle","Shop Mod","StSLib"],"gold_per_floor":[115,132,20,32,32,32,58,58,109,138,138,172,188,153,153,258,258,269,269,46,57,57,57,69,31,56,78,90,114,138,184,196,208,208],"floor_reached":33,"playtime":1021,"items_purged":["Shame"],"score":341,"play_id":"194ddb4a-b68b-4b7d-9536-a9ef1680c0b5","local_time":"20201220103246","is_ascension_mode":true,"campfire_choices":[{"data":"Chaos","floor":6,"key":"SMITH"},{"data":"Rainbow","floor":8,"key":"SMITH"},{"data":"Auto Shields","floor":11,"key":"SMITH"},{"floor":15,"key":"REST"},{"floor":23,"key":"REST"},{"data":"Doom and Gloom","floor":28,"key":"SMITH"},{"floor":32,"key":"REST"}],"circlet_count":0,"master_deck":["Strike_B+1","Strike_B+1","Strike_B+1","Defend_B+1","Defend_B+1","Defend_B+1","Dualcast","Lockon","Chaos+1","Hello World","Melter","Hello World","Conserve Battery","Rainbow+1","Auto Shields+1","Multi-Cast","Storm","Machine Learning","Tempest+1","Sunder","Doom and Gloom+1","Sunder","Static Discharge","Heatsinks","Capacitor","Consume+1"],"relics":["Cracked Core","Odd Mushroom","Lantern","Cables","Centennial Puzzle","Black Star","Strange Spoon","MawBank","Symbiotic Virus","TungstenRod"],"acts_visited":["Exordium","TheCity"],"potions_floor_usage":[4,10,16,30,31,33],"damage_taken":[{"damage":0,"enemies":"Cultist","floor":1,"turns":3},{"damage":0,"enemies":"2 Louse","floor":2,"turns":2},{"damage":0,"enemies":"Jaw Worm","floor":4,"turns":1},{"damage":16,"enemies":"The Mushroom Lair","floor":7,"turns":5},{"damage":14,"enemies":"Gremlin Nob","floor":10,"turns":3},{"damage":16,"enemies":"Lagavulin","floor":12,"turns":5},{"damage":2,"enemies":"Blue Slaver","floor":13,"turns":3},{"damage":0,"enemies":"Slime Boss","floor":16,"turns":4},{"damage":9,"enemies":"Chosen","floor":18,"turns":5},{"damage":20,"enemies":"3 Byrds","floor":21,"turns":4},{"damage":18,"enemies":"Cultist and Chosen","floor":24,"turns":5},{"damage":1,"enemies":"3 Cultists","floor":27,"turns":4},{"damage":13,"enemies":"Sentry and Sphere","floor":29,"turns":4},{"damage":10,"enemies":"Snake Plant","floor":30,"turns":3},{"damage":17,"enemies":"Gremlin Leader","floor":31,"turns":5},{"damage":36,"enemies":"Collector","floor":33,"turns":7}],"seed_played":"-1120552162493327761","potions_obtained":[{"floor":2,"key":"Fire Potion"},{"floor":4,"key":"FearPotion"},{"floor":12,"key":"FocusPotion"},{"floor":29,"key":"LiquidMemories"},{"floor":30,"key":"ColorlessPotion"},{"floor":31,"key":"ColorlessPotion"}],"is_trial":false,"path_per_floor":["M","M","$","M","$","R","?","R","T","E","R","E","M","?","R","B",null,"M","?","$","M","?","R","M","$","T","M","R","M","M","E","R","B"],"character_chosen":"DEFECT","items_purchased":["Hello World","Sunder","Strange Spoon","Sunder"],"campfire_rested":3,"item_purchase_floors":[3,20,20,25],"current_hp_per_floor":[75,75,75,75,75,75,59,59,59,45,45,29,27,45,67,67,75,66,66,66,46,46,68,50,50,50,49,49,36,26,9,31,0,0],"gold":208,"neow_bonus":"TRANSFORM_TWO_CARDS","is_daily":false,"chose_seed":false,"campfire_upgraded":4,"win_rate":0.0,"timestamp":1608489166,"path_taken":["M","M","$","?","?","R","?","R","T","E","R","E","?","?","R","BOSS","M","?","?","M","?","R","?","?","T","M","R","M","M","E","R","BOSS"],"items_purchased_type":["Card","Card","Relic","Card"],"build_version":"2020-12-13","purchased_purges":1,"victory":false,"max_hp_per_floor":[75,75,75,75,75,75,75,75,75,75,75,75,75,75,75,75,75,75,75,75,75,75,75,75,75,75,75,75,75,75,75,75,75,75],"card_choices":[{"not_picked":["Stack","Steam"],"picked":"Hello World","floor":1},{"not_picked":["Barrage","Chill"],"picked":"Melter","floor":2},{"not_picked":["Streamline","Gash"],"picked":"Conserve Battery","floor":4},{"not_picked":["Steam","Hologram"],"picked":"Rainbow","floor":7},{"not_picked":["Sweeping Beam","Steam"],"picked":"Auto Shields","floor":10},{"not_picked":["Leap","Force Field"],"picked":"Multi-Cast","floor":12},{"not_picked":["White Noise","Redo"],"picked":"Storm","floor":13},{"not_picked":["Echo Form","Rainbow"],"picked":"Machine Learning","floor":16},{"not_picked":["Go for the Eyes","Redo"],"picked":"Tempest+1","floor":18},{"not_picked":["Turbo","Hologram","Scrape+1"],"picked":"SKIP","floor":21},{"not_picked":["Streamline","Go for the Eyes"],"picked":"Doom and Gloom","floor":24},{"not_picked":["Turbo+1","Steam Power"],"picked":"Static Discharge","floor":27},{"not_picked":["Hello World","White Noise"],"picked":"Heatsinks","floor":29},{"not_picked":["Auto Shields+1","Chaos"],"picked":"Capacitor","floor":30},{"not_picked":["Doom and Gloom","Hologram"],"picked":"Consume+1","floor":31}],"player_experience":623162,"relics_obtained":[{"floor":7,"key":"Odd Mushroom"},{"floor":9,"key":"Lantern"},{"floor":10,"key":"Cables"},{"floor":12,"key":"Centennial Puzzle"},{"floor":26,"key":"MawBank"},{"floor":31,"key":"Symbiotic Virus"},{"floor":31,"key":"TungstenRod"}],"event_choices":[{"damage_healed":0,"gold_gain":0,"player_choice":"Fought Mushrooms","damage_taken":0,"max_hp_gain":0,"max_hp_loss":0,"event_name":"Mushrooms","floor":7,"gold_loss":0},{"damage_healed":18,"gold_gain":0,"player_choice":"Healed","damage_taken":0,"max_hp_gain":0,"max_hp_loss":0,"event_name":"The Cleric","floor":14,"gold_loss":35},{"damage_healed":0,"gold_gain":0,"player_choice":"Simplicity","damage_taken":0,"max_hp_gain":0,"max_hp_loss":0,"event_name":"Back to Basics","floor":19,"gold_loss":0,"cards_upgraded":["Strike_B","Strike_B","Strike_B","Defend_B","Defend_B","Defend_B"]},{"cards_removed":["Zap"],"damage_healed":0,"gold_gain":0,"player_choice":"Purged","damage_taken":0,"max_hp_gain":0,"max_hp_loss":0,"event_name":"Purifier","floor":22,"gold_loss":0}],"is_beta":false,"boss_relics":[{"not_picked":["Snecko Eye","Fusion Hammer"],"picked":"Black Star"}],"items_purged_floors":[3],"is_endless":false,"potions_floor_spawned":[2,4,12,29,30,31],"killed_by":"Collector","ascension_level":1}}