{"host":"Squid","time":1608490625,"event":{"mods":["BaseMod","Minty Spire (QoL Compilation)","StSLib"],"gold_per_floor":[119,119,129,129,143,143,177,197,197,214,227,227,227,261,261,365,365,385,366,4,17,117,142,159,188,236,236,3,3,36,36,36,36,36],"floor_reached":33,"playtime":1267,"items_purged":["Strike_B"],"score":473,"play_id":"1aa0ec48-cdbe-4ae5-be4e-22c710550b85","local_time":"20201220135705","is_ascension_mode":true,"campfire_choices":[{"data":"Ball Lightning","floor":6.0,"key":"SMITH"},{"floor":12.0,"key":"REST"},{"floor":15.0,"key":"REST"},{"floor":27.0,"key":"REST"},{"data":"Fission","floor":29.0,"key":"SMITH"},{"floor":32,"key":"REST"}],"circlet_count":0,"master_deck":["AscendersBane","Strike_B","Defend_B+1","Defend_B+1","Defend_B","Defend_B","Zap","Dualcast","Coolheaded+1","Ball Lightning+1","Barrage","Lockon","Chaos","Hologram","Sunder","Force Field","Conserve Battery","Fission+1","Lockon+1","Ball Lightning","Electrodynamics","Hologram","Barrage","Beam Cell+1","Core Surge","Tempest+1"],"relics":["Philosopher\u0027s Stone","HornCleat","Thread and Needle","Sozu","Akabeko","Boot","Toy Ornithopter","PreservedInsect","Blood Vial","Bottled Flame"],"acts_visited":["Exordium","TheCity"],"potions_floor_usage":[],"damage_taken":[{"damage":8.0,"enemies":"Jaw Worm","floor":1.0,"turns":4.0},{"damage":0.0,"enemies":"Small Slimes","floor":3.0,"turns":3.0},{"damage":0.0,"enemies":"2 Louse","floor":5.0,"turns":2.0},{"damage":7.0,"enemies":"Lagavulin","floor":7.0,"turns":6.0},{"damage":12.0,"enemies":"Gremlin Gang","floor":8.0,"turns":3.0},{"damage":15.0,"enemies":"3 Louse","floor":10.0,"turns":4.0},{"damage":2.0,"enemies":"Exordium Thugs","floor":11.0,"turns":4.0},{"damage":26.0,"enemies":"Gremlin Nob","floor":14.0,"turns":4.0},{"damage":15.0,"enemies":"Slime Boss","floor":16.0,"turns":9.0},{"damage":4.0,"enemies":"Chosen","floor":18.0,"turns":6.0},{"damage":3.0,"enemies":"2 Thieves","floor":19.0,"turns":4.0},{"damage":7.0,"enemies":"Snecko","floor":21.0,"turns":4.0},{"damage":7.0,"enemies":"Gremlin Leader","floor":23.0,"turns":5.0},{"damage":0.0,"enemies":"Snake Plant","floor":24.0,"turns":4.0},{"damage":21.0,"enemies":"Slavers","floor":25.0,"turns":3.0},{"damage":14,"enemies":"Book of Stabbing","floor":30,"turns":4},{"damage":51,"enemies":"Champ","floor":33,"turns":9}],"seed_played":"3673226409764619315","potions_obtained":[{"floor":7.0,"key":"Strength Potion"},{"floor":10.0,"key":"AttackPotion"},{"floor":11.0,"key":"LiquidMemories"},{"floor":16.0,"key":"FocusPotion"}],"is_trial":false,"path_per_floor":["M","?","M","?","M","R","E","M","T","M","M","R","?","E","R","B",null,"M","M","$","M","?","E","M","E","T","R","$","R","E","?","R","B"],"character_chosen":"DEFECT","items_purchased":["Electrodynamics","Akabeko","Core Surge","Blood Vial"],"campfire_rested":4,"item_purchase_floors":[20,20,28,28],"current_hp_per_floor":[60,60,60,45,45,45,38,26,26,11,9,31,31,5,27,12,59,55,52,52,45,45,38,38,17,17,39,39,39,27,27,49,0,0],"gold":36,"neow_bonus":"BOSS_RELIC","is_daily":false,"chose_seed":false,"campfire_upgraded":2,"win_rate":0.0,"timestamp":1608490625,"path_taken":["M","?","M","?","?","R","E","M","T","M","M","R","?","E","R","BOSS","M","M","$","?","?","E","M","E","T","R","?","R","E","?","R","BOSS"],"items_purchased_type":["Card","Relic","Card","Relic"],"build_version":"2020-12-18","purchased_purges":1,"victory":false,"max_hp_per_floor":[75,75,75,75,75,75,75,75,75,75,75,75,75,75,75,75,75,75,75,75,75,75,75,75,75,75,75,75,75,75,75,75,75,75],"card_choices":[{"not_picked":["Barrage","Steam Power"],"picked":"Coolheaded","floor":1.0},{"not_picked":["Sweeping Beam","Barrage"],"picked":"Ball Lightning","floor":3.0},{"not_picked":["Double Energy","Static Discharge"],"picked":"Barrage","floor":5.0},{"not_picked":["Heatsinks","BootSequence"],"picked":"Lockon","floor":7.0},{"not_picked":["BootSequence","Streamline"],"picked":"Chaos","floor":8.0},{"not_picked":["Recycle","Redo"],"picked":"Hologram","floor":10.0},{"not_picked":["Chaos","Aggregate"],"picked":"Sunder","floor":11.0},{"not_picked":["Heatsinks","Barrage"],"picked":"Conserve Battery","floor":14.0},{"not_picked":["Machine Learning","Creative AI"],"picked":"Fission","floor":16.0},{"not_picked":["Steam Power","Blizzard"],"picked":"Lockon+1","floor":18.0},{"not_picked":["Gash","Hologram"],"picked":"Ball Lightning","floor":19.0},{"not_picked":["Steam+1","Undo"],"picked":"Hologram","floor":21.0},{"not_picked":["Melter","Leap"],"picked":"Barrage","floor":23.0},{"not_picked":["Hologram+1","Self Repair"],"picked":"Beam Cell+1","floor":24.0},{"not_picked":["Chaos","Blizzard+1","Heatsinks"],"picked":"SKIP","floor":25.0},{"not_picked":["Go for the Eyes+1","Ball Lightning+1"],"picked":"Tempest+1","floor":30}],"player_experience":836687,"relics_obtained":[{"floor":7.0,"key":"HornCleat"},{"floor":14.0,"key":"Thread and Needle"},{"floor":23.0,"key":"Boot"},{"floor":25.0,"key":"Toy Ornithopter"},{"floor":26.0,"key":"PreservedInsect"},{"floor":30,"key":"Bottled Flame"}],"event_choices":[{"damage_healed":0.0,"max_hp_gain":0.0,"max_hp_loss":0.0,"gold_gain":0.0,"event_name":"Living Wall","player_choice":"Grow","floor":2.0,"gold_loss":0.0,"damage_taken":0.0,"cards_upgraded":["Coolheaded"]},{"damage_healed":0.0,"max_hp_gain":0.0,"max_hp_loss":0.0,"gold_gain":0.0,"event_name":"Shining Light","player_choice":"Entered Light","floor":4.0,"gold_loss":0.0,"damage_taken":15.0,"cards_upgraded":["Defend_B","Defend_B"]},{"damage_healed":0.0,"max_hp_gain":0.0,"max_hp_loss":0.0,"gold_gain":0.0,"cards_transformed":["Strike_B"],"event_name":"Transmorgrifier","player_choice":"Transformed","floor":13.0,"gold_loss":0.0,"damage_taken":0.0,"cards_obtained":["Force Field"]},{"damage_healed":0.0,"max_hp_gain":0.0,"max_hp_loss":0.0,"gold_gain":100.0,"event_name":"Golden Shrine","player_choice":"Pray","floor":22.0,"gold_loss":0.0,"damage_taken":0.0},{"cards_removed":["Strike_B"],"damage_healed":0,"gold_gain":0,"player_choice":"Offered Basic","damage_taken":0,"max_hp_gain":0,"max_hp_loss":0,"event_name":"Bonfire Elementals","floor":31,"gold_loss":0}],"is_beta":true,"boss_relics":[{"not_picked":["Cursed Key","SlaversCollar"],"picked":"Sozu"}],"items_purged_floors":[20],"is_endless":false,"potions_floor_spawned":[7,10,11,16,21,23,25,30],"killed_by":"Champ","ascension_level":10}}