{"host":"tjcejm7olouw38z7","time":1608426825,"event":{"mods":["BaseMod","BetterRewards","Colored Powertips","Downfall","GifTheSpireLib","Minty Spire (QoL Compilation)","Shop Mod","StSLib"],"gold_per_floor":[99,115,115,133,133,133,203,128,140,171,182,201,376,5,24,24,24],"floor_reached":16,"playtime":1042,"items_purged":["Regret"],"score":102,"play_id":"ebaecde6-3122-48ff-b38a-9b70f6b7b08d","local_time":"20201219201345","is_ascension_mode":false,"campfire_choices":[{"data":"Guardian:TwinSlam","floor":1,"key":"SMITH"},{"floor":5,"key":"RECALL"},{"data":"Guardian:ShieldSpikes","floor":8,"key":"SMITH"}],"circlet_count":0,"master_deck":["Guardian:Strike_Guardian+1","Guardian:Strike_Guardian+1","Guardian:Strike_Guardian","Guardian:Defend_Guardian","Guardian:Defend_Guardian","Guardian:Defend_Guardian","Guardian:Defend_Guardian","Guardian:CurlUp","Guardian:TwinSlam+1","Guardian:Incinerate","Guardian:ShieldSpikes+1","Guardian:ShieldCharger+1","Guardian:PrismaticBeam","Guardian:Gem_Cyan","Guardian:Gem_Purple","Doubt","Guardian:Clone+1","Guardian:WalkerClaw","Guardian:TimeCapacitor","Guardian:Gem_Cyan","Guardian:Gem_Crimson"],"relics":["Guardian:ModeShifter","Toxic Egg 2","downfall:HeartBlessingRed","Eternal Feather","Happy Flower"],"acts_visited":["Exordium"],"potions_floor_usage":[10,16,16],"damage_taken":[{"damage":2,"enemies":"Jaw Worm","floor":2,"turns":3},{"damage":2,"enemies":"2 Louse","floor":4,"turns":4},{"damage":3,"enemies":"Cultist","floor":9,"turns":3},{"damage":15,"enemies":"Gremlin Nob","floor":10,"turns":5},{"damage":9,"enemies":"3 Louse","floor":11,"turns":3},{"damage":9,"enemies":"Large Slime","floor":12,"turns":7},{"damage":1,"enemies":"downfall:FleeingMerchant","floor":14,"turns":4},{"damage":0,"enemies":"Red Slaver","floor":15,"turns":5},{"damage":40,"enemies":"downfall:Defect","floor":16,"turns":8}],"seed_played":"-8366846961884023587","potions_obtained":[{"floor":2,"key":"SteroidPotion"},{"floor":4,"key":"PowerPotion"},{"floor":9,"key":"Weak Potion"},{"floor":11,"key":"GamblersBrew"}],"is_trial":false,"path_per_floor":["R","M","?","M","R","?","T","R","M","E","M","M","?","$","M","B"],"character_chosen":"GUARDIAN","items_purchased":["Guardian:WalkerClaw","Happy Flower","Guardian:TimeCapacitor","Guardian:Gem_Cyan"],"campfire_rested":0,"item_purchase_floors":[14,14,14,14],"current_hp_per_floor":[80,78,78,76,76,76,76,76,73,58,49,40,40,39,39,0,0],"gold":24,"neow_bonus":"THREE_CARDS","is_daily":false,"chose_seed":false,"campfire_upgraded":2,"win_rate":0.0,"timestamp":1608426825,"path_taken":["R","M","?","M","R","?","T","R","M","E","M","M","?","$","M","BOSS"],"items_purchased_type":["Card","Relic","Card","Card"],"build_version":"2020-12-13","purchased_purges":1,"victory":false,"max_hp_per_floor":[80,80,80,80,80,80,80,80,80,80,80,80,80,80,80,80,80],"card_choices":[{"not_picked":["Guardian:Recover","Guardian:TemporalShield"],"picked":"Guardian:Incinerate","floor":0},{"not_picked":["Guardian:Gem_Crimson","Guardian:BronzeOrb"],"picked":"Guardian:Gem_Cyan","floor":2},{"not_picked":["Guardian:EvasiveProtocol","Guardian:PrismaticBarrier"],"picked":"Guardian:ShieldSpikes","floor":4},{"not_picked":["Guardian:Harden+1","Guardian:DonusPower+1"],"picked":"Guardian:ShieldCharger+1","floor":9},{"not_picked":["Guardian:Reroute","Guardian:RollAttack"],"picked":"Guardian:PrismaticBeam","floor":10},{"not_picked":["Guardian:RollAttack","Guardian:Repulse"],"picked":"Guardian:Gem_Cyan","floor":11},{"not_picked":["Guardian:TemporalStrike","Guardian:TimeCapacitor"],"picked":"Guardian:Gem_Purple","floor":12},{"not_picked":["Guardian:Gem_Cyan","Guardian:RollAttack"],"picked":"Guardian:Clone+1","floor":14},{"not_picked":["Guardian:StasisStrike","Guardian:Preprogram+1"],"picked":"Guardian:Gem_Crimson","floor":15}],"player_experience":419107,"relics_obtained":[{"floor":7,"key":"Toxic Egg 2"},{"floor":10,"key":"Eternal Feather"}],"event_choices":[],"is_beta":false,"boss_relics":[],"items_purged_floors":[14],"is_endless":false,"potions_floor_spawned":[2,4,9,11],"killed_by":"downfall:Defect","ascension_level":0}}