{"host":"9gtygu6gzehwcx2u","time":1608425071,"event":{"mods":["AchievementEnabler","BaseMod","Better Note","Hermit","Minty Spire (QoL Compilation)","Relic Stats","Spicy Shops","StSLib"],"gold_per_floor":[217,230,247,257,257,257,277,295,318,318,145,171,171,27,27,130,130,147,161,161,161,173,187,199,199,199,230,230,230,79,105,105,200,200,218,218,218,238,251,251,251],"floor_reached":40,"playtime":2634,"items_purged":[],"score":428,"play_id":"00e57ca6-ba32-42ba-9ae4-4eb8080b1cfc","local_time":"20201219164431","is_ascension_mode":false,"campfire_choices":[{"data":"Flex","floor":6,"key":"SMITH"},{"floor":15,"key":"REST"},{"floor":25,"key":"REST"},{"floor":28,"key":"REST"},{"floor":32,"key":"REST"}],"circlet_count":0,"master_deck":["Strike_R+1","Strike_R+1","Strike_R","Defend_R","Defend_R+1","Defend_R","Bash","Anger","Pommel Strike+1","Flex+1","Flex","Twin Strike","Enlightenment+1","Pommel Strike","Twin Strike","Demon Form","Shrug It Off","Cleave","Wild Strike+1","Iron Wave+1","Carnage+1","Rupture+1","Flex+1","Armaments+1"],"relics":["Burning Blood","Vajra","OrangePellets","War Paint","Charon\u0027s Ashes","Lantern","Busted Crown","Oddly Smooth Stone","Ice Cream","Happy Flower","Sling","Eternal Feather","Astrolabe"],"acts_visited":["Exordium","TheCity","TheBeyond"],"potions_floor_usage":[16,16,31,33,33],"damage_taken":[{"damage":6,"enemies":"2 Louse","floor":1,"turns":4},{"damage":1,"enemies":"Cultist","floor":2,"turns":4},{"damage":6,"enemies":"Jaw Worm","floor":3,"turns":3},{"damage":16,"enemies":"Blue Slaver","floor":4,"turns":4},{"damage":1,"enemies":"2 Fungi Beasts","floor":7,"turns":3},{"damage":5,"enemies":"Exordium Thugs","floor":8,"turns":4},{"damage":22,"enemies":"3 Sentries","floor":12,"turns":6},{"damage":61,"enemies":"The Guardian","floor":16,"turns":9},{"damage":5,"enemies":"Chosen","floor":18,"turns":2},{"damage":24,"enemies":"Shell Parasite","floor":19,"turns":4},{"damage":21,"enemies":"Snake Plant","floor":22,"turns":3},{"damage":16,"enemies":"Cultist and Chosen","floor":23,"turns":5},{"damage":27,"enemies":"3 Cultists","floor":24,"turns":4},{"damage":15,"enemies":"Book of Stabbing","floor":27,"turns":4},{"damage":60,"enemies":"Gremlin Leader","floor":31,"turns":3},{"damage":54,"enemies":"Collector","floor":33,"turns":5},{"damage":32,"enemies":"3 Shapes","floor":35,"turns":4},{"damage":1,"enemies":"Orb Walker","floor":38,"turns":2},{"damage":45,"enemies":"Writhing Mass","floor":39,"turns":4},{"damage":21,"enemies":"Nemesis","floor":40,"turns":3}],"seed_played":"7450220397518080656","potions_obtained":[{"floor":1,"key":"BloodPotion"},{"floor":3,"key":"Block Potion"},{"floor":18,"key":"SteroidPotion"},{"floor":19,"key":"SkillPotion"},{"floor":24,"key":"Strength Potion"},{"floor":27,"key":"ColorlessPotion"},{"floor":33,"key":"Fire Potion"}],"is_trial":false,"path_per_floor":["M","M","M","M","?","R","M","M","T","?","$","E","T","$","R","B",null,"M","M","?","?","M","M","M","R","T","E","R","?","$","E","R","B",null,"M","?","?","M","M","E"],"character_chosen":"IRONCLAD","items_purchased":["OrangePellets","Enlightenment","Lantern","Sling"],"campfire_rested":4,"item_purchase_floors":[11,11,14,30],"current_hp_per_floor":[80,80,80,70,80,80,80,80,80,64,64,48,48,48,72,33,80,80,62,62,62,47,37,16,40,40,31,55,80,80,26,62,14,80,54,54,54,59,20,0,0],"gold":251,"neow_bonus":"HUNDRED_GOLD","is_daily":false,"chose_seed":false,"campfire_upgraded":1,"win_rate":0.0,"timestamp":1608425071,"path_taken":["M","M","M","M","?","R","?","M","T","?","$","E","?","$","R","BOSS","M","M","?","?","?","M","M","R","T","E","R","?","$","E","R","BOSS","M","?","?","M","?","E"],"items_purchased_type":["Relic","Card","Relic","Relic"],"build_version":"2020-12-13","purchased_purges":0,"victory":false,"max_hp_per_floor":[80,80,80,80,80,80,80,80,80,80,80,80,80,80,80,80,80,80,80,80,80,80,80,80,80,80,80,80,80,80,80,80,80,80,80,80,80,80,80,80,80],"relic_stats":{"OrangePellets":[3],"Busted Crown":22,"Happy Flower":[7],"counters":[20,80],"Astrolabe":["Iron Wave","Carnage","Rupture"],"Eternal Feather":12,"Charon\u0027s Ashes":[18],"War Paint":["Defend_R","Enlightenment"],"obtain_stats":[{"Ice Cream":26,"Lantern":14,"Happy Flower":27,"Astrolabe":34,"Vajra":9,"Oddly Smooth Stone":20,"Eternal Feather":31,"Charon\u0027s Ashes":13,"War Paint":12,"Sling":30,"Burning Blood":0,"OrangePellets":11,"Busted Crown":17},{"Ice Cream":13,"Lantern":7,"Happy Flower":14,"Astrolabe":16,"Vajra":6,"Oddly Smooth Stone":10,"Eternal Feather":15,"Charon\u0027s Ashes":7,"War Paint":7,"Sling":14,"Burning Blood":0,"OrangePellets":6,"Busted Crown":8},{"Ice Cream":55,"Lantern":28,"Happy Flower":59,"Astrolabe":67,"Vajra":22,"Oddly Smooth Stone":43,"Eternal Feather":62,"Charon\u0027s Ashes":28,"War Paint":28,"Sling":59,"Burning Blood":0,"OrangePellets":22,"Busted Crown":37}],"Burning Blood":102},"card_choices":[{"not_picked":["Seeing Red","True Grit"],"picked":"Anger","floor":1},{"not_picked":["Havoc","Disarm"],"picked":"Iron Wave","floor":2},{"not_picked":["Wild Strike","Hemokinesis"],"picked":"Pommel Strike","floor":3},{"not_picked":["Rampage","Twin Strike"],"picked":"Flex","floor":4},{"not_picked":["Armaments","Dual Wield"],"picked":"Flex","floor":7},{"not_picked":["Heavy Blade","Combust"],"picked":"Twin Strike","floor":8},{"not_picked":["Flex","Sword Boomerang"],"picked":"Pommel Strike","floor":12},{"not_picked":[],"picked":"Twin Strike","floor":18},{"not_picked":["Bloodletting+1"],"picked":"SKIP","floor":19},{"not_picked":[],"picked":"Shrug It Off","floor":22},{"not_picked":[],"picked":"Cleave","floor":23},{"not_picked":[],"picked":"Wild Strike+1","floor":24},{"not_picked":["Body Slam"],"picked":"SKIP","floor":27},{"not_picked":["Perfected Strike"],"picked":"SKIP","floor":31},{"not_picked":[],"picked":"Flex+1","floor":35},{"not_picked":["Dark Embrace"],"picked":"SKIP","floor":38},{"not_picked":[],"picked":"Armaments+1","floor":39}],"player_experience":83759,"relics_obtained":[{"floor":9,"key":"Vajra"},{"floor":12,"key":"War Paint"},{"floor":13,"key":"Charon\u0027s Ashes"},{"floor":26,"key":"Ice Cream"},{"floor":27,"key":"Happy Flower"},{"floor":31,"key":"Eternal Feather"}],"event_choices":[{"damage_healed":10,"gold_gain":0,"player_choice":"Full Heal","damage_taken":0,"max_hp_gain":0,"max_hp_loss":0,"event_name":"Wheel of Change","floor":5,"gold_loss":0},{"damage_healed":0,"gold_gain":0,"player_choice":"Entered Light","damage_taken":16,"max_hp_gain":0,"max_hp_loss":0,"event_name":"Shining Light","floor":10,"gold_loss":0,"cards_upgraded":["Strike_R","Strike_R"]},{"cards_removed":["Iron Wave"],"damage_healed":0,"gold_gain":0,"player_choice":"Gave Card","damage_taken":0,"relics_obtained":["Oddly Smooth Stone"],"max_hp_gain":0,"max_hp_loss":0,"event_name":"WeMeetAgain","floor":20,"gold_loss":0},{"damage_healed":0,"gold_gain":0,"player_choice":"Take","damage_taken":0,"max_hp_gain":0,"max_hp_loss":0,"event_name":"betterNote:BetterNote","floor":21,"gold_loss":0,"cards_obtained":["Demon Form"]},{"damage_healed":26,"gold_gain":0,"player_choice":"Heal","damage_taken":0,"max_hp_gain":0,"max_hp_loss":0,"event_name":"The Library","floor":29,"gold_loss":0},{"damage_healed":0,"gold_gain":0,"player_choice":"Ignored","damage_taken":0,"max_hp_gain":0,"max_hp_loss":0,"event_name":"Tomb of Lord Red Mask","floor":36,"gold_loss":0},{"damage_healed":0,"gold_gain":0,"player_choice":"Forge","damage_taken":0,"max_hp_gain":0,"max_hp_loss":0,"event_name":"Accursed Blacksmith","floor":37,"gold_loss":0,"cards_upgraded":["Pommel Strike"]}],"is_beta":false,"boss_relics":[{"not_picked":["Sozu","Coffee Dripper"],"picked":"Busted Crown"},{"not_picked":["Calling Bell","Mark of Pain"],"picked":"Astrolabe"}],"items_purged_floors":[],"is_endless":false,"potions_floor_spawned":[1,3,18,19,24,27,33],"killed_by":"Nemesis","ascension_level":0}}