{"host":"2461dio7vetlq1z3","time":1608499383,"event":{"mods":["2.2 Compatiblity","AchievementEnabler","BaseMod","Better Third Choice","Downfall","Hermit","Marisa????????","Minty Spire (QoL Compilation)","Relic Stats","Spicy Shops","StSLib","Waifu the Spire"],"gold_per_floor":[111,111,111,36,36,36,64,77,125,125,125,25,51,51,51,175,175,189,212,212,232,157,195,195,229,254,21,21,47,88,358,358,489,489,507,14,28,53,66,109,109,144,170,170,183,183,227,245,245,245,245,245,23,54,54],"floor_reached":56,"playtime":3542,"items_purged":["hexamod:Strike","hexamod:Defend","hexamod:Defend"],"score":1477,"play_id":"459ca65a-7658-41c2-a07e-487df4765585","local_time":"20201220222303","is_ascension_mode":true,"campfire_choices":[{"data":"hexamod:Float","floor":6,"key":"SMITH"},{"data":"hexamod:VolcanoVisage","floor":11,"key":"SMITH"},{"data":"Injury","floor":15,"key":"PURGE"},{"floor":24,"key":"REST"},{"floor":28,"key":"REST"},{"data":"hexamod:GiftsFromTheDead","floor":32,"key":"SMITH"},{"data":"hexamod:EmpoweredFlame","floor":41,"key":"SMITH"},{"floor":49,"key":"RECALL"},{"data":"hexamod:GhostOfSpireFuture","floor":52,"key":"SMITH"}],"circlet_count":0,"master_deck":["hexamod:Strike+1","hexamod:Strike+1","hexamod:Defend","hexamod:Sear","hexamod:Float+1","hexamod:VolcanoVisage+1","hexamod:GhostflameInferno","hexamod:FastForward","hexamod:GhostOfSpireFuture","hexamod:GhostShield","hexamod:HeatCrush+1","hexamod:GiftsFromTheDead+1","hexamod:ThermalTransfer+1","hexamod:GhostOfSpireFuture+1","hexamod:AdvancingGuard+1","hexamod:TimeOfNeed+1","hexamod:ShieldOfDarkness+1","hexamod:ExtraCrispy+1","hexamod:RadiantFlame","hexamod:ShieldOfDarkness+1","hexamod:SearingWound+1","hexamod:ExtraCrispy","hexamod:FastForward+1","hexamod:Haunt+1","hexamod:AdvancingGuard+1","hexamod:TimeOfNeed+1","hexamod:RecurringNightmare+1","hexamod:EmpoweredFlame+1","hexamod:Hexaguard+1","hexamod:ExtraCrispy+1","hexamod:RecurringNightmare+1","hexamod:SkipABeat+1","hexamod:GhostOfSpireFuture+1","hexamod:ShieldOfDarkness+1"],"relics":["hexamod:SpiritBrand","NeowsBlessing","Peace Pipe","Happy Flower","Boot","Golden Idol","Philosopher\u0027s Stone","Mercury Hourglass","Toxic Egg 2","Oddly Smooth Stone","Bag of Preparation","hexamod:TheBrokenSeal","Mango","Black Star","Centennial Puzzle","Art of War","War Paint","hexamod:MatchstickCase","Omamori","Potion Belt","Anchor","Bronze Scales","Sundial","HornCleat"],"acts_visited":["Exordium","TheCity","TheBeyond","TheEnding"],"potions_floor_usage":[23,23,25,33,40,40,55,55,55,55,55,55],"damage_taken":[{"damage":0,"enemies":"Jaw Worm","floor":1,"turns":1},{"damage":0,"enemies":"Gremlin Nob","floor":7,"turns":1},{"damage":0,"enemies":"2 Louse","floor":8,"turns":1},{"damage":4,"enemies":"3 Sentries","floor":13,"turns":6},{"damage":2,"enemies":"Slime Boss","floor":16,"turns":8},{"damage":11,"enemies":"3 Byrds","floor":18,"turns":5},{"damage":18,"enemies":"Spheric Guardian","floor":19,"turns":5},{"damage":15,"enemies":"Centurion and Healer","floor":21,"turns":6},{"damage":30,"enemies":"Gremlin Leader","floor":23,"turns":8},{"damage":12,"enemies":"Slavers","floor":25,"turns":4},{"damage":21,"enemies":"Snecko","floor":29,"turns":6},{"damage":0,"enemies":"Book of Stabbing","floor":30,"turns":5},{"damage":10,"enemies":"Collector","floor":33,"turns":8},{"damage":13,"enemies":"3 Darklings","floor":35,"turns":4},{"damage":0,"enemies":"Orb Walker","floor":37,"turns":4},{"damage":4,"enemies":"Sphere and 2 Shapes","floor":39,"turns":6},{"damage":0,"enemies":"Reptomancer","floor":40,"turns":5},{"damage":30,"enemies":"Nemesis","floor":42,"turns":5},{"damage":11,"enemies":"Jaw Worm Horde","floor":45,"turns":4},{"damage":0,"enemies":"Reptomancer","floor":47,"turns":6},{"damage":0,"enemies":"Spire Growth","floor":48,"turns":4},{"damage":29,"enemies":"Donu and Deca","floor":50,"turns":8},{"damage":73,"enemies":"Shield and Spear","floor":54,"turns":6},{"damage":40,"enemies":"The Heart","floor":55,"turns":7}],"seed_played":"-3447496581606042603","potions_obtained":[{"floor":1,"key":"CultistPotion"},{"floor":16,"key":"EssenceOfSteel"},{"floor":19,"key":"hexamod:EctoCoolerPotion"},{"floor":23,"key":"hexamod:DoubleChargePotion"},{"floor":25,"key":"Fire Potion"},{"floor":30,"key":"Explosive Potion"},{"floor":33,"key":"Explosive Potion"},{"floor":35,"key":"Regen Potion"},{"floor":47,"key":"LiquidBronze"}],"is_trial":false,"path_per_floor":["M","?","?","$","?","R","E","M","T","$","R","$","E","?","R","B",null,"M","M","?","M","?","E","R","E","T","$","R","M","E","?","R","B",null,"M","$","M","T","M","E","R","E","T","?","M","?","E","M","R","B",null,"R","$","E","B",null],"character_chosen":"THE_SPIRIT","items_purchased":["Bag of Preparation","hexamod:ExtraCrispy","hexamod:FastForward+1","hexamod:EmpoweredFlame","Centennial Puzzle","PowerPotion","Regen Potion","BlessingOfTheForge"],"campfire_rested":2,"item_purchase_floors":[27,27,27,36,36,53,53,53],"current_hp_per_floor":[70,70,56,56,49,49,49,49,49,49,49,49,45,45,45,43,70,59,48,48,40,40,17,38,26,26,26,47,72,86,59,59,49,94,81,81,81,81,77,77,77,47,47,47,36,60,60,60,60,31,94,94,94,21,26],"gold":54,"neow_bonus":"THREE_ENEMY_KILL","is_daily":false,"chose_seed":false,"campfire_upgraded":5,"win_rate":0.0,"timestamp":1608499383,"path_taken":["M","?","?","?","?","R","E","?","T","$","R","$","E","?","R","BOSS","M","M","?","?","?","E","R","E","T","$","R","M","E","?","R","BOSS","M","$","M","?","M","E","R","E","T","?","?","?","E","M","R","BOSS","R","$","E","BOSS"],"items_purchased_type":["Relic","Card","Card","Card","Relic","Potion","Potion","Potion"],"build_version":"2020-12-13","purchased_purges":3,"victory":true,"max_hp_per_floor":[70,70,70,70,70,70,70,70,70,70,70,70,70,70,70,70,70,70,70,70,70,70,70,70,70,70,70,70,80,94,94,94,94,94,94,94,94,94,94,94,94,94,94,94,94,94,94,94,94,94,94,94,94,94,94],"relic_stats":{"Happy Flower":[40],"counters":[24,123],"Golden Idol":192,"Bag of Preparation":[28],"War Paint":["hexamod:AdvancingGuard","hexamod:TimeOfNeed"],"Boot":[18],"Mercury Hourglass":[359],"Peace Pipe":1,"Centennial Puzzle":[18],"Sundial":[0],"Bronze Scales":[141],"Black Star":4,"Art of War":[18],"obtain_stats":[{"Potion Belt":43,"NeowsBlessing":0,"Happy Flower":9,"Golden Idol":14,"Oddly Smooth Stone":26,"hexamod:TheBrokenSeal":29,"Mango":30,"Bag of Preparation":27,"Omamori":42,"War Paint":40,"Boot":13,"Mercury Hourglass":23,"hexamod:MatchstickCase":42,"Peace Pipe":7,"Centennial Puzzle":36,"Anchor":47,"HornCleat":54,"Sundial":54,"Bronze Scales":47,"Philosopher\u0027s Stone":17,"Black Star":34,"Art of War":40,"Toxic Egg 2":25,"hexamod:SpiritBrand":0},{"Potion Belt":18,"NeowsBlessing":0,"Happy Flower":3,"Golden Idol":4,"Oddly Smooth Stone":10,"hexamod:TheBrokenSeal":11,"Mango":12,"Bag of Preparation":10,"Omamori":18,"War Paint":17,"Boot":4,"Mercury Hourglass":9,"hexamod:MatchstickCase":18,"Peace Pipe":2,"Centennial Puzzle":14,"Anchor":20,"HornCleat":23,"Sundial":23,"Bronze Scales":20,"Philosopher\u0027s Stone":5,"Black Star":13,"Art of War":17,"Toxic Egg 2":10,"hexamod:SpiritBrand":0},{"Potion Belt":88,"NeowsBlessing":0,"Happy Flower":3,"Golden Idol":9,"Oddly Smooth Stone":45,"hexamod:TheBrokenSeal":50,"Mango":56,"Bag of Preparation":45,"Omamori":88,"War Paint":83,"Boot":9,"Mercury Hourglass":41,"hexamod:MatchstickCase":88,"Peace Pipe":2,"Centennial Puzzle":68,"Anchor":98,"HornCleat":116,"Sundial":116,"Bronze Scales":98,"Philosopher\u0027s Stone":17,"Black Star":64,"Art of War":83,"Toxic Egg 2":45,"hexamod:SpiritBrand":0}]},"card_choices":[{"not_picked":["hexamod:HeatShield","hexamod:SecondSeal"],"picked":"hexamod:Hexaguard","floor":1},{"not_picked":["hexamod:NightmareStrike","hexamod:SpectralSpark"],"picked":"hexamod:VolcanoVisage","floor":7},{"not_picked":["hexamod:SpectersWail","hexamod:DynamicBlow"],"picked":"hexamod:GhostflameInferno","floor":7},{"not_picked":["hexamod:SwordOfDarkness","hexamod:SpectersWail"],"picked":"hexamod:FastForward","floor":8},{"not_picked":["hexamod:AdvancingGuard","hexamod:ThermalTransfer"],"picked":"hexamod:GhostOfSpireFuture","floor":8},{"not_picked":["hexamod:NecessarySacrifice","hexamod:BacktrackSmack"],"picked":"hexamod:GhostShield","floor":13},{"not_picked":["hexamod:ThermalTransfer","hexamod:NecessarySacrifice"],"picked":"hexamod:HeatCrush","floor":13},{"not_picked":["hexamod:SearingWound","hexamod:GhostflameInferno"],"picked":"hexamod:GiftsFromTheDead","floor":16},{"not_picked":["hexamod:SixthSeal","hexamod:Toasty"],"picked":"hexamod:FifthSeal","floor":16},{"not_picked":["hexamod:FourthSeal","hexamod:SecondSeal"],"picked":"hexamod:SixthSeal","floor":18},{"not_picked":["hexamod:RainOfEmbers","hexamod:Haunt"],"picked":"hexamod:FirstSeal","floor":18},{"not_picked":["hexamod:RainOfEmbers","hexamod:BacktrackSmack"],"picked":"hexamod:ThermalTransfer+1","floor":18},{"not_picked":["hexamod:FlamesFromBeyond","hexamod:HauntingEcho"],"picked":"hexamod:GhostOfSpireFuture","floor":19},{"not_picked":["hexamod:ThermalTransfer","hexamod:SpectersWail"],"picked":"hexamod:AdvancingGuard","floor":19},{"not_picked":["hexamod:SixthSeal","hexamod:ThirdSeal","hexamod:FirstSeal"],"picked":"SKIP","floor":19},{"not_picked":["hexamod:SecondSeal","hexamod:FirstSeal"],"picked":"hexamod:FourthSeal","floor":21},{"not_picked":["hexamod:SwordOfDarkness","hexamod:RecurringNightmare"],"picked":"hexamod:ShieldOfDarkness+1","floor":21},{"not_picked":["hexamod:NightmareGuise","hexamod:CrushingStance","hexamod:InspiringFlames"],"picked":"SKIP","floor":21},{"not_picked":["hexamod:FirstSeal","hexamod:ThirdSeal"],"picked":"hexamod:SecondSeal","floor":23},{"not_picked":["hexamod:SpectersWail","hexamod:GhostShield"],"picked":"hexamod:ExtraCrispy+1","floor":23},{"not_picked":["hexamod:HeatMetal","hexamod:GhostflameBarrier"],"picked":"hexamod:RadiantFlame","floor":23},{"not_picked":["hexamod:InspiringFlames+1","hexamod:GhostShield"],"picked":"hexamod:ShieldOfDarkness+1","floor":25},{"not_picked":["hexamod:NightmareStrike","hexamod:GhostLash"],"picked":"hexamod:SearingWound+1","floor":25},{"not_picked":["hexamod:SwordOfDarkness+1","hexamod:NightmareGuise+1"],"picked":"hexamod:Haunt+1","floor":29},{"not_picked":["hexamod:Firestarter+1","hexamod:FirstSeal"],"picked":"hexamod:AdvancingGuard+1","floor":30},{"not_picked":["hexamod:FifthSeal","hexamod:GiftsFromTheDead"],"picked":"hexamod:TimeOfNeed+1","floor":33},{"not_picked":["hexamod:DynamicBlow+1","hexamod:ShieldOfDarkness+1"],"picked":"hexamod:RecurringNightmare+1","floor":35},{"not_picked":["hexamod:GhostLash+1","hexamod:ExtraCrispy+1"],"picked":"hexamod:Hexaguard+1","floor":37},{"not_picked":["hexamod:GhostOfSpirePresent+1","hexamod:Hexaguard+1"],"picked":"hexamod:ExtraCrispy+1","floor":39},{"not_picked":["hexamod:NightmareGuise+1","hexamod:StepThrough+1"],"picked":"hexamod:RecurringNightmare+1","floor":40},{"not_picked":["hexamod:RainOfEmbers","hexamod:DynamicBlow+1"],"picked":"hexamod:SkipABeat+1","floor":42},{"not_picked":["hexamod:SpectralSpark+1","hexamod:ChargedBarrage+1","hexamod:RainOfEmbers"],"picked":"SKIP","floor":45},{"not_picked":["hexamod:ShieldOfDarkness+1","hexamod:Hexaguard+1"],"picked":"hexamod:GhostOfSpireFuture+1","floor":47},{"not_picked":["hexamod:RecurringNightmare+1","hexamod:PhantomFireball+1"],"picked":"hexamod:ShieldOfDarkness+1","floor":48},{"not_picked":["hexamod:SecondSeal","hexamod:CatchUp+1","hexamod:SpectersWail"],"picked":"SKIP","floor":54}],"player_experience":954586,"relics_obtained":[{"floor":7,"key":"Peace Pipe"},{"floor":9,"key":"Happy Flower"},{"floor":13,"key":"Boot"},{"floor":23,"key":"Mercury Hourglass"},{"floor":25,"key":"Toxic Egg 2"},{"floor":26,"key":"Oddly Smooth Stone"},{"floor":30,"key":"Mango"},{"floor":40,"key":"Art of War"},{"floor":40,"key":"War Paint"},{"floor":42,"key":"hexamod:MatchstickCase"},{"floor":42,"key":"Omamori"},{"floor":43,"key":"Potion Belt"},{"floor":47,"key":"Anchor"},{"floor":47,"key":"Bronze Scales"},{"floor":54,"key":"Sundial"},{"floor":54,"key":"HornCleat"}],"event_choices":[{"damage_healed":70,"gold_gain":0,"player_choice":"Upgrade","damage_taken":14,"max_hp_gain":0,"max_hp_loss":70,"event_name":"betterThird:BetterShining","floor":3,"gold_loss":0,"cards_upgraded":["hexamod:Strike","hexamod:Strike"]},{"cards_removed":["hexamod:Defend"],"damage_healed":0,"gold_gain":0,"player_choice":"Card Removal","damage_taken":7,"max_hp_gain":0,"max_hp_loss":0,"event_name":"Golden Wing","floor":5,"gold_loss":0},{"damage_healed":0,"gold_gain":0,"player_choice":"Take Wound","damage_taken":0,"relics_obtained":["Golden Idol"],"max_hp_gain":0,"max_hp_loss":0,"event_name":"Golden Idol","floor":14,"gold_loss":0,"cards_obtained":["Injury"]},{"damage_healed":0,"gold_gain":0,"player_choice":"1 cards matched","damage_taken":0,"max_hp_gain":0,"max_hp_loss":0,"event_name":"Match and Keep!","floor":20,"gold_loss":0,"cards_obtained":["hexamod:TimeOfNeed"]},{"cards_removed":["hexamod:Strike"],"damage_healed":0,"gold_gain":0,"player_choice":"Gave Gold","damage_taken":0,"max_hp_gain":0,"max_hp_loss":0,"event_name":"Beggar","floor":22,"gold_loss":75},{"damage_healed":0,"gold_gain":270,"player_choice":"GOLD GOLD GOLD ","damage_taken":27,"max_hp_gain":0,"max_hp_loss":0,"event_name":"Knowing Skull","floor":31,"potions_obtained":[],"gold_loss":0,"cards_obtained":[]},{"damage_healed":0,"gold_gain":0,"player_choice":"Ignored","damage_taken":0,"max_hp_gain":0,"max_hp_loss":0,"event_name":"Mysterious Sphere","floor":44,"gold_loss":0},{"damage_healed":24,"gold_gain":0,"player_choice":"Writhe","damage_taken":0,"max_hp_gain":0,"max_hp_loss":0,"event_name":"Winding Halls","floor":46,"gold_loss":0,"cards_obtained":["Writhe"]}],"is_beta":false,"boss_relics":[{"not_picked":["Runic Pyramid","SacredBark"],"picked":"Philosopher\u0027s Stone"},{"not_picked":["Astrolabe","Velvet Choker"],"picked":"Black Star"}],"items_purged_floors":[4,12,36],"is_endless":false,"potions_floor_spawned":[1,16,19,21,30,33,35,47,54],"ascension_level":1}}