{"host":"0rxdudjy6rylha1k","time":1608479691,"event":{"mods":["Aspiration","BaseMod","Colored Map","Colored Powertips","Downfall","Highlight Path","Hubris","Minty Spire (QoL Compilation)","StSLib"],"gold_per_floor":[99,99,131,56,56,56,56,56,81,81,18,28,28,28,43,43,43],"floor_reached":16,"playtime":864,"items_purged":[],"score":193,"play_id":"1996e137-1de3-40fa-a0a5-efd28a4de932","local_time":"20201220085451","is_ascension_mode":true,"campfire_choices":[{"floor":1.0,"key":"RECALL"},{"data":"sneckomod:DiceBoulder","floor":4.0,"key":"SMITH"},{"data":"sneckomod:DiceBoulder+1","floor":8.0,"key":"SMITH"},{"data":"sneckomod:DiceBoulder+2","floor":10.0,"key":"SMITH"}],"circlet_count":0,"master_deck":["sneckomod:Strike","sneckomod:Strike","sneckomod:Strike","sneckomod:Defend","sneckomod:Defend","sneckomod:Defend","sneckomod:TailWhip","sneckomod:SnekBite","sneckomod:Unknown","sneckomod:Unknown","sneckomod:UnknownClassGREEN","sneckomod:DiceBoulder+3","sneckomod:Nope","sneckomod:MorePower","sneckomod:UnknownUncommonPower","sneckomod:QuickMove","sneckomod:UnknownUncommonPower+1","sneckomod:QuickBite","sneckomod:UnknownRarePower+1"],"relics":["sneckomod:SneckoSoul","downfall:HeartsMalice","Smiling Mask","downfall:HeartBlessingRed","Darkstone Periapt","Gambling Chip","sneckomod:ConfusingCodex"],"acts_visited":["Exordium"],"potions_floor_usage":[16,16],"damage_taken":[{"damage":0.0,"enemies":"Gremlin Nob","floor":3.0,"turns":1.0},{"damage":0.0,"enemies":"2 Louse","floor":5.0,"turns":1.0},{"damage":0.0,"enemies":"3 Sentries","floor":9.0,"turns":1.0},{"damage":0.0,"enemies":"downfall:FleeingMerchant","floor":11.0,"turns":4.0},{"damage":6.0,"enemies":"Small Slimes","floor":12.0,"turns":3.0},{"damage":0.0,"enemies":"Cultist","floor":15.0,"turns":2.0},{"damage":78,"enemies":"downfall:Silent","floor":16,"turns":9}],"seed_played":"-6433910677453907512","potions_obtained":[{"floor":12.0,"key":"SpeedPotion"},{"floor":15.0,"key":"Weak Potion"}],"is_trial":false,"path_per_floor":["R","?","E","R","M","?","T","R","E","R","$","M","T","$","M","B"],"character_chosen":"THE_SNECKO","items_purchased":["sneckomod:QuickMove"],"campfire_rested":0,"item_purchase_floors":[11],"current_hp_per_floor":[90,91,91,91,91,91,91,91,91,91,92,87,87,87,88,10,10],"gold":43,"neow_bonus":"THREE_ENEMY_KILL","is_daily":false,"chose_seed":false,"campfire_upgraded":3,"win_rate":0.0,"timestamp":1608479691,"path_taken":["R","?","E","R","M","?","T","R","E","R","$","?","?","?","M","BOSS"],"items_purchased_type":["Card"],"build_version":"2020-12-13","purchased_purges":0,"victory":false,"max_hp_per_floor":[90,91,91,91,91,91,91,91,91,91,92,93,93,93,94,94,94],"card_choices":[{"not_picked":["sneckomod:DiceBlock","sneckomod:SoulDraw"],"picked":"sneckomod:DiceBoulder","floor":3.0},{"not_picked":["sneckomod:UnknownStrike","sneckomod:UnknownEthereal"],"picked":"sneckomod:Nope","floor":5.0},{"not_picked":["sneckomod:CheapStock","sneckomod:UnknownClassBLUE"],"picked":"sneckomod:MorePower","floor":9.0},{"not_picked":["sneckomod:DiceCrush","sneckomod:UnknownBlock"],"picked":"sneckomod:UnknownUncommonPower","floor":11.0},{"not_picked":["sneckomod:UnknownClassTHE_CHAMP_GRAY+1","sneckomod:UnknownClassPURPLE+1","sneckomod:UnknownCommonAttack+1"],"picked":"SKIP","floor":11.0},{"not_picked":["sneckomod:UnknownClassBLUE+1","sneckomod:UnknownWeak+1"],"picked":"sneckomod:UnknownUncommonPower+1","floor":12.0},{"not_picked":["sneckomod:Unknown1Cost","sneckomod:UnknownVulnerable"],"picked":"sneckomod:QuickBite","floor":12.0},{"not_picked":["sneckomod:UnknownClassGUARDIAN+1","sneckomod:UnknownCommonAttack+1"],"picked":"sneckomod:UnknownRarePower+1","floor":15.0},{"not_picked":["sneckomod:SoulCleanse","sneckomod:UnknownVulnerable","sneckomod:UnknownEthereal"],"picked":"SKIP","floor":15.0}],"player_experience":2318180,"relics_obtained":[{"floor":3.0,"key":"Smiling Mask"},{"floor":7.0,"key":"Darkstone Periapt"},{"floor":9.0,"key":"Gambling Chip"},{"floor":13.0,"key":"sneckomod:ConfusingCodex"}],"event_choices":[],"is_beta":false,"boss_relics":[],"items_purged_floors":[],"is_endless":false,"potions_floor_spawned":[12,15],"killed_by":"downfall:Silent","ascension_level":5}}