{"host":"87fdiiwflhrwsj8a","time":1608501544,"event":{"mods":["Aspiration","BaseMod","Better Match","Better Third Choice","BetterRewards","Colored Map","Downfall","GifTheSpireLib","Infinite Spire","Minty Spire (QoL Compilation)","Relic Sorter","Replay The Spire","Robot Space Explorer","StSLib","Stuff the Spire","The Cursed"],"gold_per_floor":[111,125,125,125,125,161,161,161,161,196,214,214,56,91,91,91,91],"floor_reached":16,"playtime":332,"items_purged":[],"score":382,"play_id":"7b49f2f2-02f5-4e7c-83e1-edf3231019e9","local_time":"20201220165904","is_ascension_mode":true,"campfire_choices":[{"data":"Clash","floor":7.0,"key":"SMITH"},{"data":"Apotheosis","floor":12,"key":"SMITH"},{"data":"Dual Wield","floor":15,"key":"SMITH"}],"circlet_count":0,"master_deck":["AscendersBane","Strike_R","Strike_R","Strike_R","Strike_R","Strike_R","Defend_R","Defend_R","Defend_R","Defend_R","Bash","Clash+1","Replay:Undeath\u0027s Touch","Carnage","Apotheosis+1","Cleave","Dual Wield+1","StuffTheSpire:Slingshot"],"relics":["Burning Blood","NeowsBlessing","Golden Idol","Sundial","Paper Frog","Lantern","infinitespire:Satchel","StuffTheSpire:SapphireSignet"],"acts_visited":["Exordium"],"potions_floor_usage":[10,16],"damage_taken":[{"damage":0.0,"enemies":"2 Louse","floor":1.0,"turns":1.0},{"damage":0.0,"enemies":"Jaw Worm","floor":2.0,"turns":1.0},{"damage":0.0,"enemies":"Gremlin Nob","floor":6.0,"turns":1.0},{"damage":4,"enemies":"Lagavulin","floor":10,"turns":4},{"damage":7,"enemies":"Small Slimes","floor":11,"turns":3},{"damage":11,"enemies":"Gremlin Nob","floor":14,"turns":3}],"seed_played":"-6469620444365539709","potions_obtained":[{"floor":1.0,"key":"FearPotion"},{"floor":6.0,"key":"Languid Potion"}],"is_trial":false,"path_per_floor":["M","M","?","?","$","E","R","?","T","E","M","R","$","E","R","B"],"character_chosen":"IRONCLAD","items_purchased":["infinitespire:Satchel"],"campfire_rested":0,"item_purchase_floors":[13],"current_hp_per_floor":[74,75,75,49,49,55,55,55,55,57,56,56,56,51,51,0,0],"gold":91,"neow_bonus":"THREE_ENEMY_KILL","is_daily":false,"chose_seed":false,"campfire_upgraded":3,"win_rate":0.0,"timestamp":1608501544,"path_taken":["M","M","?","?","$","E","R","?","T","E","M","R","?","E","R","BOSS"],"items_purchased_type":["Relic"],"build_version":"2020-12-13","purchased_purges":0,"victory":false,"max_hp_per_floor":[75,75,75,75,75,75,75,75,75,75,75,75,75,75,75,75,75],"card_choices":[{"not_picked":["StuffTheSpire:RockThrow","Shockwave"],"picked":"Clash","floor":1.0},{"not_picked":["Body Slam","StuffTheSpire:Resist"],"picked":"Replay:Undeath\u0027s Touch","floor":2.0},{"not_picked":["Abandon","Power Through"],"picked":"Carnage","floor":6.0},{"not_picked":["Burning Pact","Second Wind"],"picked":"Cleave","floor":10},{"not_picked":["Dropkick","Sword Boomerang"],"picked":"Dual Wield","floor":11},{"not_picked":["Clothesline","Run Through"],"picked":"StuffTheSpire:Slingshot","floor":14}],"player_experience":2603035,"relics_obtained":[{"floor":6.0,"key":"Sundial"},{"floor":9.0,"key":"Paper Frog"},{"floor":10,"key":"Lantern"},{"floor":14,"key":"StuffTheSpire:SapphireSignet"}],"event_choices":[{"damage_healed":0.0,"max_hp_gain":0.0,"max_hp_loss":0.0,"gold_gain":0.0,"event_name":"Golden Idol","player_choice":"Take Damage","floor":4.0,"gold_loss":0.0,"damage_taken":26.0,"relics_obtained":["Golden Idol"]},{"damage_healed":55.0,"max_hp_gain":0.0,"max_hp_loss":75.0,"gold_gain":0.0,"event_name":"betterThird:BetterShining","player_choice":"Embrace","floor":8.0,"gold_loss":0.0,"damage_taken":0.0}],"is_beta":false,"boss_relics":[],"items_purged_floors":[],"is_endless":false,"potions_floor_spawned":[1,6],"killed_by":"The Guardian","ascension_level":20}}