{"host":"1gclwan70y6w6ivq","time":1608441489,"event":{"mods":["AchievementEnabler","BaseMod","Colored Map","Downfall","Hubris","Infinite Spire","Minty Spire (QoL Compilation)","Relic Sorter","StSLib"],"gold_per_floor":[99,128,146,204,129,129,181,210,227,258,268,193,206,206,220,321,321,171,171,190,207,207,234,234,250,250,269,269,269,269,269,279,374,374,374,387,387,397,429,429,429,429,444,463,220,240,240,171,190,301,301,301],"floor_reached":51,"playtime":1759,"items_purged":["Entrench+1"],"score":1092,"play_id":"7a481e6f-bbd7-404c-ab01-9cab35e53069","local_time":"20201220001809","is_ascension_mode":false,"campfire_choices":[{"floor":1,"key":"RECALL"},{"floor":5,"key":"REST"},{"floor":18,"key":"REST"},{"floor":26,"key":"REST"},{"floor":35,"key":"REST"},{"floor":37,"key":"REST"},{"floor":40,"key":"REST"}],"circlet_count":0,"master_deck":["Barricade+1","Entrench+1","Entrench+1","After Image+1","After Image+1","Body Slam+1","After Image+1"],"relics":["Mummified Hand","Ginger","HornCleat","downfall:HeartBlessingRed","Orichalcum","Oddly Smooth Stone","hubris:BundleOfHerbs","Bag of Preparation","downfall:HeartBlessingBlue","downfall:HeartBlessingGreen","Enchiridion","Bag of Preparation","Boot","Bottled Lightning","Black Star","Lantern","StoneCalendar","infinitespire:Lucky Rock","InkBottle","hexamod:TheBrokenSeal","hubris:ScarierMask"],"acts_visited":["Exordium","TheCity","TheBeyond","Exordium"],"potions_floor_usage":[46,50],"damage_taken":[{"damage":0,"enemies":"Lagavulin","floor":2,"turns":3},{"damage":0,"enemies":"Small Slimes","floor":3,"turns":3},{"damage":0,"enemies":"downfall:FleeingMerchant","floor":4,"turns":3},{"damage":0,"enemies":"3 Sentries","floor":8,"turns":5},{"damage":0,"enemies":"Cultist","floor":9,"turns":2},{"damage":0,"enemies":"Lagavulin","floor":10,"turns":2},{"damage":0,"enemies":"2 Louse","floor":11,"turns":4},{"damage":3,"enemies":"Blue Slaver","floor":13,"turns":2},{"damage":0,"enemies":"Large Slime","floor":15,"turns":2},{"damage":0,"enemies":"downfall:Ironclad","floor":16,"turns":3},{"damage":0,"enemies":"Shell Parasite","floor":20,"turns":2},{"damage":0,"enemies":"Chosen","floor":21,"turns":2},{"damage":0,"enemies":"Book of Stabbing","floor":23,"turns":3},{"damage":0,"enemies":"3 Cultists","floor":25,"turns":3},{"damage":0,"enemies":"Cultist and Chosen","floor":27,"turns":2},{"damage":0,"enemies":"Centurion and Healer","floor":32,"turns":2},{"damage":0,"enemies":"downfall:Defect","floor":33,"turns":2},{"damage":0,"enemies":"3 Shapes","floor":36,"turns":4},{"damage":0,"enemies":"Orb Walker","floor":38,"turns":2},{"damage":0,"enemies":"Reptomancer","floor":39,"turns":2},{"damage":0,"enemies":"Transient","floor":43,"turns":3},{"damage":0,"enemies":"Spire Growth","floor":44,"turns":2},{"damage":0,"enemies":"Writhing Mass","floor":46,"turns":2},{"damage":0,"enemies":"4 Shapes","floor":49,"turns":6},{"damage":0,"enemies":"downfall:Watcher","floor":50,"turns":2}],"seed_played":"-3697360581351180575","potions_obtained":[{"floor":3,"key":"LiquidMemories"},{"floor":4,"key":"Swift Potion"},{"floor":8,"key":"Block Potion"},{"floor":9,"key":"Dexterity Potion"},{"floor":9,"key":"infinitespire:BlackPotion"},{"floor":10,"key":"SmokeBomb"},{"floor":11,"key":"Fire Potion"},{"floor":11,"key":"PowerPotion"},{"floor":20,"key":"EntropicBrew"},{"floor":21,"key":"Explosive Potion"},{"floor":25,"key":"champ:CounterPotion"},{"floor":32,"key":"GamblersBrew"},{"floor":46,"key":"Fruit Juice"},{"floor":49,"key":"EntropicBrew"}],"is_trial":false,"path_per_floor":["R","E","M","$","R","?","T","E","M","E","M","$","M","?","M","B",null,"R","?","M","M","?","E","T","M","R","M","AVR","$","T","?","M","B",null,"R","M","R","M","E","R","T","?","M","M","$","M","?","$","M","B",null],"character_chosen":"THE_SPIRIT","items_purchased":["HornCleat","InkBottle","hexamod:ThirdSeal"],"campfire_rested":6,"item_purchase_floors":[4,45,48],"current_hp_per_floor":[77,77,77,77,77,77,77,77,77,77,77,77,77,65,72,77,77,87,71,78,85,77,84,84,87,87,87,87,87,87,87,87,87,87,87,87,87,87,87,87,87,87,87,87,87,92,92,92,92,102,102,102],"gold":301,"neow_bonus":"TEN_PERCENT_HP_BONUS","is_daily":false,"chose_seed":false,"campfire_upgraded":0,"win_rate":0.0,"timestamp":1608441489,"path_taken":["R","E","M","$","R","?","T","E","M","E","M","?","M","?","M","BOSS","R","?","M","M","?","E","T","M","R","?","AVR","$","?","?","M","BOSS","R","M","R","M","E","R","T","?","M","?","$","M","?","$","M","BOSS"],"items_purchased_type":["Relic","Relic","Card"],"build_version":"2020-12-13","purchased_purges":1,"victory":false,"max_hp_per_floor":[77,77,77,77,77,77,77,77,77,77,77,77,77,77,77,77,77,87,87,87,87,87,87,87,87,87,87,87,87,87,87,87,87,87,87,87,87,87,87,87,87,87,87,87,87,92,92,92,92,102,102,102],"card_choices":[{"not_picked":["hexamod:ThermalTransfer","hexamod:SpectralSpark","hexamod:GhostLash"],"picked":"SKIP","floor":2},{"not_picked":["hexamod:Firestarter","hexamod:InspiringFlames"],"picked":"hexamod:FourthSeal","floor":3},{"not_picked":["hexamod:GhostOfSpirePresent","hexamod:ShieldOfDarkness","hexamod:FastForward"],"picked":"SKIP","floor":4},{"not_picked":["hexamod:GhostOfSpirePast","hexamod:HeatMetal","hexamod:TurnItUp"],"picked":"SKIP","floor":8},{"not_picked":["hexamod:AdvancingGuard","hexamod:FastForward"],"picked":"hexamod:FirstSeal","floor":9},{"not_picked":["hexamod:SoulSteal","hexamod:NecessarySacrifice","hexamod:Firestarter"],"picked":"SKIP","floor":10},{"not_picked":["hexamod:Firestarter","hexamod:GhostflameBarrier","hexamod:Hexaguard"],"picked":"SKIP","floor":11},{"not_picked":["hexamod:ExtraCrispy","hexamod:RadiantFlame","hexamod:Incineration"],"picked":"SKIP","floor":13},{"not_picked":["hexamod:GhostLash","hexamod:FirstSeal","hexamod:SpectersWail"],"picked":"SKIP","floor":15},{"not_picked":["hexamod:StepThrough","hexamod:Hexaguard","hexamod:ShieldOfDarkness"],"picked":"SKIP","floor":20},{"not_picked":["hexamod:EmpoweredFlame+1","hexamod:ThermalTransfer","hexamod:GhostOfSpirePresent"],"picked":"SKIP","floor":21},{"not_picked":["hexamod:TurnItUp","hexamod:SkipABeat+1","hexamod:CatchUp"],"picked":"SKIP","floor":23},{"not_picked":["hexamod:FlamesFromBeyond+1","hexamod:GhostLash","hexamod:RainOfEmbers"],"picked":"SKIP","floor":25},{"not_picked":["hexamod:InspiringFlames+1","hexamod:SoulSteal","hexamod:RainOfEmbers"],"picked":"SKIP","floor":27},{"not_picked":["hexamod:RadiantFlame","hexamod:Hexaguard","hexamod:ThermalTransfer"],"picked":"SKIP","floor":32},{"not_picked":["hexamod:Firestarter+1","hexamod:FastForward","hexamod:RetreatToShadows+1"],"picked":"SKIP","floor":36},{"not_picked":["hexamod:SwordOfDarkness+1","hexamod:ShieldOfDarkness","hexamod:AdvancingGuard"],"picked":"SKIP","floor":38},{"not_picked":["hexamod:SpectralAdrenaline","hexamod:ChargedBarrage+1","hexamod:SkipABeat"],"picked":"SKIP","floor":39},{"not_picked":["hexamod:EmpoweredFlame","hexamod:RecurringNightmare+1","hexamod:RainOfEmbers"],"picked":"SKIP","floor":43},{"not_picked":["hexamod:ThermalTransfer","hexamod:BacktrackSmack","hexamod:FastForward"],"picked":"SKIP","floor":44},{"not_picked":["hexamod:SwordOfDarkness","hexamod:NightmareGuise+1","hexamod:GhostOfSpirePast+1"],"picked":"SKIP","floor":46},{"not_picked":["hexamod:BurningTouch+1","hexamod:FlamesFromBeyond","hexamod:PhantomFireball"],"picked":"SKIP","floor":49},{"not_picked":["hexamod:BurningTouch","hexamod:RainOfEmbers+1","hexamod:BacktrackSmack"],"picked":"SKIP","floor":49}],"player_experience":692034,"relics_obtained":[{"floor":2,"key":"Ginger"},{"floor":8,"key":"Orichalcum"},{"floor":10,"key":"Oddly Smooth Stone"},{"floor":19,"key":"Enchiridion"},{"floor":23,"key":"Bag of Preparation"},{"floor":24,"key":"Boot"},{"floor":30,"key":"Bottled Lightning"},{"floor":39,"key":"Lantern"},{"floor":39,"key":"StoneCalendar"},{"floor":41,"key":"infinitespire:Lucky Rock"}],"event_choices":[{"damage_healed":0,"gold_gain":0,"player_choice":"Ignored","damage_taken":0,"max_hp_gain":0,"max_hp_loss":0,"event_name":"Purifier","floor":6,"gold_loss":0},{"damage_healed":0,"gold_gain":0,"player_choice":"Success","damage_taken":12,"relics_obtained":["hubris:BundleOfHerbs"],"max_hp_gain":0,"max_hp_loss":0,"event_name":"Scrap Ooze","floor":14,"gold_loss":0},{"damage_healed":0,"gold_gain":0,"player_choice":"Punched","damage_taken":8,"max_hp_gain":0,"max_hp_loss":0,"event_name":"Designer","floor":22,"gold_loss":0},{"damage_healed":0,"gold_gain":0,"player_choice":"Ignored","damage_taken":0,"max_hp_gain":0,"max_hp_loss":0,"event_name":"NoteForYourself","floor":42,"gold_loss":0},{"damage_healed":0,"gold_gain":0,"player_choice":"Ignored","damage_taken":0,"max_hp_gain":0,"max_hp_loss":0,"event_name":"Purifier","floor":47,"gold_loss":0}],"is_beta":false,"boss_relics":[{"not_picked":["hubris:Stopwatch","Ectoplasm","hubris:VirtuousBlindfold"]},{"not_picked":["Snecko Eye","Philosopher\u0027s Stone"],"picked":"Black Star"},{"not_picked":["Cursed Key","hubris:BlackHole"],"picked":"hubris:ScarierMask"}],"items_purged_floors":[12],"is_endless":true,"potions_floor_spawned":[3,9,11,15,20,25,36,44],"ascension_level":0}}