{"host":"b4asi0laiv85suj9","time":1608442007,"event":{"mods":["BaseMod","Minty Spire (QoL Compilation)","MostiFishMod","Relic Stats","StSLib","TestMod","noobMod"],"gold_per_floor":[109,109,109,34,34,34,63,63,86,120,52,72,99,99,99,177,177,187,205,219,139,152,152,52,52,132,162,172,172,572,586,586,660,660,673,317,317,199,118,150,161,194,218,218,248,266,284,301,301,301,301,301,66,91,91],"floor_reached":56,"playtime":3457,"items_purged":["Strike_B","MostiFishMod:Culaccino","Thunder Strike"],"score":2721,"play_id":"45e3d3ca-1f93-4569-a045-209a7c9cf7f4","local_time":"20201220132647","is_ascension_mode":true,"campfire_choices":[{"data":"Zap","floor":6.0,"key":"SMITH"},{"data":"Cold Snap","floor":8.0,"key":"SMITH"},{"data":"Recycle","floor":15.0,"key":"SMITH"},{"data":"MostiFishMod:UniBlue","floor":23,"key":"SMITH"},{"data":"Turbo","floor":25,"key":"SMITH"},{"floor":29,"key":"RECALL"},{"data":"MostiFishMod:Culaccino","floor":32,"key":"SMITH"},{"data":"Heatsinks","floor":49,"key":"SMITH"},{"data":"Capacitor","floor":52,"key":"SMITH"}],"circlet_count":0,"master_deck":["AscendersBane","MostiFishMod:UniBlue+1","Skim","MostiFishMod:ATRI","Genetic Algorithm","Steam Power","MostiFishMod:PushDownKick","Turbo+1","Compile Driver","Reinforced Body","MostiFishMod:Culaccino+1","MostiFishMod:GatherIntelligence","Acrobatics","Ball Lightning","Glacier","MostiFishMod:MusicBox","Heatsinks+1","Capacitor+1","Force Field","Coolheaded","Defragment+1"],"relics":["Cracked Core","testmod-TestBox","DaveBox","ice","testmod-NegativeEmotionEnhancer","BionicSphere","Question Card","PrismaticShard","Bronze Scales","Kunai","Shuriken","ImportantClient","FixedStarFall","Singing Bowl","Civilization","testmod-IncinerationGenerator","testmod-ArcanaOfDestiny","Runic Capacitor","Darkstone Periapt","Strawberry","Art of War","Boot","Pocketwatch","testmod-Justice","TungstenRod"],"acts_visited":["Exordium","TheCity","TheBeyond","TheEnding"],"potions_floor_usage":[55],"damage_taken":[{"damage":0.0,"enemies":"Small Slimes","floor":1.0,"turns":1.0},{"damage":0.0,"enemies":"Gremlin Nob","floor":7.0,"turns":1.0},{"damage":0.0,"enemies":"Lagavulin","floor":10.0,"turns":1.0},{"damage":0.0,"enemies":"2 Louse","floor":12.0,"turns":1.0},{"damage":0.0,"enemies":"Gremlin Nob","floor":13.0,"turns":3.0},{"damage":18,"enemies":"Slime Boss","floor":16,"turns":9},{"damage":8,"enemies":"Shell Parasite","floor":18,"turns":3},{"damage":0,"enemies":"Spheric Guardian","floor":19,"turns":3},{"damage":0,"enemies":"Chosen and Byrds","floor":20,"turns":2},{"damage":19,"enemies":"Centurion and Healer","floor":22,"turns":7},{"damage":7,"enemies":"Slavers","floor":27,"turns":3},{"damage":0,"enemies":"Cultist and Chosen","floor":28,"turns":4},{"damage":0,"enemies":"Snecko","floor":31,"turns":3},{"damage":0,"enemies":"Automaton","floor":33,"turns":6},{"damage":0,"enemies":"3 Shapes","floor":35,"turns":3},{"damage":0,"enemies":"Reptomancer","floor":40,"turns":2},{"damage":0,"enemies":"3 Darklings","floor":41,"turns":2},{"damage":0,"enemies":"Giant Head","floor":42,"turns":3},{"damage":0,"enemies":"Nemesis","floor":45,"turns":3},{"damage":0,"enemies":"Maw","floor":46,"turns":2},{"damage":0,"enemies":"Spire Growth","floor":47,"turns":1},{"damage":0,"enemies":"Transient","floor":48,"turns":4},{"damage":0,"enemies":"Donu and Deca","floor":50,"turns":4},{"damage":0,"enemies":"Shield and Spear","floor":54,"turns":2},{"damage":0,"enemies":"The Heart","floor":55,"turns":5}],"seed_played":"-154774705162649042","potions_obtained":[{"floor":12.0,"key":"Energy Potion"},{"floor":19,"key":"testmod-TestPotion"}],"is_trial":false,"path_per_floor":["M","?","?","$","?","R","E","R","T","E","$","M","E","$","R","B",null,"M","M","M","$","M","R","$","R","T","E","M","R","?","M","R","B",null,"M","$","?","$","$","E","M","E","T","T","E","M","M","M","R","B",null,"R","$","E","B",null],"character_chosen":"DEFECT","items_purchased":["Sunder","Ball Lightning","Glacier","testmod-ArcanaOfDestiny","Heatsinks","Runic Capacitor","Capacitor","Force Field","testmod-Justice","PowerPotion"],"campfire_rested":0,"item_purchase_floors":[11,24,24,36,36,38,39,39,53,53],"current_hp_per_floor":[71,71,56,56,49,49,51,51,51,53,53,56,58,58,58,45,72,66,68,71,71,55,55,55,55,55,54,61,61,61,68,68,78,99,114,114,114,114,114,134,156,186,186,186,210,233,259,284,284,311,311,311,311,342,372],"gold":91,"neow_bonus":"THREE_ENEMY_KILL","is_daily":false,"chose_seed":false,"campfire_upgraded":8,"win_rate":0.0,"timestamp":1608442007,"path_taken":["M","?","?","$","?","R","E","R","T","E","?","?","E","$","R","BOSS","M","M","M","$","M","R","$","R","T","E","M","R","?","M","R","BOSS","M","$","?","?","$","E","M","E","T","?","E","M","M","M","R","BOSS","R","$","E","BOSS"],"items_purchased_type":["Card","Card","Card","Relic","Card","Relic","Card","Card","Relic","Potion"],"build_version":"2020-12-13","purchased_purges":3,"victory":true,"max_hp_per_floor":[76,76,76,76,76,76,77,77,77,78,78,79,80,80,80,81,81,82,83,84,84,85,85,85,85,85,88,93,93,93,99,99,106,106,118,118,118,118,118,134,156,186,186,186,210,233,259,284,284,311,311,311,311,342,372],"relic_stats":{"Darkstone Periapt":0,"Singing Bowl":20,"counters":[25,78],"Shuriken":[9],"Bronze Scales":[200],"Art of War":[9],"Kunai":[10],"Question Card":22,"Boot":[0],"obtain_stats":[{"Darkstone Periapt":40,"DaveBox":0,"Singing Bowl":26,"testmod-IncinerationGenerator":34,"ice":0,"testmod-NegativeEmotionEnhancer":0,"Runic Capacitor":38,"PrismaticShard":1,"Boot":44,"Civilization":27,"Strawberry":42,"Kunai":10,"Cracked Core":0,"testmod-ArcanaOfDestiny":36,"ImportantClient":16,"testmod-TestBox":0,"NeowsBlessing":0,"testmod-Justice":53,"Question Card":1,"Shuriken":13,"BionicSphere":0,"Bronze Scales":7,"FixedStarFall":17,"Art of War":43,"TungstenRod":54,"Pocketwatch":45},{"Darkstone Periapt":16,"DaveBox":0,"Singing Bowl":10,"testmod-IncinerationGenerator":14,"ice":0,"testmod-NegativeEmotionEnhancer":0,"Runic Capacitor":15,"PrismaticShard":1,"Boot":18,"Civilization":11,"Strawberry":18,"Kunai":3,"Cracked Core":0,"testmod-ArcanaOfDestiny":15,"ImportantClient":6,"testmod-TestBox":0,"NeowsBlessing":0,"testmod-Justice":23,"Question Card":1,"Shuriken":5,"BionicSphere":0,"Bronze Scales":2,"FixedStarFall":6,"Art of War":18,"TungstenRod":24,"Pocketwatch":19},{"Darkstone Periapt":52,"DaveBox":0,"Singing Bowl":31,"testmod-IncinerationGenerator":47,"ice":0,"testmod-NegativeEmotionEnhancer":0,"Runic Capacitor":50,"PrismaticShard":1,"Boot":57,"Civilization":34,"Strawberry":57,"Kunai":3,"Cracked Core":0,"testmod-ArcanaOfDestiny":50,"ImportantClient":16,"testmod-TestBox":0,"NeowsBlessing":0,"testmod-Justice":71,"Question Card":1,"Shuriken":7,"BionicSphere":0,"Bronze Scales":2,"FixedStarFall":16,"Art of War":57,"TungstenRod":73,"Pocketwatch":60}],"TungstenRod":0,"Pocketwatch":[6]},"card_choices":[{"not_picked":["Melter","FTL"],"picked":"Cold Snap","floor":1.0},{"not_picked":["Judgement","Flex","Poisoned Stab","Conclude"],"picked":"SKIP","floor":7.0},{"not_picked":["Crescendo","Choke","Quick Slash","True Grit"],"picked":"SKIP","floor":10.0},{"not_picked":["Riddle With Holes","PiercingWail","Twin Strike"],"picked":"Recycle","floor":12.0},{"not_picked":["Infinite Blades","Go for the Eyes","Deadly Poison"],"picked":"Static Discharge","floor":13.0},{"not_picked":["Master of Strategy","Omniscience","ConjureBlade"],"picked":"Alpha","floor":16},{"not_picked":["Terror","Masterful Stab","Barrage","Dual Wield"],"picked":"SKIP","floor":18},{"not_picked":["FollowUp","Flying Knee","Deflect","Feel No Pain"],"picked":"SKIP","floor":19},{"not_picked":["CutThroughFate+1","TalkToTheHand","EmptyFist+1"],"picked":"Acrobatics","floor":20},{"not_picked":["Evolve","Dagger Spray+1","testmod-EnhanceArmerment","Infinite Blades"],"picked":"SKIP","floor":22},{"not_picked":["Body Slam","Turbo","MentalFortress+1","Pommel Strike"],"picked":"Singing Bowl","floor":27},{"not_picked":["Evaluate","Headbutt","Sword Boomerang+1","Footwork"],"picked":"Singing Bowl","floor":28},{"not_picked":["MostiFishMod:BrandingRite","Perfected Strike+1","Compile Driver","CarveReality"],"picked":"Singing Bowl","floor":31},{"not_picked":["MostiFishMod:Kaleido","Seek","Envenom"],"picked":"MostiFishMod:MusicBox","floor":33},{"not_picked":["Steam","Flex","Armaments","Bloodletting"],"picked":"Singing Bowl","floor":35},{"not_picked":["Slice","Rupture","Purity","Blood for Blood"],"picked":"Singing Bowl","floor":40},{"not_picked":["BowlingBash","Forethought","FlyingSleeves","Body Slam"],"picked":"Singing Bowl","floor":41},{"not_picked":["PathToVictory+1","Tools of the Trade","Tantrum","Self Repair"],"picked":"Singing Bowl","floor":42},{"not_picked":["Quick Slash","MostiFishMod:BrokenBlackCloak","Dagger Throw+1","Headbutt"],"picked":"Singing Bowl","floor":45},{"not_picked":["Flex+1","Deflect","EmptyFist+1"],"picked":"Coolheaded","floor":46},{"not_picked":["WheelKick","Sweeping Beam","SashWhip+1","Ball Lightning"],"picked":"Singing Bowl","floor":47},{"not_picked":["Flex","Adaptation+1","MostiFishMod:ChineseTea"],"picked":"Defragment+1","floor":48},{"not_picked":["Catalyst","Pommel Strike","Setup","Rage"],"picked":"Singing Bowl","floor":54}],"player_experience":206717,"relics_obtained":[{"floor":1.0,"key":"Question Card"},{"floor":1.0,"key":"PrismaticShard"},{"floor":7.0,"key":"Bronze Scales"},{"floor":10.0,"key":"Kunai"},{"floor":13.0,"key":"Shuriken"},{"floor":16,"key":"ImportantClient"},{"floor":26,"key":"Singing Bowl"},{"floor":27,"key":"Civilization"},{"floor":40,"key":"Darkstone Periapt"},{"floor":42,"key":"Strawberry"},{"floor":43,"key":"Art of War"},{"floor":44,"key":"Boot"},{"floor":45,"key":"Pocketwatch"},{"floor":54,"key":"TungstenRod"}],"event_choices":[{"damage_healed":0.0,"max_hp_gain":0.0,"max_hp_loss":0.0,"gold_gain":0.0,"event_name":"Living Wall","player_choice":"Grow","floor":2.0,"gold_loss":0.0,"damage_taken":0.0,"cards_upgraded":["Dualcast"]},{"damage_healed":0.0,"max_hp_gain":0.0,"max_hp_loss":0.0,"gold_gain":0.0,"event_name":"Shining Light","player_choice":"Entered Light","floor":3.0,"gold_loss":0.0,"damage_taken":15.0,"cards_upgraded":["Strike_B","Strike_B"]},{"cards_removed":["Strike_B"],"damage_healed":0.0,"max_hp_gain":0.0,"max_hp_loss":0.0,"gold_gain":0.0,"event_name":"Golden Wing","player_choice":"Card Removal","floor":5.0,"gold_loss":0.0,"damage_taken":7.0},{"damage_healed":0,"gold_gain":400,"player_choice":"Sell","damage_taken":0,"max_hp_gain":0,"max_hp_loss":0,"event_name":"¶÷ÂåË¹µÄÅÌ×Ó","floor":30,"relics_lost":["NeowsBlessing"],"gold_loss":0},{"damage_healed":0,"gold_gain":0,"player_choice":"Ignored","damage_taken":0,"max_hp_gain":0,"max_hp_loss":0,"event_name":"SecretPortal","floor":37,"gold_loss":0}],"is_beta":false,"boss_relics":[{"not_picked":["MostiFishMod:Hod","FrozenCore"],"picked":"FixedStarFall"},{"not_picked":["EE1DDrone","Cursed Key"],"picked":"testmod-IncinerationGenerator"}],"items_purged_floors":[4,21,36],"is_endless":false,"potions_floor_spawned":[12,16,19,27,31,33,40,48],"ascension_level":13}}