{"host":"calynag5ibgivyo2","time":1608423859,"event":{"mods":["AchievementEnabler","BaseMod","Colored Map","DeckTracker","Minty Spire (QoL Compilation)","StSLib"],"gold_per_floor":[110,110,129,129,129,463,487,487,487,525,525,549,43,86,86,216,216,240,42,65,84,84,84,115,115,115,149,149,149,170,43,43,172,172,193,20,81,81,414,414,448,464,519,519,4,4,23,42,42,42,42,42,1,26,26],"floor_reached":56,"playtime":2540,"items_purged":["Strike_P","Strike_P","Strike_P","Strike_P+1"],"score":1825,"play_id":"27305711-7721-47b0-9b58-5e896f8210d4","local_time":"20201219162419","is_ascension_mode":true,"campfire_choices":[{"data":"Tantrum","floor":8.0,"key":"SMITH"},{"data":"Meditate","floor":11.0,"key":"SMITH"},{"data":"Study","floor":15.0,"key":"SMITH"},{"data":"Protect","floor":23.0,"key":"SMITH"},{"floor":25.0,"key":"REST"},{"data":"Scrawl","floor":28.0,"key":"SMITH"},{"data":"Wireheading","floor":32.0,"key":"SMITH"},{"floor":40.0,"key":"RECALL"},{"floor":44.0,"key":"REST"},{"floor":46.0,"key":"REST"},{"floor":49.0,"key":"REST"},{"data":"ClearTheMind","floor":52.0,"key":"SMITH"}],"circlet_count":0,"master_deck":["Defend_P","Defend_P","Defend_P","Defend_P","Eruption+1","Vigilance","Scrawl+1","BowlingBash+1","Protect+1","Tantrum+1","ClearTheMind+1","Study+1","ThirdEye+1","Wireheading+1","Adaptation+1","WreathOfFlame+1","Fasting2+1","ClearTheMind+1","Indignation+1","TalkToTheHand+1","Halt+1"],"relics":["PureWater","Old Coin","Calipers","Bag of Marbles","Toxic Egg 2","Nunchaku","The Courier","VioletLotus","ClockworkSouvenir","Oddly Smooth Stone","Mummified Hand","Boot","Frozen Egg 2","Black Star","Incense Burner","Turnip","Prayer Wheel","Bag of Preparation","Strange Spoon","Whetstone","Strawberry","Bird Faced Urn"],"acts_visited":["Exordium","TheCity","TheBeyond","TheEnding"],"potions_floor_usage":[55,55,55],"damage_taken":[{"damage":0.0,"enemies":"2 Louse","floor":1.0,"turns":2.0},{"damage":0.0,"enemies":"Small Slimes","floor":3.0,"turns":2.0},{"damage":20.0,"enemies":"Lagavulin","floor":6.0,"turns":6.0},{"damage":0.0,"enemies":"Jaw Worm","floor":7.0,"turns":2.0},{"damage":2.0,"enemies":"3 Sentries","floor":10.0,"turns":3.0},{"damage":0.0,"enemies":"Red Slaver","floor":12.0,"turns":1.0},{"damage":0.0,"enemies":"Gremlin Nob","floor":14.0,"turns":2.0},{"damage":0.0,"enemies":"Slime Boss","floor":16.0,"turns":4.0},{"damage":0.0,"enemies":"Chosen","floor":18.0,"turns":4.0},{"damage":2.0,"enemies":"3 Byrds","floor":20.0,"turns":5.0},{"damage":0.0,"enemies":"Snecko","floor":21.0,"turns":3.0},{"damage":30.0,"enemies":"Book of Stabbing","floor":24.0,"turns":5.0},{"damage":0.0,"enemies":"Gremlin Leader","floor":27.0,"turns":7.0},{"damage":0.0,"enemies":"Shelled Parasite and Fungi","floor":30.0,"turns":4.0},{"damage":1.0,"enemies":"Champ","floor":33.0,"turns":7.0},{"damage":7.0,"enemies":"Orb Walker","floor":35.0,"turns":2.0},{"damage":16.0,"enemies":"2 Orb Walkers","floor":37.0,"turns":4.0},{"damage":45.0,"enemies":"Reptomancer","floor":41.0,"turns":5.0},{"damage":0.0,"enemies":"3 Darklings","floor":42.0,"turns":3.0},{"damage":12.0,"enemies":"Jaw Worm Horde","floor":47.0,"turns":3.0},{"damage":0.0,"enemies":"Transient","floor":48.0,"turns":5.0},{"damage":0.0,"enemies":"Donu and Deca","floor":50.0,"turns":6.0},{"damage":4.0,"enemies":"Shield and Spear","floor":54.0,"turns":4.0},{"damage":38,"enemies":"The Heart","floor":55,"turns":8}],"seed_played":"3133726670778770359","potions_obtained":[{"floor":6.0,"key":"Ancient Potion"},{"floor":10.0,"key":"LiquidBronze"},{"floor":14.0,"key":"SpeedPotion"},{"floor":27.0,"key":"Fruit Juice"},{"floor":41.0,"key":"Fire Potion"}],"is_trial":false,"path_per_floor":["M","?","M","?","?","E","M","R","T","E","R","M","$","E","R","B",null,"M","$","M","M","?","R","E","R","T","E","R","?","M","$","R","B",null,"M","$","?","?","?","R","E","M","T","R","$","R","M","M","R","B",null,"R","$","E","B",null],"character_chosen":"WATCHER","items_purchased":["Toxic Egg 2","Nunchaku","Study","ClockworkSouvenir","Adaptation+1","WreathOfFlame+1","BottledMiracle","Fasting2+1","ClearTheMind+1","Bag of Preparation","Strange Spoon","Whetstone","BottledMiracle","Weak Potion"],"campfire_rested":4,"item_purchase_floors":[13,13,13,19,31,31,31,36,36,45,45,45,45,53],"current_hp_per_floor":[72,67,67,67,72,52,52,52,52,50,50,50,50,50,50,50,72,72,72,70,70,70,70,40,61,61,61,61,61,61,66,66,65,77,70,70,54,54,54,54,9,9,9,32,32,55,43,43,66,66,77,77,77,80,50],"gold":26,"neow_bonus":"ONE_RANDOM_RARE_CARD","is_daily":false,"chose_seed":false,"campfire_upgraded":7,"win_rate":0.0,"timestamp":1608423859,"path_taken":["M","?","M","?","?","E","?","R","T","E","R","M","$","E","R","BOSS","M","$","M","M","?","R","E","R","T","E","R","?","?","?","R","BOSS","M","$","?","?","?","R","E","M","T","R","?","R","M","?","R","BOSS","R","$","E","BOSS"],"items_purchased_type":["Relic","Relic","Card","Relic","Card","Card","Potion","Card","Card","Relic","Relic","Relic","Potion","Potion"],"build_version":"2020-12-13","purchased_purges":4,"victory":true,"max_hp_per_floor":[72,67,67,67,72,72,72,72,72,72,72,72,72,72,72,72,72,72,72,72,72,72,72,72,72,72,72,72,72,72,77,77,77,77,77,77,77,77,77,77,77,77,77,77,77,77,77,77,77,77,77,77,77,84,84],"card_choices":[{"not_picked":["SashWhip","Fasting2"],"picked":"BowlingBash","floor":1.0},{"not_picked":["FlurryOfBlows","ForeignInfluence"],"picked":"Meditate","floor":3.0},{"not_picked":["BowlingBash","Devotion"],"picked":"Protect","floor":6.0},{"not_picked":["SignatureMove","CrushJoints"],"picked":"Tantrum","floor":7.0},{"not_picked":["PathToVictory","Brilliance"],"picked":"ClearTheMind","floor":10.0},{"not_picked":["Consecrate","FlurryOfBlows","JustLucky"],"picked":"SKIP","floor":12.0},{"not_picked":["JustLucky","WreathOfFlame+1"],"picked":"ThirdEye+1","floor":14.0},{"not_picked":["SashWhip","FlurryOfBlows+1","BattleHymn+1"],"picked":"SKIP","floor":18.0},{"not_picked":["Collect+1","Prostrate+1","WheelKick"],"picked":"SKIP","floor":20.0},{"not_picked":["FlyingSleeves","CrushJoints","Protect+1"],"picked":"SKIP","floor":21.0},{"not_picked":["Wireheading+1","Brilliance","MasterReality"],"picked":"SKIP","floor":24.0},{"not_picked":["Vengeance+1","Consecrate"],"picked":"Wireheading","floor":27.0},{"not_picked":["SashWhip","FollowUp","SandsOfTime"],"picked":"SKIP","floor":30.0},{"not_picked":["LikeWater+1","ThirdEye+1","JustLucky"],"picked":"SKIP","floor":35.0},{"not_picked":["JustLucky","Consecrate+1"],"picked":"Indignation+1","floor":41.0},{"not_picked":["Halt+1","Perseverance+1"],"picked":"TalkToTheHand+1","floor":42.0},{"not_picked":["EmptyBody+1","CrushJoints+1","Prostrate+1"],"picked":"SKIP","floor":42.0},{"not_picked":["ThirdEye+1","CrushJoints"],"picked":"Halt+1","floor":47.0},{"not_picked":["EmptyFist","CrushJoints","PathToVictory+1"],"picked":"SKIP","floor":47.0},{"not_picked":["FollowUp+1","Perseverance+1","Crescendo+1"],"picked":"SKIP","floor":48.0},{"not_picked":["Swivel+1","Meditate+1","ConjureBlade+1"],"picked":"SKIP","floor":48.0},{"not_picked":["Evaluate+1","FollowUp+1","EmptyMind+1"],"picked":"SKIP","floor":54.0}],"player_experience":425847,"relics_obtained":[{"floor":6.0,"key":"Old Coin"},{"floor":9.0,"key":"Calipers"},{"floor":10.0,"key":"Bag of Marbles"},{"floor":14.0,"key":"The Courier"},{"floor":24.0,"key":"Oddly Smooth Stone"},{"floor":26.0,"key":"Mummified Hand"},{"floor":27.0,"key":"Boot"},{"floor":29.0,"key":"Frozen Egg 2"},{"floor":37.0,"key":"Incense Burner"},{"floor":41.0,"key":"Turnip"},{"floor":41.0,"key":"Prayer Wheel"},{"floor":54.0,"key":"Strawberry"},{"floor":54.0,"key":"Bird Faced Urn"}],"event_choices":[{"damage_healed":0.0,"max_hp_gain":0.0,"max_hp_loss":5.0,"gold_gain":0.0,"event_name":"Golden Idol","player_choice":"Lose Max HP","floor":2.0,"gold_loss":0.0,"damage_taken":0.0,"relics_obtained":["Golden Idol"]},{"damage_healed":0.0,"max_hp_gain":0.0,"max_hp_loss":0.0,"gold_gain":0.0,"event_name":"Living Wall","player_choice":"Grow","floor":4.0,"gold_loss":0.0,"damage_taken":0.0,"cards_upgraded":["Eruption"]},{"damage_healed":0.0,"max_hp_gain":5.0,"max_hp_loss":0.0,"gold_gain":0.0,"event_name":"Big Fish","player_choice":"Donut","floor":5.0,"gold_loss":0.0,"damage_taken":0.0},{"damage_healed":0.0,"max_hp_gain":0.0,"max_hp_loss":0.0,"gold_gain":0.0,"event_name":"Vampires","player_choice":"Ignored","floor":22.0,"gold_loss":0.0,"damage_taken":0.0},{"damage_healed":0.0,"max_hp_gain":0.0,"max_hp_loss":0.0,"gold_gain":0.0,"event_name":"Wheel of Change","player_choice":"Relic","floor":29.0,"gold_loss":0.0,"damage_taken":0.0},{"damage_healed":0.0,"max_hp_gain":0.0,"max_hp_loss":0.0,"gold_gain":0.0,"event_name":"Mysterious Sphere","player_choice":"Fight","floor":37.0,"gold_loss":0.0,"damage_taken":0.0},{"cards_removed":["Meditate"],"damage_healed":0.0,"max_hp_gain":0.0,"max_hp_loss":0.0,"gold_gain":0.0,"event_name":"Falling","player_choice":"Removed Skill","floor":38.0,"gold_loss":0.0,"damage_taken":0.0},{"damage_healed":0.0,"max_hp_gain":0.0,"max_hp_loss":0.0,"gold_gain":333.0,"event_name":"The Moai Head","player_choice":"Gave Idol","floor":39.0,"relics_lost":["Golden Idol"],"gold_loss":0.0,"damage_taken":0.0}],"is_beta":false,"boss_relics":[{"not_picked":["Astrolabe","SlaversCollar"],"picked":"VioletLotus"},{"not_picked":["Runic Dome","Fusion Hammer"],"picked":"Black Star"}],"items_purged_floors":[13,19,36,45],"is_endless":false,"potions_floor_spawned":[6,10,14,20,24,27,30,37,41,48],"ascension_level":3}}