{"host":"eil9x6nly2al6731","time":1608449210,"event":{"mods":["Aspiration","BaseMod","Better Third Choice","Colored Powertips","Conspire","Energized Spire","Friendly Minions","Halation","Hubris","Infinite Spire","Minty Spire (QoL Compilation)","Random Character Button","Replay The Spire","Robot Space Explorer","Shop Mod","StSLib","The Druid","The Factory","The Jungle","The Mystic","The Servant 0.9.4","TheBandit"],"gold_per_floor":[117,117,130,130,80,115,140,156,156,171,171,236,248,248],"floor_reached":13,"playtime":360,"items_purged":[],"score":128,"play_id":"cfc823d7-2c00-41c8-9def-ba1102e785b8","local_time":"20201220152650","is_ascension_mode":true,"campfire_choices":[{"data":"Eruption","floor":11,"key":"SMITH"}],"circlet_count":0,"master_deck":["AscendersBane","Strike_P","Strike_P","Strike_P","Defend_P","Defend_P","Defend_P","Defend_P","Eruption+1","Vigilance","EmptyMind","FlurryOfBlows","Halt","FearNoEvil","Replay:ManipulateFuture","Replay:AtTheReady","MentalFortress"],"relics":["PureWater","Dream Catcher","halation:EternalFortune","Golden Idol","ReplayTheSpireMod:TigerMarble","Mummified Hand","Replay:Bandana"],"acts_visited":["Exordium"],"potions_floor_usage":[6,13,13],"damage_taken":[{"damage":4,"enemies":"Jaw Worm","floor":1,"turns":3},{"damage":3,"enemies":"2 Louse","floor":3,"turns":3},{"damage":16,"enemies":"Gremlin Nob","floor":6,"turns":3},{"damage":0,"enemies":"Small Slimes","floor":7,"turns":2},{"damage":0,"enemies":"Blue Slaver","floor":8,"turns":3},{"damage":4,"enemies":"2 Fungi Beasts","floor":10,"turns":3},{"damage":100014,"enemies":"Lagavulin","floor":13,"turns":5}],"seed_played":"5190702121569353859","potions_obtained":[{"floor":3,"key":"DistilledChaos"},{"floor":7,"key":"StancePotion"},{"floor":10,"key":"AttackPotion"},{"floor":12,"key":"Block Potion"}],"is_trial":false,"path_per_floor":["M","?","M","?","?","E","M","M","T","M","R","?","E"],"character_chosen":"WATCHER","items_purchased":[],"campfire_rested":0,"item_purchase_floors":[],"current_hp_per_floor":[61,64,61,61,61,45,45,45,45,41,41,24,0,0],"gold":248,"neow_bonus":"RANDOM_COMMON_RELIC","is_daily":false,"chose_seed":false,"campfire_upgraded":1,"win_rate":0.0,"timestamp":1608449210,"path_taken":["M","?","M","?","?","E","M","M","T","M","R","?","E"],"items_purchased_type":[],"build_version":"2020-12-13","purchased_purges":0,"victory":false,"max_hp_per_floor":[72,75,75,69,69,69,69,69,69,69,69,69,69,69],"card_choices":[{"not_picked":["Evaluate","ThirdEye"],"picked":"EmptyMind","floor":1},{"not_picked":["CutThroughFate","Vengeance"],"picked":"FlurryOfBlows","floor":3},{"not_picked":["Study","Evaluate"],"picked":"Halt","floor":6},{"not_picked":["Indignation","FlyingSleeves"],"picked":"FearNoEvil","floor":7},{"not_picked":["WheelKick","Tantrum"],"picked":"Replay:ManipulateFuture","floor":8},{"not_picked":["Replay:BluntJabs","EmptyFist"],"picked":"Replay:AtTheReady","floor":10},{"not_picked":["Replay:BluntJabs","FlyingSleeves"],"picked":"MentalFortress","floor":12}],"player_experience":1456362,"relics_obtained":[{"floor":6,"key":"ReplayTheSpireMod:TigerMarble"},{"floor":9,"key":"Mummified Hand"},{"floor":12,"key":"Replay:Bandana"}],"event_choices":[{"damage_healed":0,"gold_gain":0,"player_choice":"Lose Max HP","damage_taken":0,"relics_obtained":["Golden Idol"],"max_hp_gain":0,"max_hp_loss":6,"event_name":"Golden Idol","floor":4,"gold_loss":0},{"cards_removed":["Strike_P"],"damage_healed":0,"gold_gain":0,"player_choice":"Card Removal","damage_taken":0,"max_hp_gain":0,"max_hp_loss":0,"event_name":"The Cleric","floor":5,"gold_loss":50}],"is_beta":false,"boss_relics":[],"items_purged_floors":[],"is_endless":false,"potions_floor_spawned":[3,7,10],"killed_by":"Lagavulin","ascension_level":10}}