{"host":"sav7uxregyirlf69","time":1608471049,"event":{"mods":["AchievementEnabler","BaseMod","Colored Map","DeckTracker","Keyboard Shortcuts","Minty Spire (QoL Compilation)","READ ME - Guardian Mod","StSLib","SuperFastMode"],"gold_per_floor":[119,139,157,174,174,174,207,207,207,207,282,296,62,88,88,194,194,216,71,71,83,83,110,110,137,164,193,193,206,222,248,248,349,349,360,379,399,409,59,93,93,93,119,119,151,61,78,78,78,78,78,78,9,44,44],"floor_reached":56,"playtime":1036,"items_purged":["Strike_R","Strike_R","Strike_R"],"score":1364,"play_id":"88b07778-9cd6-46d2-8ead-911a1fab061d","local_time":"20201220223049","daily_mods":["Heirloom"],"is_ascension_mode":true,"campfire_choices":[{"data":"1","floor":6,"key":"LIFT"},{"data":"2","floor":8,"key":"LIFT"},{"floor":15,"key":"REST"},{"data":"3","floor":28,"key":"LIFT"},{"data":"Disarm","floor":32,"key":"SMITH"},{"data":"Barricade","floor":42,"key":"SMITH"},{"data":"Pummel","floor":44,"key":"SMITH"},{"floor":49,"key":"RECALL"},{"data":"Defend_R","floor":52,"key":"SMITH"}],"circlet_count":0,"master_deck":["Defend_R+1","Defend_R+1","Defend_R+1","Defend_R+1","Bash","Hemokinesis","Disarm+1","Pummel+1","Twin Strike","Rage+1","Reaper+1","Limit Break+1","Sentinel+1","Flex+1","Sword Boomerang+1","Exhume+1","Shockwave+1","Barricade+1","Heavy Blade+1","Headbutt+1","Limit Break+1","Entrench+1","Evolve+1","True Grit+1","Second Wind+1","Exhume+1"],"relics":["Burning Blood","Girya","Mercury Hourglass","Molten Egg 2","Toxic Egg 2","Philosopher\u0027s Stone","Nloth\u0027s Gift","Art of War","Oddly Smooth Stone","Anchor","Bag of Preparation","Nunchaku","Velvet Choker","Medical Kit","Sundial","Juzu Bracelet","War Paint"],"acts_visited":["Exordium","TheCity","TheBeyond","TheEnding"],"potions_floor_usage":[16,23,27,31,31,33,55,55],"damage_taken":[{"damage":0,"enemies":"Small Slimes","floor":1,"turns":3},{"damage":2,"enemies":"2 Louse","floor":2,"turns":2},{"damage":13,"enemies":"Jaw Worm","floor":3,"turns":2},{"damage":17,"enemies":"Large Slime","floor":4,"turns":8},{"damage":32,"enemies":"Gremlin Nob","floor":7,"turns":4},{"damage":6,"enemies":"Lots of Slimes","floor":12,"turns":2},{"damage":23,"enemies":"The Guardian","floor":16,"turns":8},{"damage":3,"enemies":"Spheric Guardian","floor":18,"turns":3},{"damage":19,"enemies":"2 Thieves","floor":21,"turns":4},{"damage":40,"enemies":"Slavers","floor":23,"turns":4},{"damage":31,"enemies":"Book of Stabbing","floor":27,"turns":4},{"damage":4,"enemies":"Snake Plant","floor":29,"turns":2},{"damage":3,"enemies":"Cultist and Chosen","floor":30,"turns":3},{"damage":2,"enemies":"Gremlin Leader","floor":31,"turns":3},{"damage":40,"enemies":"Champ","floor":33,"turns":7},{"damage":12,"enemies":"3 Darklings","floor":35,"turns":4},{"damage":4,"enemies":"3 Shapes","floor":36,"turns":3},{"damage":17,"enemies":"Maw","floor":37,"turns":5},{"damage":2,"enemies":"3 Darklings","floor":38,"turns":3},{"damage":4,"enemies":"Giant Head","floor":40,"turns":5},{"damage":30,"enemies":"Nemesis","floor":45,"turns":3},{"damage":38,"enemies":"Transient","floor":47,"turns":5},{"damage":61,"enemies":"Time Eater","floor":50,"turns":6},{"damage":52,"enemies":"Shield and Spear","floor":54,"turns":7},{"damage":107,"enemies":"The Heart","floor":55,"turns":7}],"seed_played":"-7728290007032014049","potions_obtained":[{"floor":1,"key":"BlessingOfTheForge"},{"floor":7,"key":"PowerPotion"},{"floor":12,"key":"Energy Potion"},{"floor":16,"key":"BloodPotion"},{"floor":23,"key":"DuplicationPotion"},{"floor":27,"key":"Swift Potion"},{"floor":35,"key":"SteroidPotion"},{"floor":40,"key":"Fire Potion"},{"floor":45,"key":"BloodPotion"}],"is_trial":true,"path_per_floor":["M","M","M","M","?","R","E","R","T","?","?","M","$","T","R","B",null,"M","$","?","M","$","E","?","T","T","E","R","M","M","E","R","B",null,"M","M","M","M","$","E","?","R","T","R","E","?","M","$","R","B",null,"R","$","E","B",null],"character_chosen":"IRONCLAD","items_purchased":["Reaper+1","Flex+1","Entrench+1","Medical Kit","Second Wind+1"],"campfire_rested":1,"item_purchase_floors":[13,19,39,39,53],"current_hp_per_floor":[80,80,73,62,62,62,36,36,36,29,18,18,18,18,42,40,80,80,80,80,76,76,46,46,46,46,48,48,64,80,80,80,46,80,74,76,80,80,80,80,80,80,80,80,56,56,48,48,48,25,80,80,80,46,16],"gold":44,"neow_bonus":"","is_daily":false,"chose_seed":false,"campfire_upgraded":4,"win_rate":0.0,"timestamp":1608471049,"path_taken":["M","M","M","M","?","R","E","R","T","?","?","M","$","?","R","BOSS","M","$","?","?","?","E","?","?","T","E","R","M","M","E","R","BOSS","M","?","M","M","$","E","?","R","T","R","E","?","M","?","R","BOSS","R","$","E","BOSS"],"items_purchased_type":["Card","Card","Card","Relic","Card"],"build_version":"2020-12-13","purchased_purges":3,"victory":true,"max_hp_per_floor":[80,80,80,80,80,80,80,80,80,80,80,80,80,80,80,80,80,80,80,80,80,80,80,80,80,80,80,80,80,80,80,80,80,80,80,80,80,80,80,80,80,80,80,80,80,80,80,80,80,80,80,80,80,80,80],"card_choices":[{"not_picked":["Perfected Strike","Flex"],"picked":"Hemokinesis","floor":1},{"not_picked":["Infernal Blade","Burning Pact"],"picked":"Disarm","floor":2},{"not_picked":["Reckless Charge","Thunderclap"],"picked":"Pummel","floor":3},{"not_picked":["Clash","Iron Wave","Armaments"],"picked":"SKIP","floor":4},{"not_picked":["Cleave","Havoc"],"picked":"Twin Strike","floor":7},{"not_picked":["True Grit+1","Uppercut+1"],"picked":"Rage+1","floor":12},{"not_picked":["Immolate+1","Reaper+1"],"picked":"Limit Break+1","floor":16},{"not_picked":["Heavy Blade+1","Iron Wave+1"],"picked":"Sentinel+1","floor":18},{"not_picked":["Dual Wield+1","Wild Strike+1"],"picked":"Sword Boomerang+1","floor":21},{"not_picked":["Sword Boomerang+1","Bludgeon+1","Combust+1"],"picked":"SKIP","floor":23},{"not_picked":["Sever Soul+1","Anger+1","Whirlwind+1"],"picked":"SKIP","floor":27},{"not_picked":["Wild Strike+1","Juggernaut","Searing Blow+1"],"picked":"SKIP","floor":29},{"not_picked":["Twin Strike+1","Clothesline+1"],"picked":"Exhume+1","floor":30},{"not_picked":["Infernal Blade+1","Fiend Fire+1"],"picked":"Shockwave+1","floor":31},{"not_picked":["Exhume+1","Impervious+1"],"picked":"Barricade","floor":33},{"not_picked":["Thunderclap+1","Dropkick+1"],"picked":"Heavy Blade+1","floor":35},{"not_picked":["Whirlwind+1","Perfected Strike+1","Wild Strike+1"],"picked":"SKIP","floor":36},{"not_picked":["Heavy Blade+1","Cleave+1"],"picked":"Headbutt+1","floor":37},{"not_picked":["Armaments+1","Combust+1"],"picked":"Limit Break+1","floor":38},{"not_picked":["Juggernaut","Armaments+1"],"picked":"Evolve+1","floor":40},{"not_picked":["Perfected Strike+1","Feed+1"],"picked":"True Grit+1","floor":45},{"not_picked":["Headbutt+1","Reckless Charge+1","Pommel Strike+1"],"picked":"SKIP","floor":47},{"not_picked":["Fiend Fire+1","Inflame"],"picked":"Exhume+1","floor":54}],"player_experience":970619,"relics_obtained":[{"floor":7,"key":"Mercury Hourglass"},{"floor":9,"key":"Molten Egg 2"},{"floor":14,"key":"CeramicFish"},{"floor":23,"key":"Art of War"},{"floor":25,"key":"Oddly Smooth Stone"},{"floor":26,"key":"Anchor"},{"floor":27,"key":"Bag of Preparation"},{"floor":31,"key":"Nunchaku"},{"floor":40,"key":"Sundial"},{"floor":45,"key":"Juzu Bracelet"},{"floor":54,"key":"War Paint"}],"event_choices":[{"cards_removed":["Strike_R"],"damage_healed":0,"gold_gain":0,"player_choice":"Forget","damage_taken":0,"max_hp_gain":0,"max_hp_loss":0,"event_name":"Living Wall","floor":5,"gold_loss":0},{"damage_healed":0,"gold_gain":0,"player_choice":"Success","damage_taken":7,"relics_obtained":["Toxic Egg 2"],"max_hp_gain":0,"max_hp_loss":0,"event_name":"Scrap Ooze","floor":10,"gold_loss":0},{"damage_healed":0,"gold_gain":75,"player_choice":"Gather Gold","damage_taken":11,"max_hp_gain":0,"max_hp_loss":0,"event_name":"World of Goop","floor":11,"gold_loss":0},{"damage_healed":0,"gold_gain":0,"player_choice":"Traded Relic","damage_taken":0,"relics_obtained":["Nloth\u0027s Gift"],"max_hp_gain":0,"max_hp_loss":0,"event_name":"N\u0027loth","floor":20,"relics_lost":["CeramicFish"],"gold_loss":0},{"damage_healed":0,"gold_gain":0,"player_choice":"Ignored","damage_taken":0,"max_hp_gain":0,"max_hp_loss":0,"event_name":"Ghosts","floor":24,"gold_loss":0},{"damage_healed":0,"gold_gain":0,"player_choice":"Ignored","damage_taken":0,"max_hp_gain":0,"max_hp_loss":0,"event_name":"NoteForYourself","floor":41,"gold_loss":0},{"cards_removed":["Strike_R"],"damage_healed":0,"gold_gain":0,"player_choice":"Upgrade and Remove","damage_taken":0,"max_hp_gain":0,"max_hp_loss":0,"event_name":"Designer","floor":46,"gold_loss":90,"cards_upgraded":["Defend_R"]}],"is_beta":false,"boss_relics":[{"not_picked":["Black Star","Busted Crown"],"picked":"Philosopher\u0027s Stone"},{"not_picked":["Runic Dome","Runic Pyramid"],"picked":"Velvet Choker"}],"items_purged_floors":[13,19,39],"is_endless":false,"potions_floor_spawned":[1,7,12,16,23,27,29,35,40,45],"ascension_level":1}}