{"host":"kpyoctgc7jne3jiy","time":1608488575,"event":{"mods":["AchievementEnabler","BaseMod","Minty Spire (QoL Compilation)"],"gold_per_floor":[115,128,128,143,199,199,217,256,256,256,356,356,58,83,83,208,208,233,251,274,119,137,137,137],"floor_reached":23,"playtime":925,"items_purged":[],"score":232,"play_id":"883eeb52-9227-4ebc-a30e-9769ce180c28","local_time":"20201220192255","is_ascension_mode":true,"campfire_choices":[{"data":"Immolate","floor":6,"key":"SMITH"},{"floor":10,"key":"REST"},{"data":"Armaments","floor":12,"key":"SMITH"},{"data":"Barricade","floor":15,"key":"SMITH"}],"circlet_count":0,"master_deck":["Bash","Immolate+1","Bloodletting","Flex","Cleave","Rage","Armaments+1","Barricade+1","Reaper","Searing Blow","Headbutt","Sword Boomerang","Iron Wave","Clothesline","Carnage","Uppercut","Spot Weakness","Pommel Strike","Body Slam+1","Metallicize+1","Intimidate"],"relics":["Burning Blood","Golden Idol","Boot","Letter Opener","Akabeko","TheAbacus","Pandora\u0027s Box","PreservedInsect"],"acts_visited":["Exordium","TheCity"],"potions_floor_usage":[16,20,23],"damage_taken":[{"damage":13,"enemies":"Jaw Worm","floor":1,"turns":4},{"damage":0,"enemies":"Small Slimes","floor":2,"turns":2},{"damage":6,"enemies":"Cultist","floor":4,"turns":3},{"damage":13,"enemies":"Red Slaver","floor":7,"turns":3},{"damage":4,"enemies":"3 Sentries","floor":8,"turns":2},{"damage":0,"enemies":"Large Slime","floor":14,"turns":4},{"damage":23,"enemies":"Slime Boss","floor":16,"turns":10},{"damage":11,"enemies":"Shell Parasite","floor":18,"turns":3},{"damage":26,"enemies":"Chosen","floor":19,"turns":5},{"damage":16,"enemies":"Centurion and Healer","floor":20,"turns":4},{"damage":19,"enemies":"3 Cultists","floor":22,"turns":4},{"damage":19,"enemies":"Cultist and Chosen","floor":23,"turns":6}],"seed_played":"4948094578507385991","potions_obtained":[{"floor":1,"key":"ColorlessPotion"},{"floor":14,"key":"Weak Potion"},{"floor":16,"key":"PowerPotion"},{"floor":18,"key":"Fire Potion"}],"is_trial":false,"path_per_floor":["M","M","?","M","?","R","M","E","T","R","?","R","$","M","R","B",null,"M","M","M","$","M","M"],"character_chosen":"IRONCLAD","items_purchased":["Akabeko","TheAbacus","PreservedInsect"],"campfire_rested":1,"item_purchase_floors":[13,13,21],"current_hp_per_floor":[73,79,59,59,59,59,52,54,54,78,78,78,78,80,80,63,80,75,63,58,58,49,35,35],"gold":137,"neow_bonus":"ONE_RANDOM_RARE_CARD","is_daily":false,"chose_seed":false,"campfire_upgraded":3,"win_rate":0.0,"timestamp":1608488575,"path_taken":["M","M","?","M","?","R","M","E","T","R","?","R","$","M","R","BOSS","M","M","M","$","?","M"],"items_purchased_type":["Relic","Relic","Relic"],"build_version":"2020-12-13","purchased_purges":0,"victory":false,"max_hp_per_floor":[80,80,80,80,80,80,80,80,80,80,80,80,80,80,80,80,80,80,80,80,80,80,80,80],"card_choices":[{"not_picked":["Hemokinesis","Clash"],"picked":"Bloodletting","floor":1},{"not_picked":["Headbutt","Seeing Red"],"picked":"Flex","floor":2},{"not_picked":["Heavy Blade","Body Slam"],"picked":"Cleave","floor":4},{"not_picked":["Dropkick","Perfected Strike"],"picked":"Rage","floor":7},{"not_picked":["Spot Weakness","Havoc"],"picked":"Armaments","floor":8},{"not_picked":["Heavy Blade","Warcry"],"picked":"Barricade","floor":14},{"not_picked":["Limit Break","Corruption"],"picked":"Reaper","floor":16},{"not_picked":["Flame Barrier","Headbutt"],"picked":"Body Slam+1","floor":18},{"not_picked":["Dark Embrace","Hemokinesis"],"picked":"Metallicize+1","floor":19},{"not_picked":["Twin Strike","Evolve","Uppercut+1"],"picked":"SKIP","floor":20},{"not_picked":["Second Wind","Blood for Blood"],"picked":"Intimidate","floor":22}],"player_experience":230347,"relics_obtained":[{"floor":8,"key":"Boot"},{"floor":9,"key":"Letter Opener"}],"event_choices":[{"damage_healed":0,"gold_gain":0,"player_choice":"Take Damage","damage_taken":20,"relics_obtained":["Golden Idol"],"max_hp_gain":0,"max_hp_loss":0,"event_name":"Golden Idol","floor":3,"gold_loss":0},{"damage_healed":0,"gold_gain":56,"player_choice":"Gained Gold","damage_taken":0,"max_hp_gain":0,"max_hp_loss":0,"event_name":"Golden Wing","floor":5,"gold_loss":0},{"damage_healed":0,"gold_gain":100,"player_choice":"Gold","damage_taken":0,"max_hp_gain":0,"max_hp_loss":0,"event_name":"Wheel of Change","floor":11,"gold_loss":0}],"is_beta":false,"boss_relics":[{"not_picked":["Ectoplasm","Empty Cage"],"picked":"Pandora\u0027s Box"}],"items_purged_floors":[],"is_endless":false,"potions_floor_spawned":[1,14,16,18],"killed_by":"Cultist and Chosen","ascension_level":4}}