{"host":"y1gy3vaohdji07z5","time":1608479265,"event":{"mods":["BaseMod","Colored Map","Colored Powertips","Hermit","Minty Spire (QoL Compilation)","Random Character Button","Rare Cards Sparkle","StSLib"],"gold_per_floor":[15,30,42,42,30,60,60,72,120,120,120],"floor_reached":10,"playtime":740,"items_purged":[],"score":88,"play_id":"2bcf7ee8-11c0-4850-a285-e23879660790","local_time":"20201220164745","is_ascension_mode":true,"campfire_choices":[{"floor":7,"key":"REST"}],"circlet_count":0,"master_deck":["Strike_G","Strike_G","Strike_G","Strike_G","Strike_G","Defend_G","Defend_G","Defend_G","Defend_G","Defend_G","Survivor","Neutralize","Die Die Die","Noxious Fumes","Footwork","Bouncing Flask"],"relics":["Ring of the Snake","Blue Candle","Pantograph","Dream Catcher"],"acts_visited":["Exordium"],"potions_floor_usage":[5,10],"damage_taken":[{"damage":1,"enemies":"Cultist","floor":1,"turns":4},{"damage":8,"enemies":"Small Slimes","floor":2,"turns":3},{"damage":0,"enemies":"2 Louse","floor":3,"turns":1},{"damage":4,"enemies":"Exordium Thugs","floor":5,"turns":4},{"damage":35,"enemies":"Lagavulin","floor":6,"turns":7},{"damage":17,"enemies":"Exordium Wildlife","floor":8,"turns":6},{"damage":28,"enemies":"Gremlin Nob","floor":10,"turns":3}],"seed_played":"-7408552064226390091","potions_obtained":[{"floor":1,"key":"Swift Potion"},{"floor":8,"key":"Poison Potion"}],"is_trial":false,"path_per_floor":["M","M","M","T","M","E","R","M","T","E"],"character_chosen":"THE_SILENT","items_purchased":[],"campfire_rested":1,"item_purchase_floors":[],"current_hp_per_floor":[69,61,61,61,57,22,43,26,26,0,0],"gold":120,"neow_bonus":"THREE_RARE_CARDS","is_daily":false,"chose_seed":false,"campfire_upgraded":0,"win_rate":0.0,"timestamp":1608479265,"path_taken":["M","M","M","?","M","E","R","M","T","E"],"items_purchased_type":[],"build_version":"2020-12-13","purchased_purges":0,"victory":false,"max_hp_per_floor":[70,70,70,70,70,70,70,70,70,70,70],"card_choices":[{"not_picked":["Glass Knife","Doppelganger"],"picked":"Die Die Die","floor":0},{"not_picked":["Backstab","Dagger Throw"],"picked":"Noxious Fumes","floor":1},{"not_picked":["Setup","Dodge and Roll"],"picked":"Footwork","floor":2},{"not_picked":["Dagger Throw","Escape Plan","Skewer"],"picked":"SKIP","floor":3},{"not_picked":["Blur","All Out Attack"],"picked":"Bouncing Flask","floor":5},{"not_picked":["All Out Attack","Underhanded Strike","Flechettes"],"picked":"SKIP","floor":6},{"not_picked":["Accuracy","PiercingWail","Flying Knee"],"picked":"SKIP","floor":8}],"player_experience":341337,"relics_obtained":[{"floor":4,"key":"Blue Candle"},{"floor":6,"key":"Pantograph"},{"floor":9,"key":"Dream Catcher"}],"event_choices":[],"is_beta":false,"boss_relics":[],"items_purged_floors":[],"is_endless":false,"potions_floor_spawned":[1,8],"killed_by":"Gremlin Nob","ascension_level":5}}