{"host":"m6aaltr68g9tvoay","time":1608425104,"event":{"mods":["AchievementEnabler","BaseMod","Colored Map","Minty Spire (QoL Compilation)","StSLib"],"gold_per_floor":[110,110,127,127,151,151,151,164,164,164,197,197,34,59,59,152,152,177,192,216,216,216],"floor_reached":21,"playtime":656,"items_purged":[],"score":353,"play_id":"9db57fbd-422f-4b26-aec0-65edf1a389f4","local_time":"20201219164504","is_ascension_mode":true,"campfire_choices":[{"data":"Bouncing Flask","floor":6,"key":"SMITH"},{"data":"Bane","floor":10,"key":"SMITH"},{"floor":12,"key":"REST"},{"floor":15,"key":"REST"}],"circlet_count":0,"master_deck":["AscendersBane","Strike_G","Strike_G","Strike_G","Strike_G","Strike_G","Defend_G","Defend_G","Defend_G","Defend_G","Survivor","Neutralize","Poisoned Stab+1","Bouncing Flask+1","Bane+1","Slice","Deadly Poison","Endless Agony","Corpse Explosion","Dodge and Roll","Leg Sweep","Flying Knee"],"relics":["Ring of the Snake","Golden Idol","Kunai","Mummified Hand","TwistedFunnel","Empty Cage"],"acts_visited":["Exordium","TheCity"],"potions_floor_usage":[14,16],"damage_taken":[{"damage":14,"enemies":"Jaw Worm","floor":1,"turns":8},{"damage":1,"enemies":"Cultist","floor":3,"turns":3},{"damage":0,"enemies":"2 Louse","floor":5,"turns":2},{"damage":7,"enemies":"Exordium Thugs","floor":8,"turns":4},{"damage":35,"enemies":"Lagavulin","floor":11,"turns":6},{"damage":0,"enemies":"Gremlin Gang","floor":14,"turns":3},{"damage":61,"enemies":"Slime Boss","floor":16,"turns":11},{"damage":36,"enemies":"2 Thieves","floor":18,"turns":3},{"damage":0,"enemies":"3 Byrds","floor":19,"turns":2},{"damage":11,"enemies":"Centurion and Healer","floor":20,"turns":5},{"damage":8,"enemies":"Cultist and Chosen","floor":21,"turns":4}],"seed_played":"-4124414348184745006","potions_obtained":[{"floor":11,"key":"AttackPotion"},{"floor":14,"key":"PowerPotion"},{"floor":16,"key":"CultistPotion"}],"is_trial":false,"path_per_floor":["M","?","M","?","M","R","?","M","T","R","E","R","$","M","R","B",null,"M","M","M","M"],"character_chosen":"THE_SILENT","items_purchased":["TwistedFunnel"],"campfire_rested":2,"item_purchase_floors":[13],"current_hp_per_floor":[45,45,44,44,44,44,66,59,59,59,24,43,43,43,62,1,50,14,14,3,0,0],"gold":216,"neow_bonus":"THREE_CARDS","is_daily":false,"chose_seed":false,"campfire_upgraded":2,"win_rate":0.0,"timestamp":1608425104,"path_taken":["M","?","?","?","M","R","?","?","T","R","E","R","$","M","R","BOSS","M","?","M","M"],"items_purchased_type":["Relic"],"build_version":"2020-12-13","purchased_purges":0,"victory":false,"max_hp_per_floor":[66,66,66,66,66,66,66,66,66,66,66,66,66,66,66,66,66,66,66,66,66,66],"card_choices":[{"not_picked":["Deflect","Acrobatics"],"picked":"Calculated Gamble","floor":0},{"not_picked":["Dagger Throw","Quick Slash"],"picked":"Poisoned Stab","floor":1},{"not_picked":["All Out Attack","Noxious Fumes"],"picked":"Bouncing Flask","floor":3},{"not_picked":["Terror","Deflect"],"picked":"Bane","floor":5},{"not_picked":["Outmaneuver","Riddle With Holes"],"picked":"Slice","floor":8},{"not_picked":["Doppelganger","Dagger Spray"],"picked":"Deadly Poison","floor":11},{"not_picked":["Leg Sweep","Dagger Throw"],"picked":"Endless Agony","floor":14},{"not_picked":["Bullet Time","Storm of Steel"],"picked":"Corpse Explosion","floor":16},{"not_picked":["Concentrate+1","Dagger Throw"],"picked":"Dodge and Roll","floor":18},{"not_picked":["All Out Attack","Infinite Blades"],"picked":"Leg Sweep","floor":19},{"not_picked":["Dodge and Roll","Tactician"],"picked":"Flying Knee","floor":20}],"player_experience":1264836,"relics_obtained":[{"floor":9,"key":"Kunai"},{"floor":11,"key":"Mummified Hand"}],"event_choices":[{"damage_healed":0,"gold_gain":0,"player_choice":"Forge","damage_taken":0,"max_hp_gain":0,"max_hp_loss":0,"event_name":"Accursed Blacksmith","floor":2,"gold_loss":0,"cards_upgraded":["Poisoned Stab"]},{"damage_healed":0,"gold_gain":0,"player_choice":"Take Wound","damage_taken":0,"relics_obtained":["Golden Idol"],"max_hp_gain":0,"max_hp_loss":0,"event_name":"Golden Idol","floor":4,"gold_loss":0,"cards_obtained":["Injury"]},{"cards_removed":["Calculated Gamble"],"damage_healed":22,"gold_gain":0,"player_choice":"Offered Uncommon","damage_taken":0,"max_hp_gain":0,"max_hp_loss":0,"event_name":"Bonfire Elementals","floor":7,"gold_loss":0}],"is_beta":false,"boss_relics":[{"not_picked":["Snecko Eye","Coffee Dripper"],"picked":"Empty Cage"}],"items_purged_floors":[],"is_endless":false,"potions_floor_spawned":[11,14,16],"killed_by":"Cultist and Chosen","ascension_level":19}}