{"host":"e8rlfedn69rz2s07","time":1608507545,"event":{"mods":["Act Like it!","BaseMod","Conspire","Hubris","Infinite Spire","Minty Spire (QoL Compilation)","Permanent Neow","Relic Stats","Replay The Spire","Shop Mod","StSLib","The Jungle"],"gold_per_floor":[115,133,133,144,94,94,128,128,180,194,227,246,246,246,246,345,345,363,363,363,40,55,55,83,83,83,117,136,136,169,179,179,258,258,270,283,303,317,208,235,235,265,291,291,291],"floor_reached":44,"playtime":8924,"items_purged":["Strike_R"],"score":938,"play_id":"da9154bf-bb09-4be9-97dd-4addfac3d27b","local_time":"20201221013905","is_ascension_mode":true,"campfire_choices":[{"data":"Searing Blow+1","floor":6.0,"key":"SMITH"},{"data":"Searing Blow+2","floor":8.0,"key":"SMITH"},{"data":"Searing Blow+3","floor":13.0,"key":"SMITH"},{"data":"Searing Blow+4","floor":15.0,"key":"SMITH"},{"data":"Searing Blow+5","floor":23.0,"key":"SMITH"},{"data":"Searing Blow+6","floor":25.0,"key":"SMITH"},{"data":"Searing Blow+7","floor":29.0,"key":"SMITH"},{"data":"Searing Blow+8","floor":32.0,"key":"SMITH"},{"data":"Searing Blow+9","floor":41,"key":"SMITH"}],"circlet_count":0,"master_deck":["AscendersBane","Defend_R","Defend_R","Defend_R","Defend_R","Bash","Searing Blow+10","Armaments","Shrug It Off","hubris:SharpeningStone","Headbutt","True Grit","Double Tap","Exhume+1","Rage+1","Blood for Blood+1","conspire:Purge","Shrug It Off","Dual Wield","Offering","Metallicize","ReplayTheSpireMod:Stacked+1","Armaments+1","True Grit"],"relics":["Burning Blood","NeowsBlessing","Boot","Anchor","infinitespire:Beetle Shell","Shuriken","Replay:Grab Bag","hubris:TerracottaHorce","hubris:RunicObelisk","Runic Pyramid","Astrolabe","StoneCalendar","Pantograph","Orichalcum","White Beast Statue","Akabeko","infinitespire:Satchel","Mark of Pain","Pen Nib","MealTicket","Eternal Feather"],"acts_visited":["Exordium","Exordium","TheBeyond"],"potions_floor_usage":[40,42,44,44],"damage_taken":[{"damage":0.0,"enemies":"2 Louse","floor":1.0,"turns":1.0},{"damage":0.0,"enemies":"infinitespire:Voidling","floor":2.0,"turns":1.0},{"damage":0.0,"enemies":"Jaw Worm","floor":4.0,"turns":1.0},{"damage":23.0,"enemies":"Gremlin Nob","floor":7.0,"turns":4.0},{"damage":0.0,"enemies":"Exordium Wildlife","floor":10.0,"turns":3.0},{"damage":20.0,"enemies":"3 Sentries","floor":11.0,"turns":13.0},{"damage":8.0,"enemies":"Exordium Thugs","floor":12.0,"turns":4.0},{"damage":29.0,"enemies":"The Guardian","floor":16.0,"turns":10.0},{"damage":15.0,"enemies":"theJungle:Flameango_and_Byrd","floor":18.0,"turns":5.0},{"damage":6.0,"enemies":"theJungle:5_Spyders","floor":22.0,"turns":7.0},{"damage":32.0,"enemies":"theJungle:2_Phrogs","floor":24.0,"turns":7.0},{"damage":0.0,"enemies":"theJungle:Cassacara","floor":27.0,"turns":3.0},{"damage":0.0,"enemies":"Snake Plant","floor":28.0,"turns":2.0},{"damage":7.0,"enemies":"theJungle:2_Phrogs","floor":30.0,"turns":7.0},{"damage":3.0,"enemies":"theJungle:2_Snecko_Cultists","floor":31.0,"turns":3.0},{"damage":31.0,"enemies":"theJungle:QueenSpyder","floor":33.0,"turns":10.0},{"damage":6.0,"enemies":"Orb Walker","floor":35.0,"turns":3.0},{"damage":24.0,"enemies":"3 Shapes","floor":36.0,"turns":6.0},{"damage":13,"enemies":"Writhing Mass","floor":37,"turns":2},{"damage":14,"enemies":"Spire Growth","floor":38,"turns":4},{"damage":12,"enemies":"R_Hoarder","floor":40,"turns":7},{"damage":14,"enemies":"Giant Head","floor":42,"turns":6},{"damage":28,"enemies":"Reptomancer","floor":44,"turns":2}],"seed_played":"-1567410413757780739","potions_obtained":[{"floor":1.0,"key":"PowerPotion"},{"floor":7.0,"key":"LiquidMemories"},{"floor":27.0,"key":"Fire Potion"},{"floor":28.0,"key":"Energy Potion"},{"floor":30.0,"key":"Weak Potion"},{"floor":33.0,"key":"LiquidMemories"},{"floor":40,"key":"Weak Potion"},{"floor":42,"key":"Explosive Potion"}],"is_trial":false,"path_per_floor":["M","M","?","M","?","R","E","R","T","M","E","M","R","T","R","B",null,"M","AVR","?","$","M","R","E","R","T","E","M","R","E","M","R","B",null,"M","M","M","M","?","E","R","E","T","E"],"character_chosen":"IRONCLAD","items_purchased":["Shrug It Off","Pantograph"],"campfire_rested":0,"item_purchase_floors":[21,21],"current_hp_per_floor":[78,80,80,80,80,80,63,63,63,69,55,53,53,53,53,30,68,59,59,59,59,59,59,33,33,33,39,45,45,44,47,47,47,72,72,54,47,39,39,33,33,25,25,0,0],"gold":291,"neow_bonus":"THREE_ENEMY_KILL","is_daily":false,"chose_seed":false,"campfire_upgraded":9,"win_rate":0.0,"timestamp":1608507545,"path_taken":["M","M","?","?","?","R","E","R","T","M","E","M","R","?","R","BOSS","M","AVR","?","$","M","R","E","R","T","E","?","R","E","M","R","BOSS","M","M","M","M","?","E","R","E","T","E"],"items_purchased_type":["Card","Relic"],"build_version":"2020-12-13","purchased_purges":1,"victory":false,"max_hp_per_floor":[80,80,80,80,80,80,80,80,80,80,80,80,80,80,80,80,80,80,80,80,80,80,80,80,80,80,80,80,80,80,80,80,80,80,80,80,80,80,80,80,80,80,80,80,80],"relic_stats":{"counters":[23,111],"Shuriken":[6],"Astrolabe":["Exhume","Rage","Blood for Blood"],"Pantograph":25,"StoneCalendar":[118],"MealTicket":0,"Eternal Feather":0,"Pen Nib":[1],"Orichalcum":[24],"Boot":[5],"obtain_stats":[{"NeowsBlessing":0,"Replay:Grab Bag":17,"Astrolabe":17,"StoneCalendar":19,"Eternal Feather":42,"infinitespire:Beetle Shell":11,"Pen Nib":39,"hubris:RunicObelisk":17,"Orichalcum":24,"Boot":7,"Burning Blood":0,"White Beast Statue":26,"Akabeko":27,"hubris:TerracottaHorce":17,"Anchor":9,"Shuriken":14,"Pantograph":21,"infinitespire:Satchel":30,"MealTicket":40,"Mark of Pain":34,"Runic Pyramid":17},{"NeowsBlessing":0,"Replay:Grab Bag":8,"Astrolabe":8,"StoneCalendar":9,"Eternal Feather":22,"infinitespire:Beetle Shell":6,"Pen Nib":20,"hubris:RunicObelisk":8,"Orichalcum":11,"Boot":4,"Burning Blood":0,"White Beast Statue":11,"Akabeko":12,"hubris:TerracottaHorce":8,"Anchor":4,"Shuriken":7,"Pantograph":9,"infinitespire:Satchel":14,"MealTicket":21,"Mark of Pain":16,"Runic Pyramid":8},{"NeowsBlessing":0,"Replay:Grab Bag":37,"Astrolabe":37,"StoneCalendar":42,"Eternal Feather":109,"infinitespire:Beetle Shell":23,"Pen Nib":96,"hubris:RunicObelisk":37,"Orichalcum":56,"Boot":7,"Burning Blood":0,"White Beast Statue":56,"Akabeko":59,"hubris:TerracottaHorce":37,"Anchor":7,"Shuriken":27,"Pantograph":42,"infinitespire:Satchel":68,"MealTicket":103,"Mark of Pain":81,"Runic Pyramid":37}],"Burning Blood":122},"card_choices":[{"not_picked":["Clash","Cleave"],"picked":"Searing Blow","floor":1.0},{"not_picked":["True Grit","Clash"],"picked":"Armaments","floor":2.0},{"not_picked":["True Grit","ReplayTheSpireMod:LeadingStrike"],"picked":"Shrug It Off","floor":4.0},{"not_picked":["Infernal Blade","Juggernaut","Life Link"],"picked":"SKIP","floor":7.0},{"not_picked":["Iron Wave","ReplayTheSpireMod:Strike From Hell"],"picked":"hubris:SharpeningStone","floor":10.0},{"not_picked":["Iron Wave","conspire:ExplosiveBarrier"],"picked":"Headbutt","floor":11.0},{"not_picked":["ReplayReversal","Clash"],"picked":"True Grit","floor":12.0},{"not_picked":["Immolate","Demon Form"],"picked":"Double Tap","floor":16.0},{"not_picked":["hubris:CleavingFinish","Perfected Strike","hubris:ReadiedAction"],"picked":"SKIP","floor":18.0},{"not_picked":["Sword Boomerang","Iron Wave","Clothesline"],"picked":"SKIP","floor":22.0},{"not_picked":["Heavy Blade","hubris:SharpeningStone","Headbutt"],"picked":"SKIP","floor":24.0},{"not_picked":["Sword Boomerang+1","Brutality"],"picked":"Dual Wield","floor":27.0},{"not_picked":["Armaments","Sword Boomerang","Entrench"],"picked":"SKIP","floor":28.0},{"not_picked":["Havoc","Defy Death","Replay:Undeath\u0027s Touch+1"],"picked":"SKIP","floor":30.0},{"not_picked":["Anger","Defy Death","Fire Breathing"],"picked":"SKIP","floor":31.0},{"not_picked":["Feed","Corruption"],"picked":"Offering","floor":33.0},{"not_picked":["Flex","Dropkick+1"],"picked":"Metallicize","floor":35.0},{"not_picked":["Heavy Blade","Clash","Havoc"],"picked":"SKIP","floor":36},{"not_picked":["Pommel Strike","hubris:CleavingFinish"],"picked":"ReplayTheSpireMod:Stacked+1","floor":37},{"not_picked":["Sword Boomerang","Feed"],"picked":"Armaments+1","floor":38},{"not_picked":["infinitespire:OneForAll","Eclipse","Combust"],"picked":"SKIP","floor":40},{"not_picked":["Anger+1","Heavy Blade"],"picked":"True Grit","floor":42}],"player_experience":894356,"relics_obtained":[{"floor":7.0,"key":"Boot"},{"floor":9.0,"key":"Anchor"},{"floor":11.0,"key":"infinitespire:Beetle Shell"},{"floor":14.0,"key":"Shuriken"},{"floor":24.0,"key":"Orichalcum"},{"floor":26.0,"key":"White Beast Statue"},{"floor":27.0,"key":"Akabeko"},{"floor":30.0,"key":"infinitespire:Satchel"},{"floor":40,"key":"MealTicket"},{"floor":42,"key":"Eternal Feather"}],"event_choices":[{"damage_healed":0.0,"max_hp_gain":0.0,"max_hp_loss":0.0,"gold_gain":0.0,"event_name":"Upgrade Shrine","player_choice":"Upgraded","floor":3.0,"gold_loss":0.0,"damage_taken":0.0,"cards_upgraded":["Searing Blow"]},{"cards_removed":["Strike_R"],"damage_healed":0.0,"max_hp_gain":0.0,"max_hp_loss":0.0,"gold_gain":0.0,"event_name":"The Cleric","player_choice":"Card Removal","floor":5.0,"gold_loss":50.0,"damage_taken":0.0},{"damage_healed":0.0,"max_hp_gain":0.0,"max_hp_loss":0.0,"gold_gain":0.0,"event_name":"Match and Keep!","player_choice":"1 cards matched","floor":20.0,"gold_loss":0.0,"damage_taken":0.0,"cards_obtained":["conspire:Purge"]},{"damage_healed":0,"gold_gain":0,"player_choice":"Paid Gold","damage_taken":0,"relics_obtained":["Pen Nib"],"max_hp_gain":0,"max_hp_loss":0,"event_name":"WeMeetAgain","floor":39,"gold_loss":109}],"is_beta":false,"boss_relics":[{"not_picked":["Runic Cube","Replay:Wanted Poster"],"picked":"Replay:Grab Bag"},{"not_picked":["Ectoplasm","Sozu"],"picked":"hubris:TerracottaHorce"},{"not_picked":["Runic Dome","Cursed Key"],"picked":"hubris:RunicObelisk"},{"not_picked":["conspire:RunicOctahedron","hubris:Stopwatch"],"picked":"Runic Pyramid"},{"not_picked":["Ring of Chaos","Calling Bell"],"picked":"Astrolabe"},{"not_picked":["conspire:SeveredTorchhead","hubris:CrackedHourglass"],"picked":"Mark of Pain"}],"items_purged_floors":[19],"is_endless":false,"potions_floor_spawned":[1,7,16,27,28,30,31,33,35,36,37,38,40,42],"killed_by":"Reptomancer","ascension_level":12}}