{"host":"5jn3rki867005t18","time":1608452108,"event":{"mods":["AchievementEnabler","BaseMod","Colored Map","Minty Spire (QoL Compilation)","Rare Cards Sparkle","StSLib","SuperFastMode"],"gold_per_floor":[110,130,150,169,183,183,183,203,249,249,79,79,143,156,156,156,156],"floor_reached":16,"playtime":911,"items_purged":[],"score":94,"play_id":"da729b36-ea2e-41e6-9ce9-72475ceb6fd7","local_time":"20201220171508","is_ascension_mode":false,"campfire_choices":[{"data":"Carnage","floor":6,"key":"SMITH"},{"data":"Seeing Red","floor":12,"key":"SMITH"},{"floor":15,"key":"REST"}],"circlet_count":0,"master_deck":["Strike_R+1","Strike_R","Strike_R","Strike_R","Strike_R","Defend_R","Defend_R","Defend_R+1","Defend_R","Bash","Iron Wave","Shrug It Off","Heavy Blade","Carnage+1","Clash","Seeing Red+1","Cleave","Corruption"],"relics":["Burning Blood","Toy Ornithopter","Nunchaku"],"acts_visited":["Exordium"],"potions_floor_usage":[],"damage_taken":[{"damage":15,"enemies":"Jaw Worm","floor":1,"turns":4},{"damage":2,"enemies":"2 Louse","floor":2,"turns":4},{"damage":3,"enemies":"Small Slimes","floor":3,"turns":4},{"damage":10,"enemies":"Looter","floor":4,"turns":3},{"damage":5,"enemies":"Red Slaver","floor":5,"turns":4},{"damage":15,"enemies":"Lots of Slimes","floor":8,"turns":6},{"damage":12,"enemies":"3 Louse","floor":14,"turns":3},{"damage":85,"enemies":"The Guardian","floor":16,"turns":10}],"seed_played":"2582763202509918546","potions_obtained":[{"floor":1,"key":"ColorlessPotion"},{"floor":4,"key":"Dexterity Potion"},{"floor":14,"key":"SkillPotion"}],"is_trial":false,"path_per_floor":["M","M","M","M","M","R","?","M","T","?","$","R","?","M","R","B"],"character_chosen":"IRONCLAD","items_purchased":["Cleave","Nunchaku"],"campfire_rested":1,"item_purchase_floors":[11,11],"current_hp_per_floor":[79,83,86,82,83,83,65,56,56,61,61,61,61,55,82,0,0],"gold":156,"neow_bonus":"TEN_PERCENT_HP_BONUS","is_daily":false,"chose_seed":false,"campfire_upgraded":2,"win_rate":0.0,"timestamp":1608452108,"path_taken":["M","M","M","M","M","R","?","M","T","?","?","R","?","M","R","BOSS"],"items_purchased_type":["Card","Relic"],"build_version":"2020-12-13","purchased_purges":0,"victory":false,"max_hp_per_floor":[88,88,88,88,88,88,88,88,88,93,93,93,93,93,93,93,93],"card_choices":[{"not_picked":["Blood for Blood","Flex"],"picked":"Iron Wave","floor":1},{"not_picked":["Fire Breathing","Iron Wave"],"picked":"Shrug It Off","floor":2},{"not_picked":["Dual Wield","Headbutt"],"picked":"Heavy Blade","floor":3},{"not_picked":["Heavy Blade","Twin Strike"],"picked":"Carnage","floor":4},{"not_picked":["Combust","Warcry"],"picked":"Clash","floor":5},{"not_picked":["Shockwave","Iron Wave"],"picked":"Seeing Red","floor":8},{"not_picked":["Clothesline","Second Wind"],"picked":"Corruption","floor":14}],"player_experience":18166,"relics_obtained":[{"floor":9,"key":"Toy Ornithopter"}],"event_choices":[{"damage_healed":0,"gold_gain":0,"player_choice":"Entered Light","damage_taken":18,"max_hp_gain":0,"max_hp_loss":0,"event_name":"Shining Light","floor":7,"gold_loss":0,"cards_upgraded":["Strike_R","Defend_R"]},{"damage_healed":0,"gold_gain":0,"player_choice":"Donut","damage_taken":0,"max_hp_gain":5,"max_hp_loss":0,"event_name":"Big Fish","floor":10,"gold_loss":0},{"damage_healed":0,"gold_gain":64,"player_choice":"Gained Gold","damage_taken":0,"max_hp_gain":0,"max_hp_loss":0,"event_name":"Golden Wing","floor":13,"gold_loss":0}],"is_beta":false,"boss_relics":[],"items_purged_floors":[],"is_endless":false,"potions_floor_spawned":[1,4,14],"killed_by":"The Guardian","ascension_level":0}}