{"host":"szbnbddwah33j004","time":1608426671,"event":{"mods":["2.2 Compatiblity","AchievementEnabler","Act Like it!","BaseMod","BetterRewards","Challenge The Spire","Colored Map","Colored Powertips","Hubris","Minty Spire (QoL Compilation)","Shop Mod","StSLib","The Hayseed","The Runesmith"],"gold_per_floor":[426,56,82,114,141,141,65,65,92,118,118,118],"floor_reached":11,"playtime":1209,"items_purged":[],"score":105,"play_id":"cf3f61e2-db12-48f1-b68e-9dc2e8af6d0f","local_time":"20201219191111","daily_mods":["challengethespire:Bronze Difficulty","challengethespire:Elite Rush","Uncertain Future"],"is_ascension_mode":false,"campfire_choices":[{"floor":8,"key":"REST"}],"circlet_count":0,"master_deck":["Strike_R","Strike_R","Strike_R","Strike_R","Strike_R","Defend_R","Defend_R","Defend_R","Defend_R","Bash","Discovery","Discovery","Clash","Perfected Strike","Double Tap","Metallicize","Armaments","Pommel Strike","Madness","Inflame","Anger","Impervious+1","Pommel Strike","Heavy Blade","Second Wind+1"],"relics":["Burning Blood","Black Star","Sling","PreservedInsect","DollysMirror","Mercury Hourglass","hubris:FunFungus","Omamori","hubris:Metronome","StoneCalendar","hubris:ToyBattleship","Toxic Egg 2","hubris:Backtick","Lantern","White Beast Statue","Ornamental Fan","hubris:SlimyHat","hubris:BottledRain"],"acts_visited":["Exordium"],"potions_floor_usage":[5,9,10,10,11],"damage_taken":[{"damage":10,"enemies":"Gremlin Nob","floor":3,"turns":3},{"damage":10,"enemies":"3 Sentries","floor":4,"turns":3},{"damage":26,"enemies":"Lagavulin","floor":5,"turns":4},{"damage":39,"enemies":"Gremlin Leader","floor":9,"turns":5},{"damage":26,"enemies":"Slavers","floor":10,"turns":3},{"damage":34,"enemies":"Book of Stabbing","floor":11,"turns":3}],"seed_played":"-6452488275507120306","potions_obtained":[{"floor":4,"key":"Strength Potion"},{"floor":5,"key":"Weak Potion"},{"floor":9,"key":"ElixirPotion"},{"floor":10,"key":"ColorlessPotion"}],"is_trial":true,"path_per_floor":["$","$","E","E","E","T","$","R","E","E","E"],"character_chosen":"IRONCLAD","items_purchased":["Discovery","DollysMirror","Mercury Hourglass","Clash","Perfected Strike","Double Tap","Metallicize","Armaments","Pommel Strike","Madness","Pommel Strike","SteroidPotion"],"campfire_rested":1,"item_purchase_floors":[1,1,1,1,1,2,2,2,2,2,7,7],"current_hp_per_floor":[80,80,76,72,52,52,52,76,43,24,0,0],"gold":118,"neow_bonus":"","is_daily":false,"chose_seed":false,"campfire_upgraded":0,"win_rate":0.0,"timestamp":1608426671,"path_taken":["$","$","E","E","E","T","$","R","E","E","E"],"items_purchased_type":["Card","Relic","Relic","Card","Card","Card","Card","Card","Card","Card","Card","Potion"],"build_version":"2020-12-13","purchased_purges":0,"victory":false,"max_hp_per_floor":[80,80,80,80,80,80,80,80,80,80,80,80],"card_choices":[],"player_experience":80305,"relics_obtained":[{"floor":3,"key":"hubris:FunFungus"},{"floor":3,"key":"Omamori"},{"floor":4,"key":"hubris:Metronome"},{"floor":4,"key":"StoneCalendar"},{"floor":5,"key":"hubris:ToyBattleship"},{"floor":5,"key":"Toxic Egg 2"},{"floor":9,"key":"White Beast Statue"},{"floor":9,"key":"Ornamental Fan"},{"floor":10,"key":"hubris:SlimyHat"},{"floor":10,"key":"hubris:BottledRain"}],"event_choices":[],"is_beta":false,"boss_relics":[{"not_picked":["hubris:RunicObelisk","Runesmith:UraniumAnvil"],"picked":"hubris:Backtick"}],"items_purged_floors":[],"is_endless":false,"potions_floor_spawned":[4,5,9,10],"killed_by":"Book of Stabbing","ascension_level":0}}