{"host":"cyh4fejqtcjbfr7k","time":1608438601,"event":{"mods":["2.2 Compatiblity","AchievementEnabler","BaseMod","Colored Map","Colored Powertips","DeckTracker","Downfall","Googly Eyes","Hubris","Infinite Spire","Minty Spire (QoL Compilation)","Replay The Spire","Shop Mod","StSLib","SuperFastMode","Unceasing Turn Reminder"],"gold_per_floor":[119,119,70,70,70,105,117,164,176,232,244,256,124,161,161,293,293,333,367,409,189,222,253,253,301,301,326,326,326,367,367,367,385,385],"floor_reached":33,"playtime":1395,"items_purged":[],"score":392,"play_id":"d5361bf9-1ae4-4378-91b0-5db9a6586a43","local_time":"20201219213001","is_ascension_mode":true,"campfire_choices":[{"floor":7,"key":"REST"},{"floor":12,"key":"REST"},{"floor":15,"key":"REST"},{"floor":24,"key":"REST"},{"floor":29,"key":"REST"},{"floor":32,"key":"REST"}],"circlet_count":0,"master_deck":["Strike_G","Strike_G","Strike_G","Strike_G","Strike_G","Defend_G+1","Defend_G+1","Defend_G+1","Defend_G+1","Defend_G+1","Survivor","Neutralize","Glass Knife+1","PiercingWail","Dagger Spray","Backflip","Unload","Hidden Blade","Caltrops+1","Dash","Fluid Movement","Acrobatics+1","Crippling Poison+1","Bane","hubris:DuctTapeCard","Blade Dance","Dodge and Roll+1"],"relics":["Ring of the Snake","Replay:Kaleidoscope","Replay:Bandana","hubris:SphereOfDissonance","Thread and Needle","Bag of Preparation","MerchantsRug","Blue Candle","HornCleat","hubris:DuctTape","hubris:CuriousFeather"],"acts_visited":["Exordium","TheCity"],"potions_floor_usage":[8,10,18,22,23,30,30,33],"damage_taken":[{"damage":0,"enemies":"2 Louse","floor":1,"turns":2},{"damage":36,"enemies":"Replay:BlueRogue","floor":6,"turns":8},{"damage":17,"enemies":"3 Sentries","floor":8,"turns":7},{"damage":7,"enemies":"Replay:BlueRogue","floor":10,"turns":4},{"damage":3,"enemies":"3 Sentries","floor":14,"turns":6},{"damage":37,"enemies":"Fading Forest","floor":16,"turns":11},{"damage":0,"enemies":"Spheric Guardian","floor":18,"turns":4},{"damage":16,"enemies":"3 Byrds","floor":19,"turns":4},{"damage":14,"enemies":"Cultist and Chosen","floor":20,"turns":6},{"damage":27,"enemies":"3 Cultists","floor":22,"turns":6},{"damage":6,"enemies":"Book of Stabbing","floor":23,"turns":6},{"damage":34,"enemies":"Gremlin Leader","floor":25,"turns":8},{"damage":18,"enemies":"Snecko","floor":27,"turns":7},{"damage":23,"enemies":"Book of Stabbing","floor":30,"turns":5},{"damage":52,"enemies":"Automaton","floor":33,"turns":6}],"seed_played":"-342627327923442678","potions_obtained":[{"floor":1,"key":"Venom Potion"},{"floor":6,"key":"Block Potion"},{"floor":14,"key":"Elixir"},{"floor":16,"key":"SkillPotion"},{"floor":20,"key":"Weak Potion"},{"floor":22,"key":"Flashbang"},{"floor":27,"key":"AttackPotion"},{"floor":30,"key":"Poison Potion"}],"is_trial":false,"path_per_floor":["M","?","$","?","?","E","R","E","T","E","$","R","$","E","R","B",null,"M","M","M","$","M","E","R","E","T","M","?","R","E","?","R","B"],"character_chosen":"THE_SILENT","items_purchased":["Dagger Spray","Bag of Preparation","Lee\u0027s Waffle","MerchantsRug","Fluid Movement"],"campfire_rested":6,"item_purchase_floors":[3,13,21,21,21],"current_hp_per_floor":[70,75,75,75,75,39,61,44,44,37,37,59,59,56,75,38,75,75,59,45,82,55,49,73,39,39,21,21,45,22,22,46,0,0],"gold":385,"neow_bonus":"ONE_RANDOM_RARE_CARD","is_daily":false,"chose_seed":false,"campfire_upgraded":0,"win_rate":0.0,"timestamp":1608438601,"path_taken":["M","?","$","?","?","E","R","E","T","E","$","R","$","E","R","BOSS","M","?","M","$","M","E","R","E","T","M","?","R","E","?","R","BOSS"],"items_purchased_type":["Card","Relic","Relic","Relic","Card"],"build_version":"2020-12-13","purchased_purges":0,"victory":false,"max_hp_per_floor":[70,75,75,75,75,75,75,75,75,75,75,75,75,75,75,75,75,75,75,75,82,82,82,82,82,82,82,82,82,82,82,82,82,82],"card_choices":[{"not_picked":["Acrobatics","Setup"],"picked":"PiercingWail","floor":1},{"not_picked":["Endless Agony","Backstab"],"picked":"Backflip","floor":6},{"not_picked":["Deadly Poison","Underhanded Strike"],"picked":"Unload","floor":8},{"not_picked":["Phantasmal Killer","Toxin Wave"],"picked":"Tactician","floor":10},{"not_picked":["Concentrate","ReplayTheSpireMod:Speed Training"],"picked":"Hidden Blade","floor":14},{"not_picked":["Deadly Poison+1","Deflect"],"picked":"Caltrops+1","floor":18},{"not_picked":["Bane","Sucker Punch"],"picked":"Tactician+1","floor":19},{"not_picked":["ReplayTheSpireMod:Exploit Weakness","Dodge and Roll"],"picked":"Dash","floor":20},{"not_picked":["Hidden Blade","hubris:TrickCloak"],"picked":"Acrobatics+1","floor":22},{"not_picked":["Concentrate","Backflip"],"picked":"Crippling Poison+1","floor":23},{"not_picked":["Dodge and Roll","Blur"],"picked":"Bane","floor":25},{"not_picked":["Crippling Poison","Underhanded Strike+1"],"picked":"Blade Dance","floor":27},{"not_picked":["All Out Attack","Sucker Punch"],"picked":"Dodge and Roll+1","floor":30}],"player_experience":591382,"relics_obtained":[{"floor":4,"key":"Replay:Kaleidoscope"},{"floor":6,"key":"MawBank"},{"floor":8,"key":"Replay:Bandana"},{"floor":9,"key":"hubris:SphereOfDissonance"},{"floor":10,"key":"Thread and Needle"},{"floor":14,"key":"Replay:Bottled Eggs"},{"floor":23,"key":"Blue Candle"},{"floor":25,"key":"HornCleat"},{"floor":26,"key":"hubris:DuctTape"},{"floor":30,"key":"hubris:CuriousFeather"}],"event_choices":[{"damage_healed":0,"gold_gain":0,"player_choice":"Donut","damage_taken":0,"max_hp_gain":5,"max_hp_loss":0,"event_name":"Big Fish","floor":2,"gold_loss":0},{"damage_healed":0,"gold_gain":0,"player_choice":"Forge","damage_taken":0,"max_hp_gain":0,"max_hp_loss":0,"event_name":"Accursed Blacksmith","floor":5,"gold_loss":0,"cards_upgraded":["Glass Knife"]},{"damage_healed":0,"gold_gain":0,"player_choice":"Ignored","damage_taken":0,"max_hp_gain":0,"max_hp_loss":0,"event_name":"Beggar","floor":28,"gold_loss":0}],"is_beta":false,"boss_relics":[{"not_picked":["hubris:GrandSneckoEye","ReplayTheSpireMod:SealedPack","Busted Crown"]}],"items_purged_floors":[],"is_endless":false,"potions_floor_spawned":[1,6,14,16,20,22,27,30],"killed_by":"Automaton","ascension_level":4}}