{"host":"6pgtslebjnyv5xmi","time":1608452854,"event":{"mods":["AchievementEnabler","BaseMod","Colored Map","Minty Spire (QoL Compilation)","Rare Cards Sparkle","SuperFastMode","everything is the same but u backflip on backflip"],"gold_per_floor":[114,114,68,85,85,110,124,142,142,142,20,20,20,31,31,31,31],"floor_reached":16,"playtime":464,"items_purged":["Strike_R"],"score":131,"play_id":"8b3b6ec8-c8e3-4ac9-8758-2c95ad83e37a","local_time":"20201220172734","is_ascension_mode":true,"campfire_choices":[{"data":"Body Slam","floor":10,"key":"SMITH"},{"data":"Defend_R","floor":15,"key":"PURGE"}],"circlet_count":0,"master_deck":["Strike_R","Strike_R","Strike_R+1","Strike_R","Defend_R+1","Defend_R","Defend_R","Bash","Body Slam+1","Shrug It Off","Feed","Power Through","Ghostly Armor","Shrug It Off"],"relics":["Burning Blood","NeowsBlessing","GremlinMask","TungstenRod","Calipers","Peace Pipe","The Courier"],"acts_visited":["Exordium"],"potions_floor_usage":[16,16],"damage_taken":[{"damage":0,"enemies":"2 Louse","floor":1,"turns":1},{"damage":0,"enemies":"Cultist","floor":4,"turns":1},{"damage":0,"enemies":"3 Sentries","floor":6,"turns":2},{"damage":1,"enemies":"Small Slimes","floor":7,"turns":4},{"damage":55,"enemies":"Exordium Thugs","floor":8,"turns":9},{"damage":0,"enemies":"Blue Slaver","floor":14,"turns":4},{"damage":25,"enemies":"The Guardian","floor":16,"turns":5}],"seed_played":"-3896006562279986623","potions_obtained":[{"floor":8,"key":"SteroidPotion"},{"floor":14,"key":"ColorlessPotion"}],"is_trial":false,"path_per_floor":["M","?","$","M","?","E","M","M","T","R","$","T","?","M","R","B"],"character_chosen":"IRONCLAD","items_purchased":["Shrug It Off","Shrug It Off"],"campfire_rested":0,"item_purchase_floors":[3,11],"current_hp_per_floor":[80,80,80,80,62,68,76,30,30,30,30,30,14,23,23,0,0],"gold":31,"neow_bonus":"THREE_ENEMY_KILL","is_daily":false,"chose_seed":false,"campfire_upgraded":1,"win_rate":0.0,"timestamp":1608452854,"path_taken":["M","?","?","?","?","E","M","M","T","R","?","?","?","?","R","BOSS"],"items_purchased_type":["Card","Card"],"build_version":"2020-12-13","purchased_purges":1,"victory":false,"max_hp_per_floor":[80,80,80,80,80,80,83,86,86,86,86,86,86,89,89,89,89],"card_choices":[{"not_picked":["Perfected Strike","Wild Strike"],"picked":"Body Slam","floor":1},{"not_picked":["Cleave","Uppercut","Heavy Blade"],"picked":"SKIP","floor":4},{"not_picked":["Cleave","Thunderclap"],"picked":"Feed","floor":6},{"not_picked":["Heavy Blade","Warcry"],"picked":"Power Through","floor":7},{"not_picked":["Twin Strike","Warcry"],"picked":"Ghostly Armor","floor":8},{"not_picked":["Iron Wave","Evolve","Warcry"],"picked":"SKIP","floor":14}],"player_experience":278325,"relics_obtained":[{"floor":6,"key":"Calipers"},{"floor":9,"key":"Peace Pipe"},{"floor":12,"key":"The Courier"}],"event_choices":[{"damage_healed":0,"gold_gain":0,"player_choice":"Trade","damage_taken":0,"relics_obtained":["GremlinMask"],"max_hp_gain":0,"max_hp_loss":0,"event_name":"FaceTrader","floor":2,"gold_loss":0},{"damage_healed":0,"gold_gain":0,"player_choice":"Success","damage_taken":18,"relics_obtained":["TungstenRod"],"max_hp_gain":0,"max_hp_loss":0,"event_name":"Scrap Ooze","floor":5,"gold_loss":0},{"damage_healed":0,"gold_gain":0,"player_choice":"Entered Light","damage_taken":17,"max_hp_gain":0,"max_hp_loss":0,"event_name":"Shining Light","floor":13,"gold_loss":0,"cards_upgraded":["Strike_R","Defend_R"]}],"is_beta":false,"boss_relics":[],"items_purged_floors":[11],"is_endless":false,"potions_floor_spawned":[8,14],"killed_by":"The Guardian","ascension_level":1}}