{"host":"1t0goru2vbnnqaq4","time":1608482581,"event":{"mods":["2.2 Compatiblity","Act Like it!","Alarm Clock","BaseMod","Better Altar","Better Match","Better Note","Better Sensory Stone","Better Skull","Better Vampires","BetterRewards","Disable Question Mark Monsters","Downfall","Marked Mod","Mimic Mod","Minty Spire (QoL Compilation)","Rare Cards Sparkle","Replay The Spire","Spicy Shops","StSLib","Wandering Minibosses"],"gold_per_floor":[0,18,18,3,31,46,46,59,59,86,99,99,99,113,132,236,236,98,115,115,115,127,127,153,153,153,153],"floor_reached":26,"playtime":2444,"items_purged":[],"score":266,"play_id":"eda9d75b-772f-4901-99e0-203d266271f1","local_time":"20201220114301","is_ascension_mode":false,"campfire_choices":[{"floor":1,"key":"RECALL"},{"data":"sneckomod:SnekBite","floor":9,"key":"SMITH"},{"floor":23,"key":"DIG"},{"floor":25,"key":"DIG"}],"circlet_count":0,"master_deck":["sneckomod:Strike","sneckomod:Strike","sneckomod:Strike","sneckomod:Defend","sneckomod:Defend","sneckomod:Defend","sneckomod:TailWhip","sneckomod:SnekBite+1","sneckomod:Unknown","sneckomod:Unknown","sneckomod:IronFang","sneckomod:UnknownRarePower+1","sneckomod:UnknownCommonAttack","sneckomod:UnknownBlock","sneckomod:WideSting","sneckomod:UnknownVulnerable","sneckomod:UnknownStrength","sneckomod:SoulDraw","Sickly","sneckomod:SnekBite","Dagger Throw","sneckomod:UnknownUncommonPower","sneckomod:Transmogrify","sneckomod:UnknownStrike","sneckomod:SoulCleanse+1","CommonCold"],"relics":["sneckomod:SuperSneckoSoul","Mango","Shuriken","m_SnakeBloodCore","downfall:HeartBlessingRed","downfall:HeartBlessingBlue","downfall:HeartBlessingGreen","sneckomod:BabySnecko","Nilry\u0027s Codex","Shovel","Replay:PocketPolymizer","Simple Rune"],"acts_visited":["Exordium","TheCity"],"potions_floor_usage":[16,16,16,26],"damage_taken":[{"damage":0,"enemies":"Cultist","floor":2,"turns":3},{"damage":0,"enemies":"downfall:FleeingMerchant","floor":4,"turns":4},{"damage":11,"enemies":"3 Sentries","floor":5,"turns":10},{"damage":9,"enemies":"Jaw Worm","floor":6,"turns":3},{"damage":0,"enemies":"2 Louse","floor":8,"turns":2},{"damage":21,"enemies":"Gremlin Nob","floor":10,"turns":6},{"damage":10,"enemies":"Blue Slaver","floor":11,"turns":3},{"damage":0,"enemies":"Large Slime","floor":14,"turns":2},{"damage":34,"enemies":"Exordium Thugs","floor":15,"turns":4},{"damage":10,"enemies":"downfall:Watcher","floor":16,"turns":8},{"damage":63,"enemies":"3 Byrds","floor":19,"turns":5},{"damage":29,"enemies":"Spheric Guardian","floor":22,"turns":5},{"damage":52,"enemies":"Slavers","floor":26,"turns":3}],"seed_played":"6085571183919079384","potions_obtained":[{"floor":5,"key":"PowerPotion"},{"floor":6,"key":"ColorlessPotion"},{"floor":15,"key":"SkillPotion"},{"floor":16,"key":"Milkshake"},{"floor":16,"key":"Ancient Potion"},{"floor":19,"key":"BlessingOfTheForge"}],"is_trial":false,"path_per_floor":["R","M","?","$","E","M","T","M","R","E","M","?","?","M","M","B",null,"R","M","?","?","M","R","T","R","E"],"character_chosen":"THE_SNECKO","items_purchased":[],"campfire_rested":0,"item_purchase_floors":[],"current_hp_per_floor":[104,104,105,106,96,87,87,88,88,68,58,58,58,61,31,24,126,136,91,91,75,49,49,49,49,0,0],"gold":153,"neow_bonus":"ONE_RARE_RELIC","is_daily":false,"chose_seed":false,"campfire_upgraded":1,"win_rate":0.0,"timestamp":1608482581,"path_taken":["R","?","?","$","E","M","T","?","R","E","M","?","?","M","M","BOSS","R","M","?","?","M","R","T","R","E"],"items_purchased_type":[],"build_version":"2020-12-13","purchased_purges":0,"victory":false,"max_hp_per_floor":[104,104,105,106,107,107,107,108,108,109,109,109,109,109,110,110,126,136,136,136,136,136,136,136,136,136,136],"card_choices":[{"not_picked":["sneckomod:UnknownStrength","sneckomod:UnknownBlock"],"picked":"sneckomod:IronFang","floor":2},{"not_picked":["sneckomod:DiceBoulder","sneckomod:SlitherStrike"],"picked":"sneckomod:UnknownCommonAttack","floor":4},{"not_picked":["sneckomod:UnknownClassHEXA_GHOST_PURPLE","sneckomod:PureSnecko"],"picked":"sneckomod:UnknownBlock","floor":5},{"not_picked":["sneckomod:MixItUp","sneckomod:UnknownUncommonAttack"],"picked":"sneckomod:WideSting","floor":6},{"not_picked":["sneckomod:UnknownStrike","sneckomod:QuickBite"],"picked":"sneckomod:UnknownVulnerable","floor":8},{"not_picked":["sneckomod:UnknownWeak","sneckomod:DangerNoodle"],"picked":"sneckomod:UnknownStrength","floor":10},{"not_picked":["sneckomod:Nope","sneckomod:CheapStock"],"picked":"sneckomod:SoulDraw","floor":11},{"not_picked":["sneckomod:RainOfDice","sneckomod:Unknown1Cost"],"picked":"Dagger Throw","floor":14},{"not_picked":["Havoc","sneckomod:UnknownWeak"],"picked":"sneckomod:UnknownUncommonPower","floor":15},{"not_picked":["Eclipse","sneckomod:Mudshield"],"picked":"sneckomod:Transmogrify","floor":16},{"not_picked":["sneckomod:UnknownVulnerable","sneckomod:Unknown1Cost"],"picked":"sneckomod:UnknownStrike","floor":19},{"not_picked":["sneckomod:UnknownExhaust","sneckomod:CheapStock"],"picked":"sneckomod:SoulCleanse+1","floor":22}],"player_experience":689270,"relics_obtained":[{"floor":5,"key":"Torii"},{"floor":10,"key":"Shuriken"},{"floor":19,"key":"Shovel"},{"floor":21,"key":"Nilry\u0027s Codex"},{"floor":22,"key":"Shovel"},{"floor":23,"key":"Replay:PocketPolymizer"},{"floor":24,"key":"Simple Rune"},{"floor":25,"key":"Potion Belt"}],"event_choices":[{"cards_removed":["sneckomod:SnekBite"],"damage_healed":0,"gold_gain":0,"player_choice":"Take \u0026 Give","damage_taken":0,"max_hp_gain":0,"max_hp_loss":0,"event_name":"betterNote:BetterNote","floor":3,"gold_loss":0,"cards_obtained":["sneckomod:UnknownRarePower"]},{"damage_healed":0,"gold_gain":1,"player_choice":"4","damage_taken":0,"max_hp_gain":0,"max_hp_loss":0,"event_name":"betterStone:BetterStone","floor":13,"gold_loss":0,"cards_obtained":["sneckomod:SnekBite"]}],"is_beta":false,"boss_relics":[{"not_picked":["Kintsugi","Replay:Grab Bag"],"picked":"sneckomod:SuperSneckoSoul"}],"items_purged_floors":[],"is_endless":false,"potions_floor_spawned":[5,6,15,16,19,22],"killed_by":"Slavers","ascension_level":0}}