{"host":"gbop6m4qugddaz18","time":1608499801,"event":{"mods":["2.2 Compatiblity","BaseMod","Better Third Choice","Block Reminder","Downfall","GifTheSpireLib","Highlight Path","Minty Spire (QoL Compilation)","Replay The Spire","StSLib"],"gold_per_floor":[116,127,147,167,184,184,210,17,62,134,134,134,161,177,177,273,273,283,283,283,223,75,75,107,119,131,154,166,178,178],"floor_reached":29,"playtime":1295,"items_purged":[],"score":288,"play_id":"49b74211-6af6-4378-97b0-f034879a1440","local_time":"20201220163001","is_ascension_mode":true,"campfire_choices":[{"data":"Doom and Gloom","floor":6,"key":"SMITH"},{"floor":15,"key":"REST"},{"floor":23,"key":"REST"},{"floor":25,"key":"REST"}],"circlet_count":0,"master_deck":["Strike_B","Strike_B","Strike_B+1","Strike_B","Defend_B","Defend_B","Defend_B","Defend_B","Zap","Dualcast","Ball Lightning","Leap","Sweeping Beam","Go for the Eyes","Doom and Gloom+1","Static Discharge","Conserve Battery+1","Steam+1","Coolheaded","Creative AI","ReplayTheSpireMod:Faulty Equipment","Slimebound:Icky","Chaos","Necronomicurse","Melter+1","Conserve Battery"],"relics":["Runic Dome","ReplayTheSpireMod:Ninjato","Gremlin Food","Regal Pillow","ReplayTheSpireMod:Shallot","Replay:Ancient Bell","ReplayFunnel","Frozen Egg 2","Bird Faced Urn","betterThird:NestCultRelic","Necronomicon","MealTicket","MawBank","Replay:Mystery Machine","Spirit Poop"],"acts_visited":["Exordium","TheCity"],"potions_floor_usage":[16,16,16],"damage_taken":[{"damage":0,"enemies":"Cultist","floor":1,"turns":4},{"damage":12,"enemies":"Jaw Worm","floor":2,"turns":2},{"damage":2,"enemies":"2 Louse","floor":3,"turns":3},{"damage":6,"enemies":"Looter","floor":4,"turns":3},{"damage":6,"enemies":"2 Fungi Beasts","floor":5,"turns":3},{"damage":15,"enemies":"Gremlin Nob","floor":7,"turns":4},{"damage":25,"enemies":"Lagavulin","floor":13,"turns":5},{"damage":1,"enemies":"3 Louse","floor":14,"turns":3},{"damage":15,"enemies":"The Guardian","floor":16,"turns":9},{"damage":30,"enemies":"Spheric Guardian","floor":18,"turns":6},{"damage":57,"enemies":"Gremlin Leader","floor":24,"turns":7},{"damage":0,"enemies":"3 Byrds","floor":27,"turns":3},{"damage":60,"enemies":"Slavers","floor":29,"turns":4}],"seed_played":"-6187291230939272370","potions_obtained":[{"floor":2,"key":"Venom Potion"},{"floor":5,"key":"Strength Potion"},{"floor":7,"key":"Strength Potion"},{"floor":16,"key":"SteroidPotion"},{"floor":27,"key":"Toxic Potion"}],"is_trial":false,"path_per_floor":["M","M","M","M","M","R","E","$","T","?","?","?","E","M","R","B",null,"M","?","?","?","$","R","E","R","T","M","?","E"],"character_chosen":"DEFECT","items_purchased":["Gremlin Food","Sweeping Beam","MealTicket"],"campfire_rested":3,"item_purchase_floors":[8,8,22],"current_hp_per_floor":[75,63,61,55,49,49,34,34,34,34,59,59,34,33,70,55,75,47,47,31,31,31,68,17,54,54,54,54,0,0],"gold":178,"neow_bonus":"BOSS_RELIC","is_daily":false,"chose_seed":false,"campfire_upgraded":1,"win_rate":0.0,"timestamp":1608499801,"path_taken":["M","M","?","M","M","R","E","$","T","?","?","?","E","M","R","BOSS","M","?","?","?","$","R","E","R","T","M","?","E"],"items_purchased_type":["Relic","Card","Relic"],"build_version":"2020-12-13","purchased_purges":0,"victory":false,"max_hp_per_floor":[75,75,75,75,75,75,75,75,75,75,75,75,75,75,75,75,75,75,75,75,75,75,75,75,75,75,75,75,75,75],"card_choices":[{"not_picked":["Beam Cell","Redo"],"picked":"Ball Lightning","floor":1},{"not_picked":["Melter","Hologram"],"picked":"Leap","floor":2},{"not_picked":["Streamline","Hologram"],"picked":"Sweeping Beam","floor":3},{"not_picked":["Beam Cell","Barrage"],"picked":"Go for the Eyes","floor":4},{"not_picked":["Blizzard","Glacier"],"picked":"Doom and Gloom","floor":5},{"not_picked":["ReplayTheSpireMod:Calculation Training","FIFO Queue"],"picked":"Static Discharge","floor":7},{"not_picked":["BasicCrystalCard","Scrape"],"picked":"Steam","floor":13},{"not_picked":["Redo","Tempest"],"picked":"Coolheaded","floor":14},{"not_picked":["Mirror Shield","ReplayTheSpireMod:Fabricate Wheel"],"picked":"Creative AI","floor":16},{"not_picked":["Writhe","Voices"],"picked":"ReplayTheSpireMod:Faulty Equipment","floor":17},{"not_picked":["Delirium","Regret"],"picked":"Slimebound:Icky","floor":17},{"not_picked":["Looming Evil","ReplayTheSpireMod:Restless Dread"],"picked":"Writhe","floor":17},{"not_picked":["Storm+1","Cold Snap"],"picked":"Chaos","floor":18},{"not_picked":["Hologram","Streamline"],"picked":"Melter","floor":24},{"not_picked":["Chaos","Panic Button"],"picked":"Conserve Battery","floor":27}],"player_experience":504271,"relics_obtained":[{"floor":7,"key":"ReplayTheSpireMod:Ninjato"},{"floor":9,"key":"Regal Pillow"},{"floor":13,"key":"ReplayTheSpireMod:Shallot"},{"floor":20,"key":"Necronomicon"},{"floor":24,"key":"MawBank"},{"floor":26,"key":"Replay:Mystery Machine"}],"event_choices":[{"damage_healed":0,"gold_gain":72,"player_choice":"Gained Gold","damage_taken":0,"max_hp_gain":0,"max_hp_loss":0,"event_name":"Golden Wing","floor":10,"gold_loss":0},{"damage_healed":25,"gold_gain":0,"player_choice":"Banana","damage_taken":0,"max_hp_gain":0,"max_hp_loss":0,"event_name":"Big Fish","floor":11,"gold_loss":0},{"damage_healed":0,"gold_gain":0,"player_choice":"Madness","damage_taken":0,"relics_obtained":["betterThird:NestCultRelic"],"max_hp_gain":0,"max_hp_loss":0,"event_name":"betterThird:BetterNest","floor":19,"gold_loss":0},{"damage_healed":0,"gold_gain":0,"player_choice":"Obtained Book","damage_taken":16,"max_hp_gain":0,"max_hp_loss":0,"event_name":"Cursed Tome","floor":20,"gold_loss":0},{"cards_removed":["Writhe"],"damage_healed":0,"gold_gain":0,"player_choice":"Offered Curse","damage_taken":0,"relics_obtained":["Spirit Poop"],"max_hp_gain":0,"max_hp_loss":0,"event_name":"Bonfire Elementals","floor":28,"gold_loss":0}],"is_beta":false,"boss_relics":[{"not_picked":["Busted Crown","Inserter"],"picked":"Replay:Ancient Bell"},{"not_picked":["Omamori","Replay:Rubber Ducky"],"picked":"ReplayFunnel"},{"not_picked":["Molten Egg 2","White Beast Statue"],"picked":"Frozen Egg 2"},{"not_picked":["Incense Burner","Mango"],"picked":"Bird Faced Urn"}],"items_purged_floors":[],"is_endless":false,"potions_floor_spawned":[2,5,7,16,27],"killed_by":"Slavers","ascension_level":3}}