{"host":"4evnc443c98ww2zl","time":1608426239,"event":{"mods":["BaseMod","Better Third Choice","Hermit","Koishi","Minty Spire (QoL Compilation)","Remilia??????","Robot Space Explorer","StSLib","The Administrix","The Animator","The Bug Knight","The Cursed","TheSwordswoman"],"gold_per_floor":[118,128,0,17,30,61,76,103,103,103,103,118,134,152,152,253,253,273,286,286,299,56,56,88,108,133,160,160,190,190,216,216,216,216],"floor_reached":33,"playtime":4386,"items_purged":[],"score":389,"play_id":"fa451a22-3fb2-444a-8e5a-06bb23b66acf","local_time":"20201219190359","is_ascension_mode":false,"campfire_choices":[{"floor":10.0,"key":"RECALL"},{"floor":15.0,"key":"REST"},{"data":"RobotSpaceExplorer:Pulsar","floor":23,"key":"SMITH"},{"floor":28,"key":"REST"},{"floor":32,"key":"REST"}],"circlet_count":0,"master_deck":["RobotSpaceExplorer:Strike","RobotSpaceExplorer:Strike","RobotSpaceExplorer:Strike","RobotSpaceExplorer:Strike","RobotSpaceExplorer:Defend","RobotSpaceExplorer:Defend","RobotSpaceExplorer:Defend","RobotSpaceExplorer:Defend","RobotSpaceExplorer:Scan","RobotSpaceExplorer:MiniLasers","RobotSpaceExplorer:ScrapShield","RobotSpaceExplorer:Pulsar+1","Enlightenment","RobotSpaceExplorer:MetalStrike","RobotSpaceExplorer:LuckyStrike","RobotSpaceExplorer:ScrapMissile","RobotSpaceExplorer:GearShield","RobotSpaceExplorer:Accelerator","RobotSpaceExplorer:Probe","RobotSpaceExplorer:ImprovisedAttack","RobotSpaceExplorer:Comet","RobotSpaceExplorer:Pulsar+1","RobotSpaceExplorer:Ammunition+1","RobotSpaceExplorer:Pulsar+1","RobotSpaceExplorer:Fix","RobotSpaceExplorer:ScrapMissile","RobotSpaceExplorer:Pulsar","RobotSpaceExplorer:Comet","RobotSpaceExplorer:Blaster"],"relics":["RobotSpaceExplorer:RoboCore","Thread and Needle","Blue Candle","Sozu","Gremlin Horn","Torii","Art of War","Bag of Marbles","Anchor","Shovel"],"acts_visited":["Exordium","TheCity"],"potions_floor_usage":[18,29],"damage_taken":[{"damage":2.0,"enemies":"2 Louse","floor":1.0,"turns":3.0},{"damage":0.0,"enemies":"Cultist","floor":2.0,"turns":4.0},{"damage":1.0,"enemies":"Small Slimes","floor":4.0,"turns":4.0},{"damage":1.0,"enemies":"Looter","floor":5.0,"turns":3.0},{"damage":46.0,"enemies":"Lagavulin","floor":6.0,"turns":15.0},{"damage":4.0,"enemies":"Red Slaver","floor":7.0,"turns":3.0},{"damage":6.0,"enemies":"3 Sentries","floor":8.0,"turns":8.0},{"damage":0.0,"enemies":"Exordium Wildlife","floor":12.0,"turns":4.0},{"damage":4.0,"enemies":"Exordium Thugs","floor":13.0,"turns":4.0},{"damage":0.0,"enemies":"Gremlin Gang","floor":14.0,"turns":6.0},{"damage":35.0,"enemies":"Slime Boss","floor":16.0,"turns":14.0},{"damage":0,"enemies":"Spheric Guardian","floor":18,"turns":4},{"damage":13,"enemies":"Chosen and Byrds","floor":19,"turns":8},{"damage":0,"enemies":"Centurion and Healer","floor":21,"turns":6},{"damage":23,"enemies":"Gremlin Leader","floor":24,"turns":7},{"damage":53,"enemies":"3 Cultists","floor":25,"turns":7},{"damage":0,"enemies":"HollowMod:Nosk","floor":27,"turns":7},{"damage":19,"enemies":"Slavers","floor":29,"turns":6},{"damage":3,"enemies":"Book of Stabbing","floor":31,"turns":6},{"damage":70,"enemies":"Champ","floor":33,"turns":8}],"seed_played":"8650602622788540427","potions_obtained":[{"floor":1.0,"key":"SmokeBomb"},{"floor":7.0,"key":"GamblersBrew"},{"floor":13.0,"key":"SkillPotion"},{"floor":14.0,"key":"Dexterity Potion"},{"floor":16.0,"key":"Block Potion"}],"is_trial":false,"path_per_floor":["M","M","?","M","M","E","M","E","T","R","?","M","M","M","R","B",null,"M","M","?","M","$","R","E","M","T","E","R","E","?","E","R","B"],"character_chosen":"RobotSpaceExplorer","items_purchased":["Gremlin Horn"],"campfire_rested":3,"item_purchase_floors":[22],"current_hp_per_floor":[80,80,86,85,84,38,34,28,28,28,28,28,24,24,50,15,88,88,75,75,75,75,75,56,7,7,11,37,22,22,23,49,0,0],"gold":216,"neow_bonus":"TEN_PERCENT_HP_BONUS","is_daily":false,"chose_seed":false,"campfire_upgraded":1,"win_rate":0.0,"timestamp":1608426239,"path_taken":["M","M","?","M","M","E","M","E","T","R","?","M","?","M","R","BOSS","M","?","?","M","$","R","E","?","T","E","R","E","?","E","R","BOSS"],"items_purchased_type":["Relic"],"build_version":"2020-12-13","purchased_purges":0,"victory":false,"max_hp_per_floor":[82,82,88,88,88,88,88,88,88,88,88,88,88,88,88,88,88,88,88,88,88,88,88,88,88,88,88,88,88,88,88,88,88,88],"card_choices":[{"not_picked":["RobotSpaceExplorer:ShovelStrike","RobotSpaceExplorer:GlueShot"],"picked":"RobotSpaceExplorer:ScrapShield","floor":1.0},{"not_picked":["RobotSpaceExplorer:Counterblock","RobotSpaceExplorer:FreezingShield"],"picked":"RobotSpaceExplorer:Pulsar","floor":2.0},{"not_picked":["RobotSpaceExplorer:SurgingStrike","RobotSpaceExplorer:SwiftStep"],"picked":"RobotSpaceExplorer:MetalStrike","floor":4.0},{"not_picked":["RobotSpaceExplorer:Ammunition","RobotSpaceExplorer:FranticSearch"],"picked":"RobotSpaceExplorer:LuckyStrike","floor":5.0},{"not_picked":["RobotSpaceExplorer:SlimeMissile","RobotSpaceExplorer:DoubleFind"],"picked":"RobotSpaceExplorer:ScrapMissile","floor":6.0},{"not_picked":["RobotSpaceExplorer:Smokescreen","RobotSpaceExplorer:FrostMissile"],"picked":"RobotSpaceExplorer:GearShield","floor":7.0},{"not_picked":["RobotSpaceExplorer:Calculate","RobotSpaceExplorer:JunkDive"],"picked":"RobotSpaceExplorer:Accelerator","floor":8.0},{"not_picked":["RobotSpaceExplorer:SurgingStrike","RobotSpaceExplorer:FranticSearch","RobotSpaceExplorer:FrostMissile"],"picked":"SKIP","floor":12.0},{"not_picked":["RobotSpaceExplorer:ShockKick","RobotSpaceExplorer:ToxicBomb"],"picked":"RobotSpaceExplorer:Probe","floor":13.0},{"not_picked":["RobotSpaceExplorer:Wormhole","RobotSpaceExplorer:Discharger"],"picked":"RobotSpaceExplorer:ImprovisedAttack","floor":14.0},{"not_picked":["RobotSpaceExplorer:ChargingLaser","RobotSpaceExplorer:Accelerator"],"picked":"RobotSpaceExplorer:Comet","floor":16.0},{"not_picked":["RobotSpaceExplorer:ToxicBomb","RobotSpaceExplorer:FranticSearch"],"picked":"RobotSpaceExplorer:Pulsar+1","floor":18},{"not_picked":["RobotSpaceExplorer:MetalStrike+1","RobotSpaceExplorer:DoubleBlock"],"picked":"RobotSpaceExplorer:Ammunition+1","floor":19},{"not_picked":["RobotSpaceExplorer:SwiftStep","RobotSpaceExplorer:TurboDodge"],"picked":"RobotSpaceExplorer:Fix","floor":21},{"not_picked":["RobotSpaceExplorer:DoubleBlock","RobotSpaceExplorer:GlueShot","RobotSpaceExplorer:FrostMissile"],"picked":"SKIP","floor":24},{"not_picked":["RobotSpaceExplorer:StunGrenade+1","RobotSpaceExplorer:SurgingStrike"],"picked":"RobotSpaceExplorer:ScrapMissile","floor":25},{"not_picked":["RobotSpaceExplorer:SwiftStep","RobotSpaceExplorer:ImprovisedAttack"],"picked":"RobotSpaceExplorer:Pulsar","floor":27},{"not_picked":["RobotSpaceExplorer:Probe","RobotSpaceExplorer:ShockKick+1"],"picked":"RobotSpaceExplorer:Comet","floor":29},{"not_picked":["RobotSpaceExplorer:FranticSearch","RobotSpaceExplorer:MiniDrones"],"picked":"RobotSpaceExplorer:Blaster","floor":31}],"player_experience":1053573,"relics_obtained":[{"floor":6.0,"key":"Thread and Needle"},{"floor":8.0,"key":"Blue Candle"},{"floor":24,"key":"Torii"},{"floor":26,"key":"Art of War"},{"floor":29,"key":"Bag of Marbles"},{"floor":31,"key":"Anchor"},{"floor":31,"key":"Shovel"}],"event_choices":[{"damage_healed":0.0,"max_hp_gain":0.0,"max_hp_loss":0.0,"gold_gain":0.0,"event_name":"betterThird:BetterSerpent","player_choice":"RENOUNCE","floor":3.0,"gold_loss":128.0,"damage_taken":128.0,"cards_obtained":["Enlightenment"]},{"damage_healed":0.0,"max_hp_gain":0.0,"max_hp_loss":0.0,"gold_gain":0.0,"event_name":"NoteForYourself","player_choice":"Ignored","floor":11.0,"gold_loss":0.0,"damage_taken":0.0},{"damage_healed":0,"gold_gain":0,"player_choice":"Copied","damage_taken":0,"max_hp_gain":0,"max_hp_loss":0,"event_name":"Duplicator","floor":20,"gold_loss":0,"cards_obtained":["RobotSpaceExplorer:Pulsar"]},{"damage_healed":0,"gold_gain":0,"player_choice":"1 cards matched","damage_taken":0,"max_hp_gain":0,"max_hp_loss":0,"event_name":"Match and Keep!","floor":30,"gold_loss":0,"cards_obtained":["RobotSpaceExplorer:LuckyFind"]}],"is_beta":false,"boss_relics":[{"not_picked":["Calling Bell","Runic Dome"],"picked":"Sozu"}],"items_purged_floors":[],"is_endless":false,"potions_floor_spawned":[1,7,13,14,16,25,27,29,31],"killed_by":"Champ","ascension_level":0}}