{"host":"0kaxg9rjckhp4v2r","time":1608431936,"event":{"mods":["AchievementEnabler","BaseMod","Bestiary","Better Altar","Better Match","Better Note","Better Sensory Stone","Better Silent Start","Better Skull","Better Third Choice","Better-Laid Plans","Colored Powertips","Disable Question Mark Monsters","Emptier Cage","Melee Mod","Minty Spire (QoL Compilation)","Quick Restart","SacredBarkPlus","StSLib","The Marked","The Senshi","TheFirefly","Unceasing Turn Reminder","yUi"],"gold_per_floor":[111,111,126,142,162,162,109,109,162,162,32,32,62,73,73,168,168,179,179,94,94,94],"floor_reached":21,"playtime":899,"items_purged":[],"score":167,"play_id":"98a62c1d-5d8a-4d58-854c-acd2595300b1","local_time":"20201219213856","is_ascension_mode":false,"campfire_choices":[{"data":"meleeMod_FalconKick","floor":6,"key":"SMITH"},{"data":"meleeMod_WaveLand","floor":8,"key":"SMITH"},{"data":"meleeMod_RaptorBoost","floor":15,"key":"SMITH"}],"circlet_count":0,"master_deck":["meleeMod_Jab","meleeMod_Jab","meleeMod_Jab","meleeMod_Shield","meleeMod_Shield","meleeMod_Shield","meleeMod_Shield","meleeMod_NeutralAir","meleeMod_BackAir","meleeMod_UpTilt+1","meleeMod_TeamAttackOn","meleeMod_CommandGrab","meleeMod_FalconKick+1","meleeMod_WaveLand+1","meleeMod_FalconPunch","meleeMod_RaptorBoost+1","meleeMod_EdgeGuard","meleeMod_WallJump"],"relics":["meleeMod_TeamBeerMang0","Art of War","Orichalcum","Boot","SlaversCollar","meleeMod_NoKnee"],"acts_visited":["Exordium","TheCity"],"potions_floor_usage":[],"damage_taken":[{"damage":0,"enemies":"Small Slimes","floor":1,"turns":3},{"damage":0,"enemies":"Cultist","floor":3,"turns":3},{"damage":1,"enemies":"Jaw Worm","floor":4,"turns":3},{"damage":1,"enemies":"3 Louse","floor":5,"turns":3},{"damage":8,"enemies":"Large Slime","floor":14,"turns":3},{"damage":8,"enemies":"The Guardian","floor":16,"turns":7},{"damage":8,"enemies":"Shell Parasite","floor":18,"turns":3}],"seed_played":"3903910657527293212","potions_obtained":[{"floor":1,"key":"EssenceOfSteel"},{"floor":4,"key":"SteroidPotion"},{"floor":14,"key":"Energy Potion"}],"is_trial":false,"path_per_floor":["M","?","M","M","M","R","$","R","T","?","$","?","?","M","R","B",null,"M","?","?","$"],"character_chosen":"FALCON","items_purchased":["meleeMod_WaveLand","meleeMod_FalconPunch","meleeMod_RaptorBoost"],"campfire_rested":0,"item_purchase_floors":[7,11,11],"current_hp_per_floor":[93,93,93,92,91,91,91,91,91,91,91,88,88,80,80,72,93,85,85,85,85,85],"gold":94,"neow_bonus":"TEN_PERCENT_HP_BONUS","is_daily":false,"chose_seed":false,"campfire_upgraded":3,"win_rate":0.0,"timestamp":1608431936,"path_taken":["M","?","M","M","?","R","$","R","T","?","$","?","?","?","R","BOSS","M","?","?","?"],"items_purchased_type":["Card","Card","Card"],"build_version":"2020-12-13","purchased_purges":0,"victory":false,"max_hp_per_floor":[93,93,93,93,93,93,93,93,93,93,93,93,93,93,93,93,93,93,93,93,93,93],"card_choices":[{"not_picked":["meleeMod_BackAir","meleeMod_BMoveSpecialist"],"picked":"meleeMod_UpTilt","floor":1},{"not_picked":["meleeMod_TeamAttackOn","meleeMod_Gentleman","meleeMod_BackAir"],"picked":"SKIP","floor":3},{"not_picked":["meleeMod_Gentleman","meleeMod_BackAir"],"picked":"meleeMod_TeamAttackOn","floor":3},{"not_picked":["meleeMod_Gentleman","meleeMod_SuperSpicyCurry"],"picked":"meleeMod_CommandGrab","floor":4},{"not_picked":["meleeMod_Pause","meleeMod_RockCrock"],"picked":"meleeMod_FalconKick","floor":5},{"not_picked":["meleeMod_FalconDive","meleeMod_BabActivated","meleeMod_SuperMushroom"],"picked":"SKIP","floor":14},{"not_picked":["meleeMod_SomebodyClipThat","meleeMod_IKilledMufasa"],"picked":"meleeMod_EdgeGuard","floor":16},{"not_picked":["meleeMod_NeutralAir","meleeMod_RaptorBoost+1"],"picked":"meleeMod_WallJump","floor":18}],"player_experience":289548,"relics_obtained":[{"floor":9,"key":"Art of War"}],"event_choices":[{"damage_healed":0,"gold_gain":0,"player_choice":"Forge","damage_taken":0,"max_hp_gain":0,"max_hp_loss":0,"event_name":"Accursed Blacksmith","floor":2,"gold_loss":0,"cards_upgraded":["meleeMod_UpTilt"]},{"cards_removed":["meleeMod_Jab"],"damage_healed":0,"gold_gain":0,"player_choice":"Forget","damage_taken":0,"max_hp_gain":0,"max_hp_loss":0,"event_name":"Living Wall","floor":10,"gold_loss":0},{"damage_healed":0,"gold_gain":0,"player_choice":"Relic ","damage_taken":3,"max_hp_gain":0,"max_hp_loss":0,"event_name":"betterThird:BetterScrap","floor":12,"gold_loss":0,"cards_obtained":["Demon Form"]},{"damage_healed":0,"gold_gain":30,"player_choice":"Searched \u00272\u0027 times","damage_taken":0,"relics_obtained":["Boot"],"max_hp_gain":0,"max_hp_loss":0,"event_name":"Dead Adventurer","floor":13,"gold_loss":0},{"damage_healed":0,"gold_gain":0,"player_choice":"Ignored","damage_taken":0,"max_hp_gain":0,"max_hp_loss":0,"event_name":"betterNote:BetterNote","floor":19,"gold_loss":0,"cards_obtained":["DeusExMachina"]},{"damage_healed":0,"gold_gain":0,"player_choice":"Obtained Relic","damage_taken":0,"relics_obtained":["meleeMod_NoKnee"],"max_hp_gain":0,"max_hp_loss":0,"event_name":"Addict","floor":20,"gold_loss":85}],"is_beta":false,"boss_relics":[{"not_picked":["Velvet Choker","Pandora\u0027s Box"],"picked":"SlaversCollar"}],"items_purged_floors":[],"is_endless":false,"potions_floor_spawned":[1,4,14],"ascension_level":0}}