{"host":"avjwtc49fhlk6kym","time":1608431856,"event":{"mods":["AchievementEnabler","BaseMod","Better Match","Better Note","Better Third Choice","Colored Map","Colored Powertips","Displayed Cursed Tome","Highlight Path","Minty Spire (QoL Compilation)","Permanent Neow","Quick Restart","StSLib"],"gold_per_floor":[111,131,147,165,240,240,255,255,255,272,347,347,374,387,387,488,488,501,517,533,543,543,543,563,563,589,504,515,515,515],"floor_reached":29,"playtime":1055,"items_purged":[],"score":281,"play_id":"f516c001-d34c-47ae-bc99-4ea56c42eb5c","local_time":"20201219213736","is_ascension_mode":false,"campfire_choices":[{"data":"ForeignInfluence","floor":6.0,"key":"SMITH"},{"data":"LessonLearned","floor":8.0,"key":"SMITH"},{"data":"BattleHymn","floor":15.0,"key":"SMITH"},{"floor":23,"key":"REST"},{"data":"MasterReality","floor":25,"key":"SMITH"}],"circlet_count":0,"master_deck":["Strike_P+1","Strike_P+1","Strike_P","Strike_P+1","Defend_P+1","Defend_P+1","Defend_P","Defend_P+1","Eruption+1","Vigilance","LessonLearned+1","Consecrate","PathToVictory","ForeignInfluence+1","CrushJoints","Brilliance","PathToVictory","CrushJoints","BattleHymn+1","MasterReality+1","FollowUp","Nirvana+1","Protect","FollowUp+1","Study+1"],"relics":["PureWater","Yang","Velvet Choker","Ancient Tea Set","Singing Bowl"],"acts_visited":["Exordium","TheCity"],"potions_floor_usage":[20,21],"damage_taken":[{"damage":0.0,"enemies":"Small Slimes","floor":1.0,"turns":4.0},{"damage":0.0,"enemies":"Cultist","floor":2.0,"turns":4.0},{"damage":0.0,"enemies":"Jaw Worm","floor":3.0,"turns":3.0},{"damage":3.0,"enemies":"2 Fungi Beasts","floor":4.0,"turns":3.0},{"damage":5.0,"enemies":"Looter","floor":7.0,"turns":3.0},{"damage":0.0,"enemies":"Gremlin Gang","floor":10.0,"turns":4.0},{"damage":4.0,"enemies":"3 Sentries","floor":13.0,"turns":6.0},{"damage":0.0,"enemies":"3 Louse","floor":14.0,"turns":1.0},{"damage":0.0,"enemies":"Slime Boss","floor":16.0,"turns":5.0},{"damage":16,"enemies":"3 Byrds","floor":18,"turns":4},{"damage":8,"enemies":"2 Thieves","floor":19,"turns":4},{"damage":9,"enemies":"Snake Plant","floor":20,"turns":3},{"damage":19,"enemies":"Centurion and Healer","floor":21,"turns":5},{"damage":1,"enemies":"Snecko","floor":24,"turns":5},{"damage":34,"enemies":"Shelled Parasite and Fungi","floor":28,"turns":5},{"damage":24,"enemies":"Gremlin Leader","floor":29,"turns":4}],"seed_played":"-5941320351594394868","potions_obtained":[{"floor":2.0,"key":"Strength Potion"},{"floor":10.0,"key":"PowerPotion"},{"floor":13.0,"key":"Explosive Potion"},{"floor":14.0,"key":"Energy Potion"},{"floor":16.0,"key":"Fruit Juice"},{"floor":18,"key":"FearPotion"},{"floor":19,"key":"ColorlessPotion"}],"is_trial":false,"path_per_floor":["M","M","M","M","?","R","M","R","T","M","?","?","E","M","R","B",null,"M","M","M","M","?","R","M","R","T","?","M","E"],"character_chosen":"WATCHER","items_purchased":[],"campfire_rested":1,"item_purchase_floors":[],"current_hp_per_floor":[72,72,72,69,62,62,57,57,57,57,46,70,66,66,66,71,77,61,53,44,25,25,48,47,47,47,47,15,0,0],"gold":515,"neow_bonus":"ONE_RANDOM_RARE_CARD","is_daily":false,"chose_seed":false,"campfire_upgraded":4,"win_rate":0.0,"timestamp":1608431856,"path_taken":["M","M","M","M","?","R","M","R","T","?","?","?","E","M","R","BOSS","M","M","M","M","?","R","?","R","T","?","M","E"],"items_purchased_type":[],"build_version":"2020-12-13","purchased_purges":0,"victory":false,"max_hp_per_floor":[72,72,72,72,72,72,72,72,72,72,72,72,72,72,72,77,77,77,77,77,77,77,77,77,77,77,77,79,79,79],"card_choices":[{"not_picked":["CutThroughFate","BowlingBash"],"picked":"Consecrate","floor":1.0},{"not_picked":["ClearTheMind","FollowUp"],"picked":"PathToVictory","floor":2.0},{"not_picked":["CutThroughFate","Consecrate"],"picked":"ForeignInfluence","floor":3.0},{"not_picked":["Crescendo","FlurryOfBlows"],"picked":"CrushJoints","floor":4.0},{"not_picked":["CarveReality","JustLucky"],"picked":"Brilliance","floor":7.0},{"not_picked":["FlurryOfBlows","BowlingBash"],"picked":"PathToVictory","floor":10.0},{"not_picked":["TalkToTheHand","JustLucky"],"picked":"CrushJoints","floor":13.0},{"not_picked":["Consecrate","InnerPeace"],"picked":"BattleHymn","floor":14.0},{"not_picked":["Blasphemy","Scrawl"],"picked":"MasterReality","floor":16.0},{"not_picked":["Prostrate","WindmillStrike"],"picked":"FollowUp","floor":18},{"not_picked":["Tantrum","Prostrate"],"picked":"Nirvana+1","floor":19},{"not_picked":["Swivel","CrushJoints"],"picked":"Protect","floor":20},{"not_picked":["Swivel","FlurryOfBlows+1"],"picked":"FollowUp","floor":21},{"not_picked":["CarveReality","EmptyBody"],"picked":"Study+1","floor":24},{"not_picked":["JustLucky","FollowUp","Ragnarok"],"picked":"Singing Bowl","floor":28}],"player_experience":350239,"relics_obtained":[{"floor":13.0,"key":"Yang"},{"floor":26,"key":"Ancient Tea Set"}],"event_choices":[{"damage_healed":0.0,"max_hp_gain":0.0,"max_hp_loss":0.0,"gold_gain":75.0,"event_name":"FaceTrader","player_choice":"Touch","floor":5.0,"gold_loss":0.0,"damage_taken":7.0},{"damage_healed":0.0,"max_hp_gain":0.0,"max_hp_loss":0.0,"gold_gain":75.0,"event_name":"betterThird:BetterGoop","player_choice":"Gold","floor":11.0,"gold_loss":0.0,"damage_taken":11.0},{"damage_healed":24.0,"max_hp_gain":0.0,"max_hp_loss":0.0,"gold_gain":0.0,"event_name":"Big Fish","player_choice":"Banana","floor":12.0,"gold_loss":0.0,"damage_taken":0.0},{"cards_removed":["Nirvana"],"damage_healed":0,"gold_gain":0,"player_choice":"Give","damage_taken":0,"max_hp_gain":0,"max_hp_loss":0,"event_name":"betterNote:BetterNote","floor":22,"gold_loss":0,"cards_obtained":["Defend_P"]},{"damage_healed":0,"gold_gain":0,"player_choice":"Obtained Relic","damage_taken":0,"relics_obtained":["Singing Bowl"],"max_hp_gain":0,"max_hp_loss":0,"event_name":"Addict","floor":27,"gold_loss":85}],"is_beta":false,"boss_relics":[{"not_picked":["Calling Bell","Black Star"],"picked":"Velvet Choker"}],"items_purged_floors":[],"is_endless":false,"potions_floor_spawned":[2,10,13,14,16,18,19],"killed_by":"Gremlin Leader","ascension_level":0}}