{"host":"0azimyi6n3ugndj4","time":1608465158,"event":{"mods":["BaseMod","Bestiary","Conspire","Curses Come First","Defuse TimeMaze Blight","Hyrulean Relics","Infinite Spire","Minty Spire (QoL Compilation)","Relic Sorter","Relic Stats","Replay The Spire","StSLib","SuperFastMode","Uncapped","¡¼?Úª?ø«¡½REMEMod"],"gold_per_floor":[150,150,180,759,237,237,237],"floor_reached":6,"playtime":107,"items_purged":["Tantrum"],"score":143,"play_id":"8ffab88b-2138-4488-af14-22728354fd5f","local_time":"20201220205238","daily_mods":["Insanity","Chimera","Specialized","Vintage","ControlledChaos","Allstar","Diverse","Colorless Cards","Heirloom","Time Dilation","Binary","Elite Swarm","Lethality","Midas","Uncertain Future"],"is_ascension_mode":true,"campfire_choices":[],"circlet_count":0,"master_deck":["Demon Form","Wraith Form v2","Echo Form","DevaForm","AscendersBane","Bash","Survivor","Zap","Strike_R","Strike_G","Strike_B","Defend_R","Defend_G","Defend_P","ReplayGash","CutThroughFate","Wild Strike","REME_FearOfPain","Evaluate","PathToVictory","Compile Driver","Uppercut","Dark Embrace","Poisoned Stab","Blade Dance","Sword Boomerang","REME_DataAnalysis","REME_Repentance","Intimidate","Flying Knee","True Grit","Chill","Sucker Punch","ReplayTheSpireMod:GoodbyeWorld","CrushJoints","BasicCrystalCard","CrushJoints","JustLucky","Vengeance","EmptyBody","Iron Wave","Quick Slash","Crescendo","Redo","Second Wind","Sunder","Headbutt","Redo","Coolheaded","PathToVictory","Armaments","Warcry","Replay:ManipulateFuture","FlurryOfBlows","PiercingWail","Dodge and Roll","Replay:AtTheReady","Flex","Quick Slash","Anger","Prostrate","Quick Slash","Cold Snap","Burst","Burst","Burst","Burst","Burst","ReplayTheSpireMod:Brewmster","REME_ProfessionalPlagiarism","Good Instincts","REME_TheoryOfElimination","ReplayTheSpireMod:Necrogeddon","ReplayTheSpireMod:Private Reserves","Beam Cell","EmptyBody"],"relics":["Cracked Core","Frozen Eye","REME_ComplimentaryCards","Du-Vu Doll","Darkstone Periapt","InkBottle","infinitespire:PuzzleCube","conspire:Dentures"],"acts_visited":["Exordium"],"potions_floor_usage":[],"damage_taken":[{"damage":11,"enemies":"Jaw Worm","floor":1,"turns":2},{"damage":0,"enemies":"Small Slimes","floor":3,"turns":2},{"damage":36,"enemies":"Replay:BlueRogue","floor":6,"turns":3}],"seed_played":"6798040324868938680","potions_obtained":[{"floor":1,"key":"DuplicationPotion"}],"is_trial":true,"path_per_floor":["M","?","M","?","$","E"],"character_chosen":"DEFECT","items_purchased":["infinitespire:PuzzleCube","conspire:Dentures"],"campfire_rested":0,"item_purchase_floors":[5,5],"current_hp_per_floor":[53,53,53,30,30,0,0],"gold":237,"neow_bonus":"","is_daily":false,"chose_seed":false,"campfire_upgraded":0,"win_rate":0.0,"timestamp":1608465158,"path_taken":["M","?","M","?","?","E"],"items_purchased_type":["Relic","Relic"],"build_version":"2020-12-13","purchased_purges":1,"victory":false,"max_hp_per_floor":[71,71,71,71,71,71,71],"relic_stats":{"Darkstone Periapt":0,"counters":[3,7],"obtain_stats":[{"Du-Vu Doll":0,"Darkstone Periapt":1,"conspire:Dentures":5,"Frozen Eye":0,"Cracked Core":0,"InkBottle":3,"infinitespire:PuzzleCube":5,"REME_ComplimentaryCards":0},{"Du-Vu Doll":0,"Darkstone Periapt":1,"conspire:Dentures":2,"Frozen Eye":0,"Cracked Core":0,"InkBottle":2,"infinitespire:PuzzleCube":2,"REME_ComplimentaryCards":0},{"Du-Vu Doll":0,"Darkstone Periapt":2,"conspire:Dentures":4,"Frozen Eye":0,"Cracked Core":0,"InkBottle":4,"infinitespire:PuzzleCube":4,"REME_ComplimentaryCards":0}],"InkBottle":[0]},"card_choices":[{"not_picked":["Burning Pact"],"picked":"EmptyBody","floor":4}],"player_experience":1480594,"relics_obtained":[{"floor":1,"key":"Darkstone Periapt"},{"floor":3,"key":"InkBottle"}],"event_choices":[{"damage_healed":0,"gold_gain":0,"cards_transformed":["Eruption"],"player_choice":"Change","damage_taken":0,"max_hp_gain":0,"max_hp_loss":0,"event_name":"Living Wall","floor":2,"gold_loss":0,"cards_obtained":["Beam Cell"]}],"is_beta":false,"boss_relics":[],"items_purged_floors":[5],"is_endless":false,"potions_floor_spawned":[1],"killed_by":"Replay:BlueRogue","ascension_level":20}}