{"host":"o7j6aatxjwpw1421","time":1608441044,"event":{"mods":["2.2 Compatiblity","BaseMod","Colored Map","DeckTracker","Highlight Path","Keyboard Shortcuts","Minty Spire (QoL Compilation)","Permanent Neow","Quick Restart","StSLib","SuperFastMode","everything is the same but u backflip on backflip"],"gold_per_floor":[109,184,204,220,7,34,53,53,126,151,164,189,139,159,159,263,263,276,201,215,125,25,54,66,66,66],"floor_reached":25,"playtime":1172,"items_purged":["Regret","Strike_R"],"score":292,"play_id":"f7a4a1ac-67f3-4d53-b940-6bfc89487e9f","local_time":"20201220141044","is_ascension_mode":true,"campfire_choices":[{"data":"Immolate","floor":8,"key":"SMITH"},{"data":"Bludgeon","floor":15,"key":"SMITH"}],"circlet_count":0,"master_deck":["Strike_R","Defend_R+1","Defend_R","Defend_R","Defend_R","Bash","Pommel Strike","Twin Strike","Shrug It Off","Immolate+1","Bludgeon+1","Seeing Red","Disarm","Demon Form","Warcry+1","Bloodletting","Seeing Red"],"relics":["Black Blood","Champion Belt","Unceasing Top","Pantograph","Bag of Preparation","Eternal Feather","Molten Egg 2"],"acts_visited":["Exordium","TheCity"],"potions_floor_usage":[6,10,23],"damage_taken":[{"damage":16,"enemies":"Small Slimes","floor":1,"turns":4},{"damage":4,"enemies":"Cultist","floor":3,"turns":3},{"damage":6,"enemies":"Jaw Worm","floor":4,"turns":4},{"damage":7,"enemies":"3 Sentries","floor":6,"turns":4},{"damage":3,"enemies":"3 Louse","floor":7,"turns":2},{"damage":20,"enemies":"Lagavulin","floor":10,"turns":4},{"damage":0,"enemies":"Gremlin Gang","floor":11,"turns":1},{"damage":2,"enemies":"3 Sentries","floor":12,"turns":3},{"damage":0,"enemies":"Exordium Wildlife","floor":14,"turns":1},{"damage":64,"enemies":"Hexaghost","floor":16,"turns":10},{"damage":13,"enemies":"Chosen","floor":18,"turns":6},{"damage":11,"enemies":"Spheric Guardian","floor":20,"turns":3},{"damage":30,"enemies":"Slavers","floor":23,"turns":5},{"damage":0,"enemies":"Centurion and Healer","floor":24,"turns":5},{"damage":74,"enemies":"Book of Stabbing","floor":25,"turns":7}],"seed_played":"-5974877214866787555","potions_obtained":[{"floor":1,"key":"SkillPotion"},{"floor":6,"key":"LiquidMemories"},{"floor":12,"key":"ElixirPotion"},{"floor":20,"key":"FearPotion"}],"is_trial":false,"path_per_floor":["M","?","M","M","$","E","M","R","T","E","M","E","?","M","R","B",null,"M","?","M","?","$","E","M","E"],"character_chosen":"IRONCLAD","items_purchased":["Immolate"],"campfire_rested":0,"item_purchase_floors":[5],"current_hp_per_floor":[70,62,64,64,64,63,66,66,66,52,58,62,62,68,77,22,80,79,79,80,80,80,62,74,0,0],"gold":66,"neow_bonus":"ONE_RARE_RELIC","is_daily":false,"chose_seed":false,"campfire_upgraded":2,"win_rate":0.0,"timestamp":1608441044,"path_taken":["M","?","?","?","$","E","M","R","T","E","M","E","?","M","R","BOSS","M","?","M","?","$","E","M","E"],"items_purchased_type":["Card"],"build_version":"2020-12-13","purchased_purges":2,"victory":false,"max_hp_per_floor":[80,80,80,80,80,80,80,80,80,80,80,80,80,80,80,80,80,80,80,80,80,80,80,80,80,80],"card_choices":[{"not_picked":["True Grit","Iron Wave"],"picked":"Pommel Strike","floor":1},{"not_picked":["Wild Strike","Pummel"],"picked":"Twin Strike","floor":3},{"not_picked":["Heavy Blade","Clash"],"picked":"Shrug It Off","floor":4},{"not_picked":["Perfected Strike","Headbutt"],"picked":"Bludgeon","floor":6},{"not_picked":["Fire Breathing","Clash"],"picked":"Seeing Red","floor":7},{"not_picked":["Clash","True Grit","Metallicize"],"picked":"SKIP","floor":10},{"not_picked":["Havoc","Twin Strike","Warcry"],"picked":"SKIP","floor":11},{"not_picked":["Bludgeon","Wild Strike"],"picked":"Disarm","floor":12},{"not_picked":["Cleave","Twin Strike","Sword Boomerang"],"picked":"SKIP","floor":14},{"not_picked":["Barricade","Juggernaut"],"picked":"Demon Form","floor":16},{"not_picked":["Shrug It Off","Anger"],"picked":"Warcry+1","floor":18},{"not_picked":["Twin Strike","Body Slam","Headbutt+1"],"picked":"SKIP","floor":20},{"not_picked":["Blood for Blood+1","Metallicize"],"picked":"Bloodletting","floor":23},{"not_picked":["Rampage+1","Whirlwind+1"],"picked":"Seeing Red","floor":24}],"player_experience":268142,"relics_obtained":[{"floor":6,"key":"Unceasing Top"},{"floor":9,"key":"Pantograph"},{"floor":10,"key":"Bag of Preparation"},{"floor":12,"key":"Eternal Feather"},{"floor":23,"key":"Molten Egg 2"}],"event_choices":[{"damage_healed":0,"gold_gain":75,"player_choice":"Touch","damage_taken":8,"max_hp_gain":0,"max_hp_loss":0,"event_name":"FaceTrader","floor":2,"gold_loss":0},{"cards_removed":["Strike_R"],"damage_healed":0,"gold_gain":0,"player_choice":"Card Removal","damage_taken":0,"max_hp_gain":0,"max_hp_loss":0,"event_name":"The Cleric","floor":13,"gold_loss":50},{"cards_removed":["Strike_R"],"damage_healed":0,"gold_gain":0,"player_choice":"Gave Gold","damage_taken":0,"max_hp_gain":0,"max_hp_loss":0,"event_name":"Beggar","floor":19,"gold_loss":75},{"cards_removed":["Strike_R"],"damage_healed":0,"gold_gain":0,"player_choice":"Upgrade and Remove","damage_taken":0,"max_hp_gain":0,"max_hp_loss":0,"event_name":"Designer","floor":21,"gold_loss":90,"cards_upgraded":["Defend_R"]}],"is_beta":false,"boss_relics":[{"not_picked":["Astrolabe","Cursed Key"],"picked":"Black Blood"}],"items_purged_floors":[5,22],"is_endless":false,"potions_floor_spawned":[1,6,12,20],"killed_by":"Book of Stabbing","ascension_level":4}}