{"host":"rolltorest","time":1608446986,"event":{"mods":["BaseMod","Minty Spire (QoL Compilation)","StSLib"],"gold_per_floor":[119,119,119,129,94,122,122,449,449,476,446,463,482,204,204,283,283,300,300,349,177,195,225,225,252,252,266,281,281,281,69,69,145,145,158,204,42,58,58,85,85,117,141,141,154,186,11,37,37,37,37,37],"floor_reached":51,"playtime":1932,"items_purged":["Strike_P","Strike_P","Writhe"],"score":1859,"play_id":"73d77dfa-d790-4ae9-ad3d-3505ee63d063","local_time":"20201219224946","is_ascension_mode":true,"campfire_choices":[{"data":"Consecrate","floor":7,"key":"SMITH"},{"data":"Trip","floor":15,"key":"SMITH"},{"floor":24,"key":"REST"},{"data":"Vault","floor":29,"key":"SMITH"},{"data":"WheelKick","floor":32,"key":"SMITH"},{"data":"TalkToTheHand","floor":41,"key":"SMITH"},{"floor":49,"key":"RECALL"}],"circlet_count":0,"master_deck":["AscendersBane","Strike_P","Strike_P+1","Defend_P","Defend_P","Defend_P+1","Defend_P","Eruption+1","Vigilance","TalkToTheHand+1","Consecrate+1","CarveReality","Evaluate","SashWhip","EmptyFist","Trip+1","Judgement","RitualDagger","Tantrum","Vault+1","InnerPeace+1","CutThroughFate+1","Sanctity","Wireheading","WheelKick+1","LessonLearned","CutThroughFate","CutThroughFate+1","WaveOfTheHand+1","Nirvana","Dark Shackles","Swivel","Scrawl","EmptyMind","Adaptation","Nirvana"],"relics":["Philosopher\u0027s Stone","Bronze Scales","Old Coin","Kunai","Mummified Hand","Membership Card","SacredBark","Akabeko","Ginger","MealTicket","Letter Opener","Toolbox","Snecko Eye","Prayer Wheel","PreservedInsect","ClockworkSouvenir","Nunchaku","Mercury Hourglass","Bag of Marbles","Vajra","Eternal Feather","Mango"],"acts_visited":["Exordium","TheCity","TheBeyond"],"potions_floor_usage":[6,10,12,13,23,25,33,36,38,45],"damage_taken":[{"damage":0,"enemies":"2 Louse","floor":1,"turns":2},{"damage":3,"enemies":"Jaw Worm","floor":4,"turns":2},{"damage":8,"enemies":"Lagavulin","floor":6,"turns":5},{"damage":13,"enemies":"3 Sentries","floor":8,"turns":5},{"damage":0,"enemies":"Lagavulin","floor":10,"turns":5},{"damage":11,"enemies":"Small Slimes","floor":12,"turns":3},{"damage":0,"enemies":"3 Louse","floor":13,"turns":2},{"damage":24,"enemies":"Slime Boss","floor":16,"turns":7},{"damage":6,"enemies":"Spheric Guardian","floor":18,"turns":3},{"damage":0,"enemies":"Chosen","floor":22,"turns":2},{"damage":16,"enemies":"Slavers","floor":23,"turns":2},{"damage":0,"enemies":"Gremlin Leader","floor":25,"turns":4},{"damage":0,"enemies":"Centurion and Healer","floor":27,"turns":6},{"damage":0,"enemies":"Snecko","floor":28,"turns":3},{"damage":19,"enemies":"Automaton","floor":33,"turns":7},{"damage":4,"enemies":"3 Shapes","floor":35,"turns":5},{"damage":4,"enemies":"2 Orb Walkers","floor":36,"turns":2},{"damage":13,"enemies":"3 Darklings","floor":38,"turns":4},{"damage":0,"enemies":"Reptomancer","floor":40,"turns":4},{"damage":18,"enemies":"Giant Head","floor":42,"turns":6},{"damage":0,"enemies":"Spire Growth","floor":45,"turns":2},{"damage":10,"enemies":"Reptomancer","floor":46,"turns":5},{"damage":0,"enemies":"Nemesis","floor":48,"turns":2},{"damage":86,"enemies":"Time Eater","floor":50,"turns":13},{"damage":53,"enemies":"Awakened One","floor":51,"turns":10}],"seed_played":"-8858170005538465171","potions_obtained":[{"floor":4,"key":"SkillPotion"},{"floor":8,"key":"SneckoOil"},{"floor":11,"key":"BlessingOfTheForge"},{"floor":11,"key":"Fruit Juice"},{"floor":12,"key":"Strength Potion"},{"floor":22,"key":"Explosive Potion"},{"floor":25,"key":"SteroidPotion"},{"floor":36,"key":"Fire Potion"},{"floor":42,"key":"Ambrosia"},{"floor":45,"key":"Fruit Juice"},{"floor":48,"key":"FairyPotion"}],"is_trial":false,"path_per_floor":["M","?","?","M","?","E","R","E","T","E","?","M","M","$","R","B",null,"M","?","T","$","M","E","R","E","T","M","M","R","?","$","R","B",null,"M","?","$","M","?","E","R","E","T","?","M","E","$","E","R","B","B"],"character_chosen":"WATCHER","items_purchased":["Membership Card","Trip","PowerPotion","Tantrum","Vault","InnerPeace","Toolbox","WheelKick","Dexterity Potion","PreservedInsect","ClockworkSouvenir","Eternal Feather","Adaptation"],"campfire_rested":1,"item_purchase_floors":[14,14,14,21,21,21,31,31,31,37,37,47,47],"current_hp_per_floor":[61,66,44,41,59,51,51,38,38,38,38,32,32,32,32,8,61,55,49,49,49,49,33,56,56,56,56,56,56,56,71,71,52,72,68,64,78,65,65,65,65,47,47,47,47,37,52,66,87,1,10,10],"gold":37,"neow_bonus":"BOSS_RELIC","is_daily":false,"chose_seed":false,"campfire_upgraded":5,"win_rate":0.0,"timestamp":1608446986,"path_taken":["M","?","?","M","?","E","R","E","T","E","?","M","?","$","R","BOSS","M","?","?","$","?","E","R","E","T","M","M","R","?","$","R","BOSS","M","?","$","M","?","E","R","E","T","?","M","E","?","E","R","BOSS","BOSS"],"items_purchased_type":["Relic","Card","Potion","Card","Card","Card","Relic","Card","Potion","Relic","Relic","Relic","Card"],"build_version":"2020-12-18","purchased_purges":3,"victory":false,"max_hp_per_floor":[68,73,73,73,73,73,73,73,73,73,73,78,78,78,78,78,78,78,78,78,78,78,78,78,78,78,78,78,78,78,78,78,78,78,78,78,78,78,74,74,74,74,74,74,74,74,74,88,88,88,88,88],"card_choices":[{"not_picked":["ClearTheMind","Weave","EmptyBody"],"picked":"SKIP","floor":1},{"not_picked":["InnerPeace","EmptyMind"],"picked":"TalkToTheHand","floor":4},{"not_picked":["EmptyBody","WindmillStrike"],"picked":"Consecrate","floor":6},{"not_picked":["SashWhip","Devotion"],"picked":"CarveReality","floor":8},{"not_picked":["ClearTheMind","Wireheading"],"picked":"Evaluate","floor":10},{"not_picked":["Swivel","PathToVictory"],"picked":"SashWhip","floor":12},{"not_picked":["EmptyBody","SignatureMove"],"picked":"EmptyFist","floor":13},{"not_picked":["Establishment","ConjureBlade"],"picked":"Judgement","floor":16},{"not_picked":["JustLucky","FlyingSleeves","PathToVictory"],"picked":"SKIP","floor":18},{"not_picked":["SashWhip","Protect"],"picked":"CutThroughFate+1","floor":22},{"not_picked":["CrushJoints","MasterReality"],"picked":"Sanctity","floor":23},{"not_picked":["Prostrate","WindmillStrike","Establishment"],"picked":"SKIP","floor":25},{"not_picked":["JustLucky","EmptyBody","SashWhip"],"picked":"SKIP","floor":27},{"not_picked":["ClearTheMind","CrushJoints"],"picked":"Wireheading","floor":28},{"not_picked":["MasterReality","Blasphemy"],"picked":"LessonLearned","floor":33},{"not_picked":["EmptyBody","CrushJoints+1","Protect"],"picked":"SKIP","floor":35},{"not_picked":["BowlingBash","Prostrate"],"picked":"CutThroughFate","floor":36},{"not_picked":["Evaluate","WindmillStrike+1"],"picked":"CutThroughFate+1","floor":38},{"not_picked":["FollowUp","Tantrum+1"],"picked":"WaveOfTheHand+1","floor":38},{"not_picked":["FlurryOfBlows+1","Weave"],"picked":"Nirvana","floor":40},{"not_picked":["PathToVictory","FlurryOfBlows","Consecrate"],"picked":"SKIP","floor":42},{"not_picked":["PanicButton","Flash of Steel"],"picked":"Dark Shackles","floor":44},{"not_picked":["CarveReality","Conclude"],"picked":"Swivel","floor":45},{"not_picked":["EmptyFist","BowlingBash"],"picked":"Scrawl","floor":45},{"not_picked":["Pray","Crescendo"],"picked":"EmptyMind","floor":46},{"not_picked":["BattleHymn","Vengeance"],"picked":"Nirvana","floor":48}],"player_experience":1689692,"relics_obtained":[{"floor":6,"key":"Bronze Scales"},{"floor":8,"key":"Old Coin"},{"floor":9,"key":"Kunai"},{"floor":10,"key":"Mummified Hand"},{"floor":20,"key":"Akabeko"},{"floor":23,"key":"Ginger"},{"floor":25,"key":"MealTicket"},{"floor":36,"key":"Prayer Wheel"},{"floor":40,"key":"Nunchaku"},{"floor":42,"key":"Mercury Hourglass"},{"floor":43,"key":"Bag of Marbles"},{"floor":46,"key":"Vajra"},{"floor":48,"key":"Mango"}],"event_choices":[{"damage_healed":0,"gold_gain":0,"player_choice":"Donut","damage_taken":0,"max_hp_gain":5,"max_hp_loss":0,"event_name":"Big Fish","floor":2,"gold_loss":0},{"damage_healed":0,"gold_gain":0,"player_choice":"Entered Light","damage_taken":22,"max_hp_gain":0,"max_hp_loss":0,"event_name":"Shining Light","floor":3,"gold_loss":0,"cards_upgraded":["Strike_P","Eruption"]},{"damage_healed":18,"gold_gain":0,"player_choice":"Healed","damage_taken":0,"max_hp_gain":0,"max_hp_loss":0,"event_name":"The Cleric","floor":5,"gold_loss":35},{"damage_healed":0,"gold_gain":0,"player_choice":"Bought 2 Potions","damage_taken":0,"max_hp_gain":0,"max_hp_loss":0,"event_name":"The Woman in Blue","floor":11,"gold_loss":0},{"damage_healed":0,"gold_gain":0,"player_choice":"Joined the Cult","damage_taken":6,"max_hp_gain":0,"max_hp_loss":0,"event_name":"Nest","floor":19,"gold_loss":0,"cards_obtained":["RitualDagger"]},{"damage_healed":0,"gold_gain":0,"player_choice":"Opened","damage_taken":0,"relics_obtained":["Letter Opener"],"max_hp_gain":0,"max_hp_loss":0,"event_name":"The Mausoleum","floor":30,"gold_loss":0,"cards_obtained":["Writhe"]},{"damage_healed":0,"gold_gain":0,"player_choice":"Fight","damage_taken":0,"max_hp_gain":0,"max_hp_loss":0,"event_name":"Mysterious Sphere","floor":36,"gold_loss":0},{"damage_healed":0,"gold_gain":0,"player_choice":"Max HP","damage_taken":0,"max_hp_gain":0,"max_hp_loss":4,"event_name":"Winding Halls","floor":39,"gold_loss":0},{"damage_healed":0,"gold_gain":0,"player_choice":"Memory 1","damage_taken":0,"max_hp_gain":0,"max_hp_loss":0,"event_name":"SensoryStone","floor":44,"gold_loss":0}],"is_beta":true,"boss_relics":[{"not_picked":["SlaversCollar","Fusion Hammer"],"picked":"SacredBark"},{"not_picked":["Black Star","Empty Cage"],"picked":"Snecko Eye"}],"items_purged_floors":[14,21,31],"is_endless":false,"potions_floor_spawned":[4,8,12,16,22,25,36,42,45,48],"killed_by":"Awakened One","ascension_level":20}}