{"host":"dbo0lztt1pyfwysk","time":1608461642,"event":{"mods":["Act Like it!","BaseMod","Conspire","Downfall","Gensokyo","GifTheSpireLib","Hubris","Infinite Spire","KinomotoSakuraMod(????)","Koishi","Luminous","Marisa????????","Minty Spire (QoL Compilation)","Prisma Mod","Remilia??????","Replay The Spire","Shade Mod","Shop Mod","StSLib","The Gatherer"],"gold_per_floor":[111,286,320,320,60,60,89,89,89,113,24,24,38,57,57,154,154,165,184,194,194,210,210,241,253,253,266,266,266,44,44,44,145,145,159,12,26,46,60,60,62,62,131,131,143,158,7,27,27,27,27],"floor_reached":50,"playtime":1956,"items_purged":["Strike_G","Strike_G","Doubt","Strike_G"],"score":847,"play_id":"4c41cb88-e77b-430f-aa69-fc6aaa3394e7","local_time":"20201220115402","is_ascension_mode":true,"campfire_choices":[{"floor":6,"key":"REST"},{"floor":8,"key":"REST"},{"data":"Cloak And Dagger","floor":12,"key":"SMITH"},{"data":"Neutralize","floor":15,"key":"SMITH"},{"data":"Cloak And Dagger","floor":23,"key":"SMITH"},{"floor":28,"key":"REST"},{"data":"ReplayTheSpireMod:Scrap Shanks","floor":32,"key":"SMITH"},{"data":"Tools of the Trade","floor":40,"key":"SMITH"},{"data":"ReplayTheSpireMod:Scrap Shanks","floor":42,"key":"SMITH"},{"floor":49,"key":"REST"}],"circlet_count":0,"master_deck":["AscendersBane","Strike_G","Defend_G","Defend_G","Defend_G","Defend_G","Defend_G","Survivor","Neutralize+1","Dagger Throw","ReplayTheSpireMod:Scrap Shanks+1","Dagger Throw","PiercingWail","Cloak And Dagger+1","Infinite Blades+1","Acrobatics","Calculated Gamble","Cloak And Dagger+1","ReplayTheSpireMod:Scrap Shanks+1","Underhanded Strike","ReplayTheSpireMod:Scrap Shanks","Tools of the Trade+1"],"relics":["Ring of the Snake","hubris:CuriousFeather","Ninja Scroll","White Beast Statue","Gremlin Horn","conspire:RoyalGoblet","Busted Crown","conspire:SpecialSausage","hubris:Icosahedron","Happy Flower","Eternal Feather","Omamori","hubris:Towel","ClockworkSouvenir","Replay:Ringing Soul","infinitespire:Cupcake","MerchantsRug","Nunchaku","TwistedFunnel","Bottled Lightning","Guardian:PocketSentry"],"acts_visited":["Exordium","TheCity","TheBeyond"],"potions_floor_usage":[3,16,19,22,25,33,39,48,50,50],"damage_taken":[{"damage":14,"enemies":"Cultist","floor":1,"turns":5},{"damage":22,"enemies":"conspire:MimicChest","floor":3,"turns":5},{"damage":22,"enemies":"3 Sentries","floor":7,"turns":8},{"damage":4,"enemies":"conspire:RoseBush","floor":10,"turns":2},{"damage":0,"enemies":"2 Louse","floor":13,"turns":2},{"damage":0,"enemies":"2 Fungi Beasts","floor":14,"turns":3},{"damage":2,"enemies":"Slime Boss","floor":16,"turns":7},{"damage":2,"enemies":"Shell Parasite","floor":18,"turns":4},{"damage":0,"enemies":"3 Byrds","floor":19,"turns":3},{"damage":0,"enemies":"conspire:HollyBat","floor":20,"turns":7},{"damage":20,"enemies":"Snake Plant","floor":22,"turns":5},{"damage":0,"enemies":"conspire:Head Lice","floor":24,"turns":5},{"damage":7,"enemies":"Shelled Parasite and Fungi","floor":25,"turns":5},{"damage":17,"enemies":"conspire:HollyBat","floor":27,"turns":7},{"damage":17,"enemies":"Automaton","floor":33,"turns":5},{"damage":13,"enemies":"3 Shapes","floor":35,"turns":5},{"damage":18,"enemies":"3 Darklings","floor":37,"turns":5},{"damage":0,"enemies":"Sphere and 2 Shapes","floor":38,"turns":3},{"damage":3,"enemies":"Maw","floor":39,"turns":7},{"damage":16,"enemies":"Jaw Worm Horde","floor":45,"turns":4},{"damage":18,"enemies":"4 Shapes","floor":46,"turns":5},{"damage":2,"enemies":"3 Darklings","floor":48,"turns":4},{"damage":89,"enemies":"conspire:OrnateMirror","floor":50,"turns":4}],"seed_played":"-4585685471167545451","potions_obtained":[{"floor":1,"key":"Poison Potion"},{"floor":7,"key":"champ:CounterPotion"},{"floor":10,"key":"Regen Potion"},{"floor":13,"key":"Adrenaline Potion"},{"floor":16,"key":"infinitespire:BlackPotion"},{"floor":19,"key":"hexamod:EctoCoolerPotion"},{"floor":22,"key":"Languid Potion"},{"floor":24,"key":"PowerPotion"},{"floor":25,"key":"Fire Potion"},{"floor":33,"key":"GhostInAJar"},{"floor":37,"key":"Energy Potion"},{"floor":38,"key":"SteroidPotion"},{"floor":45,"key":"Milkshake"},{"floor":46,"key":"Poison Potion"},{"floor":48,"key":"LiquidMemories"}],"is_trial":false,"path_per_floor":["M","?","?","?","$","R","E","R","T","M","$","R","M","M","R","B",null,"M","M","M","?","M","R","E","M","T","M","R","?","$","AVR","R","B",null,"M","$","M","M","M","R","$","R","T","?","M","M","$","M","R","B"],"character_chosen":"THE_SILENT","items_purchased":["Matryoshka","Cloak And Dagger","Infinite Blades+1","ClockworkSouvenir","MerchantsRug","Nunchaku","TwistedFunnel","Guardian:PocketSentry"],"campfire_rested":4,"item_purchase_floors":[5,11,11,30,36,36,36,47],"current_hp_per_floor":[49,49,27,9,9,30,8,29,29,25,25,25,25,25,25,38,62,60,60,60,60,40,40,40,33,33,16,52,52,52,52,64,50,67,54,54,36,36,33,45,45,57,57,83,67,49,49,47,83,0,0],"gold":27,"neow_bonus":"REMOVE_CARD","is_daily":false,"chose_seed":false,"campfire_upgraded":6,"win_rate":0.0,"timestamp":1608461642,"path_taken":["M","?","?","?","?","R","E","R","T","M","$","R","M","?","R","BOSS","M","M","?","?","M","R","E","M","T","M","R","?","?","AVR","R","BOSS","M","$","M","M","M","R","$","R","T","?","M","?","?","M","R","BOSS"],"items_purchased_type":["Relic","Card","Card","Relic","Relic","Relic","Relic","Relic"],"build_version":"2020-12-13","purchased_purges":4,"victory":false,"max_hp_per_floor":[70,70,70,70,70,70,70,70,70,70,70,70,70,70,70,70,70,70,70,70,70,70,70,70,70,70,70,70,70,70,70,70,73,73,73,73,73,73,73,73,73,73,73,83,83,83,83,83,83,83,83],"card_choices":[{"not_picked":["Expertise","Bane"],"picked":"Dagger Throw","floor":1},{"not_picked":["Acrobatics","Infinite Blades"],"picked":"ReplayTheSpireMod:Scrap Shanks","floor":3},{"not_picked":["Acrobatics","hubris:SlightOfHand"],"picked":"Dagger Throw","floor":7},{"not_picked":["Slice","Deflect"],"picked":"PiercingWail","floor":10},{"not_picked":["ReplayTheSpireMod:Speed Training","Endless Agony"],"picked":"Acrobatics","floor":13},{"not_picked":["Phantasmal Killer","Poisoned Stab"],"picked":"Calculated Gamble","floor":14},{"not_picked":["Bullet Time","Night Terror"],"picked":"Die Die Die","floor":16},{"not_picked":[],"picked":"Cloak And Dagger","floor":18},{"not_picked":[],"picked":"ReplayTheSpireMod:Scrap Shanks","floor":19},{"not_picked":["hubris:TrickCloak"],"picked":"SKIP","floor":20},{"not_picked":[],"picked":"Underhanded Strike","floor":22},{"not_picked":["ReplayTheSpireMod:The Works"],"picked":"SKIP","floor":24},{"not_picked":["Outmaneuver"],"picked":"SKIP","floor":25},{"not_picked":[],"picked":"ReplayTheSpireMod:Scrap Shanks","floor":27},{"not_picked":[],"picked":"Tools of the Trade","floor":33},{"not_picked":["hubris:SlightOfHand"],"picked":"SKIP","floor":35},{"not_picked":["Riddle With Holes"],"picked":"SKIP","floor":37},{"not_picked":["Blade Dance"],"picked":"SKIP","floor":38},{"not_picked":["Hidden Blade"],"picked":"SKIP","floor":39},{"not_picked":["Unload"],"picked":"SKIP","floor":45},{"not_picked":["Cloak And Dagger"],"picked":"SKIP","floor":46},{"not_picked":["Backflip"],"picked":"SKIP","floor":48}],"player_experience":605238,"relics_obtained":[{"floor":3,"key":"hubris:CuriousFeather"},{"floor":7,"key":"White Beast Statue"},{"floor":9,"key":"MawBank"},{"floor":9,"key":"Gremlin Horn"},{"floor":24,"key":"Happy Flower"},{"floor":24,"key":"Replay:Mystery Machine"},{"floor":26,"key":"Eternal Feather"},{"floor":26,"key":"Omamori"},{"floor":43,"key":"Bottled Lightning"}],"event_choices":[{"damage_healed":0,"gold_gain":175,"player_choice":"AGREE","damage_taken":0,"max_hp_gain":0,"max_hp_loss":0,"event_name":"Liars Game","floor":2,"gold_loss":0,"cards_obtained":["Doubt"]},{"damage_healed":0,"gold_gain":0,"player_choice":"Success","damage_taken":18,"relics_obtained":["Ninja Scroll"],"max_hp_gain":0,"max_hp_loss":0,"event_name":"Scrap Ooze","floor":4,"gold_loss":0},{"cards_removed":["Die Die Die"],"damage_healed":16,"gold_gain":0,"player_choice":"Offered Rare","damage_taken":0,"max_hp_gain":10,"max_hp_loss":0,"event_name":"Bonfire Elementals","floor":44,"gold_loss":0}],"is_beta":false,"boss_relics":[{"not_picked":["Velvet Choker","Astrolabe"],"picked":"Replay:Grab Bag"},{"not_picked":["conspire:SlowCooker","Replay:Wanted Poster"],"picked":"conspire:RoyalGoblet"},{"not_picked":["Cursed Key","hubris:CrackedHourglass"],"picked":"Busted Crown"},{"not_picked":["hubris:BlackHole","Snecko Eye"],"picked":"Black Star"},{"not_picked":["hubris:ScarierMask","HoveringKite"],"picked":"conspire:SpecialSausage"},{"not_picked":["Replay:Ancient Bell","Snecko Scales"],"picked":"hubris:RunicObelisk"}],"items_purged_floors":[30,31,36,41],"is_endless":false,"potions_floor_spawned":[1,7,10,13,14,16,18,19,20,22,24,25,27,33,35,37,38,39,45,46,48],"killed_by":"conspire:OrnateMirror","ascension_level":12}}