{"host":"bxn2em57qlx5u4i0","time":1608490310,"event":{"mods":["BaseMod","Colored Map","Colored Powertips","Highlight Path","Minty Spire (QoL Compilation)","Random Character Button","Relic Sorter","Relic Stats","StSLib","SuperFastMode"],"gold_per_floor":[209,209,228,12,12,12,39,189,189,33,44,56,85,97,97,172,172,192,211,228,228,242,242,275,275,575,589,589,602,78,107,107,182,182,182,207,207,230,245,271,283,38,38,38,73,73,73],"floor_reached":46,"playtime":1643,"items_purged":["Doubt","Strike_G"],"score":1131,"play_id":"d21ad5ba-2b5d-4bd8-a591-6ec4ff66cd42","local_time":"20201220135150","is_ascension_mode":true,"campfire_choices":[{"data":"Poisoned Stab","floor":6.0,"key":"SMITH"},{"data":"Envenom","floor":15.0,"key":"SMITH"},{"floor":23.0,"key":"REST"},{"data":"Blade Dance","floor":25.0,"key":"SMITH"},{"floor":28.0,"key":"REST"},{"data":"Noxious Fumes","floor":32.0,"key":"SMITH"},{"floor":44,"key":"REST"}],"circlet_count":0,"master_deck":["AscendersBane","Strike_G+1","Strike_G","Strike_G","Defend_G+1","Defend_G","Defend_G","Defend_G+1","Defend_G","Survivor","Neutralize+1","Endless Agony","PiercingWail","Poisoned Stab+1","Terror+1","Infinite Blades","Envenom+1","Blade Dance+1","Venomology","Noxious Fumes+1","PiercingWail","Blur+1","Concentrate+1","Prepared","Night Terror","Leg Sweep+1","Infinite Blades","Blur","Calculated Gamble","Footwork"],"relics":["Ring of the Snake","Toy Ornithopter","Tiny Chest","TungstenRod","Pantograph","WristBlade","Tough Bandages","Pocketwatch","Old Coin","Medical Kit","Strawberry","Nunchaku","SlaversCollar","The Specimen","Anchor","Orichalcum","Vajra","War Paint"],"acts_visited":["Exordium","TheCity","TheBeyond"],"potions_floor_usage":[39,39,40,40,40,41,41,45,45,46],"damage_taken":[{"damage":0.0,"enemies":"2 Louse","floor":1.0,"turns":3.0},{"damage":6.0,"enemies":"Small Slimes","floor":3.0,"turns":4.0},{"damage":14.0,"enemies":"3 Sentries","floor":7.0,"turns":11.0},{"damage":6.0,"enemies":"Jaw Worm","floor":11.0,"turns":4.0},{"damage":4.0,"enemies":"Gremlin Gang","floor":12.0,"turns":3.0},{"damage":20.0,"enemies":"Gremlin Nob","floor":13.0,"turns":4.0},{"damage":0.0,"enemies":"Exordium Thugs","floor":14.0,"turns":4.0},{"damage":17.0,"enemies":"Hexaghost","floor":16.0,"turns":8.0},{"damage":23.0,"enemies":"Shell Parasite","floor":18.0,"turns":5.0},{"damage":12.0,"enemies":"Chosen","floor":19.0,"turns":3.0},{"damage":30.0,"enemies":"Centurion and Healer","floor":20.0,"turns":8.0},{"damage":18.0,"enemies":"Shelled Parasite and Fungi","floor":22.0,"turns":5.0},{"damage":33.0,"enemies":"Slavers","floor":24.0,"turns":6.0},{"damage":0.0,"enemies":"Snake Plant","floor":27.0,"turns":5.0},{"damage":2.0,"enemies":"Centurion and Healer","floor":29.0,"turns":6.0},{"damage":0.0,"enemies":"Gremlin Leader","floor":31.0,"turns":6.0},{"damage":58.0,"enemies":"Champ","floor":33.0,"turns":16.0},{"damage":0.0,"enemies":"Orb Walker","floor":35.0,"turns":1.0},{"damage":20,"enemies":"Mind Bloom Boss Battle","floor":36,"turns":6},{"damage":14,"enemies":"3 Darklings","floor":39,"turns":6},{"damage":31,"enemies":"Nemesis","floor":40,"turns":9},{"damage":31,"enemies":"Transient","floor":41,"turns":6},{"damage":39,"enemies":"Giant Head","floor":45,"turns":8},{"damage":14,"enemies":"Spire Growth","floor":46,"turns":3}],"seed_played":"3367626050600396640","potions_obtained":[{"floor":1.0,"key":"Fire Potion"},{"floor":11.0,"key":"CunningPotion"},{"floor":12.0,"key":"Weak Potion"},{"floor":13.0,"key":"CunningPotion"},{"floor":18.0,"key":"SteroidPotion"},{"floor":20.0,"key":"Swift Potion"},{"floor":33.0,"key":"Block Potion"}],"is_trial":false,"path_per_floor":["M","?","M","$","?","R","E","?","T","$","M","M","E","M","R","B",null,"M","M","M","T","M","R","E","R","T","M","R","M","$","E","R","B",null,"M","?","?","T","M","E","M","$","T","R","E","M"],"character_chosen":"THE_SILENT","items_purchased":["Toy Ornithopter","Poisoned Stab","DistilledChaos","Medical Kit","DistilledChaos","Strawberry","Vajra","DistilledChaos"],"campfire_rested":3,"item_purchase_floors":[4,4,10,30,30,30,42,42],"current_hp_per_floor":[59,59,53,53,33,33,24,24,24,24,18,19,9,14,14,22,55,32,30,19,19,11,30,7,7,7,7,26,29,36,41,41,13,58,68,53,53,53,49,33,12,12,12,33,4,0,0],"gold":73,"neow_bonus":"HUNDRED_GOLD","is_daily":false,"chose_seed":false,"campfire_upgraded":4,"win_rate":0.0,"timestamp":1608490310,"path_taken":["M","?","M","$","?","R","E","?","T","?","M","M","E","M","R","BOSS","M","M","?","?","M","R","E","R","T","?","R","M","$","E","R","BOSS","M","?","?","?","M","E","M","$","T","R","E","M"],"items_purchased_type":["Relic","Card","Potion","Relic","Potion","Relic","Relic","Potion"],"build_version":"2020-12-13","purchased_purges":2,"victory":false,"max_hp_per_floor":[66,66,66,66,66,66,66,66,66,66,66,66,66,66,66,66,66,66,66,66,66,66,66,66,66,66,66,66,66,73,73,73,73,73,73,73,73,73,73,73,73,73,73,73,73,73,73],"relic_stats":{"counters":[24,140],"Orichalcum":[0],"War Paint":["Terror","Defend_G"],"Medical Kit":[5],"Tough Bandages":[195],"Nunchaku":[15],"Pantograph":55,"Tiny Chest":2,"obtain_stats":[{"The Specimen":36,"Vajra":42,"Orichalcum":40,"War Paint":45,"Medical Kit":30,"Old Coin":26,"SlaversCollar":34,"Tough Bandages":21,"Nunchaku":31,"Anchor":38,"WristBlade":17,"Pantograph":13,"Strawberry":30,"Tiny Chest":7,"Toy Ornithopter":4,"TungstenRod":9,"Ring of the Snake":0,"Pocketwatch":24},{"The Specimen":19,"Vajra":22,"Orichalcum":21,"War Paint":23,"Medical Kit":15,"Old Coin":13,"SlaversCollar":17,"Tough Bandages":11,"Nunchaku":16,"Anchor":19,"WristBlade":8,"Pantograph":6,"Strawberry":15,"Tiny Chest":3,"Toy Ornithopter":2,"TungstenRod":3,"Ring of the Snake":0,"Pocketwatch":13},{"The Specimen":108,"Vajra":129,"Orichalcum":123,"War Paint":137,"Medical Kit":79,"Old Coin":68,"SlaversCollar":101,"Tough Bandages":57,"Nunchaku":85,"Anchor":108,"WristBlade":41,"Pantograph":29,"Strawberry":79,"Tiny Chest":18,"Toy Ornithopter":7,"TungstenRod":18,"Ring of the Snake":0,"Pocketwatch":68}],"Toy Ornithopter":135,"TungstenRod":54,"Ring of the Snake":[50],"Pocketwatch":[40]},"card_choices":[{"not_picked":["Blur","Slice"],"picked":"Endless Agony","floor":1.0},{"not_picked":["Backflip","Dodge and Roll"],"picked":"PiercingWail","floor":3.0},{"not_picked":["Slice","Calculated Gamble"],"picked":"Terror","floor":7.0},{"not_picked":["Flying Knee","Acrobatics","Blade Dance"],"picked":"SKIP","floor":11.0},{"not_picked":["Blade Dance","Well Laid Plans"],"picked":"Infinite Blades","floor":12.0},{"not_picked":["Blade Dance","Concentrate"],"picked":"Envenom","floor":13.0},{"not_picked":["Dodge and Roll","Deadly Poison"],"picked":"Blade Dance","floor":14.0},{"not_picked":["Glass Knife","Envenom"],"picked":"Venomology","floor":16.0},{"not_picked":["Choke","Outmaneuver","Bouncing Flask"],"picked":"SKIP","floor":18.0},{"not_picked":["Dodge and Roll","Dagger Throw"],"picked":"Noxious Fumes","floor":19.0},{"not_picked":["Underhanded Strike","Noxious Fumes"],"picked":"PiercingWail","floor":20.0},{"not_picked":["Dagger Spray","Escape Plan"],"picked":"Blur+1","floor":22.0},{"not_picked":["Acrobatics","Poisoned Stab+1"],"picked":"Concentrate+1","floor":24.0},{"not_picked":["Choke","PiercingWail"],"picked":"Prepared","floor":27.0},{"not_picked":["Expertise","Sucker Punch","Skewer"],"picked":"SKIP","floor":29.0},{"not_picked":["Noxious Fumes","Crippling Poison","Finisher"],"picked":"SKIP","floor":31.0},{"not_picked":["Envenom","Phantasmal Killer"],"picked":"Night Terror","floor":33.0},{"not_picked":["Bouncing Flask","Quick Slash"],"picked":"Leg Sweep+1","floor":36},{"not_picked":["Dodge and Roll","Bane"],"picked":"Infinite Blades","floor":39},{"not_picked":["Finisher","Deflect"],"picked":"Blur","floor":40},{"not_picked":["PiercingWail","Outmaneuver"],"picked":"Calculated Gamble","floor":41},{"not_picked":["Slice","Backflip"],"picked":"Footwork","floor":45}],"player_experience":2831744,"relics_obtained":[{"floor":7.0,"key":"Tiny Chest"},{"floor":9.0,"key":"TungstenRod"},{"floor":13.0,"key":"Pantograph"},{"floor":21.0,"key":"Tough Bandages"},{"floor":24.0,"key":"Pocketwatch"},{"floor":26.0,"key":"Old Coin"},{"floor":31.0,"key":"Nunchaku"},{"floor":36,"key":"The Specimen"},{"floor":38,"key":"Anchor"},{"floor":40,"key":"Orichalcum"},{"floor":45,"key":"War Paint"}],"event_choices":[{"damage_healed":0.0,"max_hp_gain":0.0,"max_hp_loss":0.0,"gold_gain":0.0,"event_name":"Living Wall","player_choice":"Grow","floor":2.0,"gold_loss":0.0,"damage_taken":0.0,"cards_upgraded":["Neutralize"]},{"damage_healed":0.0,"max_hp_gain":0.0,"max_hp_loss":0.0,"gold_gain":0.0,"event_name":"Shining Light","player_choice":"Entered Light","floor":5.0,"gold_loss":0.0,"damage_taken":20.0,"cards_upgraded":["Defend_G","Strike_G"]},{"damage_healed":0.0,"max_hp_gain":0.0,"max_hp_loss":0.0,"gold_gain":150.0,"event_name":"Liars Game","player_choice":"AGREE","floor":8.0,"gold_loss":0.0,"damage_taken":0.0,"cards_obtained":["Doubt"]},{"damage_healed":0,"gold_gain":0,"player_choice":"Fight","damage_taken":0,"max_hp_gain":0,"max_hp_loss":0,"event_name":"MindBloom","floor":36,"gold_loss":0},{"cards_removed":["Strike_G"],"damage_healed":0,"gold_gain":0,"player_choice":"Purged","damage_taken":0,"max_hp_gain":0,"max_hp_loss":0,"event_name":"Purifier","floor":37,"gold_loss":0}],"is_beta":false,"boss_relics":[{"not_picked":["Sozu","HoveringKite"],"picked":"WristBlade"},{"not_picked":["Snecko Eye","Tiny House"],"picked":"SlaversCollar"}],"items_purged_floors":[10,30],"is_endless":false,"potions_floor_spawned":[1,11,12,13,18,20,31,33,36],"killed_by":"Spire Growth","ascension_level":20}}