{"host":"o4pit0n7y0vm2e4t","time":1608493526,"event":{"mods":["Aspiration","BaseMod","Better Altar","Better Match","Better Note","Better Sensory Stone","Better Skull","Better Third Choice","Colored Map","Conspire","Downfall","Friendly Minions","Googly Eyes","Halation","Hermit","HexUI Lib","Hubris","Minty Spire (QoL Compilation)","RatMod","Replay The Spire","Robot Space Explorer","Spikes Relics","StSLib","The Hierophant","The Jungle","The Necromancer"],"gold_per_floor":[99,99,99,99,99,99,126,126,126,145,159,172,232,43,43,43,43],"floor_reached":16,"playtime":875,"items_purged":["Regret"],"score":88,"play_id":"670b1392-f9f0-4543-b150-1acab9fea1f2","local_time":"20201220144526","is_ascension_mode":false,"campfire_choices":[{"data":"champ:StanceDance","floor":9,"key":"SMITH"},{"floor":15,"key":"REST"}],"circlet_count":0,"master_deck":["champ:Strike","champ:Strike","champ:Strike","champ:Strike","champ:Defend","champ:Defend","champ:Defend","champ:Defend","champ:Execute","champ:Taunt","champ:StanceDance+1","Delirium","champ:TornadoPunch","champ:FaceSlap","champ:Encircle","champ:Devastate","champ:Backstep","champ:AdrenalArmor","champ:GladiatorsShout"],"relics":["champ:ChampionCrown","downfall:HeartsMalice","halation:PinkSoulGem","ReplayTheSpireMod:Ring of Challenge","Ring of Panic","halation:EternalFortune","Strawberry","ReplayTheSpireMod:CursedCoin","Omamori","Oddly Smooth Stone"],"acts_visited":["Exordium"],"potions_floor_usage":[14,16],"damage_taken":[{"damage":0,"enemies":"Small Slimes","floor":1,"turns":1},{"damage":0,"enemies":"downfall:FleeingMerchant","floor":4,"turns":1},{"damage":0,"enemies":"2 Louse","floor":8,"turns":1},{"damage":12,"enemies":"Jaw Worm","floor":10,"turns":4},{"damage":10,"enemies":"Gremlin Gang","floor":11,"turns":3},{"damage":28,"enemies":"Exordium Thugs","floor":12,"turns":4},{"damage":0,"enemies":"Exordium Wildlife","floor":13,"turns":2},{"damage":15,"enemies":"downfall:FleeingMerchant","floor":14,"turns":4},{"damage":84,"enemies":"downfall:Defect","floor":16,"turns":6}],"seed_played":"-1401887682578123557","potions_obtained":[{"floor":10,"key":"sneckomod:MuddlingPotion"},{"floor":13,"key":"LifebloodPotion"}],"is_trial":false,"path_per_floor":["R_BF","?","?","$","?","?","T","M","R","M","M","M","M","$","R","B"],"character_chosen":"THE_CHAMP","items_purchased":["ReplayTheSpireMod:CursedCoin","Omamori","Oddly Smooth Stone"],"campfire_rested":1,"item_purchase_floors":[14,14,14],"current_hp_per_floor":[90,90,90,90,90,93,100,100,100,88,87,68,68,53,83,0,0],"gold":43,"neow_bonus":"THREE_ENEMY_KILL","is_daily":false,"chose_seed":false,"campfire_upgraded":1,"win_rate":0.0,"timestamp":1608493526,"path_taken":["R_BF","?","?","$","?","?","T","M","R","M","M","?","?","$","R","BOSS"],"items_purchased_type":["Relic","Relic","Relic"],"build_version":"2020-12-13","purchased_purges":1,"victory":false,"max_hp_per_floor":[90,90,90,90,90,93,100,100,100,100,100,100,100,100,100,100,100],"card_choices":[{"not_picked":["champ:FightOn","champ:Circumvent"],"picked":"champ:StanceDance","floor":1},{"not_picked":["champ:CalledShot","champ:Circumvent"],"picked":"champ:TornadoPunch","floor":4},{"not_picked":["champ:Circumvent","champ:RapidStrikes"],"picked":"champ:FaceSlap","floor":8},{"not_picked":["champ:TornadoPunch","champ:PerfectedStrike"],"picked":"champ:Encircle","floor":10},{"not_picked":["champ:CalledShot","champ:StanceDance"],"picked":"champ:Devastate","floor":11},{"not_picked":["champ:TornadoPunch","champ:Encircle"],"picked":"champ:Backstep","floor":12},{"not_picked":["champ:EnragedBash","champ:StanceDance"],"picked":"champ:AdrenalArmor","floor":13},{"not_picked":["champ:PerfectedStrike","champ:CalledShot"],"picked":"champ:GladiatorsShout","floor":14}],"player_experience":212369,"relics_obtained":[{"floor":3,"key":"ReplayTheSpireMod:Ring of Challenge"},{"floor":3,"key":"Ring of Panic"},{"floor":7,"key":"Strawberry"}],"event_choices":[],"is_beta":false,"boss_relics":[],"items_purged_floors":[14],"is_endless":false,"potions_floor_spawned":[10,13],"killed_by":"downfall:Defect","ascension_level":0}}