{"host":"9nt1zhl3k8mtcf72","time":1608498275,"event":{"mods":["Aspiration","BaseMod","Conjunction","Conspire","Downfall","Energized Spire","Friendly Minions","GifTheSpireLib","Halation","Hubris","Infinite Spire","Jedi Mod","Mimic Mod","Minty Spire (QoL Compilation)","RatMod","Replay The Spire","Spikes Relics","StSLib","Stuff the Spire","Trackpad","Useless Jewels Mod","Wandering Minibosses","vexMod"],"gold_per_floor":[99,133,14,14,14,14,62,73,103,28,39,39,50,35,49,145,145,145,180,198,198,198,218,218,232,259,259,259,259,278,292,305,305,321,420,420,420,420,420,220,230,230,256,181,209,134,380,380,395,413,425,425,425,455,3,3,3],"floor_reached":58,"playtime":3961,"items_purged":["Regret"],"score":1240,"play_id":"abbca649-f079-46f0-bb84-f47a4945eb9d","local_time":"20201220160435","is_ascension_mode":false,"campfire_choices":[{"floor":1,"key":"RECALL"},{"data":"Guardian:PrismaticBeam","floor":10,"key":"SMITH"},{"data":"Guardian:PrimingBeam","floor":18,"key":"SMITH"},{"floor":28,"key":"REST"},{"floor":37,"key":"DIG"},{"floor":42,"key":"REST"},{"data":"infinitespire:Oblivion","floor":44,"key":"SMITH"},{"floor":46,"key":"REST"},{"floor":56,"key":"REST"}],"circlet_count":0,"master_deck":["Guardian:Strike_Guardian","Guardian:Strike_Guardian","Guardian:Strike_Guardian","Guardian:Defend_Guardian+1","Guardian:Defend_Guardian","Guardian:Defend_Guardian","Guardian:Defend_Guardian","Guardian:CurlUp","Guardian:TwinSlam","Guardian:FloatingOrbs","Guardian:PrismaticBeam+1","Secret Weapon","expansioncontent:GuardianWhirl+1","conspire:Banana+1","Guardian:RollAttack","Guardian:VentSteam+1","Guardian:WalkerClaw","Guardian:RefractedBeam+1","Guardian:PrimingBeam+1","Guardian:StasisStrike+1","Guardian:Reroute","Guardian:Recover","Guardian:Harden","infinitespire:Starlight+1","Guardian:PrimingBeam","Guardian:BaubleBeam","infinitespire:Oblivion+1","Guardian:GemFinder","Guardian:GemFinder","Guardian:VentSteam","Guardian:Harden","Guardian:RevengeProtocol","Guardian:BronzeOrb","Guardian:TemporalShield+1","Parasite","Guardian:Recover+1","Guardian:Gem_Red","Guardian:Reroute","ReplayTheSpireMod:Brewmster"],"relics":["Guardian:ModeShifter","downfall:HeartsMalice","Shuriken","ReplayTheSpireMod:ShopPack","StuffTheSpire:RedRose","Bronze Scales","Pocketwatch","downfall:HeartBlessingRed","halation:EternalFortune","vexMod:ImprovementManual","aspiration:HatOfInfinitePower","Blue Doll","SpikesRelics:DaevaFist","RollingBoulder","aspiration:RitualStick","conspire:RunicOctahedron","conspire:GlowingRock","downfall:HeartBlessingBlue","vexMod:PlasmaPancake","downfall:HeartBlessingGreen","Gremlin Food","Replay:Baseball","ExplosiveVial"],"acts_visited":["Exordium","TheCity","TheBeyond","TheEnding"],"potions_floor_usage":[14,19,19,35,35,40,57,57,57],"damage_taken":[{"damage":0,"enemies":"Lagavulin","floor":2,"turns":1},{"damage":0,"enemies":"downfall:FleeingMerchant","floor":3,"turns":1},{"damage":0,"enemies":"conspire:RoseBush","floor":6,"turns":1},{"damage":0,"enemies":"Small Slimes","floor":8,"turns":1},{"damage":12,"enemies":"3 Sentries","floor":9,"turns":6},{"damage":2,"enemies":"Jaw Worm","floor":11,"turns":2},{"damage":0,"enemies":"Gremlin Gang","floor":13,"turns":1},{"damage":8,"enemies":"downfall:FleeingMerchant","floor":14,"turns":4},{"damage":9,"enemies":"2 Fungi Beasts","floor":15,"turns":1},{"damage":29,"enemies":"downfall:Silent","floor":16,"turns":5},{"damage":15,"enemies":"Gremlin Leader","floor":19,"turns":3},{"damage":15,"enemies":"3 Byrds","floor":20,"turns":3},{"damage":2,"enemies":"Spheric Guardian","floor":23,"turns":3},{"damage":15,"enemies":"Centurion and Healer","floor":25,"turns":3},{"damage":16,"enemies":"Snake Plant","floor":30,"turns":3},{"damage":0,"enemies":"Sentry and Sphere","floor":31,"turns":3},{"damage":2,"enemies":"3 Cultists","floor":32,"turns":3},{"damage":12,"enemies":"Centurion and Healer","floor":34,"turns":3},{"damage":39,"enemies":"downfall:Ironclad","floor":35,"turns":6},{"damage":3,"enemies":"downfall:FleeingMerchant","floor":40,"turns":4},{"damage":33,"enemies":"3 Shapes","floor":41,"turns":3},{"damage":98,"enemies":"Nemesis","floor":45,"turns":7},{"damage":0,"enemies":"downfall:FleeingMerchant","floor":47,"turns":1},{"damage":16,"enemies":"3 Darklings","floor":49,"turns":4},{"damage":14,"enemies":"Writhing Mass","floor":50,"turns":5},{"damage":0,"enemies":"4 Shapes","floor":51,"turns":3},{"damage":22,"enemies":"downfall:Watcher","floor":52,"turns":8},{"damage":110,"enemies":"downfall:CharBossMerchant","floor":54,"turns":8},{"damage":19,"enemies":"downfall:NeowBoss","floor":57,"turns":20}],"seed_played":"-3491210051198478408","potions_obtained":[{"floor":8,"key":"Weak Potion"},{"floor":9,"key":"PowerPotion"},{"floor":11,"key":"Dexterity Potion"},{"floor":15,"key":"Energy Potion"},{"floor":20,"key":"BlessingOfTheForge"},{"floor":30,"key":"Guardian:DefensiveModePotion"},{"floor":35,"key":"Fruit Juice"},{"floor":45,"key":"champ:CounterPotion"},{"floor":49,"key":"BlessingOfTheForge"}],"is_trial":false,"path_per_floor":["R","E","$","?","?","M","T","M","E","R","M","?","M","$","M","B",null,"R","E","M","PTL","PTL","M","?","M","T","?","R","AVR","M","M","M","?","M","B",null,"R","?","?","$","M","R","T","R","E","R","$","?","M","M","M","B",null,"E","$","R","B",null],"character_chosen":"GUARDIAN","items_purchased":["ReplayTheSpireMod:ShopPack","Guardian:GemFinder","Guardian:BronzeOrb","Guardian:Gem_Red","ReplayTheSpireMod:Brewmster","Replay:Baseball","ExplosiveVial"],"campfire_rested":4,"item_purchase_floors":[3,40,47,47,55,55,55],"current_hp_per_floor":[80,80,80,80,80,80,80,80,69,69,67,70,70,63,54,26,86,86,73,58,58,58,58,58,45,45,18,45,45,41,56,64,44,44,22,108,108,80,80,79,58,91,91,101,21,60,60,60,61,64,64,59,136,28,28,69,67],"gold":3,"neow_bonus":"THREE_ENEMY_KILL","is_daily":false,"chose_seed":false,"campfire_upgraded":3,"win_rate":0.0,"timestamp":1608498275,"path_taken":["R","E","$","?","?","M","T","M","E","R","M","?","M","$","M","BOSS","R","E","M","PTL","PTL","M","?","M","T","?","R","AVR","?","M","M","?","M","BOSS","R","?","?","$","M","R","T","R","E","R","$","?","M","?","M","BOSS","E","$","R","BOSS"],"items_purchased_type":["Relic","Card","Card","Card","Card","Relic","Relic"],"build_version":"2020-12-13","purchased_purges":1,"victory":true,"max_hp_per_floor":[80,80,80,80,80,80,80,80,81,81,81,84,84,85,85,86,86,86,88,88,88,88,90,90,92,92,92,92,92,94,99,99,99,101,108,108,108,108,108,110,112,112,112,122,130,130,130,130,132,134,134,136,136,138,138,138,140],"card_choices":[{"not_picked":["Guardian:Clone","Guardian:Orbwalk"],"picked":"Guardian:FloatingOrbs","floor":2},{"not_picked":["Guardian:Gem_Crimson","Guardian:Suspension"],"picked":"Guardian:PrismaticBeam","floor":3},{"not_picked":["Chrysalis","expansioncontent:Corrupt"],"picked":"Secret Weapon","floor":3},{"not_picked":["StuffTheSpire:PlasmaPunch","Replay:SS_fish_1"],"picked":"expansioncontent:GuardianWhirl","floor":3},{"not_picked":["Secret Technique","Replay:SS_forest_6"],"picked":"conspire:Banana","floor":3},{"not_picked":["Guardian:BronzeOrb","Guardian:ArmoredProtocol"],"picked":"Guardian:Gem_Red","floor":6},{"not_picked":["Guardian:PiercingHide","Guardian:Gem_Lightblue"],"picked":"Guardian:RollAttack","floor":8},{"not_picked":["Guardian:Suspension","Guardian:RollAttack"],"picked":"Guardian:VentSteam","floor":9},{"not_picked":["Guardian:DonusPower","Guardian:ChargeCore"],"picked":"Guardian:WalkerClaw","floor":11},{"not_picked":["Guardian:Gem_Orange","Guardian:RollAttack"],"picked":"Guardian:Gem_Crimson","floor":13},{"not_picked":["Guardian:DecasProtection","Guardian:Planning"],"picked":"Guardian:RefractedBeam","floor":14},{"not_picked":["Guardian:Suspension","Guardian:Emergency"],"picked":"Guardian:PrimingBeam","floor":15},{"not_picked":["Guardian:FastForward","Guardian:GemFire"],"picked":"Guardian:StasisStrike","floor":16},{"not_picked":["Guardian:Preprogram","Guardian:Clone"],"picked":"Guardian:Reroute","floor":19},{"not_picked":["Guardian:Suspension","Guardian:ShieldCharger+1"],"picked":"Guardian:Gem_Blue","floor":20},{"not_picked":["Guardian:Suspension","Guardian:ArmoredProtocol"],"picked":"Guardian:Recover","floor":23},{"not_picked":["Guardian:PrimingBeam","Guardian:CrystalBeam"],"picked":"Guardian:Harden","floor":25},{"not_picked":["Guardian:PolyBeam","Guardian:BronzeArmor"],"picked":"Guardian:Gem_Orange","floor":30},{"not_picked":["Guardian:Planning","Guardian:ArmoredProtocol"],"picked":"Guardian:PrimingBeam","floor":31},{"not_picked":["Guardian:Reroute","Guardian:Planning"],"picked":"Guardian:Gem_Red","floor":32},{"not_picked":["Guardian:Reroute","Guardian:Preprogram"],"picked":"Guardian:Gem_Blue","floor":34},{"not_picked":["Guardian:StasisField","Guardian:ConstructionForm"],"picked":"Guardian:BaubleBeam","floor":35},{"not_picked":["infinitespire:TheBestDefense","infinitespire:Fortify"],"picked":"infinitespire:Oblivion","floor":38},{"not_picked":["Guardian:CrystalBeam","Guardian:SentryBeam+1"],"picked":"Guardian:Gem_Red","floor":40},{"not_picked":["Guardian:Gem_Red","Guardian:Gem_Green"],"picked":"Guardian:Gem_Lightblue","floor":41},{"not_picked":["Guardian:ShieldSpikes+1","Guardian:Gem_Green"],"picked":"Guardian:VentSteam","floor":41},{"not_picked":["Guardian:Gem_Green","Guardian:Gem_Lightblue"],"picked":"Guardian:Gem_Cyan","floor":45},{"not_picked":["Guardian:Gem_Red","Guardian:Gem_Green"],"picked":"Guardian:Gem_Lightblue","floor":45},{"not_picked":["Guardian:Emergency","Guardian:TemporalStrike+1"],"picked":"Guardian:Harden","floor":45},{"not_picked":["Guardian:ChargeUp","Guardian:FloatingOrbs+1"],"picked":"Guardian:RevengeProtocol","floor":47},{"not_picked":["Guardian:Gem_Cyan","Guardian:Gem_Green"],"picked":"Guardian:Gem_Red","floor":49},{"not_picked":["Guardian:Gem_Red","Guardian:Recover"],"picked":"Guardian:TemporalShield+1","floor":49},{"not_picked":["Guardian:Gem_Lightblue","Guardian:Gem_Cyan"],"picked":"Guardian:Gem_Red","floor":50},{"not_picked":["Guardian:Gem_Cyan","Guardian:Gem_Red"],"picked":"Guardian:Gem_Lightblue","floor":50},{"not_picked":["Guardian:Gem_Purple","Guardian:BaubleBeam"],"picked":"Guardian:Gem_Yellow","floor":50},{"not_picked":["Guardian:Gem_Fragmented","Guardian:ShieldCharger"],"picked":"Guardian:Recover+1","floor":51},{"not_picked":["Guardian:Gem_Cyan","Guardian:Gem_Lightblue"],"picked":"Guardian:Gem_Red","floor":54},{"not_picked":["Guardian:DonusPower","Guardian:PiercingHide+1"],"picked":"Guardian:Reroute","floor":54}],"player_experience":445339,"relics_obtained":[{"floor":2,"key":"Shuriken"},{"floor":7,"key":"Bronze Scales"},{"floor":9,"key":"Pocketwatch"},{"floor":19,"key":"aspiration:HatOfInfinitePower"},{"floor":24,"key":"Blue Doll"},{"floor":26,"key":"SpikesRelics:DaevaFist"},{"floor":31,"key":"halation:EternalFortune"},{"floor":37,"key":"conspire:GlowingRock"},{"floor":45,"key":"vexMod:PlasmaPancake"},{"floor":54,"key":"Gremlin Food"}],"event_choices":[],"is_beta":false,"boss_relics":[{"not_picked":["Runic Pyramid","hubris:TerracottaHorce"],"picked":"vexMod:ImprovementManual"},{"not_picked":["vexMod:EndlessSickness","halation:ForbiddenBikini"],"picked":"conspire:RunicOctahedron"}],"items_purged_floors":[40],"is_endless":false,"potions_floor_spawned":[8,9,11,15,20,30,34,35,45,49,50,51],"ascension_level":0}}