{"host":"f5n4tidiz2n5sooh","time":1608455279,"event":{"mods":["BaseMod","Bestiary","Colored Map","Minty Spire (QoL Compilation)","Relic Stats","StSLib"],"gold_per_floor":[10,23,38,38,52,52,88,88,88,126,126,151,21,21,21,21,21],"floor_reached":16,"playtime":505,"items_purged":["Strike_G"],"score":220,"play_id":"9a1fdcac-85e5-43ab-9aec-46cba7945c76","local_time":"20201220030759","is_ascension_mode":true,"campfire_choices":[{"data":"Unload","floor":6,"key":"SMITH"},{"floor":8,"key":"REST"},{"data":"Neutralize","floor":11,"key":"SMITH"},{"data":"Dagger Throw","floor":15,"key":"SMITH"}],"circlet_count":0,"master_deck":["AscendersBane","Strike_G","Strike_G","Strike_G","Strike_G","Defend_G","Defend_G","Defend_G","Defend_G","Defend_G","Survivor","Neutralize+1","Unload+1","Masterful Stab","Blade Dance","Envenom","PiercingWail","Calculated Gamble","Leg Sweep","Dagger Throw+1"],"relics":["Ring of the Snake","Golden Idol","Thread and Needle","StrikeDummy","Sundial"],"acts_visited":["Exordium"],"potions_floor_usage":[5,10,16],"damage_taken":[{"damage":6,"enemies":"Small Slimes","floor":1,"turns":2},{"damage":0,"enemies":"2 Louse","floor":2,"turns":2},{"damage":7,"enemies":"Jaw Worm","floor":3,"turns":2},{"damage":1,"enemies":"2 Fungi Beasts","floor":5,"turns":3},{"damage":36,"enemies":"Gremlin Nob","floor":7,"turns":4},{"damage":13,"enemies":"3 Sentries","floor":10,"turns":5},{"damage":0,"enemies":"Blue Slaver","floor":12,"turns":2},{"damage":46,"enemies":"Slime Boss","floor":16,"turns":9}],"seed_played":"5081216109824364640","potions_obtained":[{"floor":3,"key":"SkillPotion"},{"floor":5,"key":"Explosive Potion"}],"is_trial":false,"path_per_floor":["M","M","M","?","M","R","E","R","T","E","R","M","$","?","R","B"],"character_chosen":"THE_SILENT","items_purchased":["PowerPotion"],"campfire_rested":1,"item_purchase_floors":[13],"current_hp_per_floor":[53,53,46,46,45,45,9,27,27,14,14,14,14,34,34,0,0],"gold":21,"neow_bonus":"THREE_RARE_CARDS","is_daily":false,"chose_seed":false,"campfire_upgraded":3,"win_rate":0.0,"timestamp":1608455279,"path_taken":["M","M","M","?","M","R","E","R","T","E","R","M","$","?","R","BOSS"],"items_purchased_type":["Potion"],"build_version":"2020-12-13","purchased_purges":1,"victory":false,"max_hp_per_floor":[66,66,66,60,60,60,60,60,60,60,60,60,60,60,60,60,60],"relic_stats":{"counters":[8,29],"Golden Idol":23,"Sundial":[0],"obtain_stats":[{"Golden Idol":4,"Sundial":10,"Thread and Needle":7,"StrikeDummy":9,"Ring of the Snake":0},{"Golden Idol":3,"Sundial":6,"Thread and Needle":5,"StrikeDummy":5,"Ring of the Snake":0},{"Golden Idol":6,"Sundial":18,"Thread and Needle":13,"StrikeDummy":13,"Ring of the Snake":0}],"Ring of the Snake":[16]},"card_choices":[{"not_picked":["Phantasmal Killer","Wraith Form v2"],"picked":"Unload","floor":0},{"not_picked":["Underhanded Strike","Bane"],"picked":"Masterful Stab","floor":1},{"not_picked":["Acrobatics","PiercingWail"],"picked":"Blade Dance","floor":2},{"not_picked":["Footwork","Dagger Spray"],"picked":"Envenom","floor":3},{"not_picked":["Flying Knee","Outmaneuver"],"picked":"PiercingWail","floor":5},{"not_picked":["Setup","Flying Knee"],"picked":"Calculated Gamble","floor":7},{"not_picked":["Riddle With Holes","Poisoned Stab"],"picked":"Leg Sweep","floor":10},{"not_picked":["Blade Dance","Masterful Stab"],"picked":"Dagger Throw","floor":12}],"player_experience":1905574,"relics_obtained":[{"floor":7,"key":"Thread and Needle"},{"floor":9,"key":"StrikeDummy"},{"floor":10,"key":"Sundial"}],"event_choices":[{"damage_healed":0,"gold_gain":0,"player_choice":"Lose Max HP","damage_taken":0,"relics_obtained":["Golden Idol"],"max_hp_gain":0,"max_hp_loss":6,"event_name":"Golden Idol","floor":4,"gold_loss":0},{"damage_healed":20,"gold_gain":0,"player_choice":"Banana","damage_taken":0,"max_hp_gain":0,"max_hp_loss":0,"event_name":"Big Fish","floor":14,"gold_loss":0}],"is_beta":false,"boss_relics":[],"items_purged_floors":[13],"is_endless":false,"potions_floor_spawned":[3,5],"killed_by":"Slime Boss","ascension_level":20}}