{"host":"fjaupvxe7fzqrf4j","time":1608439678,"event":{"mods":["BaseMod","Minty Spire (QoL Compilation)","StSLib"],"gold_per_floor":[109,22,172,43,43,69,102,137,137,168,68,96,122,142,142,215,215,230,145,20,20,20,51,85,117,186,214,245,245,273,306,306,381,381,401,401,214,225,225,256,286,321,321,321,356,384,436,462,462,462,462,462,462,2,31,31],"floor_reached":57,"playtime":1659,"items_purged":["Doubt","Blade Dance","Dagger Throw","Dagger Throw","Eviscerate"],"score":4725,"play_id":"f80d70d0-0d77-441b-8f3b-2c4e232abb62","local_time":"20201220124758","daily_mods":["SealedDeck","Heirloom","Time Dilation","Flight","Elite Swarm"],"is_ascension_mode":true,"campfire_choices":[{"data":"Tactician","floor":15.0,"key":"SMITH"},{"data":"Concentrate","floor":29.0,"key":"SMITH"},{"data":"Calculated Gamble","floor":32.0,"key":"SMITH"},{"floor":44,"key":"RECALL"},{"data":"Reflex","floor":49,"key":"SMITH"},{"data":"Well Laid Plans","floor":53,"key":"SMITH"}],"circlet_count":0,"master_deck":["AscendersBane","Backstab","Tactician+1","Concentrate+1","Backflip","Reflex+1","Acrobatics","Calculated Gamble+1","Acrobatics","After Image","After Image","Grand Finale","Prepared","Terror","Well Laid Plans+1","Adrenaline"],"relics":["Ring of the Snake","Prayer Wheel","Tough Bandages","StoneCalendar","Thread and Needle","Akabeko","Ancient Tea Set","MealTicket","Regal Pillow","Sozu","Oddly Smooth Stone","Shuriken","Ginger","Omamori","Ornamental Fan","Letter Opener","Sundial","Bag of Preparation","Tiny Chest","HoveringKite","Lizard Tail","Juzu Bracelet","Singing Bowl","Mercury Hourglass","Blood Vial","Orichalcum","Pen Nib","Strawberry","Kunai","Gremlin Horn"],"acts_visited":["Exordium","TheCity","TheBeyond","TheEnding"],"potions_floor_usage":[],"damage_taken":[{"damage":0.0,"enemies":"Small Slimes","floor":1.0,"turns":1.0},{"damage":0.0,"enemies":"Lagavulin","floor":6.0,"turns":1.0},{"damage":0.0,"enemies":"3 Sentries","floor":7.0,"turns":1.0},{"damage":0.0,"enemies":"Lagavulin","floor":8.0,"turns":2.0},{"damage":0.0,"enemies":"3 Sentries","floor":10.0,"turns":1.0},{"damage":0.0,"enemies":"Lagavulin","floor":12.0,"turns":1.0},{"damage":0.0,"enemies":"3 Sentries","floor":13.0,"turns":1.0},{"damage":0.0,"enemies":"Cultist","floor":14.0,"turns":1.0},{"damage":0.0,"enemies":"Hexaghost","floor":16.0,"turns":1.0},{"damage":0.0,"enemies":"Shell Parasite","floor":18.0,"turns":1.0},{"damage":0.0,"enemies":"Slavers","floor":23.0,"turns":1.0},{"damage":0.0,"enemies":"Book of Stabbing","floor":24.0,"turns":1.0},{"damage":0.0,"enemies":"Slavers","floor":25.0,"turns":1.0},{"damage":0.0,"enemies":"Gremlin Leader","floor":27.0,"turns":1.0},{"damage":0.0,"enemies":"Book of Stabbing","floor":28.0,"turns":1.0},{"damage":0.0,"enemies":"Gremlin Leader","floor":30.0,"turns":1.0},{"damage":0.0,"enemies":"Slavers","floor":31.0,"turns":1.0},{"damage":0.0,"enemies":"Champ","floor":33.0,"turns":1.0},{"damage":0.0,"enemies":"3 Darklings","floor":35.0,"turns":1.0},{"damage":0.0,"enemies":"3 Shapes","floor":38.0,"turns":1.0},{"damage":0.0,"enemies":"Reptomancer","floor":40.0,"turns":1.0},{"damage":0,"enemies":"Nemesis","floor":41,"turns":1},{"damage":0,"enemies":"Giant Head","floor":42,"turns":1},{"damage":0,"enemies":"Nemesis","floor":45,"turns":1},{"damage":0,"enemies":"Giant Head","floor":46,"turns":1},{"damage":0,"enemies":"Nemesis","floor":48,"turns":1},{"damage":0,"enemies":"Donu and Deca","floor":50,"turns":1},{"damage":0,"enemies":"Awakened One","floor":51,"turns":2},{"damage":0,"enemies":"Shield and Spear","floor":55,"turns":1},{"damage":0,"enemies":"The Heart","floor":56,"turns":4}],"seed_played":"6445869786867595569","potions_obtained":[{"floor":7.0,"key":"Swift Potion"},{"floor":8.0,"key":"LiquidMemories"}],"is_trial":true,"path_per_floor":["M","$","?","$","?","E","E","E","T","E","$","E","E","M","R","B",null,"M","?","$","?","$","E","E","E","T","E","E","R","E","E","R","B",null,"M","?","$","M","?","E","E","E","T","R","E","E","T","E","R","B","B",null,"R","$","E","B",null],"character_chosen":"THE_SILENT","items_purchased":["Eviscerate","Acrobatics","Well Laid Plans","Kunai"],"campfire_rested":0,"item_purchase_floors":[2,4,37,54],"current_hp_per_floor":[59,59,59,59,59,59,59,59,59,59,59,59,59,59,59,59,64,64,64,66,66,66,66,66,66,66,66,66,66,66,66,66,66,66,66,66,66,66,66,66,66,68,68,68,70,72,72,79,79,79,79,79,79,79,81,81],"gold":31,"neow_bonus":"","is_daily":false,"chose_seed":false,"campfire_upgraded":5,"win_rate":0.0,"timestamp":1608439678,"path_taken":["M","$","?","$","?","E","E","E","T","E","$","E","E","?","R","BOSS","M","?","$","?","?","E","E","E","T","E","E","R","E","E","R","BOSS","M","?","$","?","?","E","E","E","T","R","E","E","?","E","R","BOSS","BOSS","R","$","E","BOSS"],"items_purchased_type":["Card","Card","Card","Relic"],"build_version":"2020-12-13","purchased_purges":5,"victory":true,"max_hp_per_floor":[66,66,66,66,66,66,66,66,66,66,66,66,66,66,66,66,66,66,66,66,66,66,66,66,66,66,66,66,66,66,66,66,66,66,66,66,66,66,66,66,66,68,68,68,70,72,72,79,79,79,79,79,79,79,81,81],"card_choices":[{"not_picked":["Blade Dance","Deadly Poison"],"picked":"Calculated Gamble","floor":1.0},{"not_picked":["Bane","Heel Hook","Infinite Blades"],"picked":"SKIP","floor":1.0},{"not_picked":["Tools of the Trade","Glass Knife"],"picked":"After Image","floor":6.0},{"not_picked":["Envenom","Unload"],"picked":"After Image","floor":7.0},{"not_picked":["Envenom","Doppelganger"],"picked":"Grand Finale","floor":8.0},{"not_picked":["Envenom","After Image","A Thousand Cuts"],"picked":"SKIP","floor":10.0},{"not_picked":["Phantasmal Killer","Tools of the Trade","A Thousand Cuts"],"picked":"SKIP","floor":12.0},{"not_picked":["Malaise","Wraith Form v2","Night Terror"],"picked":"SKIP","floor":13.0},{"not_picked":["Crippling Poison","Sucker Punch"],"picked":"Prepared","floor":14.0},{"not_picked":["Acrobatics","Outmaneuver","Slice"],"picked":"SKIP","floor":14.0},{"not_picked":["Slice+1","Backstab","Heel Hook"],"picked":"SKIP","floor":18.0},{"not_picked":["Deadly Poison","Calculated Gamble","Blade Dance"],"picked":"SKIP","floor":18.0},{"not_picked":["Unload","Tools of the Trade","After Image"],"picked":"SKIP","floor":23.0},{"not_picked":["Burst","Grand Finale"],"picked":"Adrenaline","floor":24.0},{"not_picked":["Storm of Steel","After Image","Night Terror"],"picked":"SKIP","floor":25.0},{"not_picked":["Bullet Time","Unload","Malaise"],"picked":"SKIP","floor":27.0},{"not_picked":["Venomology","Doppelganger","After Image"],"picked":"SKIP","floor":28.0},{"not_picked":["Corpse Explosion","Bullet Time","Grand Finale"],"picked":"SKIP","floor":30.0},{"not_picked":["Burst","Grand Finale","Corpse Explosion"],"picked":"SKIP","floor":31.0},{"not_picked":["Riddle With Holes+1","Dodge and Roll"],"picked":"Terror","floor":35.0},{"not_picked":["Heel Hook","Leg Sweep+1","Acrobatics+1"],"picked":"SKIP","floor":35.0},{"not_picked":["Prepared","Concentrate","Flechettes"],"picked":"SKIP","floor":38.0},{"not_picked":["Accuracy+1","Deadly Poison","Bane"],"picked":"SKIP","floor":38.0},{"not_picked":["A Thousand Cuts","Corpse Explosion","Tools of the Trade"],"picked":"SKIP","floor":40.0},{"not_picked":["Malaise","Unload","After Image"],"picked":"SKIP","floor":41},{"not_picked":["After Image","Unload","Burst"],"picked":"Singing Bowl","floor":42},{"not_picked":["Venomology","Storm of Steel","Wraith Form v2"],"picked":"Singing Bowl","floor":45},{"not_picked":["A Thousand Cuts","Doppelganger","Die Die Die"],"picked":"Singing Bowl","floor":46},{"not_picked":["After Image","Night Terror"],"picked":"Adrenaline","floor":48},{"not_picked":["After Image","Storm of Steel","Die Die Die"],"picked":"Singing Bowl","floor":55}],"player_experience":203470,"relics_obtained":[{"floor":6.0,"key":"StoneCalendar"},{"floor":7.0,"key":"Thread and Needle"},{"floor":8.0,"key":"Akabeko"},{"floor":10.0,"key":"Ancient Tea Set"},{"floor":12.0,"key":"MealTicket"},{"floor":13.0,"key":"Regal Pillow"},{"floor":23.0,"key":"Shuriken"},{"floor":24.0,"key":"Ginger"},{"floor":25.0,"key":"Omamori"},{"floor":26.0,"key":"Ornamental Fan"},{"floor":27.0,"key":"Letter Opener"},{"floor":28.0,"key":"Sundial"},{"floor":30.0,"key":"Bag of Preparation"},{"floor":31.0,"key":"Tiny Chest"},{"floor":40.0,"key":"Lizard Tail"},{"floor":41,"key":"Juzu Bracelet"},{"floor":42,"key":"Singing Bowl"},{"floor":43,"key":"Mercury Hourglass"},{"floor":45,"key":"Blood Vial"},{"floor":46,"key":"Orichalcum"},{"floor":47,"key":"Pen Nib"},{"floor":48,"key":"Strawberry"},{"floor":55,"key":"Gremlin Horn"}],"event_choices":[{"damage_healed":0.0,"max_hp_gain":0.0,"max_hp_loss":0.0,"gold_gain":150.0,"event_name":"Liars Game","player_choice":"AGREE","floor":3.0,"gold_loss":0.0,"damage_taken":0.0,"cards_obtained":["Doubt"]},{"cards_removed":["Dagger Throw"],"damage_healed":0.0,"max_hp_gain":0.0,"max_hp_loss":0.0,"gold_gain":0.0,"event_name":"WeMeetAgain","player_choice":"Gave Card","floor":5.0,"gold_loss":0.0,"damage_taken":0.0,"relics_obtained":["Tough Bandages"]},{"damage_healed":0.0,"max_hp_gain":0.0,"max_hp_loss":0.0,"gold_gain":0.0,"event_name":"Addict","player_choice":"Obtained Relic","floor":19.0,"gold_loss":85.0,"damage_taken":0.0,"relics_obtained":["Oddly Smooth Stone"]},{"damage_healed":0.0,"max_hp_gain":0.0,"max_hp_loss":0.0,"gold_gain":0.0,"event_name":"Ghosts","player_choice":"Ignored","floor":21.0,"gold_loss":0.0,"damage_taken":0.0},{"damage_healed":0.0,"max_hp_gain":0.0,"max_hp_loss":0.0,"gold_gain":0.0,"event_name":"Duplicator","player_choice":"Ignored","floor":36.0,"gold_loss":0.0,"damage_taken":0.0},{"cards_removed":["Adrenaline"],"damage_healed":0.0,"max_hp_gain":0.0,"max_hp_loss":0.0,"gold_gain":0.0,"event_name":"Falling","player_choice":"Removed Skill","floor":39.0,"gold_loss":0.0,"damage_taken":0.0}],"is_beta":false,"boss_relics":[{"not_picked":["Velvet Choker","Cursed Key"],"picked":"Sozu"},{"not_picked":["Snecko Eye","Calling Bell"],"picked":"HoveringKite"}],"items_purged_floors":[4,11,20,37,54],"is_endless":false,"potions_floor_spawned":[7,8,12,14,16,18,24,30,33,41,45,46],"ascension_level":20}}