{"host":"Aysed","time":1608468512,"event":{"mods":["AchievementEnabler","BaseMod","Colored Powertips","Downfall","Faster Ascension Climbing","Minty Spire (QoL Compilation)","Quick Restart","StSLib","SuperFastMode"],"gold_per_floor":[18,18,18,32,32,70,70,19,43,43,56,11,26,42,42,42,42],"floor_reached":16,"playtime":510,"items_purged":[],"score":100,"play_id":"78d469e5-f7bd-4a85-a51b-5cf6522df48e","local_time":"20201220134832","is_ascension_mode":false,"campfire_choices":[{"data":"Multi-Cast","floor":7.0,"key":"SMITH"},{"data":"Meteor Strike","floor":15,"key":"SMITH"}],"circlet_count":0,"master_deck":["Strike_B","Defend_B","Defend_B+1","Defend_B","Defend_B+1","Zap","Dualcast","Multi-Cast+1","Meteor Strike+1","Aggregate+1","Turbo+1","Skim+1","Turbo+1","Loop"],"relics":["Cracked Core","Golden Idol","Toxic Egg 2","Happy Flower"],"acts_visited":["Exordium"],"potions_floor_usage":[16],"damage_taken":[{"damage":1.0,"enemies":"Jaw Worm","floor":1.0,"turns":4.0},{"damage":2.0,"enemies":"Small Slimes","floor":4.0,"turns":4.0},{"damage":40.0,"enemies":"Gremlin Nob","floor":6.0,"turns":6.0},{"damage":0,"enemies":"2 Louse","floor":11,"turns":2},{"damage":0,"enemies":"Blue Slaver","floor":13,"turns":3},{"damage":0,"enemies":"2 Fungi Beasts","floor":14,"turns":4},{"damage":16,"enemies":"Slime Boss","floor":16,"turns":4}],"seed_played":"-1412034059767010416","potions_obtained":[{"floor":11,"key":"hexamod:EctoCoolerPotion"},{"floor":14,"key":"DuplicationPotion"}],"is_trial":false,"path_per_floor":["M","?","?","M","?","E","R","$","T","?","M","$","M","M","R","B"],"character_chosen":"DEFECT","items_purchased":["Turbo+1","Turbo+1"],"campfire_rested":0,"item_purchase_floors":[8,12],"current_hp_per_floor":[74,56,41,39,44,4,4,4,4,4,4,4,4,4,4,0,0],"gold":42,"neow_bonus":"TRANSFORM_TWO_CARDS","is_daily":false,"chose_seed":false,"campfire_upgraded":2,"win_rate":0.0,"timestamp":1608468512,"path_taken":["M","?","?","M","?","E","R","?","T","?","?","$","M","?","R","BOSS"],"items_purchased_type":["Card","Card"],"build_version":"2020-12-18","purchased_purges":0,"victory":false,"max_hp_per_floor":[75,75,75,75,80,80,80,80,80,80,80,80,80,80,80,80,80],"card_choices":[{"not_picked":["Rebound","Streamline","Undo"],"picked":"SKIP","floor":1.0},{"not_picked":["Go for the Eyes","Beam Cell","Sweeping Beam"],"picked":"SKIP","floor":4.0},{"not_picked":["Sweeping Beam","Skim+1"],"picked":"Aggregate+1","floor":6.0},{"not_picked":["Steam+1","Beam Cell","Stack+1"],"picked":"SKIP","floor":11},{"not_picked":["Sweeping Beam","BootSequence+1","Ball Lightning"],"picked":"SKIP","floor":13},{"not_picked":["Undo+1","Gash"],"picked":"Loop","floor":14}],"player_experience":39887,"relics_obtained":[{"floor":6.0,"key":"Toxic Egg 2"},{"floor":9.0,"key":"Happy Flower"}],"event_choices":[{"damage_healed":0.0,"max_hp_gain":0.0,"max_hp_loss":0.0,"gold_gain":0.0,"event_name":"Golden Idol","player_choice":"Take Damage","floor":2.0,"gold_loss":0.0,"damage_taken":18.0,"relics_obtained":["Golden Idol"]},{"damage_healed":0.0,"max_hp_gain":0.0,"max_hp_loss":0.0,"gold_gain":0.0,"event_name":"Shining Light","player_choice":"Entered Light","floor":3.0,"gold_loss":0.0,"damage_taken":15.0,"cards_upgraded":["Defend_B","Defend_B"]},{"damage_healed":0.0,"max_hp_gain":5.0,"max_hp_loss":0.0,"gold_gain":0.0,"event_name":"Big Fish","player_choice":"Donut","floor":5.0,"gold_loss":0.0,"damage_taken":0.0},{"damage_healed":0,"gold_gain":0,"cards_transformed":["Strike_B"],"player_choice":"Change","damage_taken":0,"max_hp_gain":0,"max_hp_loss":0,"event_name":"Living Wall","floor":10,"gold_loss":0,"cards_obtained":["Skim"]}],"is_beta":true,"boss_relics":[],"items_purged_floors":[],"is_endless":false,"potions_floor_spawned":[11,14],"killed_by":"Slime Boss","ascension_level":0}}