{"host":"2k96kai96havp3pq","time":1608438806,"event":{"mods":["AchievementEnabler","BaseMod","Colored Map","Colored Powertips","Downfall","Hermit","Minty Spire (QoL Compilation)","Relic Stats","Replay The Spire","StSLib","The Bug Knight","The Cursed","The Hierophant","The Servant 0.9.4"],"gold_per_floor":[119,132,149,149,159,188,188,198,198,226,246,260,260,260,260,355,355,369,290,351,351,351],"floor_reached":21,"playtime":1481,"items_purged":[],"score":222,"play_id":"7208cdf2-e552-436a-b963-a76b5a5b867c","local_time":"20201219223326","is_ascension_mode":true,"campfire_choices":[{"floor":7,"key":"REST"},{"floor":13,"key":"REST"},{"floor":15,"key":"REST"}],"circlet_count":0,"master_deck":["Strike_B","Strike_B","Strike_B","Strike_B","Defend_B","Defend_B","Defend_B","Defend_B","Zap","Dualcast","FTL","Go for the Eyes+1","Turbo","Fusion","Amplify","Tempest","White Noise","Leap","Self Repair","Thunder Strike+1","Redo","Capacitor+1","Ball Lightning"],"relics":["Cracked Core","NeowsBlessing","Onion Ring","Golden Egg","Cables","SsserpentHead","Black Star"],"acts_visited":["Exordium","TheCity"],"potions_floor_usage":[6,10,16],"damage_taken":[{"damage":0,"enemies":"2 Louse","floor":1,"turns":1},{"damage":0,"enemies":"Small Slimes","floor":2,"turns":1},{"damage":0,"enemies":"Cultist","floor":3,"turns":1},{"damage":0,"enemies":"Large Slime","floor":5,"turns":4},{"damage":34,"enemies":"3 Sentries","floor":6,"turns":8},{"damage":14,"enemies":"3 Louse","floor":8,"turns":3},{"damage":15,"enemies":"Lagavulin","floor":10,"turns":5},{"damage":0,"enemies":"2 Fungi Beasts","floor":11,"turns":3},{"damage":30,"enemies":"Lots of Slimes","floor":12,"turns":3},{"damage":46,"enemies":"The Guardian","floor":16,"turns":11},{"damage":12,"enemies":"Chosen","floor":18,"turns":4},{"damage":68,"enemies":"3 Byrds","floor":20,"turns":4},{"damage":12,"enemies":"Centurion and Healer","floor":21,"turns":2}],"seed_played":"8512355449046179637","potions_obtained":[{"floor":1,"key":"BlessingOfTheForge"},{"floor":3,"key":"SteroidPotion"},{"floor":8,"key":"Flashbang"},{"floor":12,"key":"GamblersBrew"}],"is_trial":false,"path_per_floor":["M","M","M","?","M","E","R","M","T","E","M","M","R","?","R","B",null,"M","$","M","M"],"character_chosen":"DEFECT","items_purchased":["Capacitor"],"campfire_rested":3,"item_purchase_floors":[19],"current_hp_per_floor":[75,75,75,75,75,41,63,49,49,34,34,4,26,26,48,2,75,70,70,9,0,0],"gold":351,"neow_bonus":"THREE_ENEMY_KILL","is_daily":false,"chose_seed":false,"campfire_upgraded":0,"win_rate":0.0,"timestamp":1608438806,"path_taken":["M","M","M","?","M","E","R","M","T","E","M","M","R","?","R","BOSS","M","$","?","M"],"items_purchased_type":["Card"],"build_version":"2020-12-13","purchased_purges":0,"victory":false,"max_hp_per_floor":[75,75,75,75,75,75,75,75,75,75,75,75,75,75,75,75,75,75,75,75,75,75],"relic_stats":{"SsserpentHead":50,"counters":[13,50],"Black Star":0,"obtain_stats":[{"Golden Egg":9,"SsserpentHead":14,"NeowsBlessing":0,"Onion Ring":6,"Black Star":17,"Cracked Core":0,"Cables":10},{"Golden Egg":6,"SsserpentHead":9,"NeowsBlessing":0,"Onion Ring":5,"Black Star":10,"Cracked Core":0,"Cables":7},{"Golden Egg":18,"SsserpentHead":29,"NeowsBlessing":0,"Onion Ring":15,"Black Star":40,"Cracked Core":0,"Cables":23}],"Cables":[24,23,0,0,1]},"card_choices":[{"not_picked":["Rebound","Darkness"],"picked":"FTL","floor":1},{"not_picked":["Redo","Heatsinks"],"picked":"Go for the Eyes","floor":2},{"not_picked":["Sweeping Beam","Cold Snap"],"picked":"Turbo","floor":3},{"not_picked":["Hologram","Hello World"],"picked":"Fusion","floor":5},{"not_picked":["Redo","Turbo"],"picked":"Amplify","floor":6},{"not_picked":["Stack","Barrage"],"picked":"Tempest","floor":8},{"not_picked":["Heatsinks","Force Field"],"picked":"White Noise","floor":10},{"not_picked":["Hologram","Stack"],"picked":"Leap","floor":11},{"not_picked":["Turbo","Blizzard"],"picked":"Self Repair","floor":12},{"not_picked":["Buffer","Fission"],"picked":"Thunder Strike","floor":16},{"not_picked":["ReplayTheSpireMod:Reroute Power","Hologram+1"],"picked":"Redo","floor":18},{"not_picked":["ReplayTheSpireMod:GoodbyeWorld","Skim"],"picked":"Ball Lightning","floor":20}],"player_experience":363848,"relics_obtained":[{"floor":6,"key":"Onion Ring"},{"floor":9,"key":"Golden Egg"},{"floor":10,"key":"Cables"}],"event_choices":[{"damage_healed":0,"gold_gain":0,"player_choice":"Grow","damage_taken":0,"max_hp_gain":0,"max_hp_loss":0,"event_name":"Living Wall","floor":4,"gold_loss":0,"cards_upgraded":["Go for the Eyes"]},{"damage_healed":0,"gold_gain":0,"player_choice":"Trade","damage_taken":0,"relics_obtained":["SsserpentHead"],"max_hp_gain":0,"max_hp_loss":0,"event_name":"FaceTrader","floor":14,"gold_loss":0}],"is_beta":false,"boss_relics":[{"not_picked":["Replay:Ancient Bell","SlaversCollar"],"picked":"Black Star"}],"items_purged_floors":[],"is_endless":false,"potions_floor_spawned":[1,3,8,12],"killed_by":"Centurion and Healer","ascension_level":3}}