{"host":"jmdwsiegw2vwqzt1","time":1608439241,"event":{"mods":["2.2 Compatiblity","AchievementEnabler","BaseMod","Better Third Choice","Better Vampires","Colored Powertips","Custom Start","Dio Mod","Downfall","Hermit","Highlight Path","Jorbs\u0027s Wanderer Trilogy","Marisa????????","Minty Spire (QoL Compilation)","Permanent Neow","Quick Restart","Rare Cards Sparkle","Relic Stats","Spicy Shops","StSLib","SuperFastMode","The Bug Knight","The Cursed","The Disciple","The Hierophant","The Necromancer","The Servant 0.9.4","slay the spire mod where everything is the same but ironclad has a cowboy hat"],"gold_per_floor":[0,10,10,10,10,37,37,137,157,157,176,103,203,60,78,78,78],"floor_reached":16,"playtime":818,"items_purged":[],"score":98,"play_id":"0430b1ce-740d-480f-8c6a-b188d9294c5c","local_time":"20201219234041","is_ascension_mode":false,"campfire_choices":[{"data":"champ:StrikeOfGenius","floor":1,"key":"SMITH"},{"data":"champ:Taunt","floor":5,"key":"SMITH"},{"floor":10,"key":"REST"}],"circlet_count":0,"master_deck":["champ:Strike","champ:Strike","champ:Strike","champ:Defend","champ:Defend","champ:Defend","champ:Defend","champ:Execute","champ:Taunt+1","champ:StrikeOfGenius+1","champ:FocusedGladiator","champ:ShieldWall","champ:Circumvent","champ:AdrenalArmor","champ:IronFortress","champ:BerserkerStyle","champ:IronFortress","champ:FaceSlap","champ:Encircle"],"relics":["champ:ChampionCrown","champ:LiftRelic","Nunchaku","Vajra","Champion Belt","Pantograph"],"acts_visited":["Exordium"],"potions_floor_usage":[16],"damage_taken":[{"damage":11,"enemies":"2 Louse","floor":2,"turns":3},{"damage":37,"enemies":"3 Sentries","floor":6,"turns":6},{"damage":45,"enemies":"3 Sentries","floor":8,"turns":4},{"damage":13,"enemies":"Small Slimes","floor":9,"turns":3},{"damage":4,"enemies":"Cultist","floor":11,"turns":4},{"damage":12,"enemies":"downfall:FleeingMerchant","floor":12,"turns":4},{"damage":4,"enemies":"downfall:FleeingMerchant","floor":14,"turns":4},{"damage":19,"enemies":"Exordium Wildlife","floor":15,"turns":4},{"damage":66,"enemies":"downfall:Defect","floor":16,"turns":5}],"seed_played":"1741932846110272271","potions_obtained":[{"floor":8,"key":"PowerPotion"},{"floor":11,"key":"GamblersBrew"},{"floor":15,"key":"AttackPotion"}],"is_trial":false,"path_per_floor":["R","M","?","?","R","E","T","?","M","R","M","$","?","$","M","B"],"character_chosen":"THE_CHAMP","items_purchased":["champ:IronFortress","Pantograph"],"campfire_rested":1,"item_purchase_floors":[12,14],"current_hp_per_floor":[90,90,90,90,90,68,68,28,20,47,47,42,42,42,29,0,0],"gold":78,"neow_bonus":"THREE_RARE_CARDS","is_daily":false,"chose_seed":false,"campfire_upgraded":2,"win_rate":0.0,"timestamp":1608439241,"path_taken":["R","M","?","?","R","E","T","?","M","R","M","?","?","$","M","BOSS"],"items_purchased_type":["Card","Relic"],"build_version":"2020-12-13","purchased_purges":0,"victory":false,"max_hp_per_floor":[90,90,90,90,90,90,90,90,90,90,90,90,90,90,90,90,90],"relic_stats":{"Nunchaku":[3],"counters":[9,37],"Pantograph":25,"Champion Belt":[2],"obtain_stats":[{"Nunchaku":6,"champ:LiftRelic":3,"Pantograph":14,"Vajra":7,"champ:ChampionCrown":0,"Champion Belt":8},{"Nunchaku":2,"champ:LiftRelic":1,"Pantograph":7,"Vajra":2,"champ:ChampionCrown":0,"Champion Belt":3},{"Nunchaku":9,"champ:LiftRelic":3,"Pantograph":28,"Vajra":9,"champ:ChampionCrown":0,"Champion Belt":13}]},"card_choices":[{"not_picked":["champ:MurderStrike","champ:VampiricStrike"],"picked":"champ:StrikeOfGenius","floor":0},{"not_picked":["champ:PreciseThrust","champ:GladiatorsShout"],"picked":"champ:FocusedGladiator","floor":2},{"not_picked":["champ:FlashCut","champ:CrookedStrike"],"picked":"champ:ShieldWall","floor":6},{"not_picked":["champ:DefensiveShout","champ:FocusedBerserking"],"picked":"champ:Circumvent","floor":8},{"not_picked":["champ:Circumvent","champ:FlashCut"],"picked":"champ:AdrenalArmor","floor":9},{"not_picked":["champ:TornadoPunch","champ:GutPunch"],"picked":"champ:IronFortress","floor":11},{"not_picked":["champ:StanceDance","champ:HoldFirm"],"picked":"champ:BerserkerStyle","floor":12},{"not_picked":["champ:BladeFlurry","champ:StanceDance"],"picked":"champ:FaceSlap","floor":14},{"not_picked":["champ:Haymaker","champ:Lariat"],"picked":"champ:Encircle","floor":15}],"player_experience":301700,"relics_obtained":[{"floor":6,"key":"Nunchaku"},{"floor":7,"key":"Vajra"},{"floor":8,"key":"Champion Belt"}],"event_choices":[],"is_beta":false,"boss_relics":[],"items_purged_floors":[],"is_endless":false,"potions_floor_spawned":[8,11,15],"killed_by":"downfall:Defect","ascension_level":0}}