{"host":"cc187","time":1608498518,"event":{"mods":["AchievementEnabler","BaseMod","Bestiary","Colored Map","Colored Powertips","Highlight Path","Keyboard Shortcuts","Minty Spire (QoL Compilation)","Quick Restart","Rare Cards Sparkle","Relic Stats","StSLib","SuperFastMode","Synergy Search"],"gold_per_floor":[118,59,75,125,138,138,164,164,190,209,209,229,249,284,284,357,357,375,375,375],"floor_reached":19,"playtime":1029,"items_purged":[],"score":340,"play_id":"510a17ae-cbcd-445b-a7be-adc69af80a2a","local_time":"20201220210838","is_ascension_mode":true,"campfire_choices":[{"data":"Dash","floor":6,"key":"SMITH"},{"floor":15,"key":"REST"}],"circlet_count":0,"master_deck":["AscendersBane","Strike_G","Strike_G","Strike_G","Strike_G","Strike_G","Defend_G","Defend_G","Defend_G","Defend_G","Defend_G","Survivor","Neutralize","Dash+1","Blade Dance","Noxious Fumes","Dagger Spray","Deadly Poison","After Image","Catalyst","Tools of the Trade","Envenom","Bane"],"relics":["Ring of the Snake","Orichalcum","Happy Flower","Juzu Bracelet","Coffee Dripper"],"acts_visited":["Exordium","TheCity"],"potions_floor_usage":[7,14,16],"damage_taken":[{"damage":5,"enemies":"Small Slimes","floor":1,"turns":5},{"damage":2,"enemies":"Cultist","floor":3,"turns":4},{"damage":2,"enemies":"Jaw Worm","floor":5,"turns":4},{"damage":14,"enemies":"Lagavulin","floor":7,"turns":6},{"damage":3,"enemies":"Looter","floor":10,"turns":3},{"damage":7,"enemies":"Red Slaver","floor":12,"turns":4},{"damage":8,"enemies":"Large Slime","floor":13,"turns":5},{"damage":12,"enemies":"3 Sentries","floor":14,"turns":7},{"damage":27,"enemies":"The Guardian","floor":16,"turns":10},{"damage":26,"enemies":"Spheric Guardian","floor":18,"turns":6},{"damage":42,"enemies":"Masked Bandits","floor":19,"turns":4}],"seed_played":"-868435721471660458","potions_obtained":[{"floor":3,"key":"SteroidPotion"},{"floor":8,"key":"Weak Potion"},{"floor":8,"key":"Energy Potion"},{"floor":12,"key":"Ancient Potion"},{"floor":14,"key":"DistilledChaos"}],"is_trial":false,"path_per_floor":["M","$","M","?","M","R","E","?","T","M","?","M","M","E","R","B",null,"M","?"],"character_chosen":"THE_SILENT","items_purchased":["Blade Dance"],"campfire_rested":1,"item_purchase_floors":[2],"current_hp_per_floor":[60,60,58,58,56,56,42,42,42,39,39,32,24,12,33,6,56,30,0,0],"gold":375,"neow_bonus":"TEN_PERCENT_HP_BONUS","is_daily":false,"chose_seed":false,"campfire_upgraded":1,"win_rate":0.0,"timestamp":1608498518,"path_taken":["M","$","M","?","M","R","E","?","T","?","?","M","M","E","R","BOSS","M","?"],"items_purchased_type":["Card"],"build_version":"2020-12-18","purchased_purges":0,"victory":false,"max_hp_per_floor":[72,72,72,72,72,72,72,72,72,72,72,72,72,72,72,72,72,72,72,72],"relic_stats":{"Happy Flower":[13],"counters":[11,58],"Juzu Bracelet":1,"Orichalcum":[18],"obtain_stats":[{"Happy Flower":9,"Juzu Bracelet":14,"Coffee Dripper":17,"Orichalcum":7,"Ring of the Snake":0},{"Happy Flower":4,"Juzu Bracelet":8,"Coffee Dripper":9,"Orichalcum":4,"Ring of the Snake":0},{"Happy Flower":19,"Juzu Bracelet":38,"Coffee Dripper":48,"Orichalcum":19,"Ring of the Snake":0}],"Ring of the Snake":[22]},"card_choices":[{"not_picked":["Quick Slash","Sucker Punch"],"picked":"Dash","floor":1},{"not_picked":["Reflex","Predator"],"picked":"Noxious Fumes","floor":3},{"not_picked":["Deflect","Slice"],"picked":"Dagger Spray","floor":5},{"not_picked":["Cloak And Dagger","Sucker Punch"],"picked":"Deadly Poison","floor":7},{"not_picked":["Slice","Sucker Punch"],"picked":"After Image","floor":10},{"not_picked":["Backflip","Sucker Punch"],"picked":"Catalyst","floor":12},{"not_picked":["PiercingWail","Acrobatics","Eviscerate"],"picked":"SKIP","floor":13},{"not_picked":["Tactician","Backflip"],"picked":"Tools of the Trade","floor":14},{"not_picked":["Doppelganger","Grand Finale"],"picked":"Envenom","floor":16},{"not_picked":["Finisher","Heel Hook"],"picked":"Bane","floor":18}],"player_experience":814413,"relics_obtained":[{"floor":7,"key":"Orichalcum"},{"floor":9,"key":"Happy Flower"},{"floor":14,"key":"Juzu Bracelet"}],"event_choices":[{"damage_healed":0,"gold_gain":50,"player_choice":"Gained Gold","damage_taken":0,"max_hp_gain":0,"max_hp_loss":0,"event_name":"Golden Wing","floor":4,"gold_loss":0},{"damage_healed":0,"gold_gain":0,"player_choice":"Got Potions","damage_taken":0,"max_hp_gain":0,"max_hp_loss":0,"event_name":"Lab","floor":8,"gold_loss":0},{"damage_healed":0,"gold_gain":0,"player_choice":"0 cards matched","damage_taken":0,"max_hp_gain":0,"max_hp_loss":0,"event_name":"Match and Keep!","floor":11,"gold_loss":0,"cards_obtained":[]},{"damage_healed":0,"gold_gain":0,"player_choice":"Fought Bandits","damage_taken":0,"max_hp_gain":0,"max_hp_loss":0,"event_name":"Masked Bandits","floor":19,"gold_loss":0}],"is_beta":true,"boss_relics":[{"not_picked":["Empty Cage","Astrolabe"],"picked":"Coffee Dripper"}],"items_purged_floors":[],"is_endless":false,"potions_floor_spawned":[3,12,13,14],"killed_by":"Masked Bandits","ascension_level":18}}