{"host":"2h34w377mcmn31br","time":1608505138,"event":{"mods":["Act Like it!","AlwaysNeverKeys","BaseMod","Better Third Choice","BetterRewards","Colored Map","Minty Spire (QoL Compilation)","StSLib"],"gold_per_floor":[109,127,127,142,158,158,191,209,209,209,209,209],"floor_reached":11,"playtime":490,"items_purged":["Defend_P","Defend_P"],"score":130,"play_id":"372495ac-7e8b-4f5b-bdd1-e637a3a65b15","local_time":"20201220145858","is_ascension_mode":true,"campfire_choices":[{"floor":6.0,"key":"REST"},{"data":"Eruption","floor":10.0,"key":"SMITH"}],"circlet_count":0,"master_deck":["Strike_P","Strike_P","Strike_P+1","Strike_P+1","Defend_P","Defend_P","Eruption+1","Vigilance","Worship","FlurryOfBlows","Prostrate","DeceiveReality","Meditate"],"relics":["PureWater","Mummified Hand","Whetstone","HandDrill","Girya","Chemical X","Darkstone Periapt","White Beast Statue","Ginger","Shovel","Oddly Smooth Stone","The Courier"],"acts_visited":["Exordium"],"potions_floor_usage":[],"damage_taken":[{"damage":3.0,"enemies":"2 Louse","floor":1.0,"turns":3.0},{"damage":0.0,"enemies":"Cultist","floor":2.0,"turns":2.0},{"damage":14.0,"enemies":"Jaw Worm","floor":4.0,"turns":4.0},{"damage":0.0,"enemies":"Large Slime","floor":5.0,"turns":2.0},{"damage":0.0,"enemies":"Lagavulin","floor":7.0,"turns":6.0},{"damage":0.0,"enemies":"2 Fungi Beasts","floor":8.0,"turns":2.0},{"damage":0,"enemies":"3 Sentries","floor":11,"turns":1}],"seed_played":"-5283230346331898566","potions_obtained":[{"floor":2.0,"key":"Explosive Potion"},{"floor":4.0,"key":"GamblersBrew"},{"floor":5.0,"key":"LiquidMemories"},{"floor":7.0,"key":"StancePotion"},{"floor":8.0,"key":"Fire Potion"}],"is_trial":false,"path_per_floor":["M","M","?","M","M","R","E","M","T","R","E"],"character_chosen":"WATCHER","items_purchased":["Mummified Hand","Whetstone","HandDrill","Chemical X","Darkstone Periapt","White Beast Statue"],"campfire_rested":1,"item_purchase_floors":[0,0,0,0,0,0],"current_hp_per_floor":[20,20,20,6,6,27,27,27,27,27,27,27],"gold":209,"neow_bonus":"","is_daily":false,"chose_seed":false,"campfire_upgraded":1,"win_rate":0.0,"timestamp":1608505138,"path_taken":["M","M","?","?","M","R","E","M","T","R","E"],"items_purchased_type":["Relic","Relic","Relic","Relic","Relic","Relic"],"build_version":"2020-12-13","purchased_purges":2,"victory":false,"max_hp_per_floor":[72,72,72,72,72,72,72,72,72,72,72,72],"card_choices":[{"not_picked":["CutThroughFate","Nirvana"],"picked":"Worship","floor":1.0},{"not_picked":["WheelKick","Vengeance"],"picked":"FlurryOfBlows","floor":2.0},{"not_picked":["Consecrate","Weave","PathToVictory"],"picked":"SKIP","floor":4.0},{"not_picked":["BowlingBash","Pray"],"picked":"DeceiveReality","floor":5.0},{"not_picked":["FlyingSleeves","ReachHeaven"],"picked":"Meditate","floor":7.0},{"not_picked":["Evaluate","SashWhip","ThirdEye"],"picked":"SKIP","floor":8.0}],"player_experience":186854,"relics_obtained":[{"floor":7.0,"key":"Oddly Smooth Stone"},{"floor":9.0,"key":"The Courier"}],"event_choices":[{"damage_healed":0.0,"max_hp_gain":0.0,"max_hp_loss":0.0,"gold_gain":0.0,"event_name":"Match and Keep!","player_choice":"1 cards matched","floor":3.0,"gold_loss":0.0,"damage_taken":0.0,"cards_obtained":["Prostrate"]}],"is_beta":false,"boss_relics":[],"items_purged_floors":[0,0],"is_endless":false,"potions_floor_spawned":[1,2,4,5,7,8],"killed_by":"3 Sentries","ascension_level":6}}