{"host":"epyok0r2aohq8f97","time":1608438737,"event":{"mods":["Act Like it!","Always Whale","BaseMod","FetchMod","GifTheSpireLib","Minty Spire (QoL Compilation)","Rare Cards Sparkle","Relic Sorter","Relic Stats","Shop Mod","StSLib","SuperFastMode"],"gold_per_floor":[110,121,196,196,496,508,538,538,562,602,602,616,616,616,616,616,616],"floor_reached":16,"playtime":310,"items_purged":[],"score":133,"play_id":"799b3638-b4e7-42f4-9a1d-aeebf1ab2a40","local_time":"20201219233217","is_ascension_mode":false,"campfire_choices":[{"data":"Bludgeon","floor":11,"key":"SMITH"},{"data":"Seeing Red","floor":13,"key":"SMITH"},{"data":"Bash","floor":15,"key":"SMITH"}],"circlet_count":0,"master_deck":["Strike_R","Strike_R+1","Strike_R+1","Strike_R","Strike_R","Defend_R","Defend_R","Defend_R","Bash+1","Bludgeon+1","Combust","Headbutt","Corruption","Carnage","Seeing Red+1"],"relics":["Burning Blood","Old Coin","Whetstone","Golden Idol","Vajra","Happy Flower","Anchor"],"acts_visited":["Exordium"],"potions_floor_usage":[16,16],"damage_taken":[{"damage":0.0,"enemies":"Cultist","floor":1.0,"turns":2.0},{"damage":3,"enemies":"2 Louse","floor":2,"turns":3},{"damage":6,"enemies":"Jaw Worm","floor":6,"turns":3},{"damage":39,"enemies":"3 Sentries","floor":7,"turns":7},{"damage":0,"enemies":"Gremlin Nob","floor":10,"turns":2},{"damage":13,"enemies":"Red Slaver","floor":12,"turns":2},{"damage":41,"enemies":"The Guardian","floor":16,"turns":7}],"seed_played":"-521308356225158605","potions_obtained":[{"floor":2,"key":"AttackPotion"},{"floor":6,"key":"Block Potion"},{"floor":7,"key":"ElixirPotion"}],"is_trial":false,"path_per_floor":["M","M","?","?","T","M","E","?","T","E","R","M","R","?","R","B"],"character_chosen":"IRONCLAD","items_purchased":[],"campfire_rested":0,"item_purchase_floors":[],"current_hp_per_floor":[80,80,69,69,69,69,36,36,36,42,42,35,35,35,35,0,0],"gold":616,"neow_bonus":"ONE_RANDOM_RARE_CARD","is_daily":false,"chose_seed":false,"campfire_upgraded":3,"win_rate":0.0,"timestamp":1608438737,"path_taken":["M","M","?","?","?","?","E","?","T","E","R","M","R","?","R","BOSS"],"items_purchased_type":[],"build_version":"2020-12-13","purchased_purges":0,"victory":false,"max_hp_per_floor":[80,80,80,80,80,80,80,74,74,74,74,74,74,74,74,74,74],"relic_stats":{"Happy Flower":[3],"counters":[7,26],"Golden Idol":11,"Whetstone":["Strike_R","Strike_R"],"obtain_stats":[{"Anchor":14,"Happy Flower":10,"Golden Idol":8,"Vajra":9,"Whetstone":7,"Burning Blood":0,"Old Coin":5},{"Anchor":6,"Happy Flower":5,"Golden Idol":4,"Vajra":4,"Whetstone":4,"Burning Blood":0,"Old Coin":2},{"Anchor":19,"Happy Flower":17,"Golden Idol":15,"Vajra":15,"Whetstone":15,"Burning Blood":0,"Old Coin":5}],"Burning Blood":27},"card_choices":[{"not_picked":["Iron Wave","Heavy Blade"],"picked":"Combust","floor":1},{"not_picked":["Intimidate","Heavy Blade"],"picked":"Headbutt","floor":2},{"not_picked":["Flame Barrier","Wild Strike"],"picked":"Carnage","floor":6},{"not_picked":["Demon Form","Body Slam"],"picked":"Seeing Red","floor":7},{"not_picked":["Evolve","Wild Strike","Bloodletting"],"picked":"SKIP","floor":10},{"not_picked":["Wild Strike","Heavy Blade","Pummel"],"picked":"SKIP","floor":12}],"player_experience":882888,"relics_obtained":[{"floor":5,"key":"Old Coin"},{"floor":7,"key":"Whetstone"},{"floor":9,"key":"Vajra"},{"floor":10,"key":"Happy Flower"}],"event_choices":[{"damage_healed":0,"gold_gain":75,"player_choice":"Gather Gold","damage_taken":11,"max_hp_gain":0,"max_hp_loss":0,"event_name":"World of Goop","floor":3,"gold_loss":0},{"damage_healed":0,"gold_gain":0,"cards_transformed":["Defend_R"],"player_choice":"Change","damage_taken":0,"max_hp_gain":0,"max_hp_loss":0,"event_name":"Living Wall","floor":4,"gold_loss":0,"cards_obtained":["Corruption"]},{"damage_healed":0,"gold_gain":0,"player_choice":"Lose Max HP","damage_taken":0,"relics_obtained":["Golden Idol"],"max_hp_gain":0,"max_hp_loss":6,"event_name":"Golden Idol","floor":8,"gold_loss":0},{"damage_healed":0,"gold_gain":0,"player_choice":"Searched \u00271\u0027 times","damage_taken":0,"relics_obtained":["Anchor"],"max_hp_gain":0,"max_hp_loss":0,"event_name":"Dead Adventurer","floor":14,"gold_loss":0}],"is_beta":false,"boss_relics":[],"items_purged_floors":[],"is_endless":false,"potions_floor_spawned":[2,6,7],"killed_by":"The Guardian","ascension_level":0}}