{"host":"yvb207ks1sg3cxef","time":1608477519,"event":{"mods":["2.2 Compatiblity","BaseMod","Bestiary","Colored Powertips","Minty Spire (QoL Compilation)","Permanent Neow","Quick Restart","Relic Stats","StSLib"],"gold_per_floor":[363,363,374,23,43,43,76,88,100,130,162,349,361,401,413,504,516,541,628,654,666,691,737,749,761,773,795,820,554,586,247,247,323,323,333,357,657,671,691,722,747,772,798,798,827,875,890,518,518,518,518,518,68,98,98,98],"floor_reached":55,"playtime":4521,"items_purged":["Strike_G","Regret","Doubt","Strike_G+1","Unload"],"score":1431,"play_id":"64f3ce78-edd1-4449-8908-1b1918a75925","local_time":"20201220204839","is_ascension_mode":true,"campfire_choices":[{"data":"Well Laid Plans","floor":6.0,"key":"SMITH"},{"data":"Predator","floor":8.0,"key":"SMITH"},{"data":"Dagger Spray","floor":13.0,"key":"SMITH"},{"floor":15.0,"key":"REST"},{"data":"Malaise","floor":24.0,"key":"SMITH"},{"data":"Noxious Fumes","floor":32.0,"key":"SMITH"},{"data":"Bullet Time","floor":44,"key":"SMITH"},{"floor":49,"key":"RECALL"},{"data":"Footwork","floor":52,"key":"SMITH"}],"circlet_count":0,"master_deck":["AscendersBane","Strike_G+1","Strike_G+1","Strike_G+1","Defend_G+1","Defend_G+1","Defend_G+1","Defend_G+1","Defend_G+1","Survivor","Neutralize","Flying Knee","Cloak And Dagger","Well Laid Plans+1","Predator+1","Backflip","Leg Sweep+1","Dagger Spray+1","Backflip","Malaise+1","Well Laid Plans","Flying Knee+1","Skewer","Catalyst+1","Noxious Fumes+1","Leg Sweep+1","Catalyst","Reflex+1","Bullet Time+1","Backflip","Flying Knee+1","Footwork+1","Backflip","Footwork+1","Dodge and Roll","Master of Strategy","Outmaneuver","Caltrops","Dodge and Roll"],"relics":["Ring of the Snake","Membership Card","Toy Ornithopter","MawBank","White Beast Statue","Odd Mushroom","Cursed Key","Blood Vial","Mercury Hourglass","Snake Skull","Frozen Eye","Ancient Tea Set","Omamori","Bag of Preparation","Orrery","Bottled Lightning","HoveringKite","War Paint","Pocketwatch","Oddly Smooth Stone","Akabeko","MealTicket","Ice Cream","TwistedFunnel","HornCleat","Calipers","Shuriken","Vajra"],"acts_visited":["Exordium","TheCity","TheBeyond","TheEnding"],"potions_floor_usage":[42,45,46,46,50,55,55],"damage_taken":[{"damage":0.0,"enemies":"2 Louse","floor":1.0,"turns":3.0},{"damage":4.0,"enemies":"Cultist","floor":3.0,"turns":5.0},{"damage":1.0,"enemies":"Small Slimes","floor":5.0,"turns":4.0},{"damage":29.0,"enemies":"Gremlin Nob","floor":7.0,"turns":4.0},{"damage":2.0,"enemies":"Blue Slaver","floor":10.0,"turns":4.0},{"damage":1.0,"enemies":"2 Fungi Beasts","floor":11.0,"turns":3.0},{"damage":4.0,"enemies":"The Mushroom Lair","floor":14.0,"turns":3.0},{"damage":7.0,"enemies":"Slime Boss","floor":16.0,"turns":8.0},{"damage":6.0,"enemies":"Chosen","floor":18.0,"turns":10.0},{"damage":1.0,"enemies":"Shell Parasite","floor":20.0,"turns":9.0},{"damage":2.0,"enemies":"Centurion and Healer","floor":22.0,"turns":7.0},{"damage":10.0,"enemies":"Slavers","floor":23.0,"turns":7.0},{"damage":12.0,"enemies":"Snecko","floor":27.0,"turns":6.0},{"damage":9.0,"enemies":"Snake Plant","floor":28.0,"turns":7.0},{"damage":8.0,"enemies":"Book of Stabbing","floor":30.0,"turns":7.0},{"damage":19.0,"enemies":"Automaton","floor":33.0,"turns":9.0},{"damage":0.0,"enemies":"Orb Walker","floor":35.0,"turns":5.0},{"damage":0.0,"enemies":"3 Shapes","floor":38.0,"turns":4.0},{"damage":10.0,"enemies":"Sphere and 2 Shapes","floor":39.0,"turns":6.0},{"damage":15.0,"enemies":"Giant Head","floor":40.0,"turns":8.0},{"damage":0.0,"enemies":"Mind Bloom Boss Battle","floor":41.0,"turns":7.0},{"damage":1,"enemies":"Nemesis","floor":42,"turns":15},{"damage":0,"enemies":"Reptomancer","floor":45,"turns":5},{"damage":58,"enemies":"2 Orb Walkers","floor":46,"turns":7},{"damage":0,"enemies":"Spire Growth","floor":47,"turns":5},{"damage":5,"enemies":"Awakened One","floor":50,"turns":16},{"damage":3,"enemies":"Shield and Spear","floor":54,"turns":9},{"damage":68,"enemies":"The Heart","floor":55,"turns":9}],"seed_played":"-6876782347251934918","potions_obtained":[{"floor":10.0,"key":"FearPotion"},{"floor":11.0,"key":"SpeedPotion"},{"floor":14.0,"key":"Dexterity Potion"},{"floor":16.0,"key":"Explosive Potion"},{"floor":18.0,"key":"Swift Potion"},{"floor":20.0,"key":"FearPotion"},{"floor":22.0,"key":"Dexterity Potion"},{"floor":23.0,"key":"FairyPotion"},{"floor":28.0,"key":"PowerPotion"},{"floor":30.0,"key":"LiquidBronze"},{"floor":33.0,"key":"Swift Potion"},{"floor":38.0,"key":"PowerPotion"},{"floor":39.0,"key":"Swift Potion"},{"floor":40.0,"key":"BlessingOfTheForge"},{"floor":41.0,"key":"Block Potion"},{"floor":42,"key":"AttackPotion"},{"floor":45,"key":"FearPotion"},{"floor":46,"key":"AttackPotion"},{"floor":47,"key":"DistilledChaos"},{"floor":54,"key":"CultistPotion"}],"is_trial":false,"path_per_floor":["M","?","M","$","M","R","E","R","T","M","M","?","R","?","R","B",null,"M","?","M","?","M","E","R","?","T","M","M","$","E","$","R","B",null,"M","T","?","M","M","E","?","E","T","R","E","?","M","$","R","B",null,"R","$","E","B"],"character_chosen":"THE_SILENT","items_purchased":["Membership Card","Toy Ornithopter","Well Laid Plans","Predator","Backflip","Snake Skull","Frozen Eye","Ancient Tea Set","Bag of Preparation","Orrery","Bottled Lightning","TwistedFunnel","HornCleat","Master of Strategy","Calipers","Outmaneuver","DistilledChaos","Shuriken","Caltrops"],"campfire_rested":1,"item_purchase_floors":[4,4,4,4,4,29,29,29,31,31,31,48,48,48,53,53,53,53,53],"current_hp_per_floor":[59,59,55,55,54,54,25,25,25,23,22,22,22,18,36,39,55,49,43,47,47,45,45,45,36,36,26,19,19,23,23,23,6,50,52,52,52,59,55,47,54,60,60,60,65,17,19,34,34,36,58,58,65,62,0,0],"gold":98,"neow_bonus":"TWO_FIFTY_GOLD","is_daily":false,"chose_seed":false,"campfire_upgraded":7,"win_rate":0.0,"timestamp":1608477519,"path_taken":["M","?","M","$","M","R","E","R","T","M","?","?","R","?","R","BOSS","M","?","?","?","M","E","R","?","T","M","?","$","E","$","R","BOSS","M","?","?","M","?","E","?","E","T","R","E","?","M","$","R","BOSS","R","$","E","BOSS"],"items_purchased_type":["Relic","Relic","Card","Card","Card","Relic","Relic","Relic","Relic","Relic","Relic","Relic","Relic","Card","Relic","Card","Potion","Relic","Card"],"build_version":"2020-12-13","purchased_purges":5,"victory":false,"max_hp_per_floor":[60,60,60,60,60,60,60,60,60,60,60,60,60,60,60,60,60,60,60,60,60,60,60,60,65,65,65,65,65,65,65,65,65,65,65,65,65,65,65,65,65,65,65,65,65,65,65,65,65,65,65,65,65,65,65,65],"relic_stats":{"counters":[28,191],"HoveringKite":[18],"Snake Skull":[114],"Bag of Preparation":[26],"War Paint":["Leg Sweep","Leg Sweep"],"MawBank":264,"Cursed Key":3,"Mercury Hourglass":[438],"Blood Vial":28,"Shuriken":[4],"MealTicket":22,"obtain_stats":[{"Ice Cream":46,"TwistedFunnel":48,"Calipers":53,"HoveringKite":34,"Vajra":54,"Snake Skull":29,"Bag of Preparation":31,"Cursed Key":17,"Ancient Tea Set":29,"Blood Vial":23,"Frozen Eye":29,"HornCleat":48,"MealTicket":45,"Ring of the Snake":0,"Oddly Smooth Stone":42,"Omamori":30,"Odd Mushroom":14,"War Paint":40,"MawBank":7,"White Beast Statue":9,"Akabeko":43,"Mercury Hourglass":26,"Shuriken":53,"Orrery":31,"Membership Card":4,"Bottled Lightning":31,"Toy Ornithopter":4,"Pocketwatch":41},{"Ice Cream":24,"TwistedFunnel":25,"Calipers":26,"HoveringKite":16,"Vajra":27,"Snake Skull":14,"Bag of Preparation":15,"Cursed Key":8,"Ancient Tea Set":14,"Blood Vial":12,"Frozen Eye":14,"HornCleat":25,"MealTicket":23,"Ring of the Snake":0,"Oddly Smooth Stone":22,"Omamori":15,"Odd Mushroom":7,"War Paint":20,"MawBank":4,"White Beast Statue":4,"Akabeko":22,"Mercury Hourglass":12,"Shuriken":26,"Orrery":15,"Membership Card":2,"Bottled Lightning":15,"Toy Ornithopter":2,"Pocketwatch":21},{"Ice Cream":152,"TwistedFunnel":157,"Calipers":173,"HoveringKite":95,"Vajra":182,"Snake Skull":79,"Bag of Preparation":86,"Cursed Key":34,"Ancient Tea Set":79,"Blood Vial":67,"Frozen Eye":79,"HornCleat":157,"MealTicket":145,"Ring of the Snake":0,"Oddly Smooth Stone":140,"Omamori":86,"Odd Mushroom":26,"War Paint":118,"MawBank":16,"White Beast Statue":16,"Akabeko":140,"Mercury Hourglass":67,"Shuriken":173,"Orrery":86,"Membership Card":8,"Bottled Lightning":86,"Toy Ornithopter":8,"Pocketwatch":125}],"Toy Ornithopter":84,"Ring of the Snake":[56],"Pocketwatch":[22]},"card_choices":[{"not_picked":["Blade Dance","Infinite Blades"],"picked":"Flying Knee","floor":1.0},{"not_picked":["Bane","Outmaneuver"],"picked":"Cloak And Dagger","floor":3.0},{"not_picked":["Riddle With Holes","Endless Agony"],"picked":"Unload","floor":5.0},{"not_picked":["Underhanded Strike","Bouncing Flask"],"picked":"Leg Sweep","floor":7.0},{"not_picked":["Dagger Throw","Underhanded Strike","Slice"],"picked":"SKIP","floor":10.0},{"not_picked":["Sucker Punch","Well Laid Plans"],"picked":"Dagger Spray","floor":11.0},{"not_picked":["Prepared","Finisher"],"picked":"Backflip","floor":14.0},{"not_picked":["Grand Finale","Adrenaline"],"picked":"Malaise","floor":16.0},{"not_picked":["Eviscerate","Dagger Spray","Expertise"],"picked":"SKIP","floor":18.0},{"not_picked":["Underhanded Strike","Dodge and Roll"],"picked":"Well Laid Plans","floor":20.0},{"not_picked":["Cloak And Dagger","Deflect"],"picked":"Flying Knee+1","floor":22.0},{"not_picked":["Accuracy","Flying Knee","Endless Agony+1"],"picked":"SKIP","floor":23.0},{"not_picked":["Quick Slash","Acrobatics","Outmaneuver"],"picked":"SKIP","floor":27.0},{"not_picked":["Deflect","Calculated Gamble"],"picked":"Skewer","floor":28.0},{"not_picked":["Catalyst+1","Flying Knee","Poisoned Stab"],"picked":"SKIP","floor":30.0},{"not_picked":["Flying Knee","Poisoned Stab"],"picked":"Catalyst+1","floor":30.0},{"not_picked":["Dash","Slice"],"picked":"Noxious Fumes","floor":31.0},{"not_picked":["Blade Dance+1","Dash"],"picked":"Leg Sweep","floor":31.0},{"not_picked":["Poisoned Stab","PiercingWail"],"picked":"Catalyst","floor":31.0},{"not_picked":["Tools of the Trade","Deflect+1"],"picked":"Reflex+1","floor":31.0},{"not_picked":["Wraith Form v2","A Thousand Cuts"],"picked":"Bullet Time","floor":33.0},{"not_picked":["Underhanded Strike","Riddle With Holes"],"picked":"Backflip","floor":35.0},{"not_picked":["Accuracy+1","Cloak And Dagger"],"picked":"Flying Knee+1","floor":38.0},{"not_picked":["Slice","Distraction","Cloak And Dagger"],"picked":"SKIP","floor":39.0},{"not_picked":["Deflect+1","Masterful Stab+1"],"picked":"Footwork+1","floor":40.0},{"not_picked":["Flechettes","Storm of Steel"],"picked":"Backflip","floor":42},{"not_picked":["Flechettes","Reflex"],"picked":"Footwork","floor":45},{"not_picked":["Sucker Punch","Cloak And Dagger"],"picked":"Dodge and Roll","floor":47},{"not_picked":["Blade Dance","Slice"],"picked":"Dodge and Roll","floor":54}],"player_experience":196600,"relics_obtained":[{"floor":7.0,"key":"MawBank"},{"floor":9.0,"key":"White Beast Statue"},{"floor":14.0,"key":"Odd Mushroom"},{"floor":23.0,"key":"Blood Vial"},{"floor":26.0,"key":"Mercury Hourglass"},{"floor":30.0,"key":"Omamori"},{"floor":40.0,"key":"War Paint"},{"floor":41.0,"key":"Pocketwatch"},{"floor":42,"key":"Oddly Smooth Stone"},{"floor":43,"key":"Akabeko"},{"floor":45,"key":"MealTicket"},{"floor":46,"key":"Ice Cream"},{"floor":54,"key":"Vajra"}],"event_choices":[{"damage_healed":0.0,"max_hp_gain":0.0,"max_hp_loss":0.0,"gold_gain":0.0,"event_name":"Match and Keep!","player_choice":"0 cards matched","floor":2.0,"gold_loss":0.0,"damage_taken":0.0,"cards_obtained":[]},{"damage_healed":0.0,"max_hp_gain":0.0,"max_hp_loss":0.0,"gold_gain":175.0,"event_name":"Liars Game","player_choice":"AGREE","floor":12.0,"gold_loss":0.0,"damage_taken":0.0,"cards_obtained":["Doubt"]},{"damage_healed":0.0,"max_hp_gain":0.0,"max_hp_loss":0.0,"gold_gain":0.0,"event_name":"Mushrooms","player_choice":"Fought Mushrooms","floor":14.0,"gold_loss":0.0,"damage_taken":0.0},{"damage_healed":0.0,"max_hp_gain":0.0,"max_hp_loss":0.0,"gold_gain":75.0,"event_name":"FaceTrader","player_choice":"Touch","floor":19.0,"gold_loss":0.0,"damage_taken":6.0},{"damage_healed":0.0,"max_hp_gain":0.0,"max_hp_loss":0.0,"gold_gain":0.0,"event_name":"Back to Basics","player_choice":"Simplicity","floor":21.0,"gold_loss":0.0,"damage_taken":0.0,"cards_upgraded":["Strike_G","Strike_G","Strike_G","Strike_G","Defend_G","Defend_G","Defend_G","Defend_G","Defend_G"]},{"damage_healed":0.0,"max_hp_gain":0.0,"max_hp_loss":0.0,"gold_gain":0.0,"event_name":"Knowing Skull","player_choice":"POTION POTION ","floor":25.0,"potions_obtained":["Fruit Juice","DuplicationPotion"],"gold_loss":0.0,"damage_taken":19.0,"cards_obtained":[]},{"damage_healed":0.0,"max_hp_gain":0.0,"max_hp_loss":0.0,"gold_gain":300.0,"event_name":"Wheel of Change","player_choice":"Gold","floor":37.0,"gold_loss":0.0,"damage_taken":0.0},{"damage_healed":0.0,"max_hp_gain":0.0,"max_hp_loss":0.0,"gold_gain":0.0,"event_name":"MindBloom","player_choice":"Fight","floor":41.0,"gold_loss":0.0,"damage_taken":0.0},{"damage_healed":0,"gold_gain":0,"player_choice":"Fight","damage_taken":0,"max_hp_gain":0,"max_hp_loss":0,"event_name":"Mysterious Sphere","floor":46,"gold_loss":0}],"is_beta":false,"boss_relics":[{"not_picked":["Calling Bell","Black Star"],"picked":"Cursed Key"},{"not_picked":["Philosopher\u0027s Stone","Runic Pyramid"],"picked":"HoveringKite"}],"items_purged_floors":[4,29,31,48,53],"is_endless":false,"potions_floor_spawned":[10,11,14,16,18,20,22,23,27,28,30,33,35,38,39,40,41,42,45,46,47,54],"killed_by":"The Heart","ascension_level":14}}