{"host":"msepye59htvs4aw4","time":1608483373,"event":{"mods":["BaseMod","Colored Map","DeckTracker","Highlight Path","Minty Spire (QoL Compilation)","Shop Mod","StSLib","SuperFastMode"],"gold_per_floor":[119,132,132,4,79,79,136,162,162,162,194,42,53,2,2,80,80,93,93,93,93,110,110,125,141,141,156,169,169,180,191,191,191,191],"floor_reached":33,"playtime":1407,"items_purged":["Defend_G"],"score":475,"play_id":"b32b5de6-ad43-49bb-8dd8-b527435b8dcc","local_time":"20201220175613","is_ascension_mode":true,"campfire_choices":[{"floor":6,"key":"REST"},{"floor":10,"key":"REST"},{"floor":15,"key":"REST"},{"data":"Defend_G","floor":23,"key":"PURGE"},{"floor":29,"key":"RECALL"},{"data":"Defend_G","floor":32,"key":"PURGE"}],"circlet_count":0,"master_deck":["AscendersBane","Defend_G","Defend_G","Survivor","Neutralize","Bouncing Flask+1","Footwork","Dodge and Roll","PiercingWail","Backflip","Backstab","Poisoned Stab","Adrenaline","Crippling Poison","Necronomicurse","Bite","Bite","Bite","Bite","Bite"],"relics":["Ring of the Snake","Centennial Puzzle","Bird Faced Urn","Sundial","Eternal Feather","Peace Pipe","Fusion Hammer","Necronomicon","Meat on the Bone"],"acts_visited":["Exordium","TheCity"],"potions_floor_usage":[7,16,24,25,27],"damage_taken":[{"damage":0,"enemies":"Jaw Worm","floor":1,"turns":8},{"damage":0,"enemies":"Cultist","floor":2,"turns":3},{"damage":30,"enemies":"3 Sentries","floor":7,"turns":12},{"damage":8,"enemies":"Lagavulin","floor":8,"turns":7},{"damage":28,"enemies":"Gremlin Nob","floor":11,"turns":5},{"damage":2,"enemies":"Small Slimes","floor":13,"turns":4},{"damage":18,"enemies":"Hexaghost","floor":16,"turns":10},{"damage":11,"enemies":"2 Thieves","floor":18,"turns":5},{"damage":8,"enemies":"Chosen","floor":22,"turns":4},{"damage":13,"enemies":"Snecko","floor":24,"turns":4},{"damage":21,"enemies":"Centurion and Healer","floor":25,"turns":7},{"damage":14,"enemies":"Snake Plant","floor":27,"turns":3},{"damage":3,"enemies":"Snecko","floor":28,"turns":4},{"damage":31,"enemies":"Centurion and Healer","floor":30,"turns":11},{"damage":15,"enemies":"Snake Plant","floor":31,"turns":4},{"damage":77,"enemies":"Collector","floor":33,"turns":7}],"seed_played":"852915969833289203","potions_obtained":[{"floor":2,"key":"PowerPotion"},{"floor":13,"key":"CunningPotion"},{"floor":18,"key":"Weak Potion"},{"floor":24,"key":"GamblersBrew"},{"floor":25,"key":"DistilledChaos"}],"is_trial":false,"path_per_floor":["M","M","?","$","?","R","?","E","T","R","E","$","M","$","R","B",null,"M","?","?","?","M","R","M","M","T","M","M","R","M","M","R","B"],"character_chosen":"THE_SILENT","items_purchased":["Footwork","Dodge and Roll","Backstab","Poisoned Stab"],"campfire_rested":3,"item_purchase_floors":[4,4,12,14],"current_hp_per_floor":[59,59,59,59,48,66,36,30,30,58,32,32,32,32,60,44,61,52,52,31,31,35,46,39,34,34,30,39,46,45,35,46,0,0],"gold":191,"neow_bonus":"RANDOM_COMMON_RELIC","is_daily":false,"chose_seed":false,"campfire_upgraded":0,"win_rate":0.0,"timestamp":1608483373,"path_taken":["M","M","?","?","?","R","?","E","T","R","E","$","M","$","R","BOSS","M","?","?","?","M","R","?","M","T","M","M","R","M","M","R","BOSS"],"items_purchased_type":["Card","Card","Card","Card"],"build_version":"2020-12-13","purchased_purges":1,"victory":false,"max_hp_per_floor":[66,66,66,66,66,66,66,66,66,66,66,66,66,66,66,66,66,66,66,66,46,46,46,46,46,46,46,46,46,46,46,46,46,46],"card_choices":[{"not_picked":["Dagger Spray","Dodge and Roll"],"picked":"Bouncing Flask","floor":1},{"not_picked":["Prepared","Flying Knee","Concentrate"],"picked":"SKIP","floor":2},{"not_picked":["Tactician","Bouncing Flask"],"picked":"PiercingWail","floor":7},{"not_picked":["Riddle With Holes","Skewer","Tactician"],"picked":"SKIP","floor":8},{"not_picked":["Dodge and Roll","Flying Knee"],"picked":"Backflip","floor":11},{"not_picked":["Tactician","Heel Hook","Sucker Punch"],"picked":"SKIP","floor":13},{"not_picked":["Grand Finale","Glass Knife"],"picked":"Adrenaline","floor":16},{"not_picked":["Dagger Throw","Heel Hook","Deflect"],"picked":"SKIP","floor":18},{"not_picked":["Accuracy","Sucker Punch","Skewer"],"picked":"SKIP","floor":22},{"not_picked":["Underhanded Strike","Eviscerate","Blade Dance"],"picked":"SKIP","floor":24},{"not_picked":["Blade Dance","Reflex","Skewer"],"picked":"SKIP","floor":25},{"not_picked":["Poisoned Stab","Dagger Throw","Quick Slash"],"picked":"SKIP","floor":27},{"not_picked":["Acrobatics","Sucker Punch+1","Quick Slash"],"picked":"SKIP","floor":28},{"not_picked":["Infinite Blades","Backflip","Flying Knee"],"picked":"SKIP","floor":30},{"not_picked":["Dagger Throw","Distraction","Slice"],"picked":"SKIP","floor":31}],"player_experience":1608444,"relics_obtained":[{"floor":8,"key":"Sundial"},{"floor":9,"key":"Eternal Feather"},{"floor":11,"key":"Peace Pipe"},{"floor":20,"key":"Necronomicon"},{"floor":26,"key":"Meat on the Bone"}],"event_choices":[{"damage_healed":0,"gold_gain":0,"player_choice":"Upgraded","damage_taken":0,"max_hp_gain":0,"max_hp_loss":0,"event_name":"Upgrade Shrine","floor":3,"gold_loss":0,"cards_upgraded":["Bouncing Flask"]},{"damage_healed":0,"gold_gain":75,"player_choice":"Gather Gold","damage_taken":11,"max_hp_gain":0,"max_hp_loss":0,"event_name":"World of Goop","floor":5,"gold_loss":0},{"damage_healed":0,"gold_gain":30,"player_choice":"Searched \u00273\u0027 times","damage_taken":0,"relics_obtained":["Bird Faced Urn"],"max_hp_gain":0,"max_hp_loss":0,"event_name":"Dead Adventurer","floor":7,"gold_loss":0},{"damage_healed":0,"gold_gain":0,"player_choice":"Read","damage_taken":0,"max_hp_gain":0,"max_hp_loss":0,"event_name":"The Library","floor":19,"gold_loss":0,"cards_obtained":["Crippling Poison"]},{"damage_healed":0,"gold_gain":0,"player_choice":"Obtained Book","damage_taken":21,"max_hp_gain":0,"max_hp_loss":0,"event_name":"Cursed Tome","floor":20,"gold_loss":0},{"damage_healed":0,"gold_gain":0,"player_choice":"Became a vampire","damage_taken":0,"max_hp_gain":0,"max_hp_loss":20,"event_name":"Vampires","floor":21,"gold_loss":0,"cards_obtained":["Bite","Bite","Bite","Bite","Bite"]}],"is_beta":false,"boss_relics":[{"not_picked":["Snecko Eye","Velvet Choker"],"picked":"Fusion Hammer"}],"items_purged_floors":[12],"is_endless":false,"potions_floor_spawned":[2,13,18,24,25],"killed_by":"Collector","ascension_level":15}}