{"host":"a5lz0e76zb3fcwkm","time":1608497483,"event":{"mods":["AchievementEnabler","BaseMod","Colored Map","Colored Powertips","Minty Spire (QoL Compilation)","StSLib","SuperFastMode"],"gold_per_floor":[115,40,115,115,40,73,73,73,118,118,138,148,173,187,187,187,187],"floor_reached":16,"playtime":240,"items_purged":["Strike_R"],"score":266,"play_id":"8cbc0904-8c4f-4fac-a42f-2ecb99a7f3e0","local_time":"20201221055123","is_ascension_mode":true,"campfire_choices":[{"data":"Blood for Blood","floor":7,"key":"SMITH"},{"data":"Fiend Fire","floor":10,"key":"SMITH"},{"data":"Dual Wield","floor":15,"key":"SMITH"}],"circlet_count":0,"master_deck":["AscendersBane","Strike_R","Strike_R+1","Strike_R","Defend_R","Defend_R","Defend_R","Defend_R+1","Bash","Blood for Blood+1","Fiend Fire+1","Battle Trance","Dual Wield+1"],"relics":["Burning Blood","NeowsBlessing","Red Skull","Bag of Preparation","Omamori"],"acts_visited":["Exordium"],"potions_floor_usage":[13,14,16],"damage_taken":[{"damage":0,"enemies":"Cultist","floor":1,"turns":1},{"damage":0,"enemies":"Lagavulin","floor":6,"turns":1},{"damage":0,"enemies":"Small Slimes","floor":11,"turns":1},{"damage":2,"enemies":"Jaw Worm","floor":12,"turns":2},{"damage":12,"enemies":"3 Sentries","floor":13,"turns":5},{"damage":13,"enemies":"Gremlin Gang","floor":14,"turns":5},{"damage":43,"enemies":"Slime Boss","floor":16,"turns":6}],"seed_played":"7691412430084282710","potions_obtained":[{"floor":6,"key":"DistilledChaos"},{"floor":11,"key":"DistilledChaos"},{"floor":13,"key":"ColorlessPotion"}],"is_trial":false,"path_per_floor":["M","$","?","?","?","E","R","$","T","R","M","M","E","M","R","B"],"character_chosen":"IRONCLAD","items_purchased":[],"campfire_rested":0,"item_purchase_floors":[],"current_hp_per_floor":[74,74,63,40,40,46,46,46,46,46,52,56,50,43,43,0,0],"gold":187,"neow_bonus":"THREE_ENEMY_KILL","is_daily":false,"chose_seed":false,"campfire_upgraded":3,"win_rate":0.0,"timestamp":1608497483,"path_taken":["M","$","?","?","?","E","R","?","T","R","M","M","E","?","R","BOSS"],"items_purchased_type":[],"build_version":"2020-12-13","purchased_purges":1,"victory":false,"max_hp_per_floor":[75,75,75,75,75,75,75,75,75,75,75,75,75,75,75,75,75],"card_choices":[{"not_picked":["Sword Boomerang","Twin Strike"],"picked":"Blood for Blood","floor":1},{"not_picked":["Ghostly Armor","Reckless Charge"],"picked":"Fiend Fire","floor":6},{"not_picked":["Perfected Strike","Twin Strike"],"picked":"Battle Trance","floor":11},{"not_picked":["Iron Wave","Cleave"],"picked":"Dual Wield","floor":12},{"not_picked":["Feel No Pain","Clothesline","Warcry"],"picked":"SKIP","floor":13},{"not_picked":["Dual Wield","True Grit","Exhume"],"picked":"SKIP","floor":14}],"player_experience":1628530,"relics_obtained":[{"floor":6,"key":"Red Skull"},{"floor":9,"key":"Bag of Preparation"},{"floor":13,"key":"Omamori"}],"event_choices":[{"damage_healed":0,"gold_gain":75,"player_choice":"Gather Gold","damage_taken":11,"max_hp_gain":0,"max_hp_loss":0,"event_name":"World of Goop","floor":3,"gold_loss":0},{"damage_healed":0,"gold_gain":0,"player_choice":"Entered Light","damage_taken":23,"max_hp_gain":0,"max_hp_loss":0,"event_name":"Shining Light","floor":4,"gold_loss":0,"cards_upgraded":["Defend_R","Strike_R"]},{"cards_removed":["Strike_R"],"damage_healed":0,"gold_gain":0,"player_choice":"Card Removal","damage_taken":0,"max_hp_gain":0,"max_hp_loss":0,"event_name":"The Cleric","floor":5,"gold_loss":75}],"is_beta":false,"boss_relics":[],"items_purged_floors":[2],"is_endless":false,"potions_floor_spawned":[6,11,13],"killed_by":"Slime Boss","ascension_level":20}}