{"host":"8fjsnt81u6xsmhji","time":1608443296,"event":{"mods":["BaseMod","Colored Powertips","Downfall","Glutton Mod","Minty Spire (QoL Compilation)","Quick Restart","Somnambulant","StSLib","The Bug Knight","The Construct","The Forsaken","The Hierophant","The Mystic"],"gold_per_floor":[110,110,129,129,140,167,167,177,254,270,270,283,300,225,225,322,322,335,335,346,271,290,317,329,329,329,329,359,359,375,388,388,489,489,508,562,562,579,299,299,312,327,327,327,377,387,387,415,415,415,415,415,79,105,105],"floor_reached":56,"playtime":5378,"items_purged":["Normality","Decay"],"score":1221,"play_id":"97509b35-94a7-49b6-9719-7df1628f023c","local_time":"20201219234815","is_ascension_mode":false,"campfire_choices":[{"floor":7.0,"key":"RECALL"},{"floor":15.0,"key":"REST"},{"floor":25.0,"key":"REST"},{"floor":29.0,"key":"REST"},{"floor":32.0,"key":"REST"},{"floor":40,"key":"REST"},{"floor":44,"key":"REST"},{"data":"theForsaken:FountainOfLife+1","floor":47,"key":"PURGE"},{"floor":49,"key":"REST"},{"data":"theForsaken:Prudence","floor":52,"key":"SMITH"}],"circlet_count":0,"master_deck":["theForsaken:TheForsaken_Strike","theForsaken:TheForsaken_Strike","theForsaken:TheForsaken_Defend","theForsaken:TheForsaken_Defend","theForsaken:TheForsaken_Defend","theForsaken:TheForsaken_Defend","theForsaken:Smite","theForsaken:Penitence","theForsaken:NobleSacrifice","theForsaken:Bolster","theForsaken:Tranquility","theForsaken:QuickAttack","theForsaken:HymnOfRest","theForsaken:QuickAttack","theForsaken:Bolster","theForsaken:Prudence+1","theForsaken:Eulogy+1","theForsaken:FuryStrikes","theForsaken:QuickAttack+1","theForsaken:Horror","theForsaken:MagicWeapon+1","theForsaken:DefensiveStance+1","theForsaken:Bolster","theForsaken:WrathOfGod+1","theForsaken:Bolster","theForsaken:MagicWeapon"],"relics":["theForsaken:JudgementScales","Ice Cream","Philosopher\u0027s Stone","Centennial Puzzle","Peace Pipe","Bag of Marbles","SacredBark","Bird Faced Urn","Akabeko","Boot","StoneCalendar","Meat on the Bone","Strange Spoon","Du-Vu Doll"],"acts_visited":["Exordium","TheCity","TheBeyond","TheEnding"],"potions_floor_usage":[36,41,41,55,55,55],"damage_taken":[{"damage":0.0,"enemies":"2 Louse","floor":1.0,"turns":4.0},{"damage":12.0,"enemies":"Cultist","floor":3.0,"turns":6.0},{"damage":0.0,"enemies":"Small Slimes","floor":5.0,"turns":7.0},{"damage":17.0,"enemies":"Lagavulin","floor":6.0,"turns":11.0},{"damage":7.0,"enemies":"Gremlin Gang","floor":8.0,"turns":9.0},{"damage":4.0,"enemies":"Large Slime","floor":10.0,"turns":9.0},{"damage":5.0,"enemies":"Looter","floor":12.0,"turns":2.0},{"damage":12.0,"enemies":"2 Fungi Beasts","floor":13.0,"turns":5.0},{"damage":41.0,"enemies":"Slime Boss","floor":16.0,"turns":18.0},{"damage":5.0,"enemies":"Shell Parasite","floor":18.0,"turns":11.0},{"damage":23.0,"enemies":"3 Byrds","floor":20.0,"turns":4.0},{"damage":31.0,"enemies":"Cultist and Chosen","floor":22.0,"turns":10.0},{"damage":39.0,"enemies":"Slavers","floor":23.0,"turns":9.0},{"damage":2.0,"enemies":"3 Cultists","floor":24.0,"turns":7.0},{"damage":63.0,"enemies":"Gremlin Leader","floor":28.0,"turns":11.0},{"damage":11.0,"enemies":"Snecko","floor":30.0,"turns":5.0},{"damage":5.0,"enemies":"Chosen and Byrds","floor":31.0,"turns":9.0},{"damage":55.0,"enemies":"Automaton","floor":33.0,"turns":15.0},{"damage":5.0,"enemies":"3 Shapes","floor":35.0,"turns":9.0},{"damage":92,"enemies":"2 Orb Walkers","floor":36,"turns":9},{"damage":28,"enemies":"3 Darklings","floor":38,"turns":6},{"damage":5,"enemies":"Spire Growth","floor":41,"turns":7},{"damage":0,"enemies":"Transient","floor":42,"turns":5},{"damage":13,"enemies":"Mind Bloom Boss Battle","floor":45,"turns":8},{"damage":6,"enemies":"Sphere and 2 Shapes","floor":46,"turns":7},{"damage":44,"enemies":"Reptomancer","floor":48,"turns":10},{"damage":14,"enemies":"Time Eater","floor":50,"turns":10},{"damage":30,"enemies":"Shield and Spear","floor":54,"turns":10},{"damage":86,"enemies":"The Heart","floor":55,"turns":13}],"seed_played":"-8465205945964121584","potions_obtained":[{"floor":1.0,"key":"Slimebound:ThreeZeroPotion"},{"floor":6.0,"key":"ColorlessPotion"},{"floor":8.0,"key":"Dexterity Potion"},{"floor":16.0,"key":"BlessingOfTheForge"},{"floor":20.0,"key":"Fire Potion"},{"floor":23.0,"key":"FearPotion"},{"floor":28.0,"key":"EssenceOfSteel"},{"floor":33.0,"key":"DuplicationPotion"},{"floor":36,"key":"Dexterity Potion"},{"floor":38,"key":"Dexterity Potion"},{"floor":45,"key":"sneckomod:MuddlingPotion"},{"floor":54,"key":"EssenceOfSteel"}],"is_trial":false,"path_per_floor":["M","?","M","?","M","E","R","M","T","M","?","M","M","$","R","B",null,"M","?","M","?","M","E","M","R","T","?","E","R","M","M","R","B",null,"M","?","?","M","$","R","M","M","T","R","?","M","R","E","R","B",null,"R","$","E","B",null],"character_chosen":"THE_FORSAKEN","items_purchased":["Akabeko","theForsaken:Bolster","Strength Potion","Block Potion","theForsaken:MagicWeapon","Strange Spoon"],"campfire_rested":7,"item_purchase_floors":[39,39,53,53,53,53],"current_hp_per_floor":[67,67,60,60,66,60,60,64,64,69,69,64,60,60,84,61,87,90,90,79,79,57,27,31,60,60,60,6,35,32,38,69,38,108,109,23,23,6,6,40,55,75,75,111,114,120,120,93,123,119,123,123,123,111,61],"gold":105,"neow_bonus":"THREE_RARE_CARDS","is_daily":false,"chose_seed":false,"campfire_upgraded":1,"win_rate":0.0,"timestamp":1608443295,"path_taken":["M","?","?","?","?","E","R","M","T","M","?","M","M","$","R","BOSS","M","?","M","?","M","E","M","R","T","?","E","R","M","M","R","BOSS","M","?","?","?","$","R","M","M","T","R","?","M","R","E","R","BOSS","R","$","E","BOSS"],"items_purchased_type":["Relic","Card","Potion","Potion","Card","Relic"],"build_version":"2020-12-13","purchased_purges":2,"victory":true,"max_hp_per_floor":[67,67,69,69,72,75,75,78,78,81,81,81,84,84,84,87,87,90,90,93,93,96,99,99,99,99,99,99,99,102,105,105,108,108,111,114,114,114,114,114,117,120,120,120,123,123,123,123,123,123,123,123,123,123,123],"card_choices":[{"not_picked":["theForsaken:Retribution","theForsaken:SacrificeSoul"],"picked":"theForsaken:FountainOfLife","floor":0.0},{"not_picked":["theForsaken:Thunderbolt","theForsaken:PowerUp","theForsaken:HorrifyingStrike"],"picked":"SKIP","floor":1.0},{"not_picked":["theForsaken:CowardsBrand","theForsaken:RainingSunlight"],"picked":"theForsaken:Bolster","floor":3.0},{"not_picked":["theForsaken:Thunderbolt","theForsaken:FatRoll"],"picked":"theForsaken:Tranquility","floor":5.0},{"not_picked":["theForsaken:PanicDive","theForsaken:BindingThorns"],"picked":"theForsaken:QuickAttack","floor":6.0},{"not_picked":["theForsaken:CorruptedWord","theForsaken:Thunderbolt"],"picked":"theForsaken:HymnOfRest","floor":8.0},{"not_picked":["theForsaken:InspiringBlow","theForsaken:Preservation"],"picked":"theForsaken:QuickAttack","floor":10.0},{"not_picked":["theForsaken:SiphonStrike","theForsaken:WordOfPower","theForsaken:Backlash"],"picked":"SKIP","floor":12.0},{"not_picked":["theForsaken:ScorchingSunlight","theForsaken:HorrifyingStrike"],"picked":"theForsaken:Bolster","floor":13.0},{"not_picked":["theForsaken:CorruptDeck","theForsaken:SacrificeSoul"],"picked":"theForsaken:Prudence","floor":16.0},{"not_picked":["theForsaken:FatRoll+1","theForsaken:Thunderbolt"],"picked":"theForsaken:Eulogy+1","floor":18.0},{"not_picked":["theForsaken:Eulogy","theForsaken:Parry"],"picked":"theForsaken:FuryStrikes","floor":20.0},{"not_picked":["theForsaken:FuryStrikes","theForsaken:NobleSacrifice+1"],"picked":"theForsaken:QuickAttack+1","floor":22.0},{"not_picked":["theForsaken:PowerUp","theForsaken:CorruptedForm","theForsaken:ChargeAttack+1"],"picked":"SKIP","floor":23.0},{"not_picked":["theForsaken:Parry","theForsaken:CreepingInfection","theForsaken:PanicDive+1"],"picked":"SKIP","floor":24.0},{"not_picked":["theForsaken:Parry","theForsaken:ShieldCharge","theForsaken:CowardsBrand+1"],"picked":"SKIP","floor":28.0},{"not_picked":["theForsaken:PowerUp+1","theForsaken:ChargeAttack+1","theForsaken:ScorchingSunlight"],"picked":"SKIP","floor":30.0},{"not_picked":["theForsaken:CowardsBrand","theForsaken:Backlash","theForsaken:BattleHymn"],"picked":"SKIP","floor":31.0},{"not_picked":["theForsaken:CorruptedForm","theForsaken:DarkRift"],"picked":"theForsaken:Horror","floor":33.0},{"not_picked":["theForsaken:HymnOfPatience+1","theForsaken:Preservation+1"],"picked":"theForsaken:MagicWeapon+1","floor":35.0},{"not_picked":["theForsaken:FuryStrikes+1","theForsaken:BattleHymn"],"picked":"theForsaken:DefensiveStance+1","floor":38},{"not_picked":["theForsaken:NobleSacrifice+1","theForsaken:ChargeAttack"],"picked":"theForsaken:WrathOfGod+1","floor":41},{"not_picked":["theForsaken:ShieldCharge","theForsaken:FatRoll","theForsaken:RainingSunlight+1"],"picked":"SKIP","floor":42},{"not_picked":["theForsaken:ShieldCharge+1","theForsaken:PanicDive+1"],"picked":"theForsaken:Bolster","floor":45},{"not_picked":["theForsaken:TearsOfSunlight","theForsaken:HymnOfPatience","theForsaken:ScorchingSunlight+1"],"picked":"SKIP","floor":46},{"not_picked":["theForsaken:HealingLight","theForsaken:HymnOfPatience","theForsaken:InspiringBlow"],"picked":"SKIP","floor":48},{"not_picked":["theForsaken:CreepingInfection+1","theForsaken:SolarFlare","theForsaken:Purification"],"picked":"SKIP","floor":54}],"player_experience":587341,"relics_obtained":[{"floor":6.0,"key":"Ice Cream"},{"floor":23.0,"key":"Centennial Puzzle"},{"floor":26.0,"key":"Peace Pipe"},{"floor":28.0,"key":"Bag of Marbles"},{"floor":36,"key":"Bird Faced Urn"},{"floor":43,"key":"Boot"},{"floor":45,"key":"StoneCalendar"},{"floor":48,"key":"Meat on the Bone"},{"floor":54,"key":"Du-Vu Doll"}],"event_choices":[{"damage_healed":0.0,"max_hp_gain":0.0,"max_hp_loss":0.0,"gold_gain":0.0,"cards_transformed":["theForsaken:TheForsaken_Strike"],"event_name":"Transmorgrifier","player_choice":"Transformed","floor":2.0,"gold_loss":0.0,"damage_taken":0.0,"cards_obtained":["theForsaken:NobleSacrifice"]},{"damage_healed":0.0,"max_hp_gain":0.0,"max_hp_loss":0.0,"gold_gain":0.0,"event_name":"Upgrade Shrine","player_choice":"Upgraded","floor":4.0,"gold_loss":0.0,"damage_taken":0.0,"cards_upgraded":["theForsaken:FountainOfLife"]},{"damage_healed":0.0,"max_hp_gain":0.0,"max_hp_loss":0.0,"gold_gain":0.0,"event_name":"Shining Light","player_choice":"Ignored","floor":11.0,"gold_loss":0.0,"damage_taken":0.0},{"damage_healed":0.0,"max_hp_gain":0.0,"max_hp_loss":0.0,"gold_gain":0.0,"event_name":"Vampires","player_choice":"Ignored","floor":19.0,"gold_loss":0.0,"damage_taken":0.0},{"cards_removed":["theForsaken:TheForsaken_Strike"],"damage_healed":0.0,"max_hp_gain":0.0,"max_hp_loss":0.0,"gold_gain":0.0,"event_name":"Beggar","player_choice":"Gave Gold","floor":21.0,"gold_loss":75.0,"damage_taken":0.0},{"damage_healed":0.0,"max_hp_gain":0.0,"max_hp_loss":0.0,"gold_gain":0.0,"event_name":"Forgotten Altar","player_choice":"Smashed Altar","floor":27.0,"gold_loss":0.0,"damage_taken":0.0,"cards_obtained":["Decay"]},{"damage_healed":0,"gold_gain":0,"player_choice":"Fight","damage_taken":0,"max_hp_gain":0,"max_hp_loss":0,"event_name":"Mysterious Sphere","floor":36,"gold_loss":0},{"damage_healed":0,"gold_gain":0,"player_choice":"Ignored","damage_taken":0,"max_hp_gain":0,"max_hp_loss":0,"event_name":"Tomb of Lord Red Mask","floor":37,"gold_loss":0},{"damage_healed":0,"gold_gain":0,"player_choice":"Fight","damage_taken":0,"max_hp_gain":0,"max_hp_loss":0,"event_name":"MindBloom","floor":45,"gold_loss":0}],"is_beta":false,"boss_relics":[{"not_picked":["Runic Dome","theForsaken:ScalesOfTruth"],"picked":"Philosopher\u0027s Stone"},{"not_picked":["Busted Crown","Coffee Dripper"],"picked":"SacredBark"}],"items_purged_floors":[14,39],"is_endless":false,"potions_floor_spawned":[1,6,8,16,20,23,28,33,36,38,45,54],"ascension_level":0}}