{"host":"sh8ot41fo7a0kahq","time":1608437997,"event":{"mods":["ATMod(°¢èªMod)","BaseMod","Better Third Choice","Colored Powertips","Minty Spire (QoL Compilation)","Quick Restart","Spicy Shops","StSLib","UnlockEverythingMod","¡¾ÒÅÎï¿¨ÅÆ¡¿REMEMod"],"gold_per_floor":[119,119,44,59,75,75,104,66,66,99,115,138,164,180,180,278,278,289,189,200,212,67,67,67,67],"floor_reached":24,"playtime":877,"items_purged":["Strike_B","Strike_B"],"score":268,"play_id":"e4a1905c-38e9-4dfd-8631-d5d1334f94c7","local_time":"20201220121957","is_ascension_mode":true,"campfire_choices":[{"data":"Sunder","floor":6.0,"key":"SMITH"},{"floor":15.0,"key":"REST"},{"data":"Turbo","floor":23,"key":"SMITH"}],"circlet_count":0,"master_deck":["Strike_B","Defend_B","Defend_B","Defend_B","Defend_B","Zap","Dualcast","Sunder+1","Amplify","Cold Snap","Barricade","Chill","Chaos","AT_StudyProgram","Turbo+1","Capacitor","Electrodynamics","AT_WaterDrop","Loop"],"relics":["Cracked Core","AT_ATBox","REME_ComplimentaryCards","NeowsBlessing","Torii","StoneCalendar","DataDisk","Odd Mushroom","Tiny Chest","Nuclear Battery","Medical Kit"],"acts_visited":["Exordium","TheCity"],"potions_floor_usage":[24,24],"damage_taken":[{"damage":0.0,"enemies":"Small Slimes","floor":1.0,"turns":1.0},{"damage":0.0,"enemies":"Cultist","floor":4.0,"turns":1.0},{"damage":0.0,"enemies":"Jaw Worm","floor":5.0,"turns":1.0},{"damage":44.0,"enemies":"Gremlin Nob","floor":7.0,"turns":5.0},{"damage":13.0,"enemies":"3 Sentries","floor":10.0,"turns":7.0},{"damage":0.0,"enemies":"Exordium Wildlife","floor":11.0,"turns":1.0},{"damage":0.0,"enemies":"The Mushroom Lair","floor":12.0,"turns":3.0},{"damage":1.0,"enemies":"Looter","floor":14.0,"turns":3.0},{"damage":6.0,"enemies":"The Guardian","floor":16.0,"turns":9.0},{"damage":1,"enemies":"3 Byrds","floor":18,"turns":4},{"damage":1,"enemies":"Chosen","floor":20,"turns":7},{"damage":30,"enemies":"Snake Plant","floor":21,"turns":4},{"damage":33,"enemies":"Book of Stabbing","floor":24,"turns":3}],"seed_played":"-8997767967979015732","potions_obtained":[{"floor":1.0,"key":"SpeedPotion"},{"floor":7.0,"key":"Fire Potion"},{"floor":10.0,"key":"Block Potion"},{"floor":14.0,"key":"LiquidBronze"},{"floor":16.0,"key":"EssenceOfSteel"}],"is_trial":false,"path_per_floor":["M","?","$","M","M","R","E","$","T","E","M","?","T","M","R","B",null,"M","$","M","M","$","R","E"],"character_chosen":"DEFECT","items_purchased":["AT_StudyProgram","Medical Kit"],"campfire_rested":1,"item_purchase_floors":[8,22],"current_hp_per_floor":[68,68,68,68,68,68,24,24,24,11,11,11,11,10,32,26,63,62,62,61,31,31,31,0,0],"gold":67,"neow_bonus":"THREE_ENEMY_KILL","is_daily":false,"chose_seed":false,"campfire_upgraded":2,"win_rate":0.0,"timestamp":1608437997,"path_taken":["M","?","$","?","M","R","E","?","T","E","M","?","?","M","R","BOSS","M","$","M","M","$","R","E"],"items_purchased_type":["Card","Relic"],"build_version":"2020-12-13","purchased_purges":2,"victory":false,"max_hp_per_floor":[75,75,75,75,75,75,75,75,75,75,75,75,75,75,75,75,75,75,75,75,75,75,75,75,75],"card_choices":[{"not_picked":["Auto Shields","Streamline"],"picked":"Sunder","floor":1.0},{"not_picked":["Barrage","Sweeping Beam"],"picked":"Cold Snap","floor":4.0},{"not_picked":["Scrape","Redo"],"picked":"Chill","floor":5.0},{"not_picked":["Blizzard","White Noise"],"picked":"Chaos","floor":7.0},{"not_picked":["Stack","Heatsinks","Lockon"],"picked":"SKIP","floor":10.0},{"not_picked":["Redo","Stack"],"picked":"Turbo","floor":11.0},{"not_picked":["Darkness","Compile Driver"],"picked":"Capacitor","floor":12.0},{"not_picked":["Melter","Hologram"],"picked":"Electrodynamics","floor":14.0},{"not_picked":["Thunder Strike","Core Surge"],"picked":"AT_WaterDrop","floor":16.0},{"not_picked":["Barrage","Rebound+1","Hologram+1"],"picked":"SKIP","floor":18},{"not_picked":["Rebound","Redo+1"],"picked":"Loop","floor":20},{"not_picked":["Gash+1","Beam Cell+1","Steam"],"picked":"SKIP","floor":21}],"player_experience":279269,"relics_obtained":[{"floor":7.0,"key":"Torii"},{"floor":9.0,"key":"StoneCalendar"},{"floor":10.0,"key":"DataDisk"},{"floor":12.0,"key":"Odd Mushroom"},{"floor":13.0,"key":"Tiny Chest"}],"event_choices":[{"damage_healed":0.0,"max_hp_gain":0.0,"max_hp_loss":0.0,"gold_gain":0.0,"cards_transformed":["Strike_B"],"event_name":"Transmorgrifier","player_choice":"Transformed","floor":2.0,"gold_loss":0.0,"damage_taken":0.0,"cards_obtained":["Amplify"]},{"damage_healed":0.0,"max_hp_gain":0.0,"max_hp_loss":0.0,"gold_gain":0.0,"event_name":"Mushrooms","player_choice":"Fought Mushrooms","floor":12.0,"gold_loss":0.0,"damage_taken":0.0}],"is_beta":false,"boss_relics":[{"not_picked":["Philosopher\u0027s Stone","Pandora\u0027s Box"],"picked":"Nuclear Battery"}],"items_purged_floors":[3,19],"is_endless":false,"potions_floor_spawned":[1,7,10,11,14,16,20],"killed_by":"Book of Stabbing","ascension_level":6}}