{"host":"26mrfot5w7uj2ebc","time":1608444799,"event":{"mods":["AchievementEnabler","BaseMod","Colored Map","Minty Spire (QoL Compilation)"],"gold_per_floor":[118,118,133,146,158,158,158,177,177,195,195,206,219,275,275,370,370,388,405,15,15,26,26,52,52,78,90,122,147,159,185,197,314,326,349,378,30,49,65,65,84,113,136,136,136,165,178,193,193,193,193],"floor_reached":50,"playtime":2881,"items_purged":["Defend_P","Strike_P"],"score":547,"play_id":"cde0b21c-1be9-4b7e-a021-a9b5c827d2f4","local_time":"20201220151319","is_ascension_mode":false,"campfire_choices":[{"data":"Eruption","floor":6.0,"key":"SMITH"},{"floor":11.0,"key":"REST"},{"data":"LikeWater","floor":15.0,"key":"SMITH"},{"floor":23.0,"key":"REST"},{"floor":25.0,"key":"REST"},{"floor":27.0,"key":"RECALL"},{"floor":30,"key":"REST"},{"floor":32,"key":"REST"},{"floor":40,"key":"REST"},{"floor":44,"key":"REST"},{"floor":49,"key":"REST"}],"circlet_count":0,"master_deck":["Strike_P","Strike_P","Strike_P","Defend_P","Defend_P","Eruption+1","Vigilance","FlyingSleeves","Worship+1","FearNoEvil","ReachHeaven","EmptyBody","DeusExMachina","FlyingSleeves","FollowUp","LikeWater+1","Vault","Indignation+1","FlurryOfBlows","Adaptation","ThirdEye","SandsOfTime","Study","Vault","Judgement","Prostrate","EmptyBody","Apotheosis","MentalFortress","CrushJoints+1","FollowUp+1","Alpha","Study+1","Doubt","InnerPeace+1","Protect","EmptyMind+1"],"relics":["HolyWater","NeowsBlessing","PreservedInsect","Matryoshka","Sundial","White Beast Statue","StrikeDummy","MawBank","Oddly Smooth Stone","Black Star","Question Card","Potion Belt","Lantern","Gremlin Horn","Calipers"],"acts_visited":["Exordium","TheCity","TheBeyond"],"potions_floor_usage":[28,31,33,41,46,46,48,50,50,50],"damage_taken":[{"damage":0.0,"enemies":"Cultist","floor":1.0,"turns":1.0},{"damage":0.0,"enemies":"Small Slimes","floor":3.0,"turns":1.0},{"damage":0.0,"enemies":"2 Louse","floor":4.0,"turns":1.0},{"damage":35.0,"enemies":"Gremlin Gang","floor":5.0,"turns":5.0},{"damage":0.0,"enemies":"Large Slime","floor":8.0,"turns":6.0},{"damage":5.0,"enemies":"Blue Slaver","floor":10.0,"turns":2.0},{"damage":10.0,"enemies":"Lots of Slimes","floor":12.0,"turns":4.0},{"damage":9.0,"enemies":"3 Louse","floor":13.0,"turns":2.0},{"damage":0.0,"enemies":"Gremlin Nob","floor":14.0,"turns":2.0},{"damage":23.0,"enemies":"Hexaghost","floor":16.0,"turns":9.0},{"damage":3.0,"enemies":"Spheric Guardian","floor":18.0,"turns":4.0},{"damage":18.0,"enemies":"2 Thieves","floor":19.0,"turns":4.0},{"damage":14.0,"enemies":"Cultist and Chosen","floor":22.0,"turns":5.0},{"damage":27.0,"enemies":"Slavers","floor":24.0,"turns":5.0},{"damage":14,"enemies":"Centurion and Healer","floor":28,"turns":4},{"damage":14,"enemies":"Shelled Parasite and Fungi","floor":29,"turns":6},{"damage":15,"enemies":"Chosen and Byrds","floor":31,"turns":4},{"damage":81,"enemies":"Champ","floor":33,"turns":13},{"damage":3,"enemies":"3 Shapes","floor":35,"turns":3},{"damage":15,"enemies":"Orb Walker","floor":36,"turns":3},{"damage":0,"enemies":"Spire Growth","floor":38,"turns":3},{"damage":19,"enemies":"Jaw Worm Horde","floor":39,"turns":5},{"damage":17,"enemies":"3 Darklings","floor":41,"turns":4},{"damage":36,"enemies":"Nemesis","floor":42,"turns":4},{"damage":15,"enemies":"Giant Head","floor":46,"turns":8},{"damage":52,"enemies":"Writhing Mass","floor":47,"turns":5},{"damage":0,"enemies":"Maw","floor":48,"turns":6},{"damage":32,"enemies":"Awakened One","floor":50,"turns":2}],"seed_played":"8926888394968773382","potions_obtained":[{"floor":3.0,"key":"DuplicationPotion"},{"floor":5.0,"key":"Regen Potion"},{"floor":8.0,"key":"Dexterity Potion"},{"floor":10.0,"key":"Swift Potion"},{"floor":16.0,"key":"Fire Potion"},{"floor":22.0,"key":"SteroidPotion"},{"floor":24.0,"key":"Ancient Potion"},{"floor":28,"key":"BottledMiracle"},{"floor":29,"key":"PowerPotion"},{"floor":31,"key":"FairyPotion"},{"floor":33,"key":"Explosive Potion"},{"floor":35,"key":"Energy Potion"},{"floor":38,"key":"BlessingOfTheForge"},{"floor":41,"key":"SteroidPotion"},{"floor":42,"key":"SkillPotion"},{"floor":47,"key":"Strength Potion"},{"floor":48,"key":"EssenceOfSteel"}],"is_trial":false,"path_per_floor":["M","T","M","M","M","R","?","M","T","M","R","M","M","?","R","B",null,"M","M","$","?","M","R","E","R","T","R","M","M","R","M","R","B",null,"M","M","$","M","M","R","M","E","T","R","?","E","M","M","R","B"],"character_chosen":"WATCHER","items_purchased":["White Beast Statue","Adaptation","Apotheosis","MentalFortress"],"campfire_rested":8,"item_purchase_floors":[20,20,37,37],"current_hp_per_floor":[72,72,72,72,37,37,37,52,52,47,68,58,49,49,49,26,72,69,51,51,51,37,58,31,52,52,52,38,24,45,30,51,8,72,69,54,54,54,35,56,39,3,3,24,72,57,5,5,26,0,0],"gold":193,"neow_bonus":"THREE_ENEMY_KILL","is_daily":false,"chose_seed":false,"campfire_upgraded":2,"win_rate":0.0,"timestamp":1608444799,"path_taken":["M","?","M","M","M","R","?","?","T","M","R","M","M","?","R","BOSS","M","M","$","?","?","R","E","R","T","R","M","M","R","M","R","BOSS","M","M","$","M","M","R","M","E","T","R","?","E","M","M","R","BOSS"],"items_purchased_type":["Relic","Card","Card","Card"],"build_version":"2020-12-13","purchased_purges":2,"victory":false,"max_hp_per_floor":[72,72,72,72,72,72,72,72,72,72,72,72,72,72,72,72,72,72,72,72,72,72,72,72,72,72,72,72,72,72,72,72,72,72,72,72,72,72,72,72,72,72,72,72,72,72,72,72,72,72,72],"card_choices":[{"not_picked":["Halt","Crescendo"],"picked":"FlyingSleeves","floor":1.0},{"not_picked":["Wireheading","CrushJoints"],"picked":"Worship","floor":3.0},{"not_picked":["WindmillStrike","BattleHymn"],"picked":"FearNoEvil","floor":4.0},{"not_picked":["ClearTheMind","Crescendo"],"picked":"ReachHeaven","floor":5.0},{"not_picked":["Indignation","Vengeance"],"picked":"EmptyBody","floor":8.0},{"not_picked":["Meditate","EmptyFist"],"picked":"DeusExMachina","floor":10.0},{"not_picked":["CrushJoints","JustLucky"],"picked":"FlyingSleeves","floor":12.0},{"not_picked":["BowlingBash","LikeWater"],"picked":"FollowUp","floor":13.0},{"not_picked":["Wallop","CrushJoints"],"picked":"LikeWater","floor":14.0},{"not_picked":["Brilliance","Scrawl"],"picked":"Vault","floor":16.0},{"not_picked":["BowlingBash","EmptyFist"],"picked":"Indignation+1","floor":18.0},{"not_picked":["Tantrum","Indignation"],"picked":"FlurryOfBlows","floor":19.0},{"not_picked":["WreathOfFlame","JustLucky+1"],"picked":"ThirdEye","floor":22.0},{"not_picked":["ThirdEye","BowlingBash","DeceiveReality+1"],"picked":"SKIP","floor":24.0},{"not_picked":["ThirdEye+1","Halt"],"picked":"SandsOfTime","floor":28},{"not_picked":["Sanctity","Pray"],"picked":"Study","floor":29},{"not_picked":["Collect+1","BowlingBash"],"picked":"Vault","floor":31},{"not_picked":["Blasphemy","LessonLearned"],"picked":"Judgement","floor":33},{"not_picked":["BowlingBash+1","ClearTheMind"],"picked":"Prostrate","floor":35},{"not_picked":["WaveOfTheHand+1","BattleHymn"],"picked":"EmptyBody","floor":36},{"not_picked":["ClearTheMind+1","BowlingBash"],"picked":"CrushJoints+1","floor":38},{"not_picked":["BattleHymn+1","ClearTheMind"],"picked":"FollowUp+1","floor":39},{"not_picked":["Evaluate","ClearTheMind"],"picked":"Alpha","floor":41},{"not_picked":["FlurryOfBlows","SandsOfTime+1"],"picked":"Study+1","floor":42},{"not_picked":["CrushJoints","EmptyBody","FlurryOfBlows"],"picked":"InnerPeace+1","floor":46},{"not_picked":["PathToVictory+1","ClearTheMind+1","WaveOfTheHand+1"],"picked":"Protect","floor":47},{"not_picked":["SashWhip+1","ReachHeaven","Wallop"],"picked":"EmptyMind+1","floor":48}],"player_experience":193969,"relics_obtained":[{"floor":2.0,"key":"PreservedInsect"},{"floor":9.0,"key":"Matryoshka"},{"floor":14.0,"key":"Sundial"},{"floor":24.0,"key":"StrikeDummy"},{"floor":26.0,"key":"MawBank"},{"floor":26.0,"key":"Oddly Smooth Stone"},{"floor":42,"key":"Question Card"},{"floor":42,"key":"Potion Belt"},{"floor":43,"key":"Lantern"},{"floor":46,"key":"Gremlin Horn"},{"floor":46,"key":"Calipers"}],"event_choices":[{"damage_healed":0.0,"max_hp_gain":0.0,"max_hp_loss":0.0,"gold_gain":0.0,"event_name":"Upgrade Shrine","player_choice":"Upgraded","floor":7.0,"gold_loss":0.0,"damage_taken":0.0,"cards_upgraded":["Worship"]},{"damage_healed":0.0,"max_hp_gain":0.0,"max_hp_loss":0.0,"gold_gain":0.0,"event_name":"Dead Adventurer","player_choice":"Searched \u00271\u0027 times","floor":14.0,"gold_loss":0.0,"damage_taken":0.0},{"cards_removed":["Defend_P"],"damage_healed":0.0,"max_hp_gain":0.0,"max_hp_loss":0.0,"gold_gain":0.0,"event_name":"Purifier","player_choice":"Purged","floor":21.0,"gold_loss":0.0,"damage_taken":0.0},{"damage_healed":48,"gold_gain":0,"player_choice":"Heal","damage_taken":0,"max_hp_gain":0,"max_hp_loss":0,"event_name":"MindBloom","floor":45,"gold_loss":0,"cards_obtained":["Doubt"]}],"is_beta":false,"boss_relics":[{"not_picked":["Velvet Choker","Pandora\u0027s Box"],"picked":"HolyWater"},{"not_picked":["Empty Cage","Runic Pyramid"],"picked":"Black Star"}],"items_purged_floors":[20,37],"is_endless":false,"potions_floor_spawned":[3,5,8,10,16,22,24,28,29,31,33,35,36,38,39,41,42,47,48],"killed_by":"Awakened One","ascension_level":0}}