{"host":"qy7jow5usmjkdnnq","time":1608503749,"event":{"mods":["BaseMod","Colored Map","Downfall","Minty Spire (QoL Compilation)","Permanent Neow","Relic Stats","StSLib"],"gold_per_floor":[99,99,127,127,153,78,78,108,124,158,171,190,200,216,227,332,332,257,268,280,313,33,33,33,67,67,98,198,198,103,203,218,321,321,321,352,352,398,424,349,373,423,458,458,271,271,294,294,311,311,311,336,101,101,101],"floor_reached":56,"playtime":5662,"items_purged":["champ:Strike","champ:Defend","champ:Strike","champ:Defend"],"score":1833,"play_id":"66659de1-59ce-469c-b0cc-7ba2e8c07b34","local_time":"20201220233549","is_ascension_mode":true,"campfire_choices":[{"floor":1,"key":"RECALL"},{"data":"champ:GutPunch","floor":6,"key":"SMITH"},{"data":"champ:DancingMaster","floor":18,"key":"SMITH"},{"data":"champ:Encircle","floor":23,"key":"SMITH"},{"data":"champ:EnragedBash","floor":26,"key":"SMITH"},{"data":"champ:DancingMaster","floor":35,"key":"SMITH"},{"data":"champ:Encircle","floor":40,"key":"SMITH"},{"data":"champ:RapidStrikes","floor":44,"key":"SMITH"},{"data":"champ:CalledShot","floor":54,"key":"SMITH"}],"circlet_count":0,"master_deck":["champ:Strike","champ:Defend","champ:Execute","champ:Taunt","champ:Control","champ:GutPunch+1","champ:BringItOn","champ:Control","champ:DancingMaster+1","champ:DefensiveShout+1","champ:Control+1","champ:BerserkerStyle","champ:BringItOn+1","champ:Backstep+1","champ:StanceDance+1","champ:EnragedBash+1","champ:Encircle+1","champ:AdrenalArmor+1","champ:HoldFirm+1","champ:FaceSlap+1","champ:Encircle+1","champ:RapidStrikes+1","champ:ArenaPreparation+1","champ:DancingMaster+1","champ:Backstep+1","champ:Encircle+1","champ:StanceDance+1","champ:CalledShot+1","champ:StanceDance+1","champ:StanceDance+1"],"relics":["champ:ChampionCrown","downfall:HeartsMalice","Lantern","Anchor","downfall:HeartBlessingRed","Toxic Egg 2","Boot","Darkstone Periapt","Black Star","downfall:HeartBlessingGreen","MealTicket","Pear","Strange Spoon","Gremlin Horn","Omamori","Dream Catcher","The Courier","Tiny Chest","MutagenicStrength","Calling Bell","Juzu Bracelet","Letter Opener","Dead Branch","Mercury Hourglass","InkBottle","Bird Faced Urn","Bag of Marbles","PreservedInsect","downfall:HeartBlessingBlue","Toy Ornithopter","CaptainsWheel","champ:FightingForDummies","Molten Egg 2","Oddly Smooth Stone","Strawberry","Centennial Puzzle","Bottled Lightning","Ancient Tea Set","Pantograph","Kunai","Bag of Preparation"],"acts_visited":["Exordium","TheCity","TheBeyond","TheEnding"],"potions_floor_usage":[30,55,55],"damage_taken":[{"damage":0,"enemies":"Cultist","floor":2,"turns":1},{"damage":0,"enemies":"3 Sentries","floor":3,"turns":1},{"damage":0,"enemies":"Jaw Worm","floor":4,"turns":1},{"damage":8,"enemies":"Gremlin Nob","floor":5,"turns":4},{"damage":13,"enemies":"Lagavulin","floor":8,"turns":3},{"damage":5,"enemies":"2 Louse","floor":9,"turns":2},{"damage":3,"enemies":"Gremlin Nob","floor":10,"turns":4},{"damage":3,"enemies":"Blue Slaver","floor":11,"turns":2},{"damage":23,"enemies":"Exordium Thugs","floor":12,"turns":3},{"damage":12,"enemies":"Large Slime","floor":13,"turns":4},{"damage":18,"enemies":"2 Fungi Beasts","floor":14,"turns":2},{"damage":0,"enemies":"Blue Slaver","floor":15,"turns":2},{"damage":5,"enemies":"downfall:Ironclad","floor":16,"turns":4},{"damage":16,"enemies":"Shell Parasite","floor":19,"turns":4},{"damage":12,"enemies":"Shelled Parasite and Fungi","floor":20,"turns":5},{"damage":28,"enemies":"Slavers","floor":21,"turns":5},{"damage":16,"enemies":"downfall:FleeingMerchant","floor":22,"turns":4},{"damage":54,"enemies":"Gremlin Leader","floor":25,"turns":4},{"damage":25,"enemies":"Book of Stabbing","floor":27,"turns":4},{"damage":57,"enemies":"downfall:FleeingMerchant","floor":30,"turns":4},{"damage":24,"enemies":"downfall:Augmenter","floor":31,"turns":3},{"damage":29,"enemies":"Snake Plant","floor":32,"turns":2},{"damage":51,"enemies":"downfall:Silent","floor":33,"turns":4},{"damage":40,"enemies":"Nemesis","floor":36,"turns":3},{"damage":35,"enemies":"2 Orb Walkers","floor":38,"turns":2},{"damage":53,"enemies":"Giant Head","floor":39,"turns":5},{"damage":66,"enemies":"Mind Bloom Boss Battle","floor":42,"turns":5},{"damage":10,"enemies":"Nemesis","floor":43,"turns":1},{"damage":26,"enemies":"downfall:FleeingMerchant","floor":45,"turns":1},{"damage":18,"enemies":"Orb Walker","floor":49,"turns":1},{"damage":51,"enemies":"downfall:Watcher","floor":50,"turns":5},{"damage":72,"enemies":"downfall:CharBossMerchant","floor":52,"turns":4},{"damage":196,"enemies":"downfall:NeowBoss","floor":55,"turns":10}],"seed_played":"1951346535617953888","potions_obtained":[{"floor":3,"key":"EssenceOfSteel"},{"floor":5,"key":"DuplicationPotion"},{"floor":11,"key":"PowerPotion"},{"floor":16,"key":"GamblersBrew"},{"floor":32,"key":"hexamod:EctoCoolerPotion"},{"floor":39,"key":"champ:CounterPotion"}],"is_trial":false,"path_per_floor":["R","M","E","M","E","R","T","E","M","E","M","M","M","M","M","B",null,"R","M","M","E","$","R","T","E","R","E","?","?","$","?","M","B",null,"R","E","T","?","E","R","T","?","E","R","$","?","T","?","M","B",null,"E","$","R","B",null],"character_chosen":"THE_CHAMP","items_purchased":["champ:AdrenalArmor+1","Strange Spoon","Oddly Smooth Stone","champ:CalledShot","Strawberry","Centennial Puzzle","Bag of Preparation"],"campfire_rested":0,"item_purchase_floors":[22,22,45,45,45,45,53],"current_hp_per_floor":[90,90,90,90,87,87,87,90,90,90,90,90,90,90,90,90,90,90,90,90,100,96,96,96,96,96,100,100,100,95,100,97,91,100,100,100,100,100,99,109,109,115,115,115,122,122,122,122,122,122,122,122,122,122,122],"gold":101,"neow_bonus":"THREE_ENEMY_KILL","is_daily":false,"chose_seed":false,"campfire_upgraded":8,"win_rate":0.0,"timestamp":1608503749,"path_taken":["R","M","E","M","E","R","T","E","M","E","M","?","M","M","M","BOSS","R","M","M","E","$","R","T","E","R","E","?","?","$","?","M","BOSS","R","E","?","?","E","R","T","?","E","R","$","?","?","?","M","BOSS","E","$","R","BOSS"],"items_purchased_type":["Card","Relic","Relic","Card","Relic","Relic","Relic"],"build_version":"2020-12-13","purchased_purges":4,"victory":true,"max_hp_per_floor":[90,90,90,90,90,90,90,90,90,90,90,90,90,90,90,90,90,90,90,90,100,100,100,100,100,100,100,100,100,100,100,100,100,100,100,100,100,100,100,110,110,115,115,115,122,122,122,122,122,122,122,122,122,122,122],"relic_stats":{"Darkstone Periapt":0,"Gremlin Horn":[8,8],"counters":[33,106],"Dead Branch":[20],"PreservedInsect":147,"Juzu Bracelet":1,"Bag of Preparation":[2],"Letter Opener":[120],"Boot":[14],"Mercury Hourglass":[74],"Strange Spoon":[13],"Dream Catcher":0,"Centennial Puzzle":[12],"Bird Faced Urn":[36],"Pantograph":0,"MealTicket":0,"Tiny Chest":2,"Black Star":7,"Kunai":[10],"obtain_stats":[{"Darkstone Periapt":10,"Lantern":3,"Gremlin Horn":24,"champ:ChampionCrown":0,"downfall:HeartBlessingGreen":18,"Juzu Bracelet":34,"Bag of Preparation":53,"Boot":8,"Ancient Tea Set":47,"Dream Catcher":25,"Centennial Puzzle":45,"downfall:HeartBlessingBlue":40,"Strawberry":45,"Pantograph":52,"MealTicket":21,"Tiny Chest":27,"Kunai":52,"Toxic Egg 2":7,"champ:FightingForDummies":43,"InkBottle":36,"Pear":21,"downfall:HeartBlessingRed":6,"Dead Branch":34,"Oddly Smooth Stone":45,"downfall:HeartsMalice":0,"The Courier":27,"PreservedInsect":39,"Omamori":25,"Letter Opener":34,"Mercury Hourglass":36,"Calling Bell":34,"Strange Spoon":22,"Anchor":5,"CaptainsWheel":42,"MutagenicStrength":31,"Bird Faced Urn":38,"Molten Egg 2":43,"Black Star":17,"Bag of Marbles":39,"Bottled Lightning":46,"Toy Ornithopter":41},{"Darkstone Periapt":7,"Lantern":2,"Gremlin Horn":17,"champ:ChampionCrown":0,"downfall:HeartBlessingGreen":13,"Juzu Bracelet":23,"Bag of Preparation":32,"Boot":5,"Ancient Tea Set":29,"Dream Catcher":18,"Centennial Puzzle":29,"downfall:HeartBlessingBlue":26,"Strawberry":29,"Pantograph":32,"MealTicket":16,"Tiny Chest":19,"Kunai":32,"Toxic Egg 2":4,"champ:FightingForDummies":28,"InkBottle":24,"Pear":16,"downfall:HeartBlessingRed":4,"Dead Branch":23,"Oddly Smooth Stone":29,"downfall:HeartsMalice":0,"The Courier":19,"PreservedInsect":26,"Omamori":18,"Letter Opener":23,"Mercury Hourglass":24,"Calling Bell":23,"Strange Spoon":17,"Anchor":4,"CaptainsWheel":27,"MutagenicStrength":21,"Bird Faced Urn":25,"Molten Egg 2":28,"Black Star":13,"Bag of Marbles":26,"Bottled Lightning":29,"Toy Ornithopter":26},{"Darkstone Periapt":13,"Lantern":0,"Gremlin Horn":48,"champ:ChampionCrown":0,"downfall:HeartBlessingGreen":30,"Juzu Bracelet":69,"Bag of Preparation":96,"Boot":7,"Ancient Tea Set":86,"Dream Catcher":52,"Centennial Puzzle":86,"downfall:HeartBlessingBlue":79,"Strawberry":86,"Pantograph":96,"MealTicket":44,"Tiny Chest":56,"Kunai":96,"Toxic Egg 2":4,"champ:FightingForDummies":85,"InkBottle":72,"Pear":44,"downfall:HeartBlessingRed":4,"Dead Branch":69,"Oddly Smooth Stone":86,"downfall:HeartsMalice":0,"The Courier":56,"PreservedInsect":79,"Omamori":52,"Letter Opener":69,"Mercury Hourglass":72,"Calling Bell":69,"Strange Spoon":48,"Anchor":4,"CaptainsWheel":84,"MutagenicStrength":63,"Bird Faced Urn":74,"Molten Egg 2":85,"Black Star":30,"Bag of Marbles":79,"Bottled Lightning":86,"Toy Ornithopter":79}],"InkBottle":[24],"Toy Ornithopter":5},"card_choices":[{"not_picked":["champ:TornadoPunch","champ:Circumvent"],"picked":"champ:Control","floor":2},{"not_picked":["champ:PerfectedStrike","champ:BerserkersShout"],"picked":"champ:GutPunch","floor":3},{"not_picked":["champ:Haymaker","champ:BladeFlurry"],"picked":"champ:BringItOn","floor":4},{"not_picked":["champ:GladiatorStyle","champ:Haymaker"],"picked":"champ:Control","floor":5},{"not_picked":["champ:FocusedDefense+1","champ:BringItOn+1"],"picked":"champ:DancingMaster","floor":8},{"not_picked":["champ:Haymaker","champ:Duel"],"picked":"champ:DefensiveShout+1","floor":9},{"not_picked":["champ:Circumvent+1","champ:FaceSlap"],"picked":"champ:Control+1","floor":10},{"not_picked":["champ:FanOfKnives","champ:BringItOn+1"],"picked":"champ:BerserkerStyle","floor":11},{"not_picked":["champ:RisingSlash","champ:EnGarde+1","champ:GladiatorStyle"],"picked":"SKIP","floor":12},{"not_picked":["champ:DefensiveShout+1","champ:FlashCut"],"picked":"champ:BringItOn+1","floor":13},{"not_picked":["champ:TornadoPunch","champ:RapidStrikes"],"picked":"champ:Backstep+1","floor":14},{"not_picked":["champ:CalledShot","champ:Haymaker"],"picked":"champ:StanceDance+1","floor":15},{"not_picked":["champ:Control+1","champ:BladeFlurry"],"picked":"champ:EnragedBash","floor":19},{"not_picked":["champ:FanOfKnives","champ:PerfectedStrike","champ:FlashCut"],"picked":"SKIP","floor":20},{"not_picked":["champ:FocusedBerserking+1","champ:ShieldSlam","champ:BerserkersShout+1"],"picked":"SKIP","floor":21},{"not_picked":["champ:RecklessLeap","champ:EndlessRage"],"picked":"champ:Encircle","floor":22},{"not_picked":["champ:FanOfKnives","champ:Circumvent+1"],"picked":"champ:HoldFirm+1","floor":25},{"not_picked":["champ:PerfectedStrike","champ:Encircle"],"picked":"champ:FaceSlap+1","floor":27},{"not_picked":["champ:Haymaker","champ:FlashCut","champ:BladeFlurry"],"picked":"SKIP","floor":30},{"not_picked":[],"picked":"J.A.X.+1","floor":31},{"not_picked":["champ:Circumvent+1","champ:FocusedGladiator+1"],"picked":"champ:ArenaPreparation+1","floor":32},{"not_picked":["champ:CrownThrow","champ:ShieldThrow"],"picked":"champ:DancingMaster","floor":33},{"not_picked":["champ:TornadoPunch+1","champ:PerfectedStrike+1"],"picked":"champ:Backstep+1","floor":36},{"not_picked":["champ:AdrenalArmor+1","champ:FocusedBerserking+1"],"picked":"champ:FightOn","floor":39},{"not_picked":["champ:ViciousMockery+1","champ:Lariat+1"],"picked":"champ:Encircle+1","floor":42},{"not_picked":["champ:EnragedBash+1","champ:FlashCut+1","champ:HeavySlash+1"],"picked":"SKIP","floor":43},{"not_picked":["champ:BringItOn+1","champ:BladeFlurry+1"],"picked":"champ:StanceDance+1","floor":45},{"not_picked":["champ:BerserkersShout+1","champ:PerfectedStrike+1"],"picked":"champ:StanceDance+1","floor":49},{"not_picked":["champ:PerfectedStrike+1","champ:CrownThrow+1"],"picked":"champ:StanceDance+1","floor":52}],"player_experience":503972,"relics_obtained":[{"floor":3,"key":"Lantern"},{"floor":5,"key":"Anchor"},{"floor":7,"key":"Toxic Egg 2"},{"floor":8,"key":"Boot"},{"floor":10,"key":"Darkstone Periapt"},{"floor":21,"key":"MealTicket"},{"floor":21,"key":"Pear"},{"floor":24,"key":"Gremlin Horn"},{"floor":25,"key":"Omamori"},{"floor":25,"key":"Dream Catcher"},{"floor":27,"key":"The Courier"},{"floor":27,"key":"Tiny Chest"},{"floor":31,"key":"MutagenicStrength"},{"floor":34,"key":"Juzu Bracelet"},{"floor":34,"key":"Letter Opener"},{"floor":34,"key":"Dead Branch"},{"floor":36,"key":"Mercury Hourglass"},{"floor":36,"key":"InkBottle"},{"floor":38,"key":"Bird Faced Urn"},{"floor":39,"key":"Bag of Marbles"},{"floor":39,"key":"PreservedInsect"},{"floor":41,"key":"Toy Ornithopter"},{"floor":42,"key":"CaptainsWheel"},{"floor":43,"key":"champ:FightingForDummies"},{"floor":43,"key":"Molten Egg 2"},{"floor":46,"key":"Bottled Lightning"},{"floor":47,"key":"Ancient Tea Set"},{"floor":52,"key":"Pantograph"},{"floor":52,"key":"Kunai"}],"event_choices":[{"damage_healed":0,"gold_gain":0,"player_choice":"Ignored","damage_taken":0,"max_hp_gain":0,"max_hp_loss":0,"event_name":"Vampires","floor":29,"gold_loss":0},{"damage_healed":0,"gold_gain":0,"player_choice":"Fight","damage_taken":0,"max_hp_gain":0,"max_hp_loss":0,"event_name":"Mysterious Sphere","floor":38,"gold_loss":0},{"cards_removed":["J.A.X."],"damage_healed":0,"gold_gain":0,"player_choice":"Removed Skill","damage_taken":0,"max_hp_gain":0,"max_hp_loss":0,"event_name":"Falling","floor":48,"gold_loss":0}],"is_beta":false,"boss_relics":[{"not_picked":["Velvet Choker","SlaversCollar"],"picked":"Black Star"},{"not_picked":["champ:ChampionCrownUpgraded","Cursed Key"],"picked":"Calling Bell"}],"items_purged_floors":[22,30,45,53],"is_endless":false,"potions_floor_spawned":[3,5,11,13,16,19,21,32,39,42],"ascension_level":1}}