{"host":"zr590xw2unlz0wv7","time":1608458675,"event":{"mods":["BaseMod","Minty Spire (QoL Compilation)","READ ME - Guardian Mod","StSLib"],"gold_per_floor":[109,109,109,127,105,105,116,143,189,189,203,278,290,322,322,427,427,445,395,395,409,421,421,440,458,483,483,483],"floor_reached":27,"playtime":1052,"items_purged":["Strike_P"],"score":313,"play_id":"f5a7e633-055f-4edb-91f7-37b8c7c5ec2f","local_time":"20201220180435","is_ascension_mode":true,"campfire_choices":[{"floor":6.0,"key":"REST"},{"floor":15.0,"key":"REST"},{"floor":23.0,"key":"REST"}],"circlet_count":0,"master_deck":["Strike_P","Strike_P+1","Defend_P","Defend_P","Defend_P+1","Defend_P","Eruption","Vigilance","MasterReality","PathToVictory","CarveReality","EmptyMind","Scrawl","ReachHeaven","ConjureBlade","Vault","Sanctity","Protect","Vault"],"relics":["HolyWater","NeowsBlessing","PreservedInsect","Pen Nib","Smiling Mask","Darkstone Periapt","Anchor"],"acts_visited":["Exordium","TheCity"],"potions_floor_usage":[],"damage_taken":[{"damage":0.0,"enemies":"Cultist","floor":1.0,"turns":1.0},{"damage":0.0,"enemies":"Jaw Worm","floor":4.0,"turns":1.0},{"damage":0.0,"enemies":"2 Louse","floor":7.0,"turns":1.0},{"damage":0.0,"enemies":"Gremlin Nob","floor":8.0,"turns":2.0},{"damage":4.0,"enemies":"Lots of Slimes","floor":11.0,"turns":3.0},{"damage":3.0,"enemies":"Looter","floor":13.0,"turns":2.0},{"damage":17.0,"enemies":"3 Sentries","floor":14.0,"turns":5.0},{"damage":24.0,"enemies":"Slime Boss","floor":16.0,"turns":8.0},{"damage":31.0,"enemies":"3 Byrds","floor":18.0,"turns":7.0},{"damage":3.0,"enemies":"Spheric Guardian","floor":21.0,"turns":3.0},{"damage":12.0,"enemies":"Snake Plant","floor":22.0,"turns":3.0},{"damage":20.0,"enemies":"Shelled Parasite and Fungi","floor":24.0,"turns":10.0},{"damage":6.0,"enemies":"3 Cultists","floor":25.0,"turns":7.0},{"damage":22,"enemies":"Chosen and Byrds","floor":27,"turns":4}],"seed_played":"-967512073115827594","potions_obtained":[{"floor":1.0,"key":"Fire Potion"},{"floor":11.0,"key":"ColorlessPotion"},{"floor":14.0,"key":"Strength Potion"},{"floor":16.0,"key":"BlessingOfTheForge"},{"floor":18.0,"key":"Ancient Potion"},{"floor":20.0,"key":"BottledMiracle"},{"floor":20.0,"key":"StancePotion"},{"floor":20.0,"key":"Weak Potion"},{"floor":22.0,"key":"Dexterity Potion"}],"is_trial":false,"path_per_floor":["M","?","?","M","$","R","M","E","T","?","M","?","M","E","R","B",null,"M","$","?","M","M","R","M","M","T","M"],"character_chosen":"WATCHER","items_purchased":["PathToVictory"],"campfire_rested":3,"item_purchase_floors":[5],"current_hp_per_floor":[72,69,55,55,55,72,72,72,72,72,68,57,54,37,58,34,63,32,32,32,29,17,38,18,12,12,0,0],"gold":483,"neow_bonus":"THREE_ENEMY_KILL","is_daily":false,"chose_seed":false,"campfire_upgraded":0,"win_rate":0.0,"timestamp":1608458675,"path_taken":["M","?","?","M","$","R","M","E","T","?","?","?","M","E","R","BOSS","M","$","?","?","M","R","M","M","T","M"],"items_purchased_type":["Card"],"build_version":"2020-12-13","purchased_purges":1,"victory":false,"max_hp_per_floor":[72,72,72,72,72,72,72,72,72,72,72,72,72,72,72,72,72,72,72,72,72,72,72,72,72,72,72,72],"card_choices":[{"not_picked":["ForeignInfluence","Evaluate","JustLucky"],"picked":"SKIP","floor":1.0},{"not_picked":["FlyingSleeves","ThirdEye"],"picked":"MasterReality","floor":4.0},{"not_picked":["FlurryOfBlows","CrushJoints"],"picked":"CarveReality","floor":7.0},{"not_picked":["Scrawl","JustLucky"],"picked":"EmptyMind","floor":8.0},{"not_picked":["BowlingBash","FlyingSleeves"],"picked":"ReachHeaven","floor":11.0},{"not_picked":["Wireheading","JustLucky","FollowUp"],"picked":"SKIP","floor":13.0},{"not_picked":["ForeignInfluence","Evaluate"],"picked":"ConjureBlade","floor":14.0},{"not_picked":["Devotion","Brilliance"],"picked":"Vault","floor":16.0},{"not_picked":["Halt","ThirdEye","FearNoEvil"],"picked":"SKIP","floor":18.0},{"not_picked":["EmptyFist","Worship+1","BowlingBash+1"],"picked":"SKIP","floor":21.0},{"not_picked":["ThirdEye","SignatureMove+1"],"picked":"Sanctity","floor":22.0},{"not_picked":["CrushJoints","Evaluate"],"picked":"Protect","floor":24.0},{"not_picked":["Nirvana","Consecrate"],"picked":"Vault","floor":25.0}],"player_experience":508946,"relics_obtained":[{"floor":8.0,"key":"Pen Nib"},{"floor":9.0,"key":"Smiling Mask"},{"floor":14.0,"key":"Darkstone Periapt"},{"floor":26.0,"key":"Anchor"}],"event_choices":[{"damage_healed":0.0,"max_hp_gain":0.0,"max_hp_loss":0.0,"gold_gain":0.0,"event_name":"Scrap Ooze","player_choice":"Success","floor":2.0,"gold_loss":0.0,"damage_taken":3.0,"relics_obtained":["PreservedInsect"]},{"damage_healed":0.0,"max_hp_gain":0.0,"max_hp_loss":0.0,"gold_gain":0.0,"event_name":"Shining Light","player_choice":"Entered Light","floor":3.0,"gold_loss":0.0,"damage_taken":14.0,"cards_upgraded":["Strike_P","Defend_P"]},{"damage_healed":0.0,"max_hp_gain":0.0,"max_hp_loss":0.0,"gold_gain":0.0,"cards_transformed":["Strike_P"],"event_name":"Transmorgrifier","player_choice":"Transformed","floor":10.0,"gold_loss":0.0,"damage_taken":0.0,"cards_obtained":["Scrawl"]},{"damage_healed":0.0,"max_hp_gain":0.0,"max_hp_loss":0.0,"gold_gain":75.0,"event_name":"World of Goop","player_choice":"Gather Gold","floor":12.0,"gold_loss":0.0,"damage_taken":11.0},{"damage_healed":0.0,"max_hp_gain":0.0,"max_hp_loss":0.0,"gold_gain":0.0,"event_name":"Lab","player_choice":"Got Potions","floor":20.0,"gold_loss":0.0,"damage_taken":0.0}],"is_beta":false,"boss_relics":[{"not_picked":["Astrolabe","Ectoplasm"],"picked":"HolyWater"}],"items_purged_floors":[19],"is_endless":false,"potions_floor_spawned":[1,11,14,16,18,22],"killed_by":"Chosen and Byrds","ascension_level":5}}