{"host":"n4oa921u88t6jog9","time":1608429969,"event":{"mods":["AchievementEnabler","BaseMod","DeckTracker","Keyboard Shortcuts","Minty Spire (QoL Compilation)","Quick Restart","StSLib","SuperFastMode"],"gold_per_floor":[113,113,113,132,207,241,259,259,259,259,259,294,317,336,336,336,336],"floor_reached":16,"playtime":228,"items_purged":[],"score":230,"play_id":"09c43986-330f-45ce-a95c-c53f74cfdc49","local_time":"20201220110609","is_ascension_mode":true,"campfire_choices":[{"data":"Body Slam","floor":8,"key":"SMITH"},{"data":"Armaments","floor":10,"key":"SMITH"},{"data":"Evolve","floor":15,"key":"SMITH"}],"circlet_count":0,"master_deck":["AscendersBane","Strike_R","Strike_R","Strike_R","Strike_R","Strike_R","Defend_R","Defend_R","Defend_R","Defend_R","Bash","Armaments+1","Body Slam+1","Immolate","Evolve+1","Double Tap"],"relics":["Burning Blood","NeowsBlessing","Blue Candle","HornCleat","Mercury Hourglass","Golden Idol","Paper Frog"],"acts_visited":["Exordium"],"potions_floor_usage":[16,16],"damage_taken":[{"damage":0,"enemies":"Cultist","floor":1,"turns":1},{"damage":0,"enemies":"Jaw Worm","floor":4,"turns":1},{"damage":0,"enemies":"3 Sentries","floor":6,"turns":2},{"damage":0,"enemies":"2 Louse","floor":7,"turns":1},{"damage":24,"enemies":"Lagavulin","floor":12,"turns":7},{"damage":13,"enemies":"Blue Slaver","floor":13,"turns":2},{"damage":9,"enemies":"3 Louse","floor":14,"turns":2},{"damage":27,"enemies":"Slime Boss","floor":16,"turns":4}],"seed_played":"8983633223968143656","potions_obtained":[{"floor":1,"key":"EssenceOfSteel"},{"floor":6,"key":"CultistPotion"},{"floor":14,"key":"Fire Potion"}],"is_trial":false,"path_per_floor":["M","?","?","M","?","E","M","R","T","R","?","E","M","M","R","B"],"character_chosen":"IRONCLAD","items_purchased":[],"campfire_rested":0,"item_purchase_floors":[],"current_hp_per_floor":[74,62,67,73,62,68,74,74,74,74,54,36,29,26,26,0,0],"gold":336,"neow_bonus":"THREE_ENEMY_KILL","is_daily":false,"chose_seed":false,"campfire_upgraded":3,"win_rate":0.0,"timestamp":1608429969,"path_taken":["M","?","?","M","?","E","?","R","T","R","?","E","M","M","R","BOSS"],"items_purchased_type":[],"build_version":"2020-12-13","purchased_purges":0,"victory":false,"max_hp_per_floor":[75,75,80,80,80,80,80,80,80,80,80,80,80,80,80,80,80],"card_choices":[{"not_picked":["Clash","Cleave"],"picked":"Armaments","floor":1},{"not_picked":["Clash","Armaments"],"picked":"Body Slam","floor":4},{"not_picked":["Warcry","Havoc"],"picked":"Immolate","floor":6},{"not_picked":["Pommel Strike","Shockwave"],"picked":"Evolve","floor":7},{"not_picked":["Clothesline","Sentinel"],"picked":"Double Tap","floor":12},{"not_picked":["Anger","True Grit","Armaments"],"picked":"SKIP","floor":13},{"not_picked":["Warcry","Double Tap","Perfected Strike"],"picked":"SKIP","floor":14}],"player_experience":351820,"relics_obtained":[{"floor":6,"key":"HornCleat"},{"floor":9,"key":"Mercury Hourglass"},{"floor":12,"key":"Paper Frog"}],"event_choices":[{"damage_healed":0,"gold_gain":0,"player_choice":"Success","damage_taken":12,"relics_obtained":["Blue Candle"],"max_hp_gain":0,"max_hp_loss":0,"event_name":"Scrap Ooze","floor":2,"gold_loss":0},{"damage_healed":0,"gold_gain":0,"player_choice":"Donut","damage_taken":0,"max_hp_gain":5,"max_hp_loss":0,"event_name":"Big Fish","floor":3,"gold_loss":0},{"damage_healed":0,"gold_gain":75,"player_choice":"Gather Gold","damage_taken":11,"max_hp_gain":0,"max_hp_loss":0,"event_name":"World of Goop","floor":5,"gold_loss":0},{"damage_healed":0,"gold_gain":0,"player_choice":"Take Damage","damage_taken":20,"relics_obtained":["Golden Idol"],"max_hp_gain":0,"max_hp_loss":0,"event_name":"Golden Idol","floor":11,"gold_loss":0}],"is_beta":false,"boss_relics":[],"items_purged_floors":[],"is_endless":false,"potions_floor_spawned":[1,6,14],"killed_by":"Slime Boss","ascension_level":14}}