{"host":"p245q48pmopyklqs","time":1608440298,"event":{"mods":["AchievementEnabler","BaseMod","DeckTracker","Minty Spire (QoL Compilation)","Relic Stats","Slay-I","StSLib","SuperFastMode"],"gold_per_floor":[20,32,32,51,51,51,86,86,86,109,109,74,94,117,117,213,213,236,37,61,61,75,109,109,159,211,211,43,43,43,43,43],"floor_reached":31,"playtime":568,"items_purged":[],"score":560,"play_id":"7806f5fd-2892-4987-b74a-6f7b0eeb1dc2","local_time":"20201220135818","is_ascension_mode":true,"campfire_choices":[{"data":"Defend_G","floor":6.0,"key":"PURGE"},{"data":"Strike_G","floor":8.0,"key":"PURGE"},{"data":"Strike_G","floor":11.0,"key":"PURGE"},{"data":"Deadly Poison","floor":15.0,"key":"SMITH"},{"data":"Strike_G","floor":24.0,"key":"PURGE"},{"data":"Strike_G","floor":27.0,"key":"PURGE"},{"data":"All Out Attack","floor":29.0,"key":"PURGE"}],"circlet_count":0,"master_deck":["AscendersBane","Defend_G","Defend_G","Defend_G","Defend_G","Survivor","Neutralize","Dagger Throw","Die Die Die","Masterful Stab","Deadly Poison+1","Corpse Explosion","Acrobatics","Escape Plan+1","Adrenaline","Grand Finale","Footwork"],"relics":["Ring of the Snake","Peace Pipe","Golden Idol","Du-Vu Doll","Mango","Coffee Dripper","Lee\u0027s Waffle","Snake Skull"],"acts_visited":["Exordium","TheCity"],"potions_floor_usage":[],"damage_taken":[{"damage":11.0,"enemies":"Jaw Worm","floor":1.0,"turns":9.0},{"damage":0.0,"enemies":"2 Louse","floor":2.0,"turns":3.0},{"damage":5.0,"enemies":"Small Slimes","floor":4.0,"turns":4.0},{"damage":22.0,"enemies":"Gremlin Nob","floor":7.0,"turns":4.0},{"damage":4.0,"enemies":"3 Louse","floor":10.0,"turns":2.0},{"damage":0.0,"enemies":"2 Fungi Beasts","floor":13.0,"turns":3.0},{"damage":9.0,"enemies":"Exordium Wildlife","floor":14.0,"turns":2.0},{"damage":13.0,"enemies":"Hexaghost","floor":16.0,"turns":7.0},{"damage":18.0,"enemies":"Shell Parasite","floor":18.0,"turns":5.0},{"damage":21.0,"enemies":"Spheric Guardian","floor":20.0,"turns":5.0},{"damage":33.0,"enemies":"Chosen and Byrds","floor":22.0,"turns":6.0},{"damage":16.0,"enemies":"Gremlin Leader","floor":23.0,"turns":5.0},{"damage":0.0,"enemies":"Shelled Parasite and Fungi","floor":30.0,"turns":2.0},{"damage":11,"enemies":"Centurion and Healer","floor":31,"turns":2}],"seed_played":"-8448254262136572052","potions_obtained":[{"floor":2.0,"key":"PowerPotion"},{"floor":10.0,"key":"Strength Potion"},{"floor":13.0,"key":"DuplicationPotion"},{"floor":16.0,"key":"CultistPotion"},{"floor":18.0,"key":"SmokeBomb"}],"is_trial":false,"path_per_floor":["M","M","?","M","?","R","E","R","T","M","R","?","M","M","R","B",null,"M","$","M","?","M","E","R","?","T","R","$","R","M","M"],"character_chosen":"THE_SILENT","items_purchased":["Acrobatics","Lee\u0027s Waffle","Grand Finale","Footwork"],"campfire_rested":0,"item_purchase_floors":[19,19,28,28],"current_hp_per_floor":[48,48,48,43,36,36,14,14,28,24,24,42,42,33,33,20,61,43,81,60,60,27,11,11,11,11,11,11,11,11,0,0],"gold":43,"neow_bonus":"ONE_RARE_RELIC","is_daily":false,"chose_seed":false,"campfire_upgraded":1,"win_rate":0.0,"timestamp":1608440298,"path_taken":["M","M","?","M","?","R","E","R","T","M","R","?","M","M","R","BOSS","M","$","M","?","M","E","R","?","T","R","?","R","M","M"],"items_purchased_type":["Card","Relic","Card","Card"],"build_version":"2020-12-13","purchased_purges":0,"victory":false,"max_hp_per_floor":[66,66,60,60,60,60,60,60,74,74,74,74,74,74,74,74,74,74,81,81,81,81,81,81,81,81,81,81,81,81,81,81],"relic_stats":{"Peace Pipe":7,"Lee\u0027s Waffle":38,"counters":[14,59],"Golden Idol":67,"Snake Skull":[2],"obtain_stats":[{"Peace Pipe":0,"Du-Vu Doll":7,"Lee\u0027s Waffle":19,"Golden Idol":3,"Mango":9,"Snake Skull":23,"Coffee Dripper":17,"Ring of the Snake":0},{"Peace Pipe":0,"Du-Vu Doll":4,"Lee\u0027s Waffle":9,"Golden Idol":2,"Mango":4,"Snake Skull":12,"Coffee Dripper":8,"Ring of the Snake":0},{"Peace Pipe":0,"Du-Vu Doll":20,"Lee\u0027s Waffle":39,"Golden Idol":12,"Mango":20,"Snake Skull":55,"Coffee Dripper":34,"Ring of the Snake":0}],"Ring of the Snake":[28]},"card_choices":[{"not_picked":["Deadly Poison","Prepared"],"picked":"Dagger Throw","floor":1.0},{"not_picked":["Underhanded Strike","Blade Dance"],"picked":"All Out Attack","floor":2.0},{"not_picked":["Noxious Fumes","Setup"],"picked":"Die Die Die","floor":4.0},{"not_picked":["Skewer","Choke"],"picked":"Masterful Stab","floor":7.0},{"not_picked":["Terror","Choke","Underhanded Strike"],"picked":"SKIP","floor":10.0},{"not_picked":["Sucker Punch","Cloak And Dagger"],"picked":"Deadly Poison","floor":13.0},{"not_picked":["Terror","Sucker Punch","Underhanded Strike"],"picked":"SKIP","floor":14.0},{"not_picked":["Tools of the Trade","Wraith Form v2"],"picked":"Corpse Explosion","floor":16.0},{"not_picked":["Dagger Throw","Outmaneuver","Accuracy+1"],"picked":"SKIP","floor":18.0},{"not_picked":["Poisoned Stab","Acrobatics"],"picked":"Escape Plan+1","floor":20.0},{"not_picked":["Dodge and Roll","Flying Knee"],"picked":"Adrenaline","floor":22.0},{"not_picked":["Escape Plan","Doppelganger","Dash"],"picked":"SKIP","floor":23.0}],"player_experience":2318334,"relics_obtained":[{"floor":7.0,"key":"Du-Vu Doll"},{"floor":9.0,"key":"Mango"},{"floor":23.0,"key":"Snake Skull"}],"event_choices":[{"damage_healed":0.0,"max_hp_gain":0.0,"max_hp_loss":6.0,"gold_gain":0.0,"event_name":"Golden Idol","player_choice":"Lose Max HP","floor":3.0,"gold_loss":0.0,"damage_taken":0.0,"relics_obtained":["Golden Idol"]},{"cards_removed":["Strike_G"],"damage_healed":0.0,"max_hp_gain":0.0,"max_hp_loss":0.0,"gold_gain":0.0,"event_name":"Golden Wing","player_choice":"Card Removal","floor":5.0,"gold_loss":0.0,"damage_taken":7.0},{"damage_healed":18.0,"max_hp_gain":0.0,"max_hp_loss":0.0,"gold_gain":0.0,"event_name":"The Cleric","player_choice":"Healed","floor":12.0,"gold_loss":35.0,"damage_taken":0.0},{"damage_healed":0.0,"max_hp_gain":0.0,"max_hp_loss":0.0,"gold_gain":0.0,"event_name":"The Mausoleum","player_choice":"Ignored","floor":21.0,"gold_loss":0.0,"damage_taken":0.0},{"damage_healed":0.0,"max_hp_gain":0.0,"max_hp_loss":0.0,"gold_gain":50.0,"event_name":"Nest","player_choice":"Stole From Cult","floor":25.0,"gold_loss":0.0,"damage_taken":0.0}],"is_beta":false,"boss_relics":[{"not_picked":["Philosopher\u0027s Stone","Empty Cage"],"picked":"Coffee Dripper"}],"items_purged_floors":[],"is_endless":false,"potions_floor_spawned":[2,10,13,16,18,20],"killed_by":"Centurion and Healer","ascension_level":20}}