{"host":"svwqvw2il1zfkkg0","time":1608435448,"event":{"mods":["AchievementEnabler","BaseMod","BetterRewards","Colored Map","Colored Powertips","Custom Start","Downfall","GifTheSpireLib","Highlight Path","Hubris","Infinite Spire","Minty Spire (QoL Compilation)","Quick Restart","Replay The Spire","Shop Mod","StSLib","SuperFastMode"],"gold_per_floor":[13,32,48,48,59,92,109,109,191,219,231,54,67,80,80,182,182,196,216,228,228,241,267,267,294,294,314,314,328,328,342,342,446,446,458,239,249,269,287,315,330,380,380,380,391,410,437,457,457,457],"floor_reached":51,"playtime":4991,"items_purged":["sneckomod:Bewildered"],"score":721,"play_id":"3434377e-6dc9-4642-9595-3f23a3533b34","local_time":"20201219193728","is_ascension_mode":false,"campfire_choices":[{"floor":8,"key":"REST"},{"floor":15,"key":"REST"},{"floor":24,"key":"REST"},{"data":"Adrenaline","floor":28,"key":"SMITH"},{"data":"Dash","floor":32,"key":"SMITH"},{"data":"Adrenaline","floor":44,"key":"SMITH"},{"floor":49,"key":"REST"}],"circlet_count":0,"master_deck":["Strike_G","Strike_G","Strike_G","Strike_G","Strike_G","Defend_G","Defend_G","Defend_G","Defend_G","Defend_G","Survivor","Neutralize","infinitespire:Neurotoxin","Poisoned Stab","Riddle With Holes","Underhanded Strike","Prepared","Venomology","Flying Knee","Flying Knee","Adrenaline+1","Crippling Poison","Backstab","Poisoned Stab","hexamod:Haunted","PiercingWail","Quick Slash+1","Poisoned Stab","Prepared","Dash+1","Adrenaline","Clumsy","Slimebound:Icky","Adrenaline+1","Dagger Throw+1","Bane","Glass Knife","Bane+1","Bouncing Flask","Pain","Burst","Poisoned Stab+1","Toxin Wave+1"],"relics":["Ring of the Snake","Pear","Replay:Ringing Soul","hubris:TinFlute","Painkiller Herb","hubris:OldNail","Cursed Key","Prayer Wheel","Art of War","InkBottle","Replay:Ancient Bell","hubris:TenFootPole","ReplayTheSpireMod:Ninjato","Thread and Needle","Sling","Happy Flower","hubris:Teleporter","infinitespire:BottledMercury","Nunchaku"],"acts_visited":["Exordium","TheCity","TheBeyond"],"potions_floor_usage":[6,10,16,16,16,16,20,22,22,23,25,25,25,27,29,33,33,33,38,39,39,40,42,42,47,47,50,50,50,50],"damage_taken":[{"damage":6,"enemies":"Jaw Worm","floor":1,"turns":4},{"damage":0,"enemies":"Cultist","floor":2,"turns":3},{"damage":3,"enemies":"Small Slimes","floor":3,"turns":3},{"damage":0,"enemies":"2 Fungi Beasts","floor":5,"turns":4},{"damage":28,"enemies":"Replay:BlueRogue","floor":6,"turns":4},{"damage":5,"enemies":"3 Louse","floor":7,"turns":2},{"damage":14,"enemies":"3 Sentries","floor":10,"turns":6},{"damage":13,"enemies":"Gremlin Gang","floor":11,"turns":4},{"damage":10,"enemies":"2 Fungi Beasts","floor":13,"turns":3},{"damage":2,"enemies":"3 Louse","floor":14,"turns":2},{"damage":47,"enemies":"Hexaghost","floor":16,"turns":6},{"damage":3,"enemies":"3 Byrds","floor":18,"turns":4},{"damage":0,"enemies":"Chosen","floor":19,"turns":3},{"damage":6,"enemies":"Snake Plant","floor":20,"turns":3},{"damage":18,"enemies":"Sentry and Sphere","floor":22,"turns":5},{"damage":10,"enemies":"Replay:Snechameleon","floor":23,"turns":4},{"damage":20,"enemies":"Gremlin Leader","floor":25,"turns":5},{"damage":2,"enemies":"Cultist and Chosen","floor":27,"turns":3},{"damage":0,"enemies":"Chosen and Byrds","floor":29,"turns":2},{"damage":0,"enemies":"Snake Plant","floor":31,"turns":2},{"damage":61,"enemies":"Automaton","floor":33,"turns":7},{"damage":11,"enemies":"Orb Walker","floor":35,"turns":4},{"damage":0,"enemies":"3 Darklings","floor":37,"turns":2},{"damage":0,"enemies":"Spire Growth","floor":38,"turns":2},{"damage":6,"enemies":"Jaw Worm Horde","floor":39,"turns":2},{"damage":5,"enemies":"Giant Head","floor":40,"turns":5},{"damage":0,"enemies":"Transient","floor":41,"turns":5},{"damage":0,"enemies":"Mind Bloom Boss Battle","floor":42,"turns":2},{"damage":6,"enemies":"4 Shapes","floor":45,"turns":2},{"damage":0,"enemies":"Maw","floor":46,"turns":2},{"damage":0,"enemies":"Reptomancer","floor":47,"turns":2},{"damage":25,"enemies":"Writhing Mass","floor":48,"turns":4},{"damage":12,"enemies":"Replay:Hell Engine","floor":50,"turns":5}],"seed_played":"7034184733468558938","potions_obtained":[{"floor":2,"key":"Poison Potion"},{"floor":6,"key":"Regen Potion"},{"floor":11,"key":"Strength Potion"},{"floor":16,"key":"Swift Potion"},{"floor":18,"key":"Block Potion"},{"floor":20,"key":"PowerPotion"},{"floor":23,"key":"EssenceOfSteel"},{"floor":25,"key":"hexamod:EctoCoolerPotion"},{"floor":27,"key":"AttackPotion"},{"floor":33,"key":"hexamod:EctoCoolerPotion"},{"floor":38,"key":"Flashbang"},{"floor":42,"key":"Explosive Potion"},{"floor":46,"key":"Swift Potion"},{"floor":47,"key":"FearPotion"}],"is_trial":false,"path_per_floor":["M","M","M","?","M","E","M","R","T","E","M","$","M","M","R","B",null,"?","?","?","AVR","?","E","T","E","T","?","T","?","?","?","T","B",null,"?","T","?","?","?","E","?","?","T","T","?","?","E","?","T","B",null],"character_chosen":"THE_SILENT","items_purchased":["Flying Knee","EssenceOfSteel","Fire Potion","Sling"],"campfire_rested":4,"item_purchase_floors":[12,12,12,36],"current_hp_per_floor":[64,64,61,70,70,52,47,71,71,75,65,68,58,59,86,42,95,95,95,89,89,71,64,94,77,80,81,81,84,84,87,87,29,122,114,114,117,120,114,109,112,112,115,115,112,115,115,90,132,120],"gold":457,"neow_bonus":"THREE_RARE_CARDS","is_daily":false,"chose_seed":false,"campfire_upgraded":3,"win_rate":0.0,"timestamp":1608435448,"path_taken":["M","M","M","?","M","E","M","R","T","E","?","?","M","M","R","BOSS","?","?","?","AVR","?","E","T","E","T","?","T","?","?","?","T","BOSS","?","T","?","?","?","E","?","?","T","T","?","?","E","?","T","BOSS"],"items_purchased_type":["Card","Potion","Potion","Relic"],"build_version":"2020-12-13","purchased_purges":1,"victory":true,"max_hp_per_floor":[70,70,70,70,70,80,80,80,80,83,86,89,89,92,92,95,95,98,98,98,98,98,101,101,104,107,110,110,113,113,116,116,119,122,125,125,128,131,131,131,134,134,137,137,140,143,143,143,143,143],"card_choices":[{"not_picked":["ReplayTheSpireMod:Necrosis","Storm of Steel"],"picked":"infinitespire:Neurotoxin","floor":0},{"not_picked":["Blade Dance","Sucker Punch"],"picked":"Poisoned Stab","floor":1},{"not_picked":["Hidden Blade","Skewer"],"picked":"Finisher","floor":2},{"not_picked":["Setup","Heel Hook"],"picked":"Riddle With Holes","floor":3},{"not_picked":["Eviscerate","Acrobatics","hubris:Counter"],"picked":"SKIP","floor":5},{"not_picked":["ReplayTheSpireMod:Exploit Weakness","Deflect"],"picked":"Underhanded Strike","floor":6},{"not_picked":["Infinite Blades","ReplayTheSpireMod:Scrap Shanks","Hidden Blade"],"picked":"SKIP","floor":7},{"not_picked":["Infinite Blades","Deflect"],"picked":"Prepared","floor":10},{"not_picked":["Flying Knee","PiercingWail"],"picked":"Venomology","floor":11},{"not_picked":["Well Laid Plans","Cloak And Dagger","hubris:Sniper"],"picked":"SKIP","floor":13},{"not_picked":["Hidden Blade","Concentrate"],"picked":"Flying Knee","floor":14},{"not_picked":["infinitespire:Neurotoxin","After Image"],"picked":"Adrenaline","floor":16},{"not_picked":["Dagger Throw","Sneak Up+1"],"picked":"Crippling Poison","floor":18},{"not_picked":["Concentrate","Acrobatics","Underhanded Strike"],"picked":"SKIP","floor":19},{"not_picked":["Concentrate","Acrobatics","Underhanded Strike"],"picked":"SKIP","floor":19},{"not_picked":["hubris:Counter","Hidden Blade","ReplayTheSpireMod:Shiv Toss+1"],"picked":"SKIP","floor":20},{"not_picked":["ReplayTheSpireMod:Shiv Toss+1","Expertise+1","Dodge and Roll"],"picked":"SKIP","floor":22},{"not_picked":["Outmaneuver","Leg Sweep"],"picked":"Backstab","floor":23},{"not_picked":["Tactician","ReplayTheSpireMod:Shiv Toss"],"picked":"Poisoned Stab","floor":25},{"not_picked":["ReplayTheSpireMod:Scrap Shanks","Flying Knee"],"picked":"PiercingWail","floor":27},{"not_picked":["ReplayTheSpireMod:Speed Training","Leg Sweep"],"picked":"Quick Slash+1","floor":27},{"not_picked":["Terror","Eviscerate+1"],"picked":"Poisoned Stab","floor":29},{"not_picked":["Flechettes","Deflect+1"],"picked":"Prepared","floor":29},{"not_picked":["ReplayTheSpireMod:Scrap Shanks","Tools of the Trade"],"picked":"Dash","floor":31},{"not_picked":["Flying Knee","Skewer","Prepared"],"picked":"SKIP","floor":31},{"not_picked":["Night Terror","ReplayTheSpireMod:Necrosis"],"picked":"Adrenaline","floor":33},{"not_picked":["Voices","Looming Evil"],"picked":"sneckomod:Bewildered","floor":34},{"not_picked":["ReplayTheSpireMod:Restless Dread","Injury"],"picked":"Clumsy","floor":34},{"not_picked":["Delirium","Overencumbered"],"picked":"Slimebound:Icky","floor":34},{"not_picked":["Blade Dance+1","Expertise+1"],"picked":"Adrenaline","floor":35},{"not_picked":["Flechettes+1","PiercingWail"],"picked":"Dagger Throw+1","floor":35},{"not_picked":["Flying Knee","Prepared+1"],"picked":"Bane","floor":37},{"not_picked":["Slice","Hidden Blade+1"],"picked":"Glass Knife","floor":37},{"not_picked":["Deflect+1","Dagger Throw+1"],"picked":"Bane+1","floor":38},{"not_picked":["Backflip+1","Cloak And Dagger","Prepared"],"picked":"SKIP","floor":38},{"not_picked":["Prepared","Backflip+1","Doppelganger"],"picked":"SKIP","floor":39},{"not_picked":["Backflip","Dodge and Roll+1","Underhanded Strike+1"],"picked":"SKIP","floor":39},{"not_picked":["hubris:SlightOfHand+1","All Out Attack","Heel Hook+1"],"picked":"SKIP","floor":40},{"not_picked":["Blur","Slice+1"],"picked":"Bouncing Flask","floor":41},{"not_picked":["Outmaneuver","Accuracy+1","Dodge and Roll"],"picked":"SKIP","floor":41},{"not_picked":["Well Laid Plans+1","Cloak And Dagger+1"],"picked":"Burst","floor":45},{"not_picked":["Acrobatics","Dagger Throw+1","Dodge and Roll+1"],"picked":"SKIP","floor":45},{"not_picked":["Sucker Punch+1","Dodge and Roll"],"picked":"Poisoned Stab+1","floor":46},{"not_picked":["Hidden Blade+1","Footwork"],"picked":"Toxin Wave+1","floor":46},{"not_picked":["hubris:SlightOfHand+1","Replay:Poison Smokescreen+1","Underhanded Strike+1"],"picked":"SKIP","floor":47},{"not_picked":["Bane","Dagger Spray+1","Dagger Throw+1"],"picked":"SKIP","floor":48},{"not_picked":["ReplayTheSpireMod:Shiv Toss","Dagger Spray","Dodge and Roll"],"picked":"SKIP","floor":48}],"player_experience":399338,"relics_obtained":[{"floor":6,"key":"Pear"},{"floor":9,"key":"Replay:Ringing Soul"},{"floor":10,"key":"hubris:TinFlute"},{"floor":23,"key":"Prayer Wheel"},{"floor":25,"key":"Art of War"},{"floor":26,"key":"InkBottle"},{"floor":40,"key":"Happy Flower"},{"floor":42,"key":"hubris:Teleporter"},{"floor":43,"key":"infinitespire:BottledMercury"},{"floor":47,"key":"Nunchaku"}],"event_choices":[{"cards_removed":["Finisher"],"damage_healed":9,"gold_gain":0,"player_choice":"Offered Uncommon","damage_taken":0,"max_hp_gain":0,"max_hp_loss":0,"event_name":"Bonfire Elementals","floor":4,"gold_loss":0},{"damage_healed":0,"gold_gain":0,"player_choice":"Fight","damage_taken":0,"max_hp_gain":0,"max_hp_loss":0,"event_name":"MindBloom","floor":42,"gold_loss":0}],"is_beta":false,"boss_relics":[{"not_picked":["Runic Dome","Fusion Hammer"],"picked":"Painkiller Herb"},{"not_picked":["Replay:Grab Bag","WristBlade"],"picked":"Replay:Ancient Bell"},{"not_picked":["infinitespire:PuzzleCube","Strawberry"],"picked":"hubris:TenFootPole"},{"not_picked":["Toxic Egg 2","Chameleon Ring"],"picked":"ReplayTheSpireMod:Ninjato"},{"not_picked":["hubris:FunFungus","Bird Faced Urn"],"picked":"Thread and Needle"}],"items_purged_floors":[36],"is_endless":false,"potions_floor_spawned":[2,6,11,13,14,16,18,20,23,25,27,33,38,42,46,47,48],"ascension_level":0}}