{"host":"8fjsnt81u6xsmhji","time":1608427752,"event":{"mods":["BaseMod","Colored Powertips","Downfall","Glutton Mod","Minty Spire (QoL Compilation)","Quick Restart","Somnambulant","StSLib","The Bug Knight","The Construct","The Forsaken","The Hierophant","The Mystic"],"gold_per_floor":[113,126,143,99,114,129,84,99,123,143,143,318,318,152,152,255,255,265,265,278,203,216,216,232,246,246,246,262,262,262],"floor_reached":29,"playtime":2185,"items_purged":["Doubt"],"score":221,"play_id":"149f4a9e-9e19-4a25-ada1-afbd0e700e67","local_time":"20201219192912","is_ascension_mode":false,"campfire_choices":[{"floor":11,"key":"REST"},{"floor":13,"key":"REST"},{"floor":15,"key":"REST"},{"floor":23,"key":"REST"}],"circlet_count":0,"master_deck":["somnambulantmod: SomnambulantStrike+1","somnambulantmod: SomnambulantStrike","somnambulantmod: SomnambulantStrike","somnambulantmod: SomnambulantStrike","somnambulantmod: Defend_Somnambulant","somnambulantmod: Defend_Somnambulant","somnambulantmod: Defend_Somnambulant","somnambulantmod: Defend_Somnambulant","somnambulantmod: Defend_Somnambulant","somnambulantmod: QuickNap+1","somnambulantmod: PrimingPunch+1","somnambulantmod: SickeningSwathe","somnambulantmod: TrepanningBlow","somnambulantmod: DeeperSleep+1","somnambulantmod: BrainFeeder","somnambulantmod: RecurringDream","somnambulantmod: Nosebleed","expansioncontent:YouAreMine","somnambulantmod: Lucidity","somnambulantmod: Bloom","somnambulantmod: SleepingBody","Decay","somnambulantmod: LayeredDefense"],"relics":["somnambulantmod: DreamJournal","somnambulantmod: CiphersPen","Guardian:PocketSentry","Fusion Hammer","Nilry\u0027s Codex"],"acts_visited":["Exordium","TheCity"],"potions_floor_usage":[16,16,20,22,24],"damage_taken":[{"damage":0,"enemies":"Small Slimes","floor":1,"turns":3},{"damage":0,"enemies":"2 Louse","floor":2,"turns":2},{"damage":5,"enemies":"Jaw Worm","floor":3,"turns":4},{"damage":19,"enemies":"Large Slime","floor":5,"turns":7},{"damage":7,"enemies":"3 Louse","floor":6,"turns":4},{"damage":7,"enemies":"Looter","floor":7,"turns":5},{"damage":22,"enemies":"Gremlin Gang","floor":8,"turns":4},{"damage":0,"enemies":"3 Louse","floor":10,"turns":2},{"damage":28,"enemies":"Hexaghost","floor":16,"turns":7},{"damage":10,"enemies":"2 Thieves","floor":18,"turns":4},{"damage":10,"enemies":"Spheric Guardian","floor":20,"turns":4},{"damage":7,"enemies":"Centurion and Healer","floor":22,"turns":6},{"damage":2,"enemies":"Snecko","floor":24,"turns":2},{"damage":16,"enemies":"Chosen and Byrds","floor":25,"turns":5},{"damage":23,"enemies":"Snake Plant","floor":28,"turns":3},{"damage":8,"enemies":"3 Cultists","floor":29,"turns":2}],"seed_played":"2796189043376858279","potions_obtained":[{"floor":5,"key":"Strength Potion"},{"floor":6,"key":"Swift Potion"},{"floor":10,"key":"SkillPotion"},{"floor":16,"key":"sneckomod:MuddlingPotion"},{"floor":18,"key":"Weak Potion"},{"floor":20,"key":"EssenceOfSteel"},{"floor":22,"key":"AttackPotion"},{"floor":28,"key":"champ:CounterPotion"}],"is_trial":false,"path_per_floor":["M","M","M","?","M","M","M","M","T","M","R","?","R","$","R","B",null,"M","?","M","?","M","R","M","M","T","?","M","M"],"character_chosen":"THE_SOMNAMBULANT","items_purchased":["expansioncontent:YouAreMine"],"campfire_rested":4,"item_purchase_floors":[14],"current_hp_per_floor":[63,63,58,58,39,32,25,3,3,3,23,23,44,44,66,38,69,59,43,33,33,26,48,46,30,30,30,7,0,0],"gold":262,"neow_bonus":"ONE_RARE_RELIC","is_daily":false,"chose_seed":false,"campfire_upgraded":0,"win_rate":0.0,"timestamp":1608427752,"path_taken":["M","M","M","?","M","M","M","M","T","M","R","?","R","?","R","BOSS","M","?","M","?","M","R","M","M","T","?","?","M"],"items_purchased_type":["Card"],"build_version":"2020-12-13","purchased_purges":1,"victory":false,"max_hp_per_floor":[63,63,63,63,63,63,63,63,63,63,65,65,67,67,69,69,69,69,69,69,69,69,71,71,71,71,71,71,71,71],"card_choices":[{"not_picked":["somnambulantmod: Unmake","somnambulantmod: Pinch"],"picked":"somnambulantmod: SickeningSwathe","floor":1},{"not_picked":["somnambulantmod: SleepingBody","somnambulantmod: Cower"],"picked":"somnambulantmod: TrepanningBlow","floor":2},{"not_picked":["somnambulantmod: MuscleMemory","somnambulantmod: HeavyLids"],"picked":"somnambulantmod: DeeperSleep","floor":3},{"not_picked":["somnambulantmod: InLimbo","somnambulantmod: ShowerThought","somnambulantmod: Unknow"],"picked":"SKIP","floor":5},{"not_picked":["somnambulantmod: BadIdea","somnambulantmod: SnuggleUp"],"picked":"somnambulantmod: BrainFeeder","floor":6},{"not_picked":["somnambulantmod: Stumble","somnambulantmod: Ignorance"],"picked":"somnambulantmod: RecurringDream","floor":7},{"not_picked":["somnambulantmod: SnuggleUp","somnambulantmod: Unknow","somnambulantmod: Unmake"],"picked":"SKIP","floor":8},{"not_picked":["somnambulantmod: SnuggleUp","somnambulantmod: Cower"],"picked":"somnambulantmod: Nosebleed","floor":10},{"not_picked":["somnambulantmod: SleepParalysis","somnambulantmod: Inspiration"],"picked":"somnambulantmod: Lucidity","floor":16},{"not_picked":["somnambulantmod: OpeningUp","somnambulantmod: Bruise"],"picked":"somnambulantmod: Bloom","floor":18},{"not_picked":["somnambulantmod: Pinch+1","somnambulantmod: Harden"],"picked":"somnambulantmod: SleepingBody","floor":20},{"not_picked":["somnambulantmod: TimeCompression","somnambulantmod: LeechFears+1","somnambulantmod: TrepanningBlow"],"picked":"SKIP","floor":22},{"not_picked":["somnambulantmod: BrainFeeder+1","somnambulantmod: Bruise","somnambulantmod: LeechFears"],"picked":"SKIP","floor":24},{"not_picked":["somnambulantmod: Pinch+1","somnambulantmod: GalaxyBrain","somnambulantmod: TrepanningBlow+1"],"picked":"SKIP","floor":25},{"not_picked":["somnambulantmod: HeavyLids","somnambulantmod: HappyThoughts"],"picked":"somnambulantmod: LayeredDefense","floor":28}],"player_experience":574095,"relics_obtained":[{"floor":9,"key":"Guardian:PocketSentry"},{"floor":19,"key":"Nilry\u0027s Codex"}],"event_choices":[{"damage_healed":0,"gold_gain":0,"player_choice":"Left Gold","damage_taken":0,"max_hp_gain":0,"max_hp_loss":0,"event_name":"World of Goop","floor":4,"gold_loss":44},{"damage_healed":0,"gold_gain":175,"player_choice":"AGREE","damage_taken":0,"max_hp_gain":0,"max_hp_loss":0,"event_name":"Liars Game","floor":12,"gold_loss":0,"cards_obtained":["Doubt"]},{"damage_healed":0,"gold_gain":0,"player_choice":"Obtained Book","damage_taken":16,"max_hp_gain":0,"max_hp_loss":0,"event_name":"Cursed Tome","floor":19,"gold_loss":0},{"cards_removed":["somnambulantmod: SomnambulantStrike"],"damage_healed":0,"gold_gain":0,"player_choice":"Gave Gold","damage_taken":0,"max_hp_gain":0,"max_hp_loss":0,"event_name":"Beggar","floor":21,"gold_loss":75},{"damage_healed":0,"gold_gain":0,"player_choice":"Cursed","damage_taken":0,"max_hp_gain":0,"max_hp_loss":0,"event_name":"Wheel of Change","floor":27,"gold_loss":0,"cards_obtained":["Decay"]}],"is_beta":false,"boss_relics":[{"not_picked":["Astrolabe","construct:ClawGrip"],"picked":"Fusion Hammer"}],"items_purged_floors":[14],"is_endless":false,"potions_floor_spawned":[5,6,10,16,18,20,22,28],"killed_by":"3 Cultists","ascension_level":0}}