{"host":"87fdiiwflhrwsj8a","time":1608500145,"event":{"mods":["Aspiration","BaseMod","Better Match","Better Third Choice","BetterRewards","Colored Map","Downfall","GifTheSpireLib","Infinite Spire","Minty Spire (QoL Compilation)","Relic Sorter","Replay The Spire","Robot Space Explorer","StSLib","Stuff the Spire","The Cursed"],"gold_per_floor":[117,117,136,136,136,136,166,166,190,218,218,257,140,177,186,186,186],"floor_reached":16,"playtime":229,"items_purged":[],"score":282,"play_id":"51d2d14c-dd61-42db-9183-26ba319ae4d2","local_time":"20201220163545","is_ascension_mode":true,"campfire_choices":[{"data":"Seeing Red","floor":6,"key":"SMITH"},{"data":"Bash","floor":11,"key":"SMITH"}],"circlet_count":0,"master_deck":["AscendersBane","Strike_R","Strike_R","Strike_R","Strike_R","Strike_R","Defend_R","Defend_R","Defend_R","Defend_R","Bash+1","Inflame+1","Seeing Red+1","Injury","Hemokinesis+1","Headbutt+1","StuffTheSpire:TitanForm","Immolate+1","Immolate+1","StuffTheSpire:TitanForm+1","Battle Trance"],"relics":["Burning Blood","NeowsBlessing","Molten Egg 2","Quantum Egg","CeramicFish","Dream Catcher","Bottled Tornado"],"acts_visited":["Exordium"],"potions_floor_usage":[],"damage_taken":[{"damage":0,"enemies":"Jaw Worm","floor":1,"turns":1},{"damage":0,"enemies":"Cultist","floor":3,"turns":1},{"damage":0,"enemies":"Gremlin Nob","floor":7,"turns":1},{"damage":6,"enemies":"2 Louse","floor":10,"turns":2},{"damage":44,"enemies":"Lagavulin","floor":12,"turns":4},{"damage":31,"enemies":"Gremlin Nob","floor":14,"turns":4},{"damage":0,"enemies":"Fading Forest","floor":16,"turns":2}],"seed_played":"4896860797063425875","potions_obtained":[{"floor":1,"key":"Elixir"},{"floor":14,"key":"Weak Potion"}],"is_trial":false,"path_per_floor":["M","?","M","?","$","R","E","$","T","M","R","E","$","E","R_BF","B"],"character_chosen":"IRONCLAD","items_purchased":["Immolate+1"],"campfire_rested":0,"item_purchase_floors":[13],"current_hp_per_floor":[74,74,75,75,75,75,75,75,75,75,75,37,37,12,34,34,34],"gold":186,"neow_bonus":"THREE_ENEMY_KILL","is_daily":false,"chose_seed":false,"campfire_upgraded":2,"win_rate":0.0,"timestamp":1608500145,"path_taken":["M","?","?","?","$","R","E","$","T","M","R","E","?","E","R_BF","BOSS"],"items_purchased_type":["Card"],"build_version":"2020-12-13","purchased_purges":0,"victory":false,"max_hp_per_floor":[75,75,75,75,75,75,75,75,75,75,75,75,75,75,75,75,75],"card_choices":[{"not_picked":["Headbutt","Seeing Red"],"picked":"Inflame","floor":1},{"not_picked":["Wild Strike","Entrench"],"picked":"Seeing Red","floor":3},{"not_picked":["ReplayTheSpireMod:Stacked","Second Wind"],"picked":"Hemokinesis+1","floor":7},{"not_picked":["StuffTheSpire:Incineration+1","Shrug It Off"],"picked":"Headbutt+1","floor":10},{"not_picked":["StuffTheSpire:RagingBull+1","True Grit"],"picked":"StuffTheSpire:TitanForm","floor":12},{"not_picked":["Dark Embrace","Whirlwind+1"],"picked":"StuffTheSpire:TitanForm","floor":14},{"not_picked":["Ghostly Armor","StuffTheSpire:RockThrow+1"],"picked":"Battle Trance","floor":15}],"player_experience":2601976,"relics_obtained":[{"floor":7,"key":"Quantum Egg"},{"floor":9,"key":"CeramicFish"},{"floor":12,"key":"Dream Catcher"},{"floor":14,"key":"Bottled Tornado"}],"event_choices":[{"damage_healed":0,"gold_gain":0,"player_choice":"Forge","damage_taken":0,"max_hp_gain":0,"max_hp_loss":0,"event_name":"Accursed Blacksmith","floor":2,"gold_loss":0,"cards_upgraded":["Inflame"]}],"is_beta":false,"boss_relics":[],"items_purged_floors":[],"is_endless":false,"potions_floor_spawned":[1,14],"killed_by":"Fading Forest","ascension_level":20}}