{"host":"g2lr277mwibby3fj","time":1608465543,"event":{"mods":["Ascension Reborn","BaseMod","Custom Start","Googly Eyes","Minty Spire (QoL Compilation)","StSLib","TestMod"],"gold_per_floor":[110,123,123,143,161,187,187,8,8,42,61,211,161,174,174,276,276,294,314,314,327,339,364,364,376,401,420,292,292,292],"floor_reached":29,"playtime":1081,"items_purged":["Defend_P","Defend_P"],"score":334,"play_id":"94aa35fd-e76c-425d-9e50-2aceeb11c2be","local_time":"20201220195903","is_ascension_mode":false,"campfire_choices":[{"data":"Eruption","floor":7.0,"key":"SMITH"},{"data":"Tantrum","floor":15.0,"key":"SMITH"},{"data":"Adaptation","floor":24,"key":"SMITH"}],"circlet_count":0,"master_deck":["Strike_P+1","Strike_P+1","Strike_P+1","Defend_P+1","Eruption+1","Vigilance+1","FlurryOfBlows+1","Pray+1","LessonLearned+1","Tantrum+1","Adaptation","Pray+1","CutThroughFate","InnerPeace","Adaptation+1"],"relics":["PureWater","testmod-BlackFramedGlasses","Omamori","Orichalcum","Mercury Hourglass","testmod-Nine","Shuriken","Smiling Mask"],"acts_visited":["Exordium","TheCity"],"potions_floor_usage":[18],"damage_taken":[{"damage":0.0,"enemies":"2 Louse","floor":1.0,"turns":2.0},{"damage":0.0,"enemies":"Jaw Worm","floor":2.0,"turns":3.0},{"damage":0.0,"enemies":"Cultist","floor":4.0,"turns":4.0},{"damage":27.0,"enemies":"Exordium Thugs","floor":5.0,"turns":3.0},{"damage":38.0,"enemies":"3 Sentries","floor":6.0,"turns":12.0},{"damage":0.0,"enemies":"Gremlin Nob","floor":10.0,"turns":2.0},{"damage":0.0,"enemies":"Gremlin Gang","floor":11.0,"turns":4.0},{"damage":0.0,"enemies":"3 Louse","floor":14.0,"turns":2.0},{"damage":0.0,"enemies":"Slime Boss","floor":16.0,"turns":5.0},{"damage":8,"enemies":"2 Thieves","floor":18,"turns":3},{"damage":22,"enemies":"Shell Parasite","floor":19,"turns":3},{"damage":30,"enemies":"3 Cultists","floor":21,"turns":4},{"damage":12,"enemies":"Shelled Parasite and Fungi","floor":22,"turns":3},{"damage":13,"enemies":"Slavers","floor":23,"turns":4},{"damage":3,"enemies":"Snake Plant","floor":25,"turns":3},{"damage":2,"enemies":"Snecko","floor":27,"turns":3},{"damage":1,"enemies":"Book of Stabbing","floor":29,"turns":1}],"seed_played":"-3053369727263050729","potions_obtained":[{"floor":2.0,"key":"testmod-SpacePotion"},{"floor":10.0,"key":"Energy Potion"},{"floor":16.0,"key":"SpeedPotion"},{"floor":21,"key":"Block Potion"},{"floor":27,"key":"SkillPotion"}],"is_trial":true,"path_per_floor":["M","M","?","M","M","E","R","$","T","E","M","?","?","M","R","B",null,"M","M","?","M","M","E","R","M","T","M","$","E"],"character_chosen":"WATCHER","items_purchased":["EntropicBrew","DuplicationPotion"],"campfire_rested":0,"item_purchase_floors":[8,28],"current_hp_per_floor":[72,72,72,72,47,21,21,21,21,23,27,27,27,29,29,34,72,65,46,46,20,11,2,2,2,2,3,3,0,0],"gold":292,"neow_bonus":"","is_daily":false,"chose_seed":false,"campfire_upgraded":3,"win_rate":0.0,"timestamp":1608465543,"path_taken":["M","M","?","M","M","E","R","$","T","E","M","?","?","M","R","BOSS","M","M","?","?","M","E","R","M","T","M","$","E"],"items_purchased_type":["Potion","Potion"],"build_version":"2020-12-13","purchased_purges":2,"victory":false,"max_hp_per_floor":[72,72,72,72,72,72,72,72,72,72,72,72,72,72,72,72,72,72,72,72,72,72,27,27,9,9,9,9,1,1],"card_choices":[{"not_picked":["ClearTheMind","CrushJoints","FollowUp"],"picked":"SKIP","floor":1.0},{"not_picked":["Prostrate","ClearTheMind","EmptyBody"],"picked":"SKIP","floor":2.0},{"not_picked":["Perseverance","BattleHymn"],"picked":"FlurryOfBlows","floor":4.0},{"not_picked":["Halt","SandsOfTime"],"picked":"Pray","floor":5.0},{"not_picked":["FlurryOfBlows","WindmillStrike","FollowUp"],"picked":"SKIP","floor":6.0},{"not_picked":["ForeignInfluence","JustLucky"],"picked":"LessonLearned","floor":10.0},{"not_picked":["PathToVictory","Evaluate","FlyingSleeves"],"picked":"SKIP","floor":11.0},{"not_picked":["SignatureMove","SashWhip"],"picked":"Tantrum","floor":14.0},{"not_picked":["Consecrate","FlurryOfBlows"],"picked":"Adaptation","floor":18},{"not_picked":["EmptyBody+1","Perseverance"],"picked":"Pray+1","floor":19},{"not_picked":["Halt","Protect+1"],"picked":"CutThroughFate","floor":21},{"not_picked":["Halt","Crescendo"],"picked":"InnerPeace","floor":22},{"not_picked":["FlyingSleeves+1","Crescendo"],"picked":"Adaptation","floor":23},{"not_picked":["Protect","SashWhip","Vengeance"],"picked":"SKIP","floor":25},{"not_picked":["JustLucky+1","Crescendo","EmptyFist"],"picked":"SKIP","floor":27}],"player_experience":477285,"relics_obtained":[{"floor":6.0,"key":"Omamori"},{"floor":9.0,"key":"Orichalcum"},{"floor":10.0,"key":"Mercury Hourglass"},{"floor":23,"key":"Shuriken"},{"floor":26,"key":"Smiling Mask"}],"event_choices":[{"damage_healed":0.0,"max_hp_gain":0.0,"max_hp_loss":0.0,"gold_gain":0.0,"event_name":"给自己的盒子","player_choice":"Swap Relic","floor":3.0,"relics_lost":["testmod-TestBox"],"gold_loss":0.0,"damage_taken":0.0,"relics_obtained":["Juzu Bracelet"]},{"damage_healed":0.0,"max_hp_gain":0.0,"max_hp_loss":0.0,"gold_gain":150.0,"event_name":"恩洛斯的盘子","player_choice":"Sell","floor":12.0,"relics_lost":["Juzu Bracelet"],"gold_loss":0.0,"damage_taken":0.0},{"cards_removed":["Defend_P"],"damage_healed":0.0,"max_hp_gain":0.0,"max_hp_loss":0.0,"gold_gain":0.0,"event_name":"The Cleric","player_choice":"Card Removal","floor":13.0,"gold_loss":50.0,"damage_taken":0.0},{"cards_removed":["Strike_P"],"damage_healed":0,"gold_gain":0,"player_choice":"Purged","damage_taken":0,"max_hp_gain":0,"max_hp_loss":0,"event_name":"Purifier","floor":20,"gold_loss":0}],"is_beta":false,"boss_relics":[{"not_picked":["Runic Pyramid","testmod-StringDisintegrator"],"picked":"testmod-Nine"}],"items_purged_floors":[8,28],"is_endless":false,"potions_floor_spawned":[2,10,14,16,21,25,27],"killed_by":"Book of Stabbing","ascension_level":0}}