{"host":"kjehzzhcyp0nyrrl","time":1608462592,"event":{"mods":["AchievementEnabler","BaseMod","Custom Start","Hermit","Keyboard Shortcuts","Koishi","Minty Spire (QoL Compilation)","Replay The Spire","StSLib","SuperFastMode","The Dragon Tamer","The Gatherer","everything is the same but u backflip on backflip"],"gold_per_floor":[118,118,43,59,71,102,102,277,277,36,36,54,54,84,84,84,84],"floor_reached":16,"playtime":393,"items_purged":["hermit:Strike_Hermit"],"score":130,"play_id":"190d5d67-42fb-4ef3-aad9-9e49a305b0bf","local_time":"20201220200952","is_ascension_mode":true,"campfire_choices":[{"data":"hermit:CursedWeapon","floor":7,"key":"SMITH"},{"data":"hermit:GoldenBullet","floor":11,"key":"SMITH"},{"floor":13,"key":"REST"},{"data":"hermit:HighNoon","floor":15,"key":"SMITH"}],"circlet_count":0,"master_deck":["hermit:Strike_Hermit","hermit:Strike_Hermit","hermit:Strike_Hermit","hermit:Defend_Hermit","hermit:Defend_Hermit","hermit:Defend_Hermit","hermit:Snapshot","hermit:Covet","hermit:BodyArmor","hermit:GoldenBullet+1","hermit:Dive","hermit:CursedWeapon+1","Doubt","hermit:HighNoon+1"],"relics":["hermit:Momento","NeowsBlessing","hermit:Spyglass","Replay:Ringing Soul","Shuriken","HornCleat"],"acts_visited":["Exordium"],"potions_floor_usage":[6,16],"damage_taken":[{"damage":0.0,"enemies":"Jaw Worm","floor":1.0,"turns":1.0},{"damage":0.0,"enemies":"Cultist","floor":4.0,"turns":1.0},{"damage":0.0,"enemies":"2 Louse","floor":5.0,"turns":2.0},{"damage":40,"enemies":"Lagavulin","floor":6,"turns":8},{"damage":28,"enemies":"Exordium Wildlife","floor":12,"turns":7},{"damage":26,"enemies":"3 Sentries","floor":14,"turns":14},{"damage":2,"enemies":"The Guardian","floor":16,"turns":4}],"seed_played":"-3879244357520099374","potions_obtained":[{"floor":5.0,"key":"AttackPotion"},{"floor":12,"key":"Reflective Coating"},{"floor":14,"key":"Adrenaline Potion"}],"is_trial":false,"path_per_floor":["M","?","$","M","M","E","R","?","T","$","R","M","R","E","R","B"],"character_chosen":"HERMIT","items_purchased":["Shuriken"],"campfire_rested":1,"item_purchase_floors":[10],"current_hp_per_floor":[75,75,75,75,75,35,35,35,35,35,35,7,29,6,6,4,4],"gold":84,"neow_bonus":"THREE_ENEMY_KILL","is_daily":false,"chose_seed":false,"campfire_upgraded":3,"win_rate":0.0,"timestamp":1608462592,"path_taken":["M","?","$","M","?","E","R","?","T","$","R","M","R","E","R","BOSS"],"items_purchased_type":["Relic"],"build_version":"2020-12-13","purchased_purges":1,"victory":false,"max_hp_per_floor":[75,75,75,75,75,75,75,75,75,75,75,75,75,78,78,78,78],"card_choices":[{"not_picked":["hermit:TrackingShot","hermit:TakeAim"],"picked":"hermit:BodyArmor","floor":1.0},{"not_picked":["hermit:Enervate","hermit:HighCaliber"],"picked":"hermit:GoldenBullet","floor":4.0},{"not_picked":["hermit:EternalForm","hermit:Coalescence"],"picked":"hermit:Dive","floor":5.0},{"not_picked":["hermit:GhostlyPresence","hermit:BodyArmor"],"picked":"hermit:CursedWeapon","floor":6},{"not_picked":["hermit:Snipe","hermit:EyeOfTheStorm","hermit:Horror"],"picked":"SKIP","floor":12},{"not_picked":["hermit:Spite","hermit:FromBeyond"],"picked":"hermit:HighNoon","floor":14}],"player_experience":370681,"relics_obtained":[{"floor":6,"key":"hermit:Spyglass"},{"floor":9,"key":"Replay:Ringing Soul"},{"floor":14,"key":"HornCleat"}],"event_choices":[{"cards_removed":["hermit:Defend_Hermit"],"damage_healed":0.0,"max_hp_gain":0.0,"max_hp_loss":0.0,"gold_gain":0.0,"event_name":"Purifier","player_choice":"Purged","floor":2.0,"gold_loss":0.0,"damage_taken":0.0},{"damage_healed":0,"gold_gain":175,"player_choice":"AGREE","damage_taken":0,"max_hp_gain":0,"max_hp_loss":0,"event_name":"Liars Game","floor":8,"gold_loss":0,"cards_obtained":["Doubt"]}],"is_beta":false,"boss_relics":[],"items_purged_floors":[3],"is_endless":false,"potions_floor_spawned":[5,12,14],"killed_by":"The Guardian","ascension_level":4}}