{"host":"tf8owpcxhp2xn1j6","time":1608469737,"event":{"mods":["AchievementEnabler","BaseMod","Colored Map","Colored Powertips","Custom Start","DeckTracker","Minty Spire (QoL Compilation)","Permanent Neow","Quick Restart","StSLib","SuperFastMode"],"gold_per_floor":[487,487,512,587,596,630,630,664,664,699,699,667,690,711,711,820,879,890,942,981,903,924,924,958,977,977,1017,927,927,927,953,953,1054,1054,1082,1105,1114,1131,1131,1163,1163,1188,1188,1188,1058,1058,1096,1121,1121,1121],"floor_reached":51,"playtime":2072,"items_purged":["Self Repair"],"score":1901,"play_id":"f645affe-e21b-4e66-a97c-45a8b9685902","local_time":"20201220220857","daily_mods":["Elite Swarm","Uncertain Future"],"is_ascension_mode":true,"campfire_choices":[{"data":"Double Energy","floor":7,"key":"SMITH"},{"data":"Echo Form","floor":11,"key":"SMITH"},{"data":"Defragment","floor":15,"key":"SMITH"},{"data":"Buffer","floor":23,"key":"SMITH"},{"data":"Panache","floor":29,"key":"SMITH"},{"data":"Electrodynamics","floor":32,"key":"SMITH"},{"data":"LiveForever","floor":41,"key":"SMITH"},{"data":"BootSequence","floor":46,"key":"SMITH"},{"floor":49,"key":"REST"}],"circlet_count":0,"master_deck":["Panache+1","LiveForever+1","Buffer+1","BootSequence+1","Conserve Battery+1","Sweeping Beam+1","Go for the Eyes+1","Coolheaded+1","Double Energy+1","Double Energy+1","Genetic Algorithm+1","Defragment+1","Electrodynamics+1","Echo Form+1","Creative AI+1","Coolheaded+1","Coolheaded+1","Doom and Gloom+1","Darkness+1","Meteor Strike+1","Thunder Strike+1","Ball Lightning+1","Blizzard+1","Coolheaded+1","Turbo+1","Creative AI+1","Hologram+1","Defragment+1","Tempest+1","Double Energy+1","Storm+1","Meteor Strike+1","Chill+1","Reboot+1","Consume+1","Turbo+1","Dramatic Entrance+1","Lockon+1","Coolheaded+1","Coolheaded+1","Thunder Strike+1","Skim+1"],"relics":["Cracked Core","Black Star","Meat on the Bone","Ancient Tea Set","PreservedInsect","Symbiotic Virus","Medical Kit","Bag of Marbles","Gremlin Horn","Old Coin","SlaversCollar","Molten Egg 2","Anchor","Lizard Tail","DataDisk","Membership Card","Dream Catcher","Strawberry","Runic Capacitor","Runic Cube","Runic Pyramid","Matryoshka","Dead Branch","Mango","Oddly Smooth Stone","Unceasing Top","CeramicFish","Question Card","Mummified Hand","Smiling Mask","Pear","The Courier","HoveringKite","Centennial Puzzle","Cracked Core","Omamori","Burning Blood","Empty Cage","Bird Faced Urn","Whetstone","MealTicket","Thread and Needle","Nunchaku","Akabeko","Frozen Egg 2","Juzu Bracelet","War Paint","Toxic Egg 2","Self Forming Clay","Tiny Chest","Tiny House","FossilizedHelix","HornCleat","Pocketwatch","Ice Cream","Incense Burner","Singing Bowl","Torii","Happy Flower","Turnip","Tiny House","MawBank","Toy Ornithopter","Eternal Feather","Lantern","InkBottle","Darkstone Periapt","Prayer Wheel","StoneCalendar","Gambling Chip","SlaversCollar","StrikeDummy","Sundial","TungstenRod","Potion Belt","Bag of Preparation","Vajra","Pen Nib","Emotion Chip"],"acts_visited":["Exordium","TheCity","TheBeyond"],"potions_floor_usage":[],"damage_taken":[{"damage":0,"enemies":"2 Louse","floor":1,"turns":1},{"damage":0,"enemies":"Jaw Worm","floor":3,"turns":2},{"damage":0,"enemies":"Lagavulin","floor":6,"turns":3},{"damage":0,"enemies":"Gremlin Nob","floor":8,"turns":2},{"damage":0,"enemies":"3 Sentries","floor":10,"turns":2},{"damage":0,"enemies":"Cultist","floor":13,"turns":2},{"damage":0,"enemies":"Looter","floor":14,"turns":1},{"damage":0,"enemies":"Hexaghost","floor":16,"turns":3},{"damage":0,"enemies":"2 Thieves","floor":18,"turns":1},{"damage":0,"enemies":"Spheric Guardian","floor":20,"turns":2},{"damage":0,"enemies":"Snake Plant","floor":22,"turns":2},{"damage":0,"enemies":"Gremlin Leader","floor":24,"turns":2},{"damage":0,"enemies":"Snecko","floor":25,"turns":2},{"damage":0,"enemies":"Book of Stabbing","floor":27,"turns":1},{"damage":0,"enemies":"Gremlin Leader","floor":31,"turns":1},{"damage":0,"enemies":"Collector","floor":33,"turns":2},{"damage":0,"enemies":"3 Shapes","floor":35,"turns":1},{"damage":0,"enemies":"3 Darklings","floor":36,"turns":1},{"damage":0,"enemies":"Transient","floor":38,"turns":2},{"damage":0,"enemies":"Giant Head","floor":40,"turns":2},{"damage":0,"enemies":"Jaw Worm Horde","floor":42,"turns":1},{"damage":0,"enemies":"Nemesis","floor":47,"turns":1},{"damage":0,"enemies":"Maw","floor":48,"turns":1},{"damage":0,"enemies":"Donu and Deca","floor":50,"turns":2}],"seed_played":"9210014398859978884","potions_obtained":[{"floor":0,"key":"EssenceOfDarkness"},{"floor":1,"key":"EssenceOfDarkness"},{"floor":14,"key":"SpeedPotion"},{"floor":47,"key":"DuplicationPotion"},{"floor":48,"key":"Weak Potion"}],"is_trial":true,"path_per_floor":["M","?","M","?","?","E","R","E","T","E","R","$","M","M","R","B",null,"M","T","M","$","M","R","E","M","T","E","?","R","?","E","R","B",null,"M","M","?","M","T","E","R","M","T","?","$","R","E","M","R","B",null],"character_chosen":"DEFECT","items_purchased":["Ball Lightning+1","Blizzard+1","Tempest+1","Double Energy+1","Bag of Preparation","Vajra","Coolheaded+1","Coolheaded+1"],"campfire_rested":1,"item_purchase_floors":[12,12,21,21,45,45,45,45],"current_hp_per_floor":[110,103,111,100,100,111,111,111,111,113,113,113,113,113,113,113,118,120,120,120,120,120,120,120,120,120,120,120,120,120,122,122,124,124,126,128,128,132,132,134,134,136,136,136,136,136,136,138,140,140],"gold":1121,"neow_bonus":"","is_daily":false,"chose_seed":false,"campfire_upgraded":8,"win_rate":0.0,"timestamp":1608469737,"path_taken":["M","?","M","?","?","E","R","E","T","E","R","$","M","M","R","BOSS","M","?","M","$","M","R","E","M","T","E","?","R","?","E","R","BOSS","M","M","?","M","?","E","R","M","T","?","$","R","E","M","R","BOSS"],"items_purchased_type":["Card","Card","Card","Card","Relic","Relic","Card","Card"],"build_version":"2020-12-13","purchased_purges":1,"victory":true,"max_hp_per_floor":[111,111,111,111,111,111,111,111,111,113,113,113,113,113,113,113,118,120,120,120,120,120,120,120,120,120,120,120,120,120,122,122,124,124,126,128,128,132,132,134,134,136,136,136,136,136,136,138,140,140],"card_choices":[{"not_picked":["Chaos+1","Self Repair+1","Rebound+1"],"picked":"Coolheaded+1","floor":0},{"not_picked":["Beam Cell+1","Cold Snap+1","Hologram+1"],"picked":"Coolheaded+1","floor":1},{"not_picked":["Go for the Eyes+1","Rip and Tear+1","Sweeping Beam+1"],"picked":"Doom and Gloom+1","floor":3},{"not_picked":["Seek+1","Machine Learning+1","Amplify+1"],"picked":"Meteor Strike+1","floor":6},{"not_picked":["Fission+1","Echo Form+1","Rainbow+1"],"picked":"Thunder Strike+1","floor":8},{"not_picked":["Machine Learning+1","All For One+1","Echo Form+1","Electrodynamics+1"],"picked":"Singing Bowl","floor":10},{"not_picked":["BootSequence+1","Gash+1","Heatsinks+1"],"picked":"Coolheaded+1","floor":13},{"not_picked":["Storm+1","Leap+1","Coolheaded+1"],"picked":"Turbo+1","floor":14},{"not_picked":["Fission+1","Multi-Cast+1","Thunder Strike+1"],"picked":"Creative AI+1","floor":16},{"not_picked":["Sweeping Beam+1","Rip and Tear+1","Steam+1"],"picked":"Hologram+1","floor":17},{"not_picked":["Self Repair+1","Rebound+1","Hologram+1","Chaos+1"],"picked":"Singing Bowl","floor":18},{"not_picked":["Loop+1","Electrodynamics+1","Gash+1"],"picked":"Defragment+1","floor":20},{"not_picked":["Chill+1","White Noise+1","Leap+1"],"picked":"Storm+1","floor":22},{"not_picked":["All For One+1","Amplify+1","Creative AI+1"],"picked":"Meteor Strike+1","floor":24},{"not_picked":["Defragment+1","Self Repair+1","Go for the Eyes+1"],"picked":"Chill+1","floor":25},{"not_picked":["Multi-Cast+1","Fission+1","Seek+1"],"picked":"Reboot+1","floor":27},{"not_picked":["Biased Cognition+1","Fission+1","Machine Learning+1","Echo Form+1"],"picked":"Singing Bowl","floor":31},{"not_picked":["Fission+1","Hyperbeam+1","Reboot+1","Thunder Strike+1"],"picked":"Singing Bowl","floor":33},{"not_picked":["Defragment+1","Chill+1","Compile Driver+1"],"picked":"Consume+1","floor":35},{"not_picked":["Force Field+1","Go for the Eyes+1","Conserve Battery+1","Fusion+1"],"picked":"Singing Bowl","floor":35},{"not_picked":["Gash+1","BootSequence+1","Redo+1","Beam Cell+1"],"picked":"Singing Bowl","floor":36},{"not_picked":["Storm+1","Loop+1","Chill+1"],"picked":"Turbo+1","floor":36},{"not_picked":["Chrysalis+1","Swift Strike+1","Trip+1"],"picked":"Dramatic Entrance+1","floor":37},{"not_picked":["Hologram+1","Stack+1","Rip and Tear+1","Steam+1"],"picked":"Singing Bowl","floor":38},{"not_picked":["Leap+1","Gash+1","Rip and Tear+1","Glacier+1"],"picked":"Singing Bowl","floor":38},{"not_picked":["Echo Form+1","Thunder Strike+1","Electrodynamics+1","Hyperbeam+1"],"picked":"Singing Bowl","floor":40},{"not_picked":["BootSequence+1","Gash+1","Redo+1","Darkness+1"],"picked":"Singing Bowl","floor":42},{"not_picked":["Turbo+1","Steam Power+1","Undo+1"],"picked":"Lockon+1","floor":42},{"not_picked":["Creative AI+1","Fission+1","Biased Cognition+1"],"picked":"Thunder Strike+1","floor":47},{"not_picked":["Streamline+1","Barrage+1","Lockon+1"],"picked":"Skim+1","floor":48},{"not_picked":["Gash+1","Steam+1","Lockon+1","Reinforced Body+1"],"picked":"Singing Bowl","floor":48},{"not_picked":["Force Field+1","Rip and Tear+1","Compile Driver+1","White Noise+1"],"picked":"Singing Bowl","floor":49}],"player_experience":258382,"relics_obtained":[{"floor":6,"key":"HornCleat"},{"floor":6,"key":"Pocketwatch"},{"floor":8,"key":"Ice Cream"},{"floor":8,"key":"Incense Burner"},{"floor":9,"key":"Singing Bowl"},{"floor":9,"key":"Torii"},{"floor":10,"key":"Happy Flower"},{"floor":10,"key":"Turnip"},{"floor":19,"key":"MawBank"},{"floor":19,"key":"Toy Ornithopter"},{"floor":24,"key":"Eternal Feather"},{"floor":24,"key":"Lantern"},{"floor":26,"key":"InkBottle"},{"floor":27,"key":"Darkstone Periapt"},{"floor":27,"key":"Prayer Wheel"},{"floor":31,"key":"StoneCalendar"},{"floor":31,"key":"Gambling Chip"},{"floor":39,"key":"StrikeDummy"},{"floor":40,"key":"Sundial"},{"floor":40,"key":"TungstenRod"},{"floor":43,"key":"Potion Belt"},{"floor":47,"key":"Pen Nib"},{"floor":47,"key":"Emotion Chip"}],"event_choices":[{"damage_healed":0,"gold_gain":0,"player_choice":"Success","damage_taken":7,"relics_obtained":["FossilizedHelix"],"max_hp_gain":0,"max_hp_loss":0,"event_name":"Scrap Ooze","floor":2,"gold_loss":0},{"damage_healed":0,"gold_gain":75,"player_choice":"Gather Gold","damage_taken":11,"max_hp_gain":0,"max_hp_loss":0,"event_name":"World of Goop","floor":4,"gold_loss":0},{"damage_healed":0,"gold_gain":0,"cards_transformed":["Buffer"],"player_choice":"Transformed","damage_taken":0,"max_hp_gain":0,"max_hp_loss":0,"event_name":"Transmorgrifier","floor":5,"gold_loss":0,"cards_obtained":["Darkness"]},{"cards_removed":["Coolheaded"],"damage_healed":0,"gold_gain":0,"player_choice":"Upgrade and Remove","damage_taken":0,"max_hp_gain":0,"max_hp_loss":0,"event_name":"Designer","floor":28,"gold_loss":90,"cards_upgraded":["Genetic Algorithm"]},{"damage_healed":0,"gold_gain":0,"player_choice":"Smashed Altar","damage_taken":0,"max_hp_gain":0,"max_hp_loss":0,"event_name":"Forgotten Altar","floor":30,"gold_loss":0,"cards_obtained":["Decay"]},{"damage_healed":0,"gold_gain":0,"player_choice":"Memory 1","damage_taken":0,"max_hp_gain":0,"max_hp_loss":0,"event_name":"SensoryStone","floor":37,"gold_loss":0},{"damage_healed":0,"gold_gain":0,"player_choice":"Ignored","damage_taken":0,"max_hp_gain":0,"max_hp_loss":0,"event_name":"Tomb of Lord Red Mask","floor":44,"gold_loss":0}],"is_beta":false,"boss_relics":[{"not_picked":["Nuclear Battery","Velvet Choker"],"picked":"Tiny House"},{"not_picked":["Philosopher\u0027s Stone","SacredBark"],"picked":"SlaversCollar"}],"items_purged_floors":[21],"is_endless":false,"potions_floor_spawned":[1,14,16,22,24,25,27,40,47,48],"ascension_level":9}}