{"host":"d50bw6kybq14xu1u","time":1608463616,"event":{"mods":["BaseMod","Colored Map","Colored Powertips","Minty Spire (QoL Compilation)","Quick Restart"],"gold_per_floor":[113,113,288,238,255,283,283,300,300,313,313,333,363,381,381,481,481,495,495,508,534,550,580,580,614,614,614,625,42,42,54,54,151,151,165,215,0,0,36,68,68,68,95,130,161,161,179,17,17,37],"floor_reached":51,"playtime":1611,"items_purged":[],"score":831,"play_id":"afeaf72a-e439-49f3-aac2-413bc6028e21","local_time":"20201220192656","is_ascension_mode":false,"campfire_choices":[{"data":"Disarm","floor":7,"key":"SMITH"},{"data":"Metallicize","floor":15,"key":"SMITH"},{"data":"Barricade","floor":24,"key":"SMITH"},{"data":"J.A.X.","floor":32,"key":"SMITH"},{"data":"1","floor":41,"key":"LIFT"},{"data":"2","floor":46,"key":"LIFT"},{"data":"3","floor":49,"key":"LIFT"}],"circlet_count":0,"master_deck":["Strike_R+1","Strike_R+1","Strike_R+1","Strike_R+1","Strike_R+1","Defend_R+1","Defend_R+1","Defend_R+1","Defend_R+1","Bash+1","Flex","Disarm+1","Twin Strike","Pommel Strike","Metallicize+1","Cleave","Pommel Strike","Barricade+1","Sword Boomerang","Shockwave+1","Demon Form","Feed","Demon Form","J.A.X.+1","Twin Strike","HandOfGreed","Reaper","Pommel Strike","Sword Boomerang+1","Panache","Sword Boomerang+1","Sword Boomerang+1","Perfected Strike","Sadistic Nature"],"relics":["Burning Blood","Bronze Scales","Oddly Smooth Stone","Question Card","FossilizedHelix","Odd Mushroom","Ice Cream","SlaversCollar","Lantern","Ginger","WingedGreaves","Dream Catcher","ClockworkSouvenir","Bottled Tornado","Fusion Hammer","Girya","Red Mask","Ancient Tea Set","MealTicket","Darkstone Periapt","StoneCalendar"],"acts_visited":["Exordium","TheCity","TheBeyond"],"potions_floor_usage":[16,40,50,50,50],"damage_taken":[{"damage":7,"enemies":"Small Slimes","floor":1,"turns":3},{"damage":6,"enemies":"2 Louse","floor":5,"turns":2},{"damage":32,"enemies":"Gremlin Nob","floor":6,"turns":4},{"damage":8,"enemies":"Jaw Worm","floor":8,"turns":2},{"damage":3,"enemies":"Exordium Wildlife","floor":10,"turns":3},{"damage":7,"enemies":"The Mushroom Lair","floor":12,"turns":4},{"damage":12,"enemies":"3 Sentries","floor":13,"turns":8},{"damage":1,"enemies":"Blue Slaver","floor":14,"turns":3},{"damage":21,"enemies":"Hexaghost","floor":16,"turns":9},{"damage":5,"enemies":"Chosen","floor":18,"turns":5},{"damage":10,"enemies":"Spheric Guardian","floor":20,"turns":4},{"damage":10,"enemies":"3 Cultists","floor":22,"turns":5},{"damage":33,"enemies":"Slavers","floor":23,"turns":5},{"damage":8,"enemies":"Book of Stabbing","floor":25,"turns":5},{"damage":20,"enemies":"Shelled Parasite and Fungi","floor":28,"turns":5},{"damage":14,"enemies":"Snake Plant","floor":31,"turns":3},{"damage":15,"enemies":"Champ","floor":33,"turns":7},{"damage":0,"enemies":"Orb Walker","floor":35,"turns":3},{"damage":0,"enemies":"Mind Bloom Boss Battle","floor":36,"turns":4},{"damage":14,"enemies":"3 Shapes","floor":39,"turns":4},{"damage":17,"enemies":"Giant Head","floor":40,"turns":6},{"damage":2,"enemies":"Nemesis","floor":44,"turns":5},{"damage":0,"enemies":"Giant Head","floor":45,"turns":5},{"damage":11,"enemies":"3 Darklings","floor":47,"turns":4},{"damage":67,"enemies":"Awakened One","floor":50,"turns":6}],"seed_played":"-6949420439639621760","potions_obtained":[{"floor":6,"key":"SmokeBomb"},{"floor":8,"key":"ColorlessPotion"},{"floor":12,"key":"SkillPotion"},{"floor":16,"key":"LiquidBronze"},{"floor":20,"key":"Swift Potion"},{"floor":36,"key":"Strength Potion"},{"floor":45,"key":"Explosive Potion"}],"is_trial":false,"path_per_floor":["M","?","?","?","M","E","R","M","T","M","T","?","E","M","R","B",null,"M","?","M","T","M","E","R","E","T","?","M","$","?","M","R","B",null,"M","?","?","?","M","E","R","?","T","E","E","R","M","$","R","B",null],"character_chosen":"IRONCLAD","items_purchased":["ClockworkSouvenir","Bottled Tornado","HandOfGreed","Sadistic Nature"],"campfire_rested":0,"item_purchase_floors":[29,29,29,48],"current_hp_per_floor":[79,79,79,79,79,53,53,51,51,54,54,53,47,52,52,37,80,80,80,76,76,72,45,45,46,46,46,32,32,59,54,54,45,86,89,89,89,85,77,66,66,66,66,82,85,85,85,85,85,72],"gold":37,"neow_bonus":"RANDOM_COMMON_RELIC","is_daily":false,"chose_seed":false,"campfire_upgraded":4,"win_rate":0.0,"timestamp":1608463616,"path_taken":["M","?","?","?","?","E","R","M","T","M","?","?","E","M","R","BOSS","M","?","M","?","M","E","R","E","T","?","M","$","?","M","R","BOSS","M","?","?","?","M","E","R","?","T","E","E","R","M","$","R","BOSS"],"items_purchased_type":["Relic","Relic","Card","Card"],"build_version":"2020-12-13","purchased_purges":0,"victory":true,"max_hp_per_floor":[80,80,80,80,80,80,80,80,80,80,80,80,80,80,80,80,80,80,80,80,80,80,80,80,83,83,83,83,83,83,86,86,86,86,89,89,89,85,85,85,85,85,85,85,85,85,85,85,85,85],"card_choices":[{"not_picked":["Shrug It Off","Clothesline"],"picked":"Flex","floor":1},{"not_picked":["Clash","Entrench"],"picked":"Disarm","floor":5},{"not_picked":["Warcry","Iron Wave"],"picked":"Twin Strike","floor":6},{"not_picked":["Anger","Flame Barrier","Clash"],"picked":"SKIP","floor":8},{"not_picked":["Flex","Corruption","Twin Strike"],"picked":"Pommel Strike","floor":10},{"not_picked":["Ghostly Armor","Thunderclap","Power Through"],"picked":"Metallicize","floor":12},{"not_picked":["Thunderclap","Hemokinesis","Clothesline"],"picked":"Cleave","floor":13},{"not_picked":["Dual Wield","Twin Strike","Flame Barrier"],"picked":"Pommel Strike","floor":14},{"not_picked":["Juggernaut","Brutality","Corruption"],"picked":"Barricade","floor":16},{"not_picked":["Headbutt","Carnage","Clothesline+1"],"picked":"Sword Boomerang","floor":18},{"not_picked":["Infernal Blade","Body Slam","Warcry"],"picked":"Shockwave+1","floor":20},{"not_picked":["Second Wind","Whirlwind","Pommel Strike"],"picked":"Demon Form","floor":22},{"not_picked":["Reckless Charge+1","Anger+1","Cleave"],"picked":"Feed","floor":23},{"not_picked":["Pommel Strike+1","Flex+1","Rage"],"picked":"Demon Form","floor":25},{"not_picked":["Dropkick","Iron Wave","Warcry"],"picked":"Twin Strike","floor":28},{"not_picked":["Dropkick","Carnage","Rampage","Feel No Pain+1"],"picked":"SKIP","floor":31},{"not_picked":["Demon Form","Brutality","Double Tap"],"picked":"Reaper","floor":33},{"not_picked":["Warcry","Pummel+1","Thunderclap+1"],"picked":"Pommel Strike","floor":35},{"not_picked":["Searing Blow","True Grit+1","Rage"],"picked":"Sword Boomerang+1","floor":39},{"not_picked":["Reckless Charge","Warcry","Hemokinesis+1","Shrug It Off"],"picked":"SKIP","floor":40},{"not_picked":["Trip","Finesse","Violence"],"picked":"Panache","floor":42},{"not_picked":["Twin Strike","Battle Trance","Headbutt"],"picked":"Sword Boomerang+1","floor":44},{"not_picked":["Intimidate","Disarm","Cleave+1"],"picked":"Sword Boomerang+1","floor":45},{"not_picked":["Headbutt","Clothesline","Barricade"],"picked":"Perfected Strike","floor":47}],"player_experience":769,"relics_obtained":[{"floor":6,"key":"Oddly Smooth Stone"},{"floor":9,"key":"Question Card"},{"floor":11,"key":"FossilizedHelix"},{"floor":12,"key":"Odd Mushroom"},{"floor":13,"key":"Ice Cream"},{"floor":21,"key":"Lantern"},{"floor":23,"key":"Ginger"},{"floor":25,"key":"WingedGreaves"},{"floor":26,"key":"Dream Catcher"},{"floor":36,"key":"Girya"},{"floor":40,"key":"Ancient Tea Set"},{"floor":43,"key":"MealTicket"},{"floor":44,"key":"Darkstone Periapt"},{"floor":45,"key":"StoneCalendar"}],"event_choices":[{"damage_healed":0,"gold_gain":0,"player_choice":"Grow","damage_taken":0,"max_hp_gain":0,"max_hp_loss":0,"event_name":"Living Wall","floor":2,"gold_loss":0,"cards_upgraded":["Bash"]},{"damage_healed":0,"gold_gain":175,"player_choice":"AGREE","damage_taken":0,"max_hp_gain":0,"max_hp_loss":0,"event_name":"Liars Game","floor":3,"gold_loss":0,"cards_obtained":["Doubt"]},{"cards_removed":["Doubt"],"damage_healed":0,"gold_gain":0,"player_choice":"Card Removal","damage_taken":0,"max_hp_gain":0,"max_hp_loss":0,"event_name":"The Cleric","floor":4,"gold_loss":50},{"damage_healed":0,"gold_gain":0,"player_choice":"Fought Mushrooms","damage_taken":0,"max_hp_gain":0,"max_hp_loss":0,"event_name":"Mushrooms","floor":12,"gold_loss":0},{"damage_healed":0,"gold_gain":0,"player_choice":"Simplicity","damage_taken":0,"max_hp_gain":0,"max_hp_loss":0,"event_name":"Back to Basics","floor":19,"gold_loss":0,"cards_upgraded":["Strike_R","Strike_R","Strike_R","Strike_R","Strike_R","Defend_R","Defend_R","Defend_R","Defend_R"]},{"damage_healed":0,"gold_gain":0,"player_choice":"Obtain J.A.X.","damage_taken":0,"max_hp_gain":0,"max_hp_loss":0,"event_name":"Drug Dealer","floor":27,"gold_loss":0,"cards_obtained":["J.A.X."]},{"damage_healed":27,"gold_gain":0,"player_choice":"Heal","damage_taken":0,"max_hp_gain":0,"max_hp_loss":0,"event_name":"The Library","floor":30,"gold_loss":0},{"damage_healed":0,"gold_gain":0,"player_choice":"Fight","damage_taken":0,"max_hp_gain":0,"max_hp_loss":0,"event_name":"MindBloom","floor":36,"gold_loss":0},{"damage_healed":0,"gold_gain":0,"player_choice":"Paid","damage_taken":0,"relics_obtained":["Red Mask"],"max_hp_gain":0,"max_hp_loss":0,"event_name":"Tomb of Lord Red Mask","floor":37,"gold_loss":215},{"damage_healed":0,"gold_gain":0,"player_choice":"Max HP","damage_taken":0,"max_hp_gain":0,"max_hp_loss":4,"event_name":"Winding Halls","floor":38,"gold_loss":0},{"damage_healed":0,"gold_gain":0,"player_choice":"Memory 1","damage_taken":0,"max_hp_gain":0,"max_hp_loss":0,"event_name":"SensoryStone","floor":42,"gold_loss":0}],"is_beta":false,"boss_relics":[{"not_picked":["Runic Cube","Runic Pyramid"],"picked":"SlaversCollar"},{"not_picked":["Snecko Eye","Black Blood"],"picked":"Fusion Hammer"}],"items_purged_floors":[],"is_endless":false,"potions_floor_spawned":[6,8,12,16,20,25,33,36,45],"ascension_level":0}}