{"host":"v0dnu0zs4qo0v13s","time":1608428223,"event":{"mods":["BaseMod","Colored Map","Colored Powertips","Minty Spire (QoL Compilation)","Relic Stats","StSLib","SuperFastMode","everything is the same but u backflip on backflip"],"gold_per_floor":[109,34,51,70,82,82,111,111,111,126,126,126,26,52,64,153,165,189,276,302,189,206,237,237,254,280,280,280],"floor_reached":27,"playtime":1290,"items_purged":["Strike_R","Strike_R","Strike_R"],"score":401,"play_id":"eac6d512-9d57-414a-b27d-e4e3c282c7b3","local_time":"20201219203703","is_ascension_mode":true,"campfire_choices":[{"floor":6.0,"key":"REST"},{"data":"Feel No Pain","floor":8.0,"key":"SMITH"},{"floor":15.0,"key":"REST"},{"floor":24,"key":"REST"}],"circlet_count":0,"master_deck":["AscendersBane","Strike_R","Uppercut+1","Fire Breathing+1","Cleave+1","Feel No Pain+1","Fiend Fire","Flame Barrier+1","Intimidate+1","Intimidate","Havoc","Feel No Pain","Offering","Dark Embrace","Shrug It Off"],"relics":["Astrolabe","Dream Catcher","Mercury Hourglass","StoneCalendar","MawBank","Empty Cage","Shovel","War Paint"],"acts_visited":["Exordium","TheCity"],"potions_floor_usage":[25],"damage_taken":[{"damage":0.0,"enemies":"2 Louse","floor":1.0,"turns":2.0},{"damage":6.0,"enemies":"Jaw Worm","floor":3.0,"turns":3.0},{"damage":4.0,"enemies":"Cultist","floor":4.0,"turns":3.0},{"damage":15.0,"enemies":"3 Louse","floor":5.0,"turns":3.0},{"damage":14.0,"enemies":"3 Sentries","floor":7.0,"turns":6.0},{"damage":2.0,"enemies":"Large Slime","floor":10.0,"turns":6.0},{"damage":5.0,"enemies":"Lagavulin","floor":14.0,"turns":6.0},{"damage":20.0,"enemies":"Hexaghost","floor":16.0,"turns":8.0},{"damage":9.0,"enemies":"3 Byrds","floor":18.0,"turns":5.0},{"damage":14.0,"enemies":"Shell Parasite","floor":20.0,"turns":7.0},{"damage":27.0,"enemies":"Snecko","floor":22.0,"turns":5.0},{"damage":19.0,"enemies":"Book of Stabbing","floor":23.0,"turns":6.0},{"damage":24,"enemies":"Snake Plant","floor":25,"turns":5},{"damage":20,"enemies":"Slavers","floor":27,"turns":4}],"seed_played":"5808915715422517182","potions_obtained":[{"floor":1.0,"key":"Ancient Potion"},{"floor":5.0,"key":"DistilledChaos"},{"floor":10.0,"key":"ElixirPotion"},{"floor":16.0,"key":"BloodPotion"},{"floor":22.0,"key":"SkillPotion"},{"floor":23.0,"key":"BloodPotion"}],"is_trial":false,"path_per_floor":["M","$","M","M","M","R","E","R","T","M","?","?","$","E","R","B",null,"M","?","M","$","M","E","R","M","T","E"],"character_chosen":"IRONCLAD","items_purchased":[],"campfire_rested":3,"item_purchase_floors":[],"current_hp_per_floor":[72,72,66,62,47,71,57,57,57,55,37,37,37,32,56,36,69,60,52,38,38,27,8,32,24,24,4,4],"gold":280,"neow_bonus":"BOSS_RELIC","is_daily":false,"chose_seed":false,"campfire_upgraded":1,"win_rate":0.0,"timestamp":1608428223,"path_taken":["M","$","M","M","M","R","E","R","T","M","?","?","$","E","R","BOSS","M","?","M","?","M","E","R","M","T","E"],"items_purchased_type":[],"build_version":"2020-12-13","purchased_purges":3,"victory":false,"max_hp_per_floor":[80,80,80,80,80,80,80,80,80,80,80,80,80,80,80,80,80,80,80,80,80,80,80,80,80,80,80,80],"relic_stats":{"Dream Catcher":2,"Shovel":0,"counters":[14,68],"Astrolabe":["Uppercut","Fire Breathing","Cleave"],"StoneCalendar":[60],"War Paint":["Intimidate","Flame Barrier"],"MawBank":84,"obtain_stats":[{"Dream Catcher":7,"Shovel":23,"Astrolabe":0,"StoneCalendar":11,"War Paint":26,"MawBank":14,"Empty Cage":17,"Burning Blood":0,"Mercury Hourglass":9},{"Dream Catcher":5,"Shovel":12,"Astrolabe":0,"StoneCalendar":6,"War Paint":13,"MawBank":7,"Empty Cage":8,"Burning Blood":0,"Mercury Hourglass":5},{"Dream Catcher":17,"Shovel":59,"Astrolabe":0,"StoneCalendar":23,"War Paint":64,"MawBank":29,"Empty Cage":37,"Burning Blood":0,"Mercury Hourglass":17}],"Mercury Hourglass":[172]},"card_choices":[{"not_picked":["Inflame","Bloodletting"],"picked":"Feel No Pain","floor":1.0},{"not_picked":["Heavy Blade","Iron Wave","Headbutt"],"picked":"SKIP","floor":3.0},{"not_picked":["Anger","Flex"],"picked":"Fiend Fire","floor":4.0},{"not_picked":["Spot Weakness","Wild Strike"],"picked":"Flame Barrier","floor":5.0},{"not_picked":["Hemokinesis","Thunderclap"],"picked":"Intimidate","floor":7.0},{"not_picked":["Flame Barrier","Perfected Strike"],"picked":"Intimidate","floor":10.0},{"not_picked":["Clothesline","Shockwave"],"picked":"Feel No Pain","floor":14.0},{"not_picked":["Brutality","Exhume"],"picked":"Offering","floor":16.0},{"not_picked":["Rampage+1","Iron Wave"],"picked":"Dark Embrace","floor":18.0},{"not_picked":["Perfected Strike","Combust","Dark Embrace"],"picked":"SKIP","floor":20.0},{"not_picked":["Heavy Blade","Sword Boomerang","Anger"],"picked":"SKIP","floor":22.0},{"not_picked":["Bloodletting","Clothesline"],"picked":"Shrug It Off","floor":23.0},{"not_picked":["Hemokinesis","Perfected Strike+1","Sword Boomerang"],"picked":"SKIP","floor":25}],"player_experience":624761,"relics_obtained":[{"floor":7.0,"key":"Dream Catcher"},{"floor":9.0,"key":"Mercury Hourglass"},{"floor":14.0,"key":"MawBank"},{"floor":23.0,"key":"Shovel"},{"floor":26,"key":"War Paint"}],"event_choices":[{"damage_healed":0.0,"max_hp_gain":0.0,"max_hp_loss":0.0,"gold_gain":0.0,"event_name":"Scrap Ooze","player_choice":"Success","floor":11.0,"gold_loss":0.0,"damage_taken":18.0,"relics_obtained":["StoneCalendar"]},{"damage_healed":0.0,"max_hp_gain":0.0,"max_hp_loss":0.0,"gold_gain":0.0,"cards_transformed":["Strike_R"],"event_name":"Living Wall","player_choice":"Change","floor":12.0,"gold_loss":0.0,"damage_taken":0.0,"cards_obtained":["Havoc"]},{"damage_healed":0.0,"max_hp_gain":0.0,"max_hp_loss":0.0,"gold_gain":75.0,"event_name":"FaceTrader","player_choice":"Touch","floor":19.0,"gold_loss":0.0,"damage_taken":8.0}],"is_beta":false,"boss_relics":[{"not_picked":["Coffee Dripper","Fusion Hammer"],"picked":"Empty Cage"}],"items_purged_floors":[2,13,21],"is_endless":false,"potions_floor_spawned":[1,5,10,16,22,23],"killed_by":"Slavers","ascension_level":13}}