{"host":"n4oa921u88t6jog9","time":1608432897,"event":{"mods":["AchievementEnabler","BaseMod","DeckTracker","Keyboard Shortcuts","Minty Spire (QoL Compilation)","Quick Restart","StSLib","SuperFastMode"],"gold_per_floor":[11,22,36,51,65,65,83,83,135,169,194,194,145,166,166,166,166],"floor_reached":16,"playtime":660,"items_purged":[],"score":163,"play_id":"d8805659-1306-4809-b843-430e83f1ed0d","local_time":"20201220115457","is_ascension_mode":true,"campfire_choices":[{"data":"Armaments","floor":6,"key":"SMITH"},{"floor":15,"key":"REST"}],"circlet_count":0,"master_deck":["AscendersBane","Strike_R","Strike_R","Strike_R","Strike_R","Strike_R","Defend_R","Defend_R","Defend_R","Bash","Offering","Power Through","Evolve","Power Through","Armaments+1","Battle Trance","Seeing Red","Shrug It Off","Shrug It Off"],"relics":["Burning Blood","CeramicFish","Odd Mushroom","Ginger"],"acts_visited":["Exordium"],"potions_floor_usage":[16],"damage_taken":[{"damage":13,"enemies":"2 Louse","floor":1,"turns":2},{"damage":9,"enemies":"Small Slimes","floor":2,"turns":4},{"damage":13,"enemies":"Jaw Worm","floor":3,"turns":5},{"damage":17,"enemies":"3 Louse","floor":4,"turns":5},{"damage":9,"enemies":"Blue Slaver","floor":5,"turns":6},{"damage":19,"enemies":"Large Slime","floor":7,"turns":6},{"damage":6,"enemies":"The Mushroom Lair","floor":10,"turns":6},{"damage":6,"enemies":"Red Slaver","floor":11,"turns":2},{"damage":8,"enemies":"Exordium Wildlife","floor":14,"turns":9},{"damage":32,"enemies":"Slime Boss","floor":16,"turns":10}],"seed_played":"6799447121954535539","potions_obtained":[{"floor":1,"key":"Dexterity Potion"},{"floor":3,"key":"SneckoOil"},{"floor":7,"key":"Swift Potion"},{"floor":14,"key":"Fire Potion"}],"is_trial":false,"path_per_floor":["M","M","M","M","M","R","M","?","T","?","M","?","?","M","R","B"],"character_chosen":"IRONCLAD","items_purchased":[],"campfire_rested":1,"item_purchase_floors":[],"current_hp_per_floor":[61,58,51,40,37,37,24,17,17,17,17,10,10,8,30,0,0],"gold":166,"neow_bonus":"THREE_RARE_CARDS","is_daily":false,"chose_seed":false,"campfire_upgraded":1,"win_rate":0.0,"timestamp":1608432897,"path_taken":["M","M","M","M","M","R","M","?","T","?","M","?","?","M","R","BOSS"],"items_purchased_type":[],"build_version":"2020-12-13","purchased_purges":0,"victory":false,"max_hp_per_floor":[75,75,75,75,75,75,75,75,75,75,75,75,75,75,75,75,75],"card_choices":[{"not_picked":["Barricade","Reaper"],"picked":"Offering","floor":0},{"not_picked":["Second Wind","Whirlwind"],"picked":"Power Through","floor":1},{"not_picked":["Shrug It Off","Havoc"],"picked":"Evolve","floor":2},{"not_picked":["Thunderclap","Havoc","Warcry"],"picked":"SKIP","floor":3},{"not_picked":["Perfected Strike","Flex"],"picked":"Power Through","floor":4},{"not_picked":["Infernal Blade","Searing Blow"],"picked":"Armaments","floor":5},{"not_picked":["Headbutt","Thunderclap"],"picked":"Battle Trance","floor":7},{"not_picked":["Sever Soul","Reckless Charge"],"picked":"Seeing Red","floor":10},{"not_picked":["Ghostly Armor","True Grit"],"picked":"Shrug It Off","floor":11},{"not_picked":["True Grit","Searing Blow"],"picked":"Shrug It Off","floor":14}],"player_experience":351820,"relics_obtained":[{"floor":9,"key":"CeramicFish"},{"floor":10,"key":"Odd Mushroom"}],"event_choices":[{"cards_removed":["Defend_R"],"damage_healed":0,"gold_gain":0,"player_choice":"Card Removal","damage_taken":7,"max_hp_gain":0,"max_hp_loss":0,"event_name":"Golden Wing","floor":8,"gold_loss":0},{"damage_healed":0,"gold_gain":0,"player_choice":"Fought Mushrooms","damage_taken":0,"max_hp_gain":0,"max_hp_loss":0,"event_name":"Mushrooms","floor":10,"gold_loss":0},{"damage_healed":0,"gold_gain":0,"player_choice":"Success","damage_taken":7,"relics_obtained":["Ginger"],"max_hp_gain":0,"max_hp_loss":0,"event_name":"Scrap Ooze","floor":12,"gold_loss":0},{"damage_healed":0,"gold_gain":0,"player_choice":"Left Gold","damage_taken":0,"max_hp_gain":0,"max_hp_loss":0,"event_name":"World of Goop","floor":13,"gold_loss":49}],"is_beta":false,"boss_relics":[],"items_purged_floors":[],"is_endless":false,"potions_floor_spawned":[1,3,7,11,14],"killed_by":"Slime Boss","ascension_level":14}}