{"host":"vb6wt0mawj2xz8v4","time":1608497521,"event":{"mods":["AchievementEnabler","Aspiration","BaseMod","Hermit","Highlight Path","Hubris","Jorbs\u0027s Wanderer Trilogy","Minty Spire (QoL Compilation)","Quick Restart","Replay The Spire","Shop Mod","StSLib","SuperFastMode","The Cursed","The Disciple","The Hierophant","The Jungle"],"gold_per_floor":[119,69,87,87,362,387,387,421,421,6,23,38,53,53,53,155,155,168,168,33,153,173,173,191,217,217,217,237,90,108,120,120,217,217,230,230,247,151,163,163,180,180,207,55,108,147,212,240,240,248,248],"floor_reached":50,"playtime":3631,"items_purged":["Regret"],"score":629,"play_id":"b8d2c645-bcdb-452f-9fb2-14753cfe254e","local_time":"20201220155201","is_ascension_mode":false,"campfire_choices":[{"data":"TheCursedMod:SoulCrush","floor":7,"key":"SMITH"},{"data":"TheCursedMod:SmokeScreen","floor":15,"key":"SMITH"},{"data":"TheCursedMod:TacticalStrike","floor":23,"key":"SMITH"},{"data":"Neutralize","floor":32,"key":"SMITH"},{"data":"Skewer","floor":40,"key":"SMITH"},{"data":"aspiration:Lunge","floor":42,"key":"SMITH"},{"data":"TheCursedMod:CleanUpWorkshop","floor":49,"key":"SMITH"}],"circlet_count":0,"master_deck":["TheCursedMod:Strike_TheCursed","TheCursedMod:Defend_TheCursed","TheCursedMod:Defend_TheCursed","TheCursedMod:Defend_TheCursed","TheCursedMod:CursedWand","TheCursedMod:CleanUpWorkshop+1","TheCursedMod:Dregs","TheCursedMod:AshesToAshes","CutThroughFate","TheCursedMod:SoulCrush+1","TheCursedMod:TacticalStrike+1","TheCursedMod:CircleOfBlood+1","TheCursedMod:SmokeScreen+1","ThirdEye","TheCursedMod:CircleOfBlood+1","Injury","Adrenaline+1","TheCursedMod:BlessingInDisguise+1","TheCursedMod:CursedSpellbook+1","TheCursedMod:LuckyCharm","TheCursedMod:CursedArmor+1","Skewer+1","aspiration:Lunge+1","Neutralize+1","TheCursedMod:RapidMovement+1","TheCursedMod:CircleOfFlame+1","TheCursedMod:WearCloak+1","TheCursedMod:Neurasthenia+1","TheCursedMod:SpitefulStrike+1","hubris:Insight+1","Pot Of Greed+1","Pot Of Greed+1","Pot Of Greed+1","TheCursedMod:CursedBlade","TheCursedMod:CursedAmulet+1","TheCursedMod:Wield+1"],"relics":["TheCursedMod:BlackMagic101","aspiration:Nostalgia","Replay:M_StaffOfTheSnake","Replay:WaspNest","aspiration:HummingbirdHeart","Shuriken","PreservedInsect","Letter Opener","Toxic Egg 2","TheCursedMod:OminousMark","theJungle:Flamango","hubris:TenFootPole","Pear","Oddly Smooth Stone","Replay:Bandana","Grinning Jar","MealTicket","Ice Cream"],"acts_visited":["Exordium","Exordium","TheBeyond"],"potions_floor_usage":[6,12,16,16,33,50,50,50,50,50],"damage_taken":[{"damage":0,"enemies":"2 Louse","floor":1,"turns":4},{"damage":1,"enemies":"Jaw Worm","floor":3,"turns":5},{"damage":33,"enemies":"Lagavulin","floor":6,"turns":6},{"damage":17,"enemies":"3 Sentries","floor":8,"turns":7},{"damage":0,"enemies":"Cultist","floor":11,"turns":3},{"damage":8,"enemies":"Large Slime","floor":12,"turns":4},{"damage":0,"enemies":"Blue Slaver","floor":13,"turns":3},{"damage":27,"enemies":"Fading Forest","floor":16,"turns":11},{"damage":2,"enemies":"theJungle:Flameango_and_Byrd","floor":18,"turns":4},{"damage":0,"enemies":"theJungle:MUSHROOMGANG","floor":22,"turns":5},{"damage":12,"enemies":"theJungle:2_Flameangoes","floor":24,"turns":5},{"damage":15,"enemies":"theJungle:MamaSnecko","floor":25,"turns":4},{"damage":0,"enemies":"theJungle:Lyon","floor":28,"turns":5},{"damage":1,"enemies":"theJungle:Snecko_Cultist_And_Trap","floor":30,"turns":4},{"damage":0,"enemies":"theJungle:2_Snecko_Cultists","floor":31,"turns":4},{"damage":15,"enemies":"theJungle:QueenSpyder","floor":33,"turns":13},{"damage":0,"enemies":"3 Darklings","floor":35,"turns":3},{"damage":2,"enemies":"Orb Walker","floor":37,"turns":4},{"damage":0,"enemies":"4 Shapes","floor":39,"turns":4},{"damage":5,"enemies":"3 Darklings","floor":41,"turns":9},{"damage":0,"enemies":"Giant Head","floor":45,"turns":6},{"damage":0,"enemies":"Sphere and 2 Shapes","floor":46,"turns":2},{"damage":13,"enemies":"2 Orb Walkers","floor":47,"turns":4},{"damage":1,"enemies":"4 Shapes","floor":48,"turns":1},{"damage":105,"enemies":"hubris:GrandSnecko","floor":50,"turns":9}],"seed_played":"7028118702092387144","potions_obtained":[{"floor":1,"key":"Strength Potion"},{"floor":6,"key":"AttackPotion"},{"floor":11,"key":"EssenceOfSteel"},{"floor":12,"key":"DistilledChaos"},{"floor":16,"key":"Dexterity Potion"},{"floor":22,"key":"Elixir"},{"floor":30,"key":"Elixir"},{"floor":35,"key":"EntropicBrew"},{"floor":41,"key":"Strength Potion"},{"floor":48,"key":"Explosive Potion"}],"is_trial":false,"path_per_floor":["M","?","M","?","?","E","R","E","T","$","M","M","M","?","R","B",null,"M","?","?","?","M","R","M","E","T","?","M","$","M","M","R","B",null,"M","?","M","$","M","R","M","R","T","$","E","M","?","M","R","B"],"character_chosen":"THE_CURSED","items_purchased":["TheCursedMod:CircleOfBlood+1","TheCursedMod:SmokeScreen","Letter Opener","Oddly Smooth Stone","hubris:Insight+1","Grinning Jar"],"campfire_rested":0,"item_purchase_floors":[10,10,10,29,38,44],"current_hp_per_floor":[75,75,74,67,67,34,34,17,17,17,17,25,43,43,43,44,75,75,75,75,64,75,75,63,60,70,70,85,85,84,85,85,70,85,85,85,85,85,85,85,85,85,85,85,85,85,72,79,79,0,0],"gold":248,"neow_bonus":"NOSTALGIA","is_daily":false,"chose_seed":false,"campfire_upgraded":7,"win_rate":0.0,"timestamp":1608497521,"path_taken":["M","?","M","?","?","E","R","E","T","$","?","M","M","?","R","BOSS","M","?","?","?","M","R","M","E","T","?","M","$","M","M","R","BOSS","M","?","M","$","?","R","M","R","T","$","E","M","?","M","R","BOSS"],"items_purchased_type":["Card","Card","Relic","Relic","Card","Relic"],"build_version":"2020-12-13","purchased_purges":1,"victory":false,"max_hp_per_floor":[75,75,75,75,75,75,75,75,75,75,75,75,75,75,75,75,75,75,75,75,75,75,75,75,75,85,85,85,85,85,85,85,85,85,85,85,85,85,85,85,85,85,85,85,85,85,85,85,85,85,85],"card_choices":[{"not_picked":["Weave","TheCursedMod:DoubleShield"],"picked":"TheCursedMod:AshesToAshes","floor":1},{"not_picked":["JustLucky","TheCursedMod:Torture"],"picked":"CutThroughFate","floor":3},{"not_picked":["TheCursedMod:TroublousMinions","TheCursedMod:Hemoplague"],"picked":"TheCursedMod:SoulCrush","floor":6},{"not_picked":["TheCursedMod:ManaBullet","Outmaneuver"],"picked":"TheCursedMod:TacticalStrike","floor":8},{"not_picked":["TheCursedMod:CircleOfCorruption","TheCursedMod:StingEye"],"picked":"ThirdEye","floor":11},{"not_picked":["TheCursedMod:Hemoplague","Crescendo"],"picked":"TheCursedMod:CircleOfBlood","floor":12},{"not_picked":["TheCursedMod:HellfireBreathing","TheCursedMod:Obscuration","JustLucky"],"picked":"SKIP","floor":13},{"not_picked":["TheCursedMod:DarkBarrier+1","TheCursedMod:CursedRelics"],"picked":"Adrenaline+1","floor":16},{"not_picked":["TheCursedMod:DoubleShield+1","TheCursedMod:Mangle"],"picked":"TheCursedMod:BlessingInDisguise+1","floor":18},{"not_picked":["TheCursedMod:SmokeScreen+1","TheCursedMod:Hemoplague+1"],"picked":"TheCursedMod:CursedSpellbook+1","floor":22},{"not_picked":["TheCursedMod:RavingStaff","TheCursedMod:SpitefulStrike+1"],"picked":"TheCursedMod:LuckyCharm","floor":24},{"not_picked":["TheCursedMod:EmpowerCircles","TheCursedMod:FleshFromBone+1"],"picked":"TheCursedMod:CursedArmor+1","floor":25},{"not_picked":["TheCursedMod:Stigma","TheCursedMod:FleshFromBone+1"],"picked":"TheCursedMod:RapidMovement+1","floor":28},{"not_picked":["TheCursedMod:CircleOfCorruption+1","TheCursedMod:RapidMovement+1"],"picked":"TheCursedMod:CircleOfFlame+1","floor":30},{"not_picked":["TheCursedMod:TacticalStrike","TheCursedMod:FuryStrike"],"picked":"TheCursedMod:WearCloak+1","floor":31},{"not_picked":["TheCursedMod:CursedRelics","TheCursedMod:ShockAndAwe"],"picked":"TheCursedMod:Neurasthenia+1","floor":33},{"not_picked":["TheCursedMod:Torture+1","TheCursedMod:Stretching+1"],"picked":"TheCursedMod:SpitefulStrike+1","floor":35},{"not_picked":["TheCursedMod:HellsGateOpen","TheCursedMod:CursedMace","TheCursedMod:TroublousMinions+1"],"picked":"SKIP","floor":37},{"not_picked":["TheCursedMod:CursedMace+1","TheCursedMod:CursedArmor+1","TheCursedMod:ReleasedKnowledge+1"],"picked":"SKIP","floor":39},{"not_picked":["TheCursedMod:Stigma","TheCursedMod:BloodBarrier+1","TheCursedMod:Torture+1"],"picked":"SKIP","floor":41},{"not_picked":["TheCursedMod:ManaBullet+1","TheCursedMod:BloodBarrier+1"],"picked":"TheCursedMod:CursedBlade","floor":45},{"not_picked":["TheCursedMod:OutForBlood","TheCursedMod:Torture+1"],"picked":"TheCursedMod:CursedAmulet+1","floor":46},{"not_picked":["TheCursedMod:WearCloak+1","TheCursedMod:RavingStaff"],"picked":"TheCursedMod:Wield+1","floor":47},{"not_picked":["TheCursedMod:CircleOfFocus+1","TheCursedMod:PrepareRite+1","TheCursedMod:SpitefulStrike"],"picked":"SKIP","floor":48}],"player_experience":443309,"relics_obtained":[{"floor":6,"key":"aspiration:HummingbirdHeart"},{"floor":8,"key":"Shuriken"},{"floor":9,"key":"PreservedInsect"},{"floor":25,"key":"hubris:TenFootPole"},{"floor":26,"key":"Pear"},{"floor":43,"key":"Replay:Bandana"},{"floor":45,"key":"MealTicket"},{"floor":47,"key":"Ice Cream"}],"event_choices":[{"cards_removed":["TheCursedMod:Defend_TheCursed"],"damage_healed":0,"gold_gain":0,"player_choice":"Card Removal","damage_taken":0,"max_hp_gain":0,"max_hp_loss":0,"event_name":"The Cleric","floor":2,"gold_loss":50},{"damage_healed":0,"gold_gain":0,"player_choice":"Success","damage_taken":7,"relics_obtained":["Replay:WaspNest"],"max_hp_gain":0,"max_hp_loss":0,"event_name":"Scrap Ooze","floor":4,"gold_loss":0},{"damage_healed":0,"gold_gain":275,"player_choice":"Desecrate","damage_taken":0,"max_hp_gain":0,"max_hp_loss":0,"event_name":"Golden Shrine","floor":5,"gold_loss":0,"cards_obtained":["Regret"]},{"damage_healed":0,"gold_gain":0,"player_choice":"Bought 0 Potions","damage_taken":0,"max_hp_gain":0,"max_hp_loss":0,"event_name":"The Woman in Blue","floor":36,"gold_loss":0},{"damage_healed":0,"gold_gain":0,"player_choice":"Fight","damage_taken":0,"max_hp_gain":0,"max_hp_loss":0,"event_name":"Mysterious Sphere","floor":47,"gold_loss":0}],"is_beta":false,"boss_relics":[{"not_picked":["Runic Pyramid","Honey Jar"],"picked":"TheCursedMod:OminousMark"},{"not_picked":["Replay:Fungal Core","Coffee Dripper","ChewingGum"]}],"items_purged_floors":[10],"is_endless":false,"potions_floor_spawned":[1,6,11,12,16,22,30,31,35,37,41,48],"killed_by":"hubris:GrandSnecko","ascension_level":0}}