{"host":"t6j3b2be3h8sm33f","time":1608459046,"event":{"mods":["BaseMod","Better Match","Better Skull","Colored Map","Colored Powertips","Downfall","Highlight Path","Infinite Spire","Jedi Mod","Minty Spire (QoL Compilation)","Quick Restart","Rare Cards Sparkle","Replay The Spire","StSLib","The Cursed"],"gold_per_floor":[99,113,113,138,55,55,107,32,32,60,60,85,109,109,132,144,144],"floor_reached":16,"playtime":1065,"items_purged":[],"score":133,"play_id":"bb59e7c1-8b6d-4bdf-992a-4de77e731192","local_time":"20201220051046","is_ascension_mode":false,"campfire_choices":[{"floor":1,"key":"RECALL"},{"data":"hexamod:HeatShield","floor":8,"key":"SMITH"}],"circlet_count":0,"master_deck":["hexamod:Strike","hexamod:Strike","hexamod:Strike","hexamod:Defend","hexamod:Defend","hexamod:Defend","hexamod:Defend","hexamod:Sear","hexamod:Float","hexamod:RainOfEmbers","hexamod:TimeOfNeed","hexamod:RainOfEmbers","hexamod:HeatShield+1","Guardian:PolyBeam","hexamod:BacktrackSmack","Vault","hexamod:EtherealExpedition"],"relics":["hexamod:SpiritBrand","ReplayTheSpireMod:Shallot","Meat on the Bone","downfall:HeartBlessingBlue","PrismaticShard","Replay:Bandana","Question Card"],"acts_visited":["Exordium"],"potions_floor_usage":[16],"damage_taken":[{"damage":4,"enemies":"2 Louse","floor":2,"turns":4},{"damage":32,"enemies":"3 Sentries","floor":4,"turns":10},{"damage":2,"enemies":"downfall:FleeingMerchant","floor":5,"turns":4},{"damage":20,"enemies":"Lagavulin","floor":10,"turns":6},{"damage":0,"enemies":"Small Slimes","floor":12,"turns":3},{"damage":0,"enemies":"Jaw Worm","floor":13,"turns":3},{"damage":7,"enemies":"Blue Slaver","floor":15,"turns":3},{"damage":54,"enemies":"downfall:Watcher","floor":16,"turns":21}],"seed_played":"2088522357285979978","potions_obtained":[{"floor":4,"key":"LifebloodPotion"},{"floor":12,"key":"Elixir"}],"is_trial":false,"path_per_floor":["R_BF","M","?","E","$","?","T","R","?","E","T","M","M","?","M","B"],"character_chosen":"THE_SPIRIT","items_purchased":["hexamod:HeatShield"],"campfire_rested":0,"item_purchase_floors":[5],"current_hp_per_floor":[77,73,73,41,39,39,39,49,49,41,41,53,53,53,46,0,0],"gold":144,"neow_bonus":"TEN_PERCENT_HP_BONUS","is_daily":false,"chose_seed":false,"campfire_upgraded":1,"win_rate":0.0,"timestamp":1608459046,"path_taken":["R_BF","M","?","E","$","?","T","R","?","E","?","M","?","?","M","BOSS"],"items_purchased_type":["Card"],"build_version":"2020-12-13","purchased_purges":0,"victory":false,"max_hp_per_floor":[77,77,77,77,77,77,77,87,87,87,87,87,87,87,87,87,87],"card_choices":[{"not_picked":["hexamod:SpectersWail","hexamod:NightmareStrike"],"picked":"hexamod:RainOfEmbers","floor":2},{"not_picked":["hexamod:NightmareGuise","hexamod:StepThrough"],"picked":"hexamod:TimeOfNeed","floor":4},{"not_picked":["hexamod:Hexaguard","hexamod:Rewind"],"picked":"hexamod:RainOfEmbers","floor":5},{"not_picked":["Guardian:Gem_Red","Swift Strike"],"picked":"Guardian:PolyBeam","floor":10},{"not_picked":["expansioncontent:PolyBeam","Slimebound:FinishingTackle","champ:GutPunch"],"picked":"hexamod:BacktrackSmack","floor":12},{"not_picked":["CrushJoints","EmptyBody","Ball Lightning"],"picked":"Vault","floor":13},{"not_picked":["WaveOfTheHand","TheCursedMod:StingEye","champ:FaceSlap"],"picked":"hexamod:EtherealExpedition","floor":15}],"player_experience":53150,"relics_obtained":[{"floor":4,"key":"ReplayTheSpireMod:Shallot"},{"floor":6,"key":"Meat on the Bone"},{"floor":10,"key":"Replay:Bandana"},{"floor":11,"key":"Question Card"}],"event_choices":[{"cards_removed":["Shame"],"damage_healed":0,"gold_gain":0,"player_choice":"Card Removal","damage_taken":0,"max_hp_gain":0,"max_hp_loss":0,"event_name":"The Cleric","floor":14,"gold_loss":0}],"is_beta":false,"boss_relics":[],"items_purged_floors":[],"is_endless":false,"potions_floor_spawned":[4,12],"killed_by":"downfall:Watcher","ascension_level":0}}