{"host":"y89x8uui45kcjy42","time":1608447587,"event":{"mods":["2.2 Compatiblity","BaseMod","CapriCore","Colored Map","Colored Powertips","Custom Start","Friendly Minions","Highlight Path","Keyboard Shortcuts","Minty Spire (QoL Compilation)","Relic Stats","Slay the Relics Exporter","StSLib","SuperFastMode","Waifu the Spire"],"gold_per_floor":[110,35,35,35,48,48,59,59,106,106,121,121,154,167,167,243,243,260,260,270,270,270],"floor_reached":21,"playtime":496,"items_purged":[],"score":358,"play_id":"d394b619-83d7-406e-bb8f-f1f459b7df41","local_time":"20201220155947","is_ascension_mode":true,"campfire_choices":[{"data":"Dualcast","floor":6,"key":"SMITH"},{"data":"Beam Cell","floor":8,"key":"SMITH"},{"data":"Hologram","floor":10,"key":"SMITH"},{"data":"FTL","floor":12,"key":"SMITH"},{"data":"Leap","floor":15,"key":"SMITH"}],"circlet_count":0,"master_deck":["AscendersBane","Zap+1","Dualcast+1","All For One+1","Hologram+1","Beam Cell+1","FTL+1","Double Energy","Leap+1","All For One","BootSequence","Double Energy","Fission","Beam Cell","Seek","Writhe","Go for the Eyes"],"relics":["Cracked Core","Whetstone","Peace Pipe","Pandora\u0027s Box","Bag of Preparation"],"acts_visited":["Exordium","TheCity"],"potions_floor_usage":[16,16],"damage_taken":[{"damage":8,"enemies":"Cultist","floor":1,"turns":3},{"damage":7,"enemies":"Jaw Worm","floor":5,"turns":2},{"damage":6,"enemies":"2 Louse","floor":7,"turns":3},{"damage":0,"enemies":"Blue Slaver","floor":11,"turns":2},{"damage":10,"enemies":"3 Sentries","floor":13,"turns":6},{"damage":0,"enemies":"Exordium Thugs","floor":14,"turns":3},{"damage":16,"enemies":"The Guardian","floor":16,"turns":8},{"damage":26,"enemies":"Shell Parasite","floor":18,"turns":4},{"damage":0,"enemies":"Spheric Guardian","floor":20,"turns":2},{"damage":52,"enemies":"Snecko","floor":21,"turns":5}],"seed_played":"-4965807536839392556","potions_obtained":[{"floor":1,"key":"Strength Potion"},{"floor":13,"key":"GamblersBrew"},{"floor":20,"key":"EssenceOfDarkness"}],"is_trial":false,"path_per_floor":["M","?","?","?","M","R","M","R","T","R","M","R","E","M","R","B",null,"M","?","M","M"],"character_chosen":"DEFECT","items_purchased":[],"campfire_rested":0,"item_purchase_floors":[],"current_hp_per_floor":[56,56,49,49,42,42,36,36,36,36,36,36,26,26,26,10,56,30,30,30,0,0],"gold":270,"neow_bonus":"TRANSFORM_TWO_CARDS","is_daily":false,"chose_seed":false,"campfire_upgraded":5,"win_rate":0.0,"timestamp":1608447587,"path_taken":["M","?","?","?","M","R","M","R","T","R","M","R","E","M","R","BOSS","M","?","M","M"],"items_purchased_type":[],"build_version":"2020-12-13","purchased_purges":0,"victory":false,"max_hp_per_floor":[71,71,71,71,71,71,71,71,71,71,71,71,71,71,71,71,71,71,71,71,71,71],"relic_stats":{"Peace Pipe":0,"counters":[10,38],"Pandora\u0027s Box":["BootSequence","Double Energy","Fission","Beam Cell","Seek"],"Bag of Preparation":[4],"Whetstone":["All For One","Strike_B"],"obtain_stats":[{"Peace Pipe":13,"Pandora\u0027s Box":17,"Bag of Preparation":19,"Whetstone":9,"Cracked Core":0},{"Peace Pipe":5,"Pandora\u0027s Box":7,"Bag of Preparation":8,"Whetstone":3,"Cracked Core":0},{"Peace Pipe":16,"Pandora\u0027s Box":27,"Bag of Preparation":31,"Whetstone":8,"Cracked Core":0}]},"card_choices":[{"not_picked":["Turbo","Steam","Redo"],"picked":"SKIP","floor":1},{"not_picked":["Leap","Rebound","Stack"],"picked":"SKIP","floor":5},{"not_picked":["Cold Snap","Biased Cognition"],"picked":"Beam Cell","floor":7},{"not_picked":["Sweeping Beam","Double Energy"],"picked":"FTL","floor":11},{"not_picked":["Amplify","Self Repair"],"picked":"Double Energy","floor":13},{"not_picked":["Heatsinks","Fusion"],"picked":"Leap","floor":14},{"not_picked":["Meteor Strike","Amplify"],"picked":"All For One","floor":16},{"not_picked":["Compile Driver","Blizzard","Turbo"],"picked":"SKIP","floor":18},{"not_picked":["Streamline+1","Force Field"],"picked":"Go for the Eyes","floor":20}],"player_experience":507847,"relics_obtained":[{"floor":9,"key":"Whetstone"},{"floor":13,"key":"Peace Pipe"}],"event_choices":[{"cards_removed":["Decay"],"damage_healed":0,"gold_gain":0,"player_choice":"Card Removal","damage_taken":0,"max_hp_gain":0,"max_hp_loss":0,"event_name":"The Cleric","floor":2,"gold_loss":75},{"cards_removed":["Strike_B"],"damage_healed":0,"gold_gain":0,"player_choice":"Card Removal","damage_taken":7,"max_hp_gain":0,"max_hp_loss":0,"event_name":"Golden Wing","floor":3,"gold_loss":0},{"damage_healed":0,"gold_gain":0,"player_choice":"Grow","damage_taken":0,"max_hp_gain":0,"max_hp_loss":0,"event_name":"Living Wall","floor":4,"gold_loss":0,"cards_upgraded":["Zap"]},{"damage_healed":0,"gold_gain":0,"player_choice":"Opened","damage_taken":0,"relics_obtained":["Bag of Preparation"],"max_hp_gain":0,"max_hp_loss":0,"event_name":"The Mausoleum","floor":19,"gold_loss":0,"cards_obtained":["Writhe"]}],"is_beta":false,"boss_relics":[{"not_picked":["Busted Crown","Coffee Dripper"],"picked":"Pandora\u0027s Box"}],"items_purged_floors":[],"is_endless":false,"potions_floor_spawned":[1,13,20],"killed_by":"Snecko","ascension_level":20}}