{"host":"gxmig9bwvxt5mpcx","time":1608508243,"event":{"mods":["AchievementEnabler","Bard","BaseMod","Beaked The Cultist","Better Match","Better Note","Better Sensory Stone","Better Skull","Block Reminder","CatGirl Mod","Colored Powertips","Conspire","Dio Mod","Downfall","Energized Spire","Friendly Minions","Hermit","Highlight Path","Hubris","Minty Spire (QoL Compilation)","Permanent Neow","Replay The Spire","StSLib","The Cursed","The Jungle","The Mystic","The Runesmith","The Servant 0.9.4","The Spell Scribe","TheArtist","TheBandit","TheVacant","Uncapped","vexMod"],"gold_per_floor":[149,149,159,159,192,192,216,234,234,234,234],"floor_reached":10,"playtime":583,"items_purged":[],"score":64,"play_id":"06085c3a-57c4-4ba2-b6d9-ec85d5735a2b","local_time":"20201220185043","is_ascension_mode":false,"campfire_choices":[{"floor":1.0,"key":"DIG"},{"floor":4.0,"key":"RECALL"},{"data":"hexamod:Sear","floor":6.0,"key":"SMITH"},{"data":"hexamod:EtherealExpedition","floor":9,"key":"SMITH"}],"circlet_count":0,"master_deck":["hexamod:Strike","hexamod:Strike","hexamod:Strike+1","hexamod:Strike","hexamod:Defend","hexamod:Defend","hexamod:Defend","hexamod:Defend","hexamod:Sear+1","hexamod:Float","hexamod:SecondSeal","hexamod:GhostflameBarrier","hexamod:EtherealExpedition+1"],"relics":["Tiny House","Lantern","Frozen Egg 2"],"acts_visited":["Exordium"],"potions_floor_usage":[10],"damage_taken":[{"damage":0.0,"enemies":"Jaw Worm","floor":3.0,"turns":1.0},{"damage":43.0,"enemies":"Gremlin Nob","floor":5.0,"turns":5.0},{"damage":0.0,"enemies":"Cultist","floor":8.0,"turns":3.0},{"damage":36,"enemies":"Lagavulin","floor":10,"turns":6}],"seed_played":"-3034299507891528768","potions_obtained":[{"floor":0.0,"key":"hexamod:EctoCoolerPotion"},{"floor":8.0,"key":"Energy Potion"}],"is_trial":false,"path_per_floor":["R","?","M","R","E","R","T","M","R","E"],"character_chosen":"THE_SPIRIT","items_purchased":[],"campfire_rested":0,"item_purchase_floors":[],"current_hp_per_floor":[75,75,75,75,32,32,32,32,32,0,0],"gold":234,"neow_bonus":"BOSS_RELIC","is_daily":false,"chose_seed":false,"campfire_upgraded":2,"win_rate":0.0,"timestamp":1608508243,"path_taken":["R","?","M","R","E","R","T","M","R","E"],"items_purchased_type":[],"build_version":"2020-12-13","purchased_purges":0,"victory":false,"max_hp_per_floor":[75,75,75,75,75,75,75,75,75,75,75],"card_choices":[{"not_picked":["hexamod:BacktrackSmack","hexamod:Haunt"],"picked":"hexamod:SecondSeal","floor":0.0},{"not_picked":["hexamod:Firestarter","hexamod:SwordOfDarkness","hexamod:ExtraCrispy"],"picked":"SKIP","floor":3.0},{"not_picked":["hexamod:SecondSeal","hexamod:SpectralAdrenaline"],"picked":"hexamod:GhostflameBarrier","floor":5.0},{"not_picked":["hexamod:Firestarter","hexamod:SpectralAdrenaline"],"picked":"hexamod:EtherealExpedition","floor":8.0}],"player_experience":27696,"relics_obtained":[{"floor":1.0,"key":"Lantern"},{"floor":5.0,"key":"Frozen Egg 2"}],"event_choices":[{"damage_healed":0.0,"max_hp_gain":0.0,"max_hp_loss":0.0,"gold_gain":0.0,"event_name":"Purifier","player_choice":"Ignored","floor":2.0,"gold_loss":0.0,"damage_taken":0.0}],"is_beta":false,"boss_relics":[],"items_purged_floors":[],"is_endless":false,"potions_floor_spawned":[8],"killed_by":"Lagavulin","ascension_level":0}}