{"host":"ny0ruk04d4jvzm3a","time":1608429398,"event":{"mods":["BaseMod","Better Match","Better Sensory Stone","Better Skull","BetterRewards","Colored Map","Colored Powertips","GifTheSpireLib","Hermit","Minty Spire (QoL Compilation)","Quick Restart","Relic Stats","StSLib","Transform Curses"],"gold_per_floor":[111,111,111,36,36,75,0,35,58,58,78,116,116,391,391,391,391],"floor_reached":16,"playtime":610,"items_purged":["Injury"],"score":164,"play_id":"47ee6f27-5612-4a58-9a4e-7d2d366ecc59","local_time":"20201219205638","is_ascension_mode":false,"campfire_choices":[{"data":"Pray","floor":10,"key":"SMITH"},{"floor":15,"key":"REST"}],"circlet_count":0,"master_deck":["Strike_P","Strike_P+1","Strike_P","Strike_P","Defend_P","Defend_P","Defend_P","Defend_P","Eruption","Vigilance","ThirdEye+1","Worship","Pray+1","PathToVictory","Swivel","Regret"],"relics":["PureWater","NeowsBlessing","Golden Idol","Boot","Letter Opener","Bag of Marbles","Potion Belt","TungstenRod","Question Card"],"acts_visited":["Exordium"],"potions_floor_usage":[12,16],"damage_taken":[{"damage":0,"enemies":"Small Slimes","floor":1,"turns":1},{"damage":0,"enemies":"Gremlin Nob","floor":6,"turns":2},{"damage":0,"enemies":"3 Sentries","floor":8,"turns":1},{"damage":0,"enemies":"2 Louse","floor":11,"turns":1},{"damage":35,"enemies":"Gremlin Nob","floor":12,"turns":4},{"damage":49,"enemies":"Slime Boss","floor":16,"turns":6}],"seed_played":"-6637676575663423485","potions_obtained":[{"floor":11,"key":"FearPotion"},{"floor":12,"key":"GamblersBrew"}],"is_trial":false,"path_per_floor":["M","?","?","$","?","E","$","E","T","R","M","E","T","?","R","B"],"character_chosen":"WATCHER","items_purchased":["Worship"],"campfire_rested":1,"item_purchase_floors":[4],"current_hp_per_floor":[72,72,58,58,55,55,55,55,55,55,55,20,20,20,41,0,0],"gold":391,"neow_bonus":"THREE_ENEMY_KILL","is_daily":false,"chose_seed":false,"campfire_upgraded":1,"win_rate":0.0,"timestamp":1608429398,"path_taken":["M","?","?","$","?","E","$","E","T","R","M","E","?","?","R","BOSS"],"items_purchased_type":["Card"],"build_version":"2020-12-13","purchased_purges":1,"victory":false,"max_hp_per_floor":[72,72,72,72,72,72,72,72,72,72,72,72,72,72,72,72,72],"relic_stats":{"counters":[6,15],"Golden Idol":27,"Letter Opener":[15],"Boot":[0],"Question Card":0,"obtain_stats":[{"Potion Belt":9,"NeowsBlessing":0,"Golden Idol":2,"Bag of Marbles":8,"Letter Opener":6,"PureWater":0,"Boot":5,"Question Card":13,"TungstenRod":12},{"Potion Belt":3,"NeowsBlessing":0,"Golden Idol":1,"Bag of Marbles":3,"Letter Opener":2,"PureWater":0,"Boot":1,"Question Card":5,"TungstenRod":5},{"Potion Belt":4,"NeowsBlessing":0,"Golden Idol":1,"Bag of Marbles":4,"Letter Opener":3,"PureWater":0,"Boot":1,"Question Card":9,"TungstenRod":9}],"TungstenRod":3},"card_choices":[{"not_picked":["Consecrate","WheelKick"],"picked":"ThirdEye","floor":1},{"not_picked":["SashWhip","Consecrate"],"picked":"Pray","floor":6},{"not_picked":["CarveReality","Meditate","FlurryOfBlows"],"picked":"SKIP","floor":8},{"not_picked":["Judgement","Halt"],"picked":"PathToVictory","floor":11},{"not_picked":["FlurryOfBlows","Perseverance"],"picked":"Swivel","floor":12}],"player_experience":2053766,"relics_obtained":[{"floor":6,"key":"Letter Opener"},{"floor":8,"key":"Bag of Marbles"},{"floor":9,"key":"Potion Belt"},{"floor":12,"key":"TungstenRod"},{"floor":13,"key":"Question Card"}],"event_choices":[{"damage_healed":0,"gold_gain":0,"player_choice":"Take Wound","damage_taken":0,"relics_obtained":["Golden Idol"],"max_hp_gain":0,"max_hp_loss":0,"event_name":"Golden Idol","floor":2,"gold_loss":0,"cards_obtained":["Injury"]},{"damage_healed":0,"gold_gain":0,"player_choice":"Entered Light","damage_taken":14,"max_hp_gain":0,"max_hp_loss":0,"event_name":"Shining Light","floor":3,"gold_loss":0,"cards_upgraded":["Strike_P","ThirdEye"]},{"damage_healed":0,"gold_gain":0,"player_choice":"Success","damage_taken":3,"relics_obtained":["Boot"],"max_hp_gain":0,"max_hp_loss":0,"event_name":"Scrap Ooze","floor":5,"gold_loss":0},{"damage_healed":0,"gold_gain":275,"player_choice":"Desecrate","damage_taken":0,"max_hp_gain":0,"max_hp_loss":0,"event_name":"Golden Shrine","floor":14,"gold_loss":0,"cards_obtained":["Regret"]}],"is_beta":false,"boss_relics":[],"items_purged_floors":[7],"is_endless":false,"potions_floor_spawned":[11,12],"killed_by":"Slime Boss","ascension_level":0}}