{"host":"0azimyi6n3ugndj4","time":1608471454,"event":{"mods":["BaseMod","Bestiary","Conspire","Curses Come First","Defuse TimeMaze Blight","Hyrulean Relics","Infinite Spire","Minty Spire (QoL Compilation)","Relic Sorter","Relic Stats","Replay The Spire","StSLib","SuperFastMode","Uncapped","¡¼?Úª?ø«¡½REMEMod"],"gold_per_floor":[141,177,336,387,420,525,525,558,558,639,37,121,121,172,172,397,397,448,448,448],"floor_reached":19,"playtime":589,"items_purged":[],"score":528,"play_id":"7f760cc8-e4fb-4f3a-b6e6-e670021c42a0","local_time":"20201220223734","daily_mods":["Insanity","Chimera","Specialized","Vintage","ControlledChaos","Allstar","Diverse","Colorless Cards","Heirloom","Time Dilation","Binary","Elite Swarm","Lethality","Midas","Uncertain Future"],"is_ascension_mode":true,"campfire_choices":[{"floor":7,"key":"REST"}],"circlet_count":0,"master_deck":["Demon Form","Wraith Form v2","Echo Form","DevaForm","AscendersBane","Bash","Survivor","Zap","Strike_R","Strike_G","Strike_B","Defend_R","Defend_G","Defend_P","ReachHeaven","Sweeping Beam","Barrage","Backflip","Hidden Blade","Power Through","Halt","CutThroughFate","Leap","Loop","Sword Boomerang","ReplayTheSpireMod:System Scan","Poisoned Stab","JustLucky","REME_ShortnessOfBreath","Dagger Throw","Reprogram","PanicButton","Compile Driver","Blade Dance","Ball Lightning","SignatureMove","Hello World","ReplayTheSpireMod:Dual Polarity","Consecrate","Barrage","CutThroughFate","Flex","Stack","Anger","Rebound","Catalyst","Self Repair","Perfected Strike","Clothesline","Flame Barrier","Panacea","Wireheading","Cold Snap","Poisoned Stab","FollowUp","Sentinel","Headbutt","Beam Cell","Halt","PathToVictory","Body Slam","Heel Hook","FIFO Queue","FIFO Queue","FIFO Queue","FIFO Queue","FIFO Queue","Blind","Purity","Secret Weapon","Jack Of All Trades","Reboot","Pain","Blood for Blood","Reboot","Fission","Bludgeon","Pain","REME_Flogging","REME_CopyPotion","FollowUp+1","Rage+1","HandOfGreed+1"],"relics":["PureWater","Frozen Eye","REME_ComplimentaryCards","conspire:InfiniteJournal","Pet Ghost","Replay:Multitool","Quantum Egg","Onion Ring","Mummified Hand","zeldaRelics:CourageTriforce","infinitespire:Beetle Shell","Lizard Tail","Chameleon Ring","zeldaRelics:WisdomPiece","WarpedTongs","REME_IWantAll","Astrolabe","infinitespire:Broken Mirror"],"acts_visited":["Exordium","TheCity"],"potions_floor_usage":[6,6,12,12,18,18],"damage_taken":[{"damage":0,"enemies":"Cultist","floor":1,"turns":3},{"damage":59,"enemies":"2 Louse","floor":2,"turns":12},{"damage":1,"enemies":"Jaw Worm","floor":4,"turns":3},{"damage":5,"enemies":"Lots of Slimes","floor":5,"turns":1},{"damage":4,"enemies":"Replay:BlueRogue","floor":6,"turns":4},{"damage":6,"enemies":"Exordium Thugs","floor":8,"turns":2},{"damage":0,"enemies":"Gremlin Nob","floor":10,"turns":2},{"damage":25,"enemies":"Lagavulin","floor":12,"turns":11},{"damage":5,"enemies":"Blue Slaver","floor":14,"turns":1},{"damage":77,"enemies":"Hexaghost","floor":16,"turns":6},{"damage":30,"enemies":"2 Thieves","floor":18,"turns":2},{"damage":40,"enemies":"3 Byrds","floor":19,"turns":2}],"seed_played":"4109842935826545396","potions_obtained":[{"floor":1,"key":"Elixir"},{"floor":3,"key":"Energy Potion"},{"floor":8,"key":"Block Potion"},{"floor":10,"key":"Fruit Juice"},{"floor":14,"key":"PowerPotion"},{"floor":16,"key":"Swift Potion"},{"floor":18,"key":"DuplicationPotion"}],"is_trial":true,"path_per_floor":["M","M","?","M","M","E","R","M","T","E","$","E","?","M","R","B",null,"M","M"],"character_chosen":"WATCHER","items_purchased":["Lizard Tail","Chameleon Ring"],"campfire_rested":1,"item_purchase_floors":[11,11],"current_hp_per_floor":[61,9,9,8,3,1,22,16,16,16,16,45,45,40,87,12,70,40,0,0],"gold":448,"neow_bonus":"","is_daily":false,"chose_seed":false,"campfire_upgraded":0,"win_rate":0.0,"timestamp":1608471454,"path_taken":["M","M","?","?","M","E","R","M","T","E","$","E","?","M","R","BOSS","M","M"],"items_purchased_type":["Relic","Relic"],"build_version":"2020-12-13","purchased_purges":0,"victory":false,"max_hp_per_floor":[68,68,68,68,68,70,70,70,70,70,70,77,77,77,87,89,89,89,89,89],"relic_stats":{"Lizard Tail":38,"counters":[12,49],"Mummified Hand":[25],"Astrolabe":["FollowUp","Rage","HandOfGreed"],"obtain_stats":[{"zeldaRelics:WisdomPiece":12,"Quantum Egg":3,"Astrolabe":17,"infinitespire:Beetle Shell":8,"Replay:Multitool":2,"REME_IWantAll":14,"Pet Ghost":1,"zeldaRelics:CourageTriforce":10,"conspire:InfiniteJournal":0,"WarpedTongs":13,"Frozen Eye":0,"Lizard Tail":11,"Chameleon Ring":11,"Mummified Hand":5,"infinitespire:Broken Mirror":18,"Onion Ring":4,"zeldaRelics:CouragePiece":6,"PureWater":0,"REME_ComplimentaryCards":0},{"zeldaRelics:WisdomPiece":8,"Quantum Egg":2,"Astrolabe":10,"infinitespire:Beetle Shell":6,"Replay:Multitool":2,"REME_IWantAll":9,"Pet Ghost":1,"zeldaRelics:CourageTriforce":7,"conspire:InfiniteJournal":0,"WarpedTongs":8,"Frozen Eye":0,"Lizard Tail":7,"Chameleon Ring":7,"Mummified Hand":4,"infinitespire:Broken Mirror":11,"Onion Ring":3,"zeldaRelics:CouragePiece":5,"PureWater":0,"REME_ComplimentaryCards":0},{"zeldaRelics:WisdomPiece":38,"Quantum Egg":15,"Astrolabe":45,"infinitespire:Beetle Shell":25,"Replay:Multitool":15,"REME_IWantAll":39,"Pet Ghost":3,"zeldaRelics:CourageTriforce":27,"conspire:InfiniteJournal":0,"WarpedTongs":38,"Frozen Eye":0,"Lizard Tail":27,"Chameleon Ring":27,"Mummified Hand":19,"infinitespire:Broken Mirror":47,"Onion Ring":18,"zeldaRelics:CouragePiece":23,"PureWater":0,"REME_ComplimentaryCards":0}],"WarpedTongs":[11]},"card_choices":[{"not_picked":["Capacitor"],"picked":"Blood for Blood","floor":3},{"not_picked":["Juggernaut"],"picked":"Reboot","floor":6},{"not_picked":["Apotheosis"],"picked":"Fission","floor":10},{"not_picked":["Feed"],"picked":"Bludgeon","floor":12},{"not_picked":["REME_Flogging","REME_CopyPotion"],"picked":"Singing Bowl","floor":16}],"player_experience":1480701,"relics_obtained":[{"floor":1,"key":"Pet Ghost"},{"floor":2,"key":"Replay:Multitool"},{"floor":3,"key":"Quantum Egg"},{"floor":4,"key":"Onion Ring"},{"floor":5,"key":"Mummified Hand"},{"floor":6,"key":"zeldaRelics:CouragePiece"},{"floor":8,"key":"infinitespire:Beetle Shell"},{"floor":9,"key":"zeldaRelics:CouragePiece"},{"floor":10,"key":"zeldaRelics:CouragePiece"},{"floor":12,"key":"zeldaRelics:WisdomPiece"},{"floor":14,"key":"REME_IWantAll"},{"floor":18,"key":"infinitespire:Broken Mirror"}],"event_choices":[{"damage_healed":0,"gold_gain":0,"player_choice":"Rummage","damage_taken":0,"relics_obtained":["WarpedTongs"],"max_hp_gain":0,"max_hp_loss":0,"event_name":"Accursed Blacksmith","floor":13,"gold_loss":0,"cards_obtained":["Pain"]},{"cards_removed":["ReplayUltimateDefense"],"damage_healed":37,"gold_gain":0,"player_choice":"Offered Rare","damage_taken":0,"max_hp_gain":10,"max_hp_loss":0,"event_name":"Bonfire Elementals","floor":15,"gold_loss":0}],"is_beta":false,"boss_relics":[{"not_picked":["infinitespire:Cupcake","Replay:Drink Me"],"picked":"Astrolabe"}],"items_purged_floors":[],"is_endless":false,"potions_floor_spawned":[1,8,10,14,16,18],"killed_by":"3 Byrds","ascension_level":20}}