{"host":"oamyyaqfhwqk734h","time":1608497568,"event":{"mods":["2.2 Compatiblity","AchievementEnabler","Act Like it!","AlwaysNeverKeys","Aspiration","Bard","BaseMod","Beaked The Cultist","BetterRewards","Block Reminder","CCEM","Card Forge","Clawfect","Colored Map","Colored Powertips","Conspire","DeckTracker","Dio Mod","Downfall","Friendly Minions","GifTheSpireLib","Googly Eyes","Gremlin Mod","Halation","Highlight Path","Hubris","Hunter ??","Infinite Spire","Jedi Mod","Mad Scientist","Marisa????????","Mimic Mod","Minty Spire (QoL Compilation)","Permanent Neow","Quick Restart","Rare Cards Sparkle","Replay The Spire","Shop Mod","Small Relic Pack","StSLib","Stuff the Spire","SuperFastMode","Synergy Search","The Administrix","The Animator","The Blackbeard","The Bug Knight","The Construct","The Cursed","The Disciple","The Forsaken","The Gatherer","The Hierophant","The IronCluck","The Jungle","The Mystic","The Necromancer","The Problem Sleuth","The Runesmith","The Servant 0.9.4","The Spell Scribe","TheBandit","Unceasing Turn Reminder","[IsaacMod]????"],"gold_per_floor":[24,24,53,53,84,84,84,104,29,29,29],"floor_reached":10,"playtime":344,"items_purged":[],"score":122,"play_id":"2fe50827-cf9e-40ad-8e67-2890b3bc612a","local_time":"20201220215248","is_ascension_mode":false,"campfire_choices":[{"data":"champ:Taunt","floor":1.0,"key":"SMITH"},{"data":"champ:ArenaPreparation","floor":4.0,"key":"SMITH"},{"data":"champ:FalseCounter","floor":9.0,"key":"SMITH"}],"circlet_count":0,"master_deck":["champ:Strike","champ:Strike","champ:Strike","champ:Strike","champ:Defend","champ:Defend","champ:Defend","champ:Defend","champ:Execute","champ:Taunt+1","champ:ArenaPreparation+1","champ:RisingSlash","champ:FalseCounter+1","champ:EnGarde"],"relics":["champ:ChampionCrown","Hammer of Thor","Seething Fire","Anvil of the Gods","HushsDoor","Leech","downfall:HeartsMalice","downfall:HeartBlessingRed","hubris:SphereOfDissonance","conspire:TopHat","ReplayTheSpireMod:Ring of Sloth","ReplayTheSpireMod:Ring of Challenge","hubris:Metronome","downfall:HeartBlessingBlue"],"acts_visited":["Exordium"],"potions_floor_usage":[],"damage_taken":[{"damage":0.0,"enemies":"Cultist","floor":2.0,"turns":1.0},{"damage":0.0,"enemies":"Lagavulin","floor":3.0,"turns":1.0},{"damage":0.0,"enemies":"3 Sentries","floor":5.0,"turns":1.0},{"damage":0.0,"enemies":"2 Louse","floor":8.0,"turns":2.0},{"damage":0,"enemies":"Gremlin Nob","floor":10,"turns":1}],"seed_played":"-4713579517636754947","potions_obtained":[{"floor":3.0,"key":"Death Potion"},{"floor":5.0,"key":"DistilledChaos"},{"floor":8.0,"key":"sneckomod:MuddlingPotion"}],"is_trial":false,"path_per_floor":["R","M","E","R","E","?","T","M","R","E"],"character_chosen":"THE_CHAMP","items_purchased":[],"campfire_rested":0,"item_purchase_floors":[],"current_hp_per_floor":[90,90,90,90,90,90,90,90,100,100,100],"gold":29,"neow_bonus":"THREE_ENEMY_KILL","is_daily":false,"chose_seed":false,"campfire_upgraded":3,"win_rate":0.0,"timestamp":1608497568,"path_taken":["R","?","E","R","E","?","T","M","R","E"],"items_purchased_type":[],"build_version":"2020-12-13","purchased_purges":0,"victory":false,"max_hp_per_floor":[90,90,90,90,90,90,90,90,100,100,100],"card_choices":[{"not_picked":["champ:DefensiveShout","champ:AdrenalArmor"],"picked":"champ:ArenaPreparation","floor":2.0},{"not_picked":["champ:DefensiveShout","champ:CalledShot"],"picked":"champ:RisingSlash","floor":3.0},{"not_picked":["champ:DeathBlow","champ:ShieldThrow"],"picked":"champ:FalseCounter","floor":5.0},{"not_picked":["champ:BladeFlurry","champ:CrookedStrike"],"picked":"champ:EnGarde","floor":8.0}],"player_experience":197795,"relics_obtained":[{"floor":3.0,"key":"hubris:SphereOfDissonance"},{"floor":5.0,"key":"conspire:TopHat"},{"floor":6.0,"key":"ReplayTheSpireMod:Ring of Sloth"},{"floor":6.0,"key":"ReplayTheSpireMod:Ring of Challenge"},{"floor":7.0,"key":"hubris:Metronome"}],"event_choices":[],"is_beta":false,"boss_relics":[],"items_purged_floors":[],"is_endless":false,"potions_floor_spawned":[3,5,8],"killed_by":"Gremlin Nob","ascension_level":0}}