{"host":"cjhtzh7tp54jdfyv","time":1608447164,"event":{"mods":["AchievementEnabler","BaseMod","Colored Map","Colored Powertips","Filter the Spire","Minty Spire (QoL Compilation)","RNG Fix","StSLib","ojb\u0027s Better Paths Mod","ojb\u0027s Info Mod"],"gold_per_floor":[115,127,142,158,28,55,55,86,86,86,115,115,115,135,135,211,211,228,61,81,81,99,125,125,167,167,5,31,41,41,61,61,147,147,165,199,199,212,236,236,262,262,262,284,314,342,385,405,405,405,405,405,405,20,46,46],"floor_reached":57,"playtime":4525,"items_purged":["Strike_G"],"score":3533,"play_id":"323623f3-45f6-42d3-90ae-7efcc1b33d22","local_time":"20201220015244","is_ascension_mode":true,"campfire_choices":[{"data":"Blade Dance","floor":7.0,"key":"SMITH"},{"data":"Well Laid Plans","floor":10.0,"key":"SMITH"},{"data":"Leg Sweep","floor":13.0,"key":"SMITH"},{"data":"Blade Dance","floor":15.0,"key":"SMITH"},{"data":"Crippling Poison","floor":30.0,"key":"SMITH"},{"data":"Blade Dance","floor":32.0,"key":"SMITH"},{"data":"Wraith Form v2","floor":40,"key":"SMITH"},{"data":"Catalyst","floor":42,"key":"SMITH"},{"floor":49,"key":"RECALL"},{"data":"Leg Sweep","floor":53,"key":"SMITH"}],"circlet_count":0,"master_deck":["AscendersBane","Strike_G","Strike_G","Strike_G","Strike_G","Defend_G","Defend_G","Defend_G","Defend_G","Defend_G","Survivor","Neutralize","Predator","Blade Dance+1","Endless Agony","Infinite Blades","Well Laid Plans+1","Leg Sweep+1","Finisher","Crippling Poison+1","Accuracy+1","Blade Dance+1","Night Terror","Dagger Spray+1","Noxious Fumes","Backflip","Catalyst+1","Tools of the Trade","Blade Dance+1","Wraith Form v2+1","Dash","Cloak And Dagger+1","PiercingWail","Leg Sweep+1","PiercingWail"],"relics":["SlaversCollar","Vajra","Bottled Tornado","InkBottle","Strawberry","Snecko Eye","PreservedInsect","Enchiridion","FossilizedHelix","Gremlin Horn","CeramicFish","ClockworkSouvenir","Philosopher\u0027s Stone","Dead Branch","Potion Belt","Pear","Nunchaku","Pantograph","Chemical X","Orichalcum"],"acts_visited":["Exordium","TheCity","TheBeyond","TheEnding"],"potions_floor_usage":[33,41,45,55,56,56,56],"damage_taken":[{"damage":7.0,"enemies":"Jaw Worm","floor":1.0,"turns":8.0},{"damage":4.0,"enemies":"Small Slimes","floor":2.0,"turns":4.0},{"damage":11.0,"enemies":"Cultist","floor":3.0,"turns":4.0},{"damage":0.0,"enemies":"Red Slaver","floor":4.0,"turns":1.0},{"damage":6.0,"enemies":"3 Sentries","floor":6.0,"turns":7.0},{"damage":0.0,"enemies":"Lagavulin","floor":8.0,"turns":5.0},{"damage":6.0,"enemies":"Gremlin Nob","floor":11.0,"turns":3.0},{"damage":0.0,"enemies":"Blue Slaver","floor":14.0,"turns":1.0},{"damage":0.0,"enemies":"The Guardian","floor":16.0,"turns":8.0},{"damage":0.0,"enemies":"Chosen","floor":18.0,"turns":2.0},{"damage":0.0,"enemies":"3 Byrds","floor":20.0,"turns":3.0},{"damage":8.0,"enemies":"Snecko","floor":22.0,"turns":5.0},{"damage":0.0,"enemies":"Gremlin Leader","floor":23.0,"turns":3.0},{"damage":0.0,"enemies":"Book of Stabbing","floor":25.0,"turns":4.0},{"damage":0.0,"enemies":"Centurion and Healer","floor":28.0,"turns":4.0},{"damage":0.0,"enemies":"Cultist and Chosen","floor":29.0,"turns":4.0},{"damage":0.0,"enemies":"Snake Plant","floor":31.0,"turns":4.0},{"damage":0,"enemies":"Collector","floor":33,"turns":5},{"damage":15,"enemies":"3 Darklings","floor":35,"turns":3},{"damage":0,"enemies":"Mind Bloom Boss Battle","floor":36,"turns":4},{"damage":0,"enemies":"Orb Walker","floor":38,"turns":2},{"damage":10,"enemies":"3 Darklings","floor":39,"turns":3},{"damage":0,"enemies":"Reptomancer","floor":41,"turns":2},{"damage":0,"enemies":"Transient","floor":44,"turns":4},{"damage":1,"enemies":"Nemesis","floor":45,"turns":3},{"damage":0,"enemies":"Jaw Worm Horde","floor":46,"turns":2},{"damage":0,"enemies":"Giant Head","floor":47,"turns":2},{"damage":0,"enemies":"Maw","floor":48,"turns":3},{"damage":5,"enemies":"Awakened One","floor":50,"turns":9},{"damage":0,"enemies":"Donu and Deca","floor":51,"turns":4},{"damage":0,"enemies":"Shield and Spear","floor":55,"turns":3},{"damage":0,"enemies":"The Heart","floor":56,"turns":7}],"seed_played":"-6242574563323433720","potions_obtained":[{"floor":3.0,"key":"SteroidPotion"},{"floor":4.0,"key":"SpeedPotion"},{"floor":11.0,"key":"SkillPotion"},{"floor":14.0,"key":"PowerPotion"},{"floor":25.0,"key":"SkillPotion"},{"floor":28.0,"key":"PowerPotion"},{"floor":36,"key":"Dexterity Potion"},{"floor":41,"key":"Block Potion"},{"floor":44,"key":"FearPotion"},{"floor":46,"key":"GamblersBrew"},{"floor":55,"key":"LiquidBronze"}],"is_trial":false,"path_per_floor":["M","M","M","M","$","E","R","E","T","R","E","?","R","M","R","B",null,"M","$","M","?","M","E","T","E","T","$","M","M","R","M","R","B",null,"M","?","?","M","M","R","E","R","T","M","E","M","E","M","R","B","B",null,"R","$","E","B",null],"character_chosen":"THE_SILENT","items_purchased":["Well Laid Plans","Leg Sweep","PreservedInsect","ClockworkSouvenir","DuplicationPotion","SpeedPotion","Chemical X"],"campfire_rested":0,"item_purchase_floors":[5,5,19,27,54,54,54],"current_hp_per_floor":[52,48,37,37,37,31,31,31,31,31,32,32,32,32,32,32,63,63,63,63,42,34,34,34,34,34,34,34,34,34,34,34,34,63,48,48,48,48,38,38,38,38,48,48,47,47,47,47,47,67,83,83,83,83,83,83],"gold":46,"neow_bonus":"BOSS_RELIC","is_daily":false,"chose_seed":false,"campfire_upgraded":9,"win_rate":0.0,"timestamp":1608447164,"path_taken":["M","M","M","M","$","E","R","E","T","R","E","?","R","M","R","BOSS","M","$","M","?","M","E","?","E","T","?","M","M","R","M","R","BOSS","M","?","?","M","M","R","E","R","T","M","E","M","E","M","R","BOSS","BOSS","R","$","E","BOSS"],"items_purchased_type":["Card","Card","Relic","Relic","Potion","Potion","Relic"],"build_version":"2020-12-13","purchased_purges":1,"victory":true,"max_hp_per_floor":[66,66,66,66,66,66,66,66,66,66,73,73,73,73,73,73,73,73,73,73,73,73,73,73,73,73,73,73,73,73,73,73,73,73,73,73,73,73,73,73,73,73,83,83,83,83,83,83,83,83,83,83,83,83,83,83],"card_choices":[{"not_picked":["Eviscerate","Dagger Spray"],"picked":"Predator","floor":1.0},{"not_picked":["Dagger Spray","Dodge and Roll"],"picked":"Blade Dance","floor":2.0},{"not_picked":["Deflect","Dagger Throw"],"picked":"Endless Agony","floor":3.0},{"not_picked":["Poisoned Stab","Bane"],"picked":"Infinite Blades","floor":4.0},{"not_picked":["Slice","Infinite Blades"],"picked":"Finisher","floor":6.0},{"not_picked":["Storm of Steel","All Out Attack"],"picked":"Crippling Poison","floor":8.0},{"not_picked":["Well Laid Plans","Quick Slash"],"picked":"Accuracy","floor":11.0},{"not_picked":["Dodge and Roll","Underhanded Strike"],"picked":"Blade Dance","floor":14.0},{"not_picked":["Malaise","Bullet Time"],"picked":"Night Terror","floor":16.0},{"not_picked":["Flechettes","Eviscerate"],"picked":"Dagger Spray+1","floor":18.0},{"not_picked":["Setup","Acrobatics"],"picked":"Noxious Fumes","floor":20.0},{"not_picked":["Riddle With Holes","Cloak And Dagger"],"picked":"Backflip","floor":22.0},{"not_picked":["Deflect","Poisoned Stab+1","Underhanded Strike"],"picked":"SKIP","floor":23.0},{"not_picked":["Acrobatics","Flying Knee"],"picked":"Catalyst","floor":25.0},{"not_picked":["Backflip","Deflect+1"],"picked":"Tools of the Trade","floor":28.0},{"not_picked":["Deadly Poison","Escape Plan","Dagger Throw"],"picked":"SKIP","floor":29.0},{"not_picked":["Underhanded Strike","Poisoned Stab"],"picked":"Blade Dance","floor":31.0},{"not_picked":["Doppelganger","Unload"],"picked":"Wraith Form v2","floor":33},{"not_picked":["Deadly Poison+1","Quick Slash","Poisoned Stab"],"picked":"SKIP","floor":35},{"not_picked":["Dagger Throw+1","Flying Knee+1"],"picked":"Dash","floor":36},{"not_picked":["Choke","Setup","Skewer"],"picked":"SKIP","floor":38},{"not_picked":["Poisoned Stab+1","Acrobatics"],"picked":"Cloak And Dagger+1","floor":39},{"not_picked":["Deflect","Slice","Grand Finale"],"picked":"SKIP","floor":41},{"not_picked":["Outmaneuver","Skewer"],"picked":"PiercingWail","floor":44},{"not_picked":["Calculated Gamble+1","Reflex+1","Noxious Fumes"],"picked":"SKIP","floor":45},{"not_picked":["Underhanded Strike","Deadly Poison"],"picked":"Leg Sweep","floor":46},{"not_picked":["Heel Hook","Sucker Punch+1"],"picked":"PiercingWail","floor":47},{"not_picked":["Quick Slash","Flying Knee+1","Deflect"],"picked":"SKIP","floor":48},{"not_picked":["Skewer","Riddle With Holes","Slice"],"picked":"SKIP","floor":55}],"player_experience":4311350,"relics_obtained":[{"floor":6.0,"key":"Vajra"},{"floor":8.0,"key":"Bottled Tornado"},{"floor":9.0,"key":"InkBottle"},{"floor":11.0,"key":"Strawberry"},{"floor":21.0,"key":"Enchiridion"},{"floor":23.0,"key":"FossilizedHelix"},{"floor":24.0,"key":"Gremlin Horn"},{"floor":25.0,"key":"CeramicFish"},{"floor":36,"key":"Dead Branch"},{"floor":41,"key":"Potion Belt"},{"floor":43,"key":"Pear"},{"floor":45,"key":"Nunchaku"},{"floor":47,"key":"Pantograph"},{"floor":55,"key":"Orichalcum"}],"event_choices":[{"damage_healed":0.0,"max_hp_gain":0.0,"max_hp_loss":0.0,"gold_gain":0.0,"event_name":"Living Wall","player_choice":"Grow","floor":12.0,"gold_loss":0.0,"damage_taken":0.0,"cards_upgraded":["Accuracy"]},{"damage_healed":0.0,"max_hp_gain":0.0,"max_hp_loss":0.0,"gold_gain":0.0,"event_name":"Cursed Tome","player_choice":"Obtained Book","floor":21.0,"gold_loss":0.0,"damage_taken":21.0},{"damage_healed":0,"gold_gain":0,"player_choice":"Fight","damage_taken":0,"max_hp_gain":0,"max_hp_loss":0,"event_name":"MindBloom","floor":36,"gold_loss":0},{"damage_healed":0,"gold_gain":0,"player_choice":"Ignored","damage_taken":0,"max_hp_gain":0,"max_hp_loss":0,"event_name":"Tomb of Lord Red Mask","floor":37,"gold_loss":0}],"is_beta":false,"boss_relics":[{"not_picked":["Astrolabe","Sozu"],"picked":"Snecko Eye"},{"not_picked":["Black Star","Empty Cage"],"picked":"Philosopher\u0027s Stone"}],"items_purged_floors":[54],"is_endless":false,"potions_floor_spawned":[3,4,11,14,25,28,31,36,41,44,46,55],"ascension_level":20}}