{"host":"2ehbln4r1tfoeq56","time":1608437708,"event":{"mods":["Aspiration","BaseMod","Better Altar","Better Match","Better Note","Better Sensory Stone","Better Skull","Better Third Choice","Friendly Minions","GifTheSpireLib","Minty Spire (QoL Compilation)","Replay The Spire","Shade Mod","StSLib"],"gold_per_floor":[111,121,133,149,72,105,105,132,132,148,148,164,176,203,203,300,300,314,333,11,29,29,3,3,17,17,17,58,76,48,75,75,186,186,209,231,231,262,285,285,303,303,303,318,346,402,402,425,425,439],"floor_reached":51,"playtime":3645,"items_purged":["Shade:Defend_Shade"],"score":747,"play_id":"f621e644-e68a-44b2-86ab-65243e0128c0","local_time":"20201219221508","is_ascension_mode":false,"campfire_choices":[{"data":"Shade:AuraOfUnlife","floor":7,"key":"SMITH"},{"data":"Shade:GreaterAnimation","floor":15,"key":"SMITH"},{"data":"Shade:Putrefaction","floor":24,"key":"SMITH"},{"data":"Shade:TouchOfTheGrave","floor":32,"key":"SMITH"},{"floor":40,"key":"REST"},{"floor":42,"key":"REST"}],"circlet_count":0,"master_deck":["Shade:Strike_Shade","Shade:Strike_Shade","Shade:Defend_Shade","Shade:Defend_Shade","Shade:Defend_Shade","Shade:AnimateDead","Shade:CarefulCut","Shade:FingerOfDeath","Shade:Carnophage","Shade:AblativeArmor+1","Shade:ExtraLimbs","Shade:AuraOfUnlife+1","Shade:PoundOfFlesh","Shade:FleshToFlesh","Shade:SkeletonHug","Shade:FuneraryJewels","Shade:SpectralStrikes","Shade:GreaterAnimation+1","Shade:Putrefaction+1","Shade:Brains","Shade:SensePrey+1","Shade:GreaterAnimation+1","Shade:AnimateDead","Shade:CoffinDance+1","Shade:WallOfFlesh","Shade:WallOfFlesh","Shade:TouchOfTheGrave+1","Shade:UnbarTheGrave","Shade:Carnophage","Shade:FuneraryArmor+1","Shade:GraveStillness+1"],"relics":["Shade:YorickSkull","Bottled Tornado","Happy Flower","Blue Doll","Unceasing Top","Painkiller Herb","Orichalcum","Replay:Bandana","Blood Vial","Fusion Hammer","Mercury Hourglass","StoneCalendar","aspiration:HummingbirdHeart"],"acts_visited":["Exordium","TheCity","TheBeyond"],"potions_floor_usage":[6,16,16,19,33,50,50,50],"damage_taken":[{"damage":0,"enemies":"Jaw Worm","floor":1,"turns":3},{"damage":0,"enemies":"Small Slimes","floor":2,"turns":2},{"damage":0,"enemies":"2 Louse","floor":3,"turns":3},{"damage":19,"enemies":"Exordium Thugs","floor":4,"turns":7},{"damage":7,"enemies":"Gremlin Nob","floor":6,"turns":4},{"damage":16,"enemies":"3 Sentries","floor":8,"turns":11},{"damage":0,"enemies":"Large Slime","floor":10,"turns":5},{"damage":0,"enemies":"Blue Slaver","floor":12,"turns":4},{"damage":5,"enemies":"Red Slaver","floor":13,"turns":3},{"damage":1,"enemies":"Lagavulin","floor":14,"turns":9},{"damage":0,"enemies":"Slime Boss","floor":16,"turns":16},{"damage":9,"enemies":"2 Thieves","floor":18,"turns":4},{"damage":0,"enemies":"Shell Parasite","floor":19,"turns":6},{"damage":0,"enemies":"Cultist and Chosen","floor":21,"turns":5},{"damage":0,"enemies":"Snecko","floor":25,"turns":4},{"damage":2,"enemies":"Slavers","floor":28,"turns":4},{"damage":0,"enemies":"Snake Plant","floor":29,"turns":3},{"damage":0,"enemies":"Shelled Parasite and Fungi","floor":31,"turns":5},{"damage":0,"enemies":"Automaton","floor":33,"turns":8},{"damage":0,"enemies":"3 Shapes","floor":35,"turns":5},{"damage":0,"enemies":"Orb Walker","floor":36,"turns":4},{"damage":0,"enemies":"Transient","floor":38,"turns":5},{"damage":0,"enemies":"3 Darklings","floor":39,"turns":4},{"damage":0,"enemies":"4 Shapes","floor":41,"turns":3},{"damage":15,"enemies":"Spire Growth","floor":44,"turns":6},{"damage":0,"enemies":"Transient","floor":45,"turns":5},{"damage":6,"enemies":"2 Orb Walkers","floor":46,"turns":5},{"damage":0,"enemies":"Maw","floor":48,"turns":7},{"damage":11,"enemies":"Donu and Deca","floor":50,"turns":8}],"seed_played":"-6166631374656765286","potions_obtained":[{"floor":2,"key":"AttackPotion"},{"floor":3,"key":"Block Potion"},{"floor":8,"key":"EssenceOfSteel"},{"floor":10,"key":"Swift Potion"},{"floor":16,"key":"Block Potion"},{"floor":21,"key":"Energy Potion"},{"floor":28,"key":"Toxic Potion"},{"floor":31,"key":"BlessingOfTheForge"},{"floor":33,"key":"Elixir"},{"floor":35,"key":"LiquidMemories"},{"floor":36,"key":"PowerPotion"},{"floor":48,"key":"Dexterity Potion"}],"is_trial":false,"path_per_floor":["M","M","M","M","$","E","R","E","T","M","?","M","M","E","R","B",null,"?","?","T","?","?","T","T","?","T","?","E","?","T","?","T","B",null,"?","?","?","?","?","T","?","T","T","?","?","?","T","?","T","B",null],"character_chosen":"SHADE","items_purchased":["Shade:AuraOfUnlife","Orichalcum","Shade:GreaterAnimation+1","Shade:CoffinDance+1","Shade:WallOfFlesh"],"campfire_rested":2,"item_purchase_floors":[5,20,20,23,30],"current_hp_per_floor":[71,71,71,52,52,45,45,29,29,29,34,34,29,28,28,28,76,67,67,67,67,67,67,67,67,67,67,65,67,67,69,69,71,76,76,76,76,76,76,76,76,76,76,61,63,59,59,61,76,65],"gold":439,"neow_bonus":"TEN_PERCENT_HP_BONUS","is_daily":false,"chose_seed":false,"campfire_upgraded":4,"win_rate":0.0,"timestamp":1608437708,"path_taken":["M","M","M","M","$","E","R","E","T","M","?","M","M","E","R","BOSS","?","?","T","?","?","?","T","?","T","?","E","?","T","?","T","BOSS","?","?","?","?","?","T","?","T","T","?","?","?","?","?","T","BOSS"],"items_purchased_type":["Card","Relic","Card","Card","Card"],"build_version":"2020-12-13","purchased_purges":1,"victory":true,"max_hp_per_floor":[71,71,71,71,71,71,71,71,71,71,76,76,76,76,76,76,76,76,76,76,76,76,76,76,76,76,76,76,76,76,76,76,76,76,76,76,76,76,76,76,76,76,76,76,76,76,76,76,76,76],"card_choices":[{"not_picked":["Shade:Trample","Shade:PressTheAttack"],"picked":"Shade:FingerOfDeath","floor":1},{"not_picked":["Shade:SpontaneousRitual","Shade:TouchOfTheGrave"],"picked":"Shade:Carnophage","floor":2},{"not_picked":["Shade:WallOfFlesh","Shade:GraveStillness"],"picked":"Shade:AblativeArmor","floor":3},{"not_picked":["Shade:Trample","Shade:SkeletonHug"],"picked":"Shade:ExtraLimbs","floor":4},{"not_picked":["Shade:Premonition","Shade:Carnophage"],"picked":"Shade:PoundOfFlesh","floor":6},{"not_picked":["Shade:SpectralStrikes","Shade:PressTheAttack"],"picked":"Shade:FleshToFlesh","floor":8},{"not_picked":["Shade:Premonition","Shade:CallWraith"],"picked":"Shade:SkeletonHug","floor":10},{"not_picked":["Shade:AncientSpear","Shade:LastGasp"],"picked":"Shade:FuneraryJewels","floor":12},{"not_picked":["Shade:ClawBack","Shade:FreshBones"],"picked":"Shade:SpectralStrikes","floor":13},{"not_picked":["Shade:SanguineRitual","Shade:ScuttlingHand"],"picked":"Shade:GreaterAnimation","floor":14},{"not_picked":["Shade:LoseControl","Shade:DarkOfNight"],"picked":"Shade:Putrefaction","floor":16},{"not_picked":["Shade:FingerOfDeath","Shade:Trample"],"picked":"Shade:Brains","floor":18},{"not_picked":["Shade:CommandSoldier","Shade:StitchTogether"],"picked":"Shade:SensePrey+1","floor":19},{"not_picked":["Shade:Tombstone","Shade:CoffinDance","Shade:Frenzy"],"picked":"SKIP","floor":21},{"not_picked":["Shade:GreyBargain","Shade:Excise","Shade:CallWraith+1"],"picked":"SKIP","floor":25},{"not_picked":["Shade:Brains","Shade:ClawBack","Shade:CommandSoldier+1"],"picked":"SKIP","floor":28},{"not_picked":["Shade:GoDigging+1","Shade:FeralStrike","Shade:FleshOffering"],"picked":"SKIP","floor":29},{"not_picked":["Shade:Bite_Shade+1","Shade:FreshBones"],"picked":"Shade:TouchOfTheGrave","floor":31},{"not_picked":["Shade:OneIsEnough","Shade:MadHubris"],"picked":"Shade:UnbarTheGrave","floor":33},{"not_picked":["Shade:Awaken+1","Shade:GraveStillness"],"picked":"Shade:Carnophage","floor":35},{"not_picked":["Shade:SpectralStrikes+1","Shade:Bonestorm","Shade:CallWraith+1"],"picked":"SKIP","floor":36},{"not_picked":["Shade:FleshToFlesh","Shade:BoneShards","Shade:AuraOfUnlife"],"picked":"SKIP","floor":38},{"not_picked":["Shade:SkeletonHug","Shade:GoDigging+1"],"picked":"Shade:FuneraryArmor+1","floor":39},{"not_picked":["Shade:SpontaneousRitual+1","Shade:PotionOfRestlessness+1","Shade:LyeBath+1"],"picked":"SKIP","floor":41},{"not_picked":["Shade:MadHubris","Shade:Brains","Shade:Frenzy+1"],"picked":"SKIP","floor":44},{"not_picked":["Shade:FingerOfDeath+1","Shade:GraveStillness","Shade:BoneShards+1"],"picked":"SKIP","floor":45},{"not_picked":["Shade:FuneraryArmor","Shade:CoffinDance+1"],"picked":"Shade:GraveStillness+1","floor":46},{"not_picked":["Shade:Bonestorm+1","Shade:CommandSoldier","Shade:GreyBargain+1"],"picked":"SKIP","floor":48}],"player_experience":86585,"relics_obtained":[{"floor":6,"key":"Bottled Tornado"},{"floor":8,"key":"Happy Flower"},{"floor":9,"key":"Blue Doll"},{"floor":14,"key":"Unceasing Top"},{"floor":26,"key":"Replay:Bandana"},{"floor":28,"key":"Blood Vial"},{"floor":43,"key":"Mercury Hourglass"},{"floor":46,"key":"StoneCalendar"},{"floor":47,"key":"aspiration:HummingbirdHeart"}],"event_choices":[{"damage_healed":0,"gold_gain":0,"player_choice":"Donut","damage_taken":0,"max_hp_gain":5,"max_hp_loss":0,"event_name":"Big Fish","floor":11,"gold_loss":0},{"damage_healed":0,"gold_gain":0,"player_choice":"Copied","damage_taken":0,"max_hp_gain":0,"max_hp_loss":0,"event_name":"Duplicator","floor":22,"gold_loss":0,"cards_obtained":["Shade:AnimateDead"]},{"cards_removed":["Shade:Strike_Shade"],"damage_healed":0,"gold_gain":0,"player_choice":"Purged","damage_taken":0,"max_hp_gain":0,"max_hp_loss":0,"event_name":"Purifier","floor":27,"gold_loss":0},{"cards_removed":["Shade:Strike_Shade"],"damage_healed":0,"gold_gain":0,"player_choice":"Purged","damage_taken":0,"max_hp_gain":0,"max_hp_loss":0,"event_name":"Purifier","floor":37,"gold_loss":0},{"damage_healed":0,"gold_gain":0,"player_choice":"Fight","damage_taken":0,"max_hp_gain":0,"max_hp_loss":0,"event_name":"Mysterious Sphere","floor":46,"gold_loss":0}],"is_beta":false,"boss_relics":[{"not_picked":["Replay:Bronze Core","Philosopher\u0027s Stone"],"picked":"Painkiller Herb"},{"not_picked":["aspiration:SecretTechniqueScroll","ChewingGum"],"picked":"Fusion Hammer"}],"items_purged_floors":[20],"is_endless":false,"potions_floor_spawned":[2,3,8,10,13,16,21,28,31,33,35,36,44,48],"ascension_level":0}}