{"host":"sst22apzgpn07t8v","time":1608430006,"event":{"mods":["Act Like it!","BaseMod","Downfall","Hallownest","HololiveMod","Lobotomy","LobotomyExtend","Minty Spire (QoL Compilation)","Prisma Mod","Quick Restart","Replay The Spire","Shop Mod","StSLib","[IsaacMod]à»éTêÎìÉ"],"gold_per_floor":[100,100,100,100,100,134,134,59,88,88,88,105,122,122,135,236,236,236,255,255,355,389,389,389,389,389,420,437,456,475,438,450,545,545,545,595,624,939,949,949,949,949,949,949,984,909,706,594,261,277,296,296],"floor_reached":53,"playtime":2703,"items_purged":[],"score":2435,"play_id":"07730e2d-aa57-43dd-b84e-d569d9bc9273","local_time":"20201220100646","is_ascension_mode":true,"campfire_choices":[],"circlet_count":0,"master_deck":["BodiesMountain","BigBird","Woodsman","SpecialBullet","SpecialBullet","SpecialBullet","SpecialBullet","SpecialBullet","SpecialBullet","SpecialBullet","SpecialBullet","EpicFetus+1","SecurityCode","RecordCode","ExtractionCode","Mercenary","WristCuter+1","SomewhereSpear+1","WristCuter+1","SomewhereSpear+1","BlackArmy","Adoration+1","CENSORED_ego+1","SomewhereSpear+1","InformationCode","OldLady","Galaxy+1","InTheNameOfLoveAndHate+1","SolemnVow+1","Tough+1","Heaven+1","HereticApostle","Logging+1","Spore+1","SolemnVow+1","Moonlight+1","Spore+1","WristCuter+1","CENSORED_ego+1","RedShoes","SomewhereSpear+1","Heaven+1","SomewhereSpear+1","WristCuter+1","OSAHOGD","GoldRush+1","GoldRush+1","SoundOfStar+1","GoldRush+1","Tough+1","PunishingBird","Spore+1","RapturousDream+1","Freischutz","GrinderMk4+1","Hornet+1","GoldRush+1","SingingMachine","Tough+1","Logging+1","GrinderMk4+1","DisciplinaryCode","SoundOfStar+1","FourthMatchFlame+1","GoldRush+1","Lamp+3","Tough+1","InTheNameOfLoveAndHate+1","Logging+1","TheSmile+1","WhiteNight","Lamp+1"],"relics":["CogitoBucket","HushsDoor","KeepersGift","downfall:HeartsMalice","Hololive_LightStick","LetterFromLob","downfall:HeartBlessingBlue","TuHaoJin","Cursed Key","White Beast Statue","Replay:Accelerometer","Whetstone","Logging_r","BookOfRevelations","Black Star","Torii","AnarchistCookbook","Replay:Rubber Ducky","TreeSap","Replay:PocketPolymizer","CaptainsWheel","Kunai","downfall:HeartBlessingGreen","Membership Card","HandDrill","Lamp_r","TheSmile_r"],"acts_visited":["Exordium","TheCity","TheBeyond"],"potions_floor_usage":[],"damage_taken":[{"damage":0,"enemies":"3 Sentries","floor":6,"turns":1},{"damage":0,"enemies":"Gremlin Nob","floor":9,"turns":1},{"damage":0,"enemies":"Cultist","floor":11,"turns":1},{"damage":0,"enemies":"Jaw Worm","floor":12,"turns":1},{"damage":0,"enemies":"Small Slimes","floor":13,"turns":1},{"damage":8,"enemies":"Gremlin Gang","floor":15,"turns":3},{"damage":26,"enemies":"downfall:Silent","floor":16,"turns":4},{"damage":9,"enemies":"Shell Parasite","floor":19,"turns":3},{"damage":27,"enemies":"Book of Stabbing","floor":22,"turns":4},{"damage":3,"enemies":"Gremlin Leader","floor":27,"turns":5},{"damage":2,"enemies":"Spheric Guardian","floor":28,"turns":1},{"damage":0,"enemies":"Snake Plant","floor":29,"turns":2},{"damage":0,"enemies":"Cultist and Chosen","floor":30,"turns":3},{"damage":0,"enemies":"downfall:FleeingMerchant","floor":31,"turns":4},{"damage":5,"enemies":"3 Cultists","floor":32,"turns":2},{"damage":8,"enemies":"downfall:Defect","floor":33,"turns":4},{"damage":0,"enemies":"2 Orb Walkers","floor":36,"turns":2},{"damage":7,"enemies":"Giant Head","floor":37,"turns":3},{"damage":0,"enemies":"downfall:FleeingMerchant","floor":38,"turns":1},{"damage":9,"enemies":"3 Shapes","floor":39,"turns":3},{"damage":28,"enemies":"Nemesis","floor":45,"turns":4},{"damage":0,"enemies":"Orb Walker","floor":50,"turns":1},{"damage":0,"enemies":"Spire Growth","floor":51,"turns":3},{"damage":0,"enemies":"downfall:Watcher","floor":52,"turns":2},{"damage":14,"enemies":"Malkuth","floor":53,"turns":2},{"damage":65,"enemies":"Netzach","floor":53,"turns":3}],"seed_played":"906380934802380965","potions_obtained":[{"floor":13,"key":"Strength Potion"},{"floor":31,"key":"Swift Potion"},{"floor":32,"key":"BlessingOfTheForge"},{"floor":38,"key":"Reflective Coating"},{"floor":50,"key":"BlessingOfTheForge"}],"is_trial":false,"path_per_floor":["R","?","R","?","?","E","T","R","E","R","M","M","M","?","M","B",null,"R","M","R","?","E","R","T","T","R","E","M","M","M","$","M","B",null,"R","?","E","$","M","R","PTL","PTL","T","R","E","R","?","$","?","M","M","B",null],"character_chosen":"Angela","items_purchased":["SomewhereSpear+1","GoldRush+1","Membership Card","Lamp+1","Tough+1","HandDrill","InTheNameOfLoveAndHate+1"],"campfire_rested":0,"item_purchase_floors":[31,34,47,47,47,48,48],"current_hp_per_floor":[70,75,75,75,75,75,75,85,85,85,85,85,85,85,85,69,85,85,85,85,85,66,66,66,66,66,77,85,85,85,89,89,93,89,89,93,97,101,105,105,105,105,105,105,109,109,109,109,123,127,131,131],"gold":267,"neow_bonus":"THREE_ENEMY_KILL","is_daily":false,"chose_seed":false,"campfire_upgraded":0,"win_rate":0.0,"timestamp":1608430006,"path_taken":["R","?","R","?","?","E","T","R","E","R","M","M","?","?","M","BOSS","R","M","R","?","E","R","T","?","R","E","M","M","M","$","M","BOSS","R","?","E","$","M","R","PTL","PTL","T","R","E","R","?","$","?","?","M","BOSS"],"items_purchased_type":["Card","Card","Relic","Card","Card","Relic","Card"],"build_version":"2020-12-13","purchased_purges":0,"victory":true,"max_hp_per_floor":[70,75,75,75,75,75,75,85,85,85,85,85,85,85,85,85,85,85,85,85,85,85,85,85,85,85,85,85,85,85,89,89,93,89,89,93,97,101,105,105,105,105,105,105,109,109,109,109,123,127,131,131],"card_choices":[{"not_picked":[],"picked":"EpicFetus","floor":0},{"not_picked":["LittlePrince","Murderer","OldLady"],"picked":"Singing Bowl","floor":6},{"not_picked":["PunishingBird","LittlePrince"],"picked":"Mercenary","floor":6},{"not_picked":["SomewhereSpear","Penitence"],"picked":"WristCuter","floor":6},{"not_picked":["Beak+1","Regret_ego+1"],"picked":"SomewhereSpear+1","floor":9},{"not_picked":["CherryBlossoms","VoidDream"],"picked":"Woodsman","floor":9},{"not_picked":["LaLuna","DespairKnight","Murderer"],"picked":"Singing Bowl","floor":11},{"not_picked":["FairyFestival","Bloodbath"],"picked":"Scorched","floor":11},{"not_picked":["Hypocrisy+1","Horn+1"],"picked":"WristCuter+1","floor":11},{"not_picked":["Wellcheers","BlackSwan","BeautyBeast"],"picked":"Singing Bowl","floor":12},{"not_picked":["ScreamingWedge+1","SwordSharpenedByTears+1","FourthMatchFlame+1"],"picked":"SKIP","floor":12},{"not_picked":["BeautyBeast","LaLuna","OldLady"],"picked":"Singing Bowl","floor":13},{"not_picked":["Penitence+1","Galaxy+1"],"picked":"SomewhereSpear+1","floor":13},{"not_picked":["LittlePrince","SingingMachine"],"picked":"BlackArmy","floor":15},{"not_picked":["TheSmile+1","RedEyes+1","Harvest+1"],"picked":"SKIP","floor":15},{"not_picked":["Laetitia_ego+1","Loneliness+1","Wingbeat+1"],"picked":"SKIP","floor":15},{"not_picked":["TheSmile+1","RedEyes+1","Harvest+1"],"picked":"SKIP","floor":15},{"not_picked":["Laetitia_ego+1","Loneliness+1","Wingbeat+1"],"picked":"SKIP","floor":15},{"not_picked":["Mimicry+1","TheSmile+1"],"picked":"Adoration+1","floor":16},{"not_picked":["QueenBee","OSAHOGD","FieryBird"],"picked":"Singing Bowl","floor":16},{"not_picked":["TheSmile+1","Twilight+1"],"picked":"CENSORED_ego+1","floor":16},{"not_picked":["Spore+1","Noise+1"],"picked":"SomewhereSpear+1","floor":19},{"not_picked":["Scarecrow","Murderer"],"picked":"OldLady","floor":19},{"not_picked":["Wingbeat+1","Horn+1"],"picked":"Galaxy+1","floor":19},{"not_picked":["RapturousDream+1","Spore+1"],"picked":"InTheNameOfLoveAndHate+1","floor":19},{"not_picked":["CrimsonScar+1","CUTE+1","Harmony+1"],"picked":"SKIP","floor":19},{"not_picked":["CrimsonScar+1","Discord+1"],"picked":"SolemnVow+1","floor":22},{"not_picked":["MeatLantern","Porccubus","Wellcheers"],"picked":"Singing Bowl","floor":22},{"not_picked":["TodaysExpression+1","CherryBlossom+1"],"picked":"Tough+1","floor":22},{"not_picked":["Hypocrisy+1","TodaysExpression+1"],"picked":"Heaven+1","floor":22},{"not_picked":["Beak+1","Spore+1"],"picked":"Diffraction+1","floor":27},{"not_picked":["NothingThere","QueenOfHatred","MHz"],"picked":"Singing Bowl","floor":27},{"not_picked":["Harmony+1","ParadiseLost+1"],"picked":"Logging+1","floor":27},{"not_picked":["FeatherOfHonor+1","TheSmile+1","Penitence+1"],"picked":"SKIP","floor":27},{"not_picked":["CherryBlossom+1","Wingbeat+1","BlackSwan_ego+1"],"picked":"SKIP","floor":27},{"not_picked":["CrimsonScar+1","Penitence+1","RedEyes+1"],"picked":"SKIP","floor":27},{"not_picked":["LittleHelper","OSAHOGD","FairyFestival"],"picked":"Singing Bowl","floor":28},{"not_picked":["Noise+1","Discord+1"],"picked":"Spore+1","floor":28},{"not_picked":["Wingbeat+1","BloodyDesire+1","BlueScar+1"],"picked":"SKIP","floor":28},{"not_picked":["Loneliness+1","RedEyes+1"],"picked":"SolemnVow+1","floor":29},{"not_picked":["Porccubus","WhitesApple","OSAHOGD"],"picked":"Singing Bowl","floor":29},{"not_picked":["Laetitia_ego+1","CherryBlossom+1"],"picked":"Moonlight+1","floor":29},{"not_picked":["Wingbeat+1","RedEyes+1"],"picked":"Spore+1","floor":29},{"not_picked":["SwordSharpenedByTears+1","BloodyDesire+1"],"picked":"WristCuter+1","floor":30},{"not_picked":["MeltingLove","Funeral","BeautyBeast"],"picked":"Singing Bowl","floor":30},{"not_picked":["Tough+1","ScreamingWedge+1"],"picked":"CENSORED_ego+1","floor":30},{"not_picked":["Hypocrisy+1","GreenStem+1","Soda+1"],"picked":"SKIP","floor":30},{"not_picked":["Loneliness+1","Noise+1","Horn+1"],"picked":"SKIP","floor":30},{"not_picked":["SilentOrchestra","HappyTeddy"],"picked":"RedShoes","floor":31},{"not_picked":["Harmony+1","FourthMatchFlame+1"],"picked":"SomewhereSpear+1","floor":31},{"not_picked":["BearPaw+1","Loneliness+1"],"picked":"Heaven+1","floor":31},{"not_picked":["GalaxyChild","BeautyBeast","Rudolta"],"picked":"Singing Bowl","floor":32},{"not_picked":["Horn+1","Wingbeat+1"],"picked":"WristCuter+1","floor":32},{"not_picked":["Loneliness+1","TheSmile+1","CUTE+1"],"picked":"SKIP","floor":32},{"not_picked":["BlackSwan","Porccubus","Murderer"],"picked":"Singing Bowl","floor":33},{"not_picked":["Variant","SpiderBud"],"picked":"OSAHOGD","floor":33},{"not_picked":["Twilight+1","Justitia+1"],"picked":"GoldRush+1","floor":33},{"not_picked":["Pinks+1","ParadiseLost+1"],"picked":"GoldRush+1","floor":33},{"not_picked":["ParadiseLost+1","Pinks+1"],"picked":"SoundOfStar+1","floor":33},{"not_picked":["Wingbeat+1","LifeForTheDareDevil+1"],"picked":"Tough+1","floor":36},{"not_picked":["HappyTeddy","Rudolta"],"picked":"PunishingBird","floor":36},{"not_picked":["Wingbeat+1","Loneliness+1"],"picked":"Spore+1","floor":36},{"not_picked":["Penitence+1","FrostShard+1"],"picked":"RapturousDream+1","floor":36},{"not_picked":["FieryBird","BodiesMountain"],"picked":"Freischutz","floor":37},{"not_picked":["SolemnVow+1","ScreamingWedge+1"],"picked":"GrinderMk4+1","floor":37},{"not_picked":["FeatherOfHonor+1","Reverberation+1"],"picked":"Hornet+1","floor":37},{"not_picked":["SilentOrchestra","Porccubus"],"picked":"HappyTeddy","floor":38},{"not_picked":["ParadiseLost+1","Galaxy+1"],"picked":"GoldRush+1","floor":38},{"not_picked":["CherryBlossom+1","Soda+1","TodaysExpression+1"],"picked":"SKIP","floor":38},{"not_picked":["GreedKing","LittlePrince"],"picked":"SingingMachine","floor":39},{"not_picked":["Loneliness+1","Wingbeat+1"],"picked":"Tough+1","floor":39},{"not_picked":["Soda+1","SwordSharpenedByTears+1"],"picked":"Logging+1","floor":39},{"not_picked":["LittleHelper","NakedNest"],"picked":"BigBird","floor":45},{"not_picked":["Beak+1","RedEyes+1"],"picked":"SoundOfStar+1","floor":45},{"not_picked":["ScreamingWedge+1","Harmony+1"],"picked":"FourthMatchFlame+1","floor":45},{"not_picked":["Funeral","FieryBird"],"picked":"BodiesMountain","floor":50},{"not_picked":["BlueScar+1","Loneliness+1"],"picked":"Logging+1","floor":50},{"not_picked":["Wingbeat+1","Soda+1"],"picked":"TheSmile+1","floor":50},{"not_picked":["WallGazer","WhitesApple","LittlePrince"],"picked":"Singing Bowl","floor":51},{"not_picked":["Laetitia","LittleHelper"],"picked":"WhiteNight","floor":51},{"not_picked":["InTheNameOfLoveAndHate+1","Heaven+1"],"picked":"Lamp+1","floor":51},{"not_picked":["Regret_ego+1","TodaysExpression+1","RedEyes+1"],"picked":"SKIP","floor":51}],"player_experience":179021,"relics_obtained":[{"floor":6,"key":"Hololive_LightStick"},{"floor":6,"key":"LetterFromLob"},{"floor":9,"key":"TuHaoJin"},{"floor":22,"key":"White Beast Statue"},{"floor":24,"key":"Replay:Accelerometer"},{"floor":25,"key":"Whetstone"},{"floor":27,"key":"BookOfRevelations"},{"floor":36,"key":"Torii"},{"floor":37,"key":"AnarchistCookbook"},{"floor":37,"key":"Replay:Rubber Ducky"},{"floor":43,"key":"Replay:PocketPolymizer"},{"floor":45,"key":"CaptainsWheel"},{"floor":45,"key":"Kunai"}],"event_choices":[{"damage_healed":0,"gold_gain":0,"player_choice":"Donut","damage_taken":0,"max_hp_gain":5,"max_hp_loss":0,"event_name":"Big Fish","floor":2,"gold_loss":0},{"damage_healed":0,"gold_gain":0,"player_choice":"Fight","damage_taken":0,"max_hp_gain":0,"max_hp_loss":0,"event_name":"Mysterious Sphere","floor":36,"gold_loss":0}],"is_beta":false,"boss_relics":[{"not_picked":["Runic Pyramid","Calling Bell"],"picked":"Cursed Key"},{"not_picked":[]},{"not_picked":["Busted Crown","Empty Cage"],"picked":"Black Star"},{"not_picked":[]}],"items_purged_floors":[],"is_endless":false,"potions_floor_spawned":[13,31,32,38,50,51,53,53],"ascension_level":1}}