{"host":"wuk1ltmmka824l9y","time":1608441350,"event":{"mods":["AchievementEnabler","BaseMod","Custom Start","DeckTracker","Minty Spire (QoL Compilation)","Quick Restart","StSLib","SuperFastMode"],"gold_per_floor":[109,128,140,65,65,65,76,76,99,134,134,134,150,100,100,197,197,207,224,224,242,142,142,157,184,261,261,280,280,293,309,309,414,414,432,432,449,449,449],"floor_reached":38,"playtime":1449,"items_purged":["Strike_G","Strike_G"],"score":658,"play_id":"82c19e0b-a2ce-4964-a2c3-fa43e48695ac","local_time":"20201220141550","is_ascension_mode":true,"campfire_choices":[{"data":"Blade Dance","floor":6,"key":"SMITH"},{"data":"Blade Dance","floor":8,"key":"SMITH"},{"data":"Flechettes","floor":15,"key":"SMITH"},{"floor":23,"key":"REST"},{"data":"Accuracy","floor":27,"key":"SMITH"},{"data":"Footwork","floor":29,"key":"SMITH"},{"data":"Burst","floor":32,"key":"SMITH"}],"circlet_count":0,"master_deck":["Strike_G","Defend_G","Defend_G","Defend_G","Defend_G+1","Defend_G","Survivor","Neutralize","Blade Dance+1","Blade Dance+1","Die Die Die+1","Acrobatics+1","Flechettes+1","Footwork+1","Burst+1","Dodge and Roll+1","Well Laid Plans","Blade Dance","Accuracy+1","Cloak And Dagger+1","Malaise+1","Accuracy"],"relics":["Ring of the Serpent","Regal Pillow","Boot","SlaversCollar","Ancient Tea Set","Dream Catcher","Toxic Egg 2"],"acts_visited":["Exordium","TheCity","TheBeyond"],"potions_floor_usage":[19,25,33,37,38,38],"damage_taken":[{"damage":0,"enemies":"Cultist","floor":1,"turns":5},{"damage":1,"enemies":"Jaw Worm","floor":2,"turns":4},{"damage":0,"enemies":"Small Slimes","floor":3,"turns":2},{"damage":0,"enemies":"Exordium Wildlife","floor":7,"turns":2},{"damage":24,"enemies":"Lagavulin","floor":10,"turns":6},{"damage":5,"enemies":"Gremlin Gang","floor":13,"turns":2},{"damage":12,"enemies":"The Guardian","floor":16,"turns":15},{"damage":5,"enemies":"Shell Parasite","floor":18,"turns":5},{"damage":3,"enemies":"2 Thieves","floor":19,"turns":2},{"damage":33,"enemies":"Shelled Parasite and Fungi","floor":21,"turns":5},{"damage":0,"enemies":"Centurion and Healer","floor":24,"turns":3},{"damage":13,"enemies":"Slavers","floor":25,"turns":4},{"damage":8,"enemies":"Snake Plant","floor":28,"turns":3},{"damage":0,"enemies":"Sentry and Sphere","floor":30,"turns":3},{"damage":0,"enemies":"Chosen and Byrds","floor":31,"turns":3},{"damage":37,"enemies":"Automaton","floor":33,"turns":8},{"damage":6,"enemies":"Orb Walker","floor":35,"turns":4},{"damage":19,"enemies":"3 Darklings","floor":37,"turns":5},{"damage":48,"enemies":"Sphere and 2 Shapes","floor":38,"turns":3}],"seed_played":"-5319822348284805747","potions_obtained":[{"floor":16,"key":"Fire Potion"},{"floor":18,"key":"GamblersBrew"},{"floor":19,"key":"DuplicationPotion"},{"floor":21,"key":"EntropicBrew"},{"floor":24,"key":"EssenceOfSteel"},{"floor":30,"key":"EssenceOfSteel"},{"floor":33,"key":"Block Potion"},{"floor":37,"key":"AttackPotion"}],"is_trial":false,"path_per_floor":["M","M","M","$","?","R","M","R","T","E","$","?","M","?","R","B",null,"M","M","?","M","$","R","M","E","T","R","M","R","M","M","R","B",null,"M","?","M","M"],"character_chosen":"THE_SILENT","items_purchased":[],"campfire_rested":1,"item_purchase_floors":[],"current_hp_per_floor":[70,69,69,69,69,69,69,69,69,45,45,31,26,26,26,14,70,65,62,62,29,29,65,65,52,52,52,44,44,44,44,44,7,70,64,64,45,0,0],"gold":449,"neow_bonus":"TRANSFORM_CARD","is_daily":false,"chose_seed":false,"campfire_upgraded":6,"win_rate":0.0,"timestamp":1608441350,"path_taken":["M","M","M","$","?","R","M","R","T","E","$","?","M","?","R","BOSS","M","M","?","M","$","R","M","E","T","R","?","R","?","?","R","BOSS","M","?","M","M"],"items_purchased_type":[],"build_version":"2020-12-13","purchased_purges":2,"victory":false,"max_hp_per_floor":[70,70,70,70,70,70,70,70,70,70,70,70,70,70,70,70,70,70,70,70,70,70,70,70,70,70,70,70,70,70,70,70,70,70,70,66,66,66,66],"card_choices":[{"not_picked":["Outmaneuver","PiercingWail"],"picked":"Blade Dance","floor":1},{"not_picked":["Dagger Spray","Poisoned Stab"],"picked":"Blade Dance","floor":2},{"not_picked":["Dagger Throw","Flying Knee"],"picked":"Die Die Die","floor":3},{"not_picked":["Deflect","Bane"],"picked":"Acrobatics","floor":7},{"not_picked":["Heel Hook","Backstab"],"picked":"Flechettes","floor":10},{"not_picked":["Bane","PiercingWail"],"picked":"Footwork","floor":13},{"not_picked":["Bullet Time","Phantasmal Killer"],"picked":"Burst","floor":16},{"not_picked":["Noxious Fumes+1","Slice"],"picked":"Dodge and Roll+1","floor":18},{"not_picked":["Prepared","Deflect"],"picked":"Well Laid Plans","floor":19},{"not_picked":["Unload","Slice","Poisoned Stab"],"picked":"SKIP","floor":21},{"not_picked":["Sucker Punch","Slice"],"picked":"Blade Dance","floor":24},{"not_picked":["Underhanded Strike+1","Leg Sweep+1"],"picked":"Accuracy","floor":25},{"not_picked":["Slice+1","Sucker Punch+1","Outmaneuver+1"],"picked":"SKIP","floor":28},{"not_picked":["Eviscerate","Bane","Underhanded Strike+1"],"picked":"SKIP","floor":30},{"not_picked":["Blade Dance+1","Poisoned Stab"],"picked":"Cloak And Dagger+1","floor":31},{"not_picked":["Wraith Form v2","Doppelganger+1"],"picked":"Malaise+1","floor":33},{"not_picked":["Bane+1","Deflect+1","Caltrops"],"picked":"SKIP","floor":35},{"not_picked":["Blade Dance+1","Deflect+1"],"picked":"Accuracy","floor":37}],"player_experience":326274,"relics_obtained":[{"floor":9,"key":"Regal Pillow"},{"floor":10,"key":"Boot"},{"floor":25,"key":"Dream Catcher"},{"floor":26,"key":"Toxic Egg 2"}],"event_choices":[{"damage_healed":0,"gold_gain":0,"player_choice":"Grow","damage_taken":0,"max_hp_gain":0,"max_hp_loss":0,"event_name":"Living Wall","floor":5,"gold_loss":0,"cards_upgraded":["Die Die Die"]},{"damage_healed":0,"gold_gain":0,"player_choice":"Entered Light","damage_taken":14,"max_hp_gain":0,"max_hp_loss":0,"event_name":"Shining Light","floor":12,"gold_loss":0,"cards_upgraded":["Acrobatics","Defend_G"]},{"cards_removed":["Strike_G"],"damage_healed":0,"gold_gain":0,"player_choice":"Card Removal","damage_taken":0,"max_hp_gain":0,"max_hp_loss":0,"event_name":"The Cleric","floor":14,"gold_loss":50},{"damage_healed":0,"gold_gain":0,"player_choice":"Gave Potion","damage_taken":0,"relics_obtained":["Ancient Tea Set"],"max_hp_gain":0,"max_hp_loss":0,"event_name":"WeMeetAgain","floor":20,"gold_loss":0},{"damage_healed":0,"gold_gain":0,"player_choice":"Max HP","damage_taken":0,"max_hp_gain":0,"max_hp_loss":4,"event_name":"Winding Halls","floor":36,"gold_loss":0}],"is_beta":false,"boss_relics":[{"not_picked":["Ectoplasm","Pandora\u0027s Box"],"picked":"SlaversCollar"},{"not_picked":["Runic Pyramid","Snecko Eye"],"picked":"Ring of the Serpent"}],"items_purged_floors":[4,22],"is_endless":false,"potions_floor_spawned":[16,18,19,21,24,30,33,37],"killed_by":"Sphere and 2 Shapes","ascension_level":4}}