{"host":"cz3p2o9n3b1gdmkz","time":1608474768,"event":{"mods":["AchievementEnabler","BaseMod","CapriCore","GungeonMod","Hermit","Lobotomy","Minty Spire (QoL Compilation)","Replay The Spire","Shop Mod","StSLib","SuperFastMode","The Cursed","The Dragon Tamer","The Gatherer","The Jungle","The Poker Player","The Runesmith"],"gold_per_floor":[111,129,147,72,72,72,101,101,101,101,101,101,125,39,64,64,64,153,153,196,196,116,145,145,145,202,240,240,284,36,36,36,67,67,173,173,195,220,287,287,187,187,242,289,289,2,2,49,70,108,108,116,116],"floor_reached":52,"playtime":1866,"items_purged":["Injury","hermit:Determination","hermit:Covet+1"],"score":1195,"play_id":"1285c16f-d8eb-456e-b092-4c40b0850dc0","local_time":"20201220233248","is_ascension_mode":true,"campfire_choices":[{"data":"hermit:CursedWeapon","floor":6.0,"key":"SMITH"},{"data":"hermit:Snapshot","floor":8.0,"key":"SMITH"},{"data":"hermit:Strike_Hermit","floor":10.0,"key":"SMITH"},{"data":"hermit:Deadeye","floor":17.0,"key":"SMITH"},{"data":"ReplayTheSpireMod:Faulty Equipment","floor":25.0,"key":"SMITH"},{"floor":32,"key":"REST"},{"data":"Pot Of Greed","floor":34,"key":"SMITH"},{"data":"hermit:Covet","floor":42,"key":"SMITH"},{"floor":51,"key":"REST"}],"circlet_count":0,"master_deck":["AscendersBane","hermit:Strike_Hermit+1","hermit:Snapshot+1","hermit:CursedWeapon+1","hermit:Deadeye+1","hermit:Gambit+1","Pot Of Greed+1","Pot Of Greed+1","Madness+1","Madness"],"relics":["Kintsugi","Ginger","Replay:Bandana","MutagenicStrength","Grinning Jar","Gremlin Horn","Gremlin Food","TheAbacus","Sozu","StoneCalendar","hermit:Spyglass","Letter Opener","Bird Faced Urn","DollysMirror","CeramicFish"],"acts_visited":["Exordium","TheCity","TheBeyond"],"potions_floor_usage":[29,38,50],"damage_taken":[{"damage":0.0,"enemies":"Cultist","floor":1.0,"turns":2.0},{"damage":2.0,"enemies":"Small Slimes","floor":2.0,"turns":2.0},{"damage":13.0,"enemies":"Jaw Worm","floor":3.0,"turns":2.0},{"damage":22.0,"enemies":"Lagavulin","floor":7.0,"turns":5.0},{"damage":10.0,"enemies":"2 Fungi Beasts","floor":13.0,"turns":2.0},{"damage":2.0,"enemies":"Exordium Wildlife","floor":15.0,"turns":1.0},{"damage":2.0,"enemies":"Slime Boss","floor":18.0,"turns":6.0},{"damage":12.0,"enemies":"3 Byrds","floor":20.0,"turns":4.0},{"damage":2.0,"enemies":"Chosen","floor":23.0,"turns":2.0},{"damage":31.0,"enemies":"Gremlin Leader","floor":26.0,"turns":4.0},{"damage":8.0,"enemies":"3 Cultists","floor":27.0,"turns":3.0},{"damage":2,"enemies":"Slavers","floor":29,"turns":1},{"damage":2,"enemies":"Shelled Parasite and Fungi","floor":33,"turns":2},{"damage":5,"enemies":"Automaton","floor":35,"turns":4},{"damage":2,"enemies":"3 Shapes","floor":37,"turns":1},{"damage":2,"enemies":"3 Darklings","floor":38,"turns":1},{"damage":2,"enemies":"2 Orb Walkers","floor":39,"turns":2},{"damage":2,"enemies":"Reptomancer","floor":43,"turns":2},{"damage":2,"enemies":"Mind Bloom Boss Battle","floor":44,"turns":2},{"damage":30,"enemies":"R_Hoarder","floor":48,"turns":6},{"damage":2,"enemies":"Sphere and 2 Shapes","floor":49,"turns":1},{"damage":8,"enemies":"Writhing Mass","floor":50,"turns":2},{"damage":25,"enemies":"Donu and Deca","floor":52,"turns":2}],"seed_played":"2745079805330403336","potions_obtained":[{"floor":1.0,"key":"FearPotion"},{"floor":2.0,"key":"SpeedPotion"},{"floor":7.0,"key":"Milkshake"},{"floor":13.0,"key":"Fire Potion"},{"floor":27.0,"key":"SteroidPotion"},{"floor":29,"key":"LiquidMemories"},{"floor":35,"key":"AttackPotion"}],"is_trial":false,"path_per_floor":["M","M","M","$","?","R","E","R","T","R","PTL","PTL","M","$","M","?","R","B",null,"M","?","?","M","$","R","E","M","T","E","$","?","R","M","R","B",null,"M","M","?","T","$","R","E","?","T","$","?","E","M","M","R","B"],"character_chosen":"HERMIT","items_purchased":["hermit:Deadeye","TheAbacus","Languid Potion","DollysMirror"],"campfire_rested":2,"item_purchase_floors":[14,30,30,46],"current_hp_per_floor":[64,62,49,49,49,49,27,27,27,27,27,27,17,17,15,15,15,13,57,45,45,45,43,43,43,12,4,4,2,2,2,23,21,21,16,57,55,53,51,51,51,51,49,47,47,47,34,14,12,4,25,0,0],"gold":116,"neow_bonus":"BOSS_RELIC","is_daily":false,"chose_seed":false,"campfire_upgraded":7,"win_rate":0.0,"timestamp":1608474768,"path_taken":["M","M","M","$","?","R","E","R","T","R","PTL","PTL","M","$","?","?","R","BOSS","M","?","?","M","$","R","E","M","T","E","?","?","R","M","R","BOSS","M","M","?","?","$","R","E","?","T","$","?","E","?","M","R","BOSS"],"items_purchased_type":["Card","Relic","Potion","Relic"],"build_version":"2020-12-13","purchased_purges":3,"victory":false,"max_hp_per_floor":[71,71,71,71,71,71,71,71,71,71,71,71,71,71,71,71,71,71,71,71,71,71,71,71,71,71,71,71,71,71,71,71,71,71,71,71,71,71,71,71,71,71,71,71,71,71,71,71,71,71,71,71,71],"card_choices":[{"not_picked":["hermit:ShadowCloak","hermit:Grudge"],"picked":"hermit:CursedWeapon","floor":1.0},{"not_picked":["hermit:Maintenance","hermit:Roulette","hermit:Grudge"],"picked":"SKIP","floor":2.0},{"not_picked":["hermit:LowProfile","hermit:FromBeyond","hermit:Manifest"],"picked":"SKIP","floor":3.0},{"not_picked":["hermit:Grudge","hermit:Headshot","hermit:Snipe"],"picked":"SKIP","floor":7.0},{"not_picked":["hermit:HighCaliber","hermit:Snipe","hermit:BigShot"],"picked":"SKIP","floor":13.0},{"not_picked":["hermit:GoldenBullet","hermit:Brawl","hermit:CalledShot"],"picked":"SKIP","floor":15.0},{"not_picked":["hermit:FatalDesire","hermit:Roughhouse"],"picked":"hermit:Gambit","floor":18.0},{"not_picked":["hermit:Feint+1","hermit:Manifest","hermit:TakeCover"],"picked":"SKIP","floor":20.0},{"not_picked":["hermit:PistolWhip","hermit:Glare","hermit:CursedWeapon"],"picked":"SKIP","floor":23.0},{"not_picked":["hermit:Desperado","hermit:HighCaliber","hermit:CursedWeapon"],"picked":"SKIP","floor":26.0},{"not_picked":["hermit:Roulette","hermit:Ricochet","hermit:HoleUp"],"picked":"SKIP","floor":27.0},{"not_picked":["hermit:GoldenBullet","hermit:Manifest","hermit:OverwhelmingPower"],"picked":"SKIP","floor":29},{"not_picked":["hermit:ItchyTrigger","hermit:CalledShot","hermit:GhostlyPresence"],"picked":"SKIP","floor":33},{"not_picked":["hermit:HighCaliber","hermit:Roulette","hermit:Showdown+1"],"picked":"SKIP","floor":37},{"not_picked":["hermit:Roulette","hermit:LoneWolf","hermit:Desperado+1"],"picked":"SKIP","floor":38},{"not_picked":["hermit:Snipe","hermit:Horror","hermit:Ricochet"],"picked":"SKIP","floor":43},{"not_picked":["hermit:PistolWhip+1","hermit:BigShot","hermit:Feint"],"picked":"SKIP","floor":48},{"not_picked":["hermit:ItchyTrigger","hermit:Quickdraw","hermit:WideOpen+1"],"picked":"SKIP","floor":49},{"not_picked":["hermit:GhostlyPresence","hermit:HighCaliber+1","hermit:CalledShot"],"picked":"SKIP","floor":50}],"player_experience":994431,"relics_obtained":[{"floor":7.0,"key":"Ginger"},{"floor":9.0,"key":"Replay:Bandana"},{"floor":26.0,"key":"Grinning Jar"},{"floor":28.0,"key":"Gremlin Horn"},{"floor":29,"key":"Gremlin Food"},{"floor":39,"key":"StoneCalendar"},{"floor":40,"key":"hermit:Spyglass"},{"floor":43,"key":"Letter Opener"},{"floor":44,"key":"Bird Faced Urn"},{"floor":48,"key":"CeramicFish"}],"event_choices":[{"damage_healed":0.0,"max_hp_gain":0.0,"max_hp_loss":0.0,"gold_gain":0.0,"cards_transformed":["hermit:Strike_Hermit"],"event_name":"Transmorgrifier","player_choice":"Transformed","floor":5.0,"gold_loss":0.0,"damage_taken":0.0,"cards_obtained":["hermit:Determination"]},{"damage_healed":0.0,"max_hp_gain":0.0,"max_hp_loss":0.0,"gold_gain":0.0,"event_name":"Shining Light","player_choice":"Ignored","floor":16.0,"gold_loss":0.0,"damage_taken":0.0},{"damage_healed":0.0,"max_hp_gain":0.0,"max_hp_loss":0.0,"gold_gain":0.0,"event_name":"Drug Dealer","player_choice":"Inject Mutagens","floor":21.0,"gold_loss":0.0,"damage_taken":0.0,"relics_obtained":["MutagenicStrength"]},{"cards_removed":["hermit:Strike_Hermit"],"damage_healed":0,"gold_gain":0,"player_choice":"Elegance","damage_taken":0,"max_hp_gain":0,"max_hp_loss":0,"event_name":"Back to Basics","floor":31,"gold_loss":0},{"damage_healed":0,"gold_gain":0,"player_choice":"Fight","damage_taken":0,"max_hp_gain":0,"max_hp_loss":0,"event_name":"Mysterious Sphere","floor":39,"gold_loss":0},{"damage_healed":0,"gold_gain":0,"player_choice":"Fight","damage_taken":0,"max_hp_gain":0,"max_hp_loss":0,"event_name":"MindBloom","floor":44,"gold_loss":0},{"damage_healed":0,"gold_gain":0,"player_choice":"Embrace Madness","damage_taken":13,"max_hp_gain":0,"max_hp_loss":0,"event_name":"Winding Halls","floor":47,"gold_loss":0,"cards_obtained":["Madness","Madness"]}],"is_beta":false,"boss_relics":[{"not_picked":["Ectoplasm","Velvet Choker","Cursed Key"]},{"not_picked":["Coffee Dripper","Ring of Chaos"],"picked":"Sozu"}],"items_purged_floors":[4,41,46],"is_endless":false,"potions_floor_spawned":[1,2,7,13,27,29,35,43,48,49],"killed_by":"Donu and Deca","ascension_level":17}}