{"host":"qwv9nni2x0umspiu","time":1608469890,"event":{"mods":["BaseMod","Downfall","Minty Spire (QoL Compilation)","Replay The Spire","StSLib","The Hierophant","Wandering Minibosses"],"gold_per_floor":[112,112,132,57,77,77,105,79,103,103,121,121,121,126,126,204,204,216,61,61,61,71,71,84,96,96,96,105,105,105,116,116,193,193,207,82,95,108,108,87,117,146,146,133,133,145,145,160,160,160,160],"floor_reached":50,"playtime":2486,"items_purged":["hierophant:Strike_Hierophant","hierophant:Strike_Hierophant","hierophant:Strike_Hierophant"],"score":1258,"play_id":"a03dbc04-e876-4613-9896-21990f08fe59","local_time":"20201220051130","is_ascension_mode":true,"campfire_choices":[{"data":"hierophant:ChurchCoffers","floor":6,"key":"SMITH"},{"data":"hierophant:Punish","floor":10,"key":"SMITH"},{"data":"hierophant:Community","floor":12,"key":"SMITH"},{"data":"hierophant:Zeal","floor":15,"key":"SMITH"},{"data":"hierophant:Upheaval","floor":23,"key":"SMITH"},{"data":"hierophant:Alms","floor":27,"key":"SMITH"},{"data":"hierophant:SealAway","floor":29,"key":"SMITH"},{"data":"hierophant:Racketeering","floor":32,"key":"SMITH"},{"data":"hierophant:Encroach","floor":45,"key":"SMITH"},{"floor":47,"key":"RECALL"},{"data":"hierophant:HammerAndAnvil","floor":49,"key":"SMITH"}],"circlet_count":0,"master_deck":["AscendersBane","hierophant:Punish+1","hierophant:Defend_Hierophant","hierophant:Defend_Hierophant","hierophant:Defend_Hierophant","hierophant:ChurchCoffers+1","hierophant:Community+1","hierophant:Smite","hierophant:Racketeering+1","hierophant:Zeal+1","hierophant:Alms+1","hierophant:SealAway+1","hierophant:Upheaval+1","hierophant:Chorus+1","hierophant:Shelter","hierophant:Encroach+1","hierophant:MirrorShield+1","hierophant:HammerAndAnvil+1"],"relics":["hierophant:PropheticMaskRelic","NeowsBlessing","Pondfish Scales","Tiny Chest","Chameleon Ring","Replay:Bronze Core","PreservedInsect","Mirror","WingedGreaves","Incense Burner","Philosopher\u0027s Stone","ReplayFunnel","Molten Egg 2","ReplayTheSpireMod:Shallot","Question Card"],"acts_visited":["Exordium","TheCity","TheBeyond"],"potions_floor_usage":[16,18,25,33,40],"damage_taken":[{"damage":0,"enemies":"2 Louse","floor":1,"turns":1},{"damage":0,"enemies":"Jaw Worm","floor":3,"turns":1},{"damage":0,"enemies":"Lagavulin","floor":7,"turns":1},{"damage":2,"enemies":"Cultist","floor":11,"turns":4},{"damage":0,"enemies":"3 Sentries","floor":14,"turns":4},{"damage":12,"enemies":"Slime Boss","floor":16,"turns":4},{"damage":0,"enemies":"Shell Parasite","floor":18,"turns":4},{"damage":0,"enemies":"Spheric Guardian","floor":22,"turns":1},{"damage":12,"enemies":"Slavers","floor":24,"turns":3},{"damage":11,"enemies":"Centurion and Healer","floor":25,"turns":2},{"damage":4,"enemies":"Gremlin Leader","floor":28,"turns":3},{"damage":0,"enemies":"Sentry and Sphere","floor":31,"turns":2},{"damage":8,"enemies":"Collector","floor":33,"turns":7},{"damage":0,"enemies":"3 Darklings","floor":35,"turns":2},{"damage":0,"enemies":"3 Shapes","floor":37,"turns":1},{"damage":0,"enemies":"Sphere and 2 Shapes","floor":38,"turns":1},{"damage":29,"enemies":"R_Hoarder","floor":40,"turns":7},{"damage":0,"enemies":"Reptomancer","floor":41,"turns":2},{"damage":2,"enemies":"Nemesis","floor":42,"turns":3},{"damage":0,"enemies":"R_Hoarder","floor":44,"turns":7},{"damage":0,"enemies":"4 Shapes","floor":46,"turns":3},{"damage":0,"enemies":"3 Darklings","floor":48,"turns":2},{"damage":34,"enemies":"Awakened One","floor":50,"turns":8}],"seed_played":"6898897889091065299","potions_obtained":[{"floor":1,"key":"LifebloodPotion"},{"floor":3,"key":"Strength Potion"},{"floor":14,"key":"Death Potion"},{"floor":24,"key":"Explosive Potion"},{"floor":28,"key":"Weak Potion"},{"floor":33,"key":"Elixir"},{"floor":35,"key":"Swift Potion"},{"floor":40,"key":"LiquidBronze"}],"is_trial":false,"path_per_floor":["M","?","M","$","?","R","E","$","T","R","M","R","?","E","R","B",null,"M","$","?","T","M","R","E","M","T","R","E","R","$","M","R","B",null,"M","$","M","M","$","E","E","E","T","E","R","M","R","M","R","B"],"character_chosen":"HIEROPHANT","items_purchased":["hierophant:Zeal","hierophant:SealAway"],"campfire_rested":0,"item_purchase_floors":[8,19],"current_hp_per_floor":[68,68,68,68,44,44,44,44,44,44,42,42,42,42,42,30,64,64,64,64,64,64,64,52,41,41,41,37,37,37,37,37,29,64,64,64,64,64,64,35,35,33,33,33,33,33,33,33,33,0,0],"gold":160,"neow_bonus":"THREE_ENEMY_KILL","is_daily":false,"chose_seed":false,"campfire_upgraded":10,"win_rate":0.0,"timestamp":1608469890,"path_taken":["M","?","M","$","?","R","E","$","T","R","?","R","?","E","R","BOSS","M","$","?","?","M","R","E","M","T","R","E","R","$","M","R","BOSS","M","$","M","M","$","E","E","E","T","E","R","M","R","M","R","BOSS"],"items_purchased_type":["Card","Card"],"build_version":"2020-12-13","purchased_purges":3,"victory":false,"max_hp_per_floor":[75,75,75,75,75,75,75,75,75,75,75,75,75,75,75,75,75,75,75,75,75,75,75,75,75,75,75,75,75,75,75,75,75,75,75,75,75,75,75,75,75,75,75,75,75,75,75,75,75,75,75],"card_choices":[{"not_picked":["hierophant:MirrorShield","hierophant:Embezzle"],"picked":"hierophant:Community","floor":1},{"not_picked":["hierophant:FlamingChariot","hierophant:Racketeering"],"picked":"hierophant:Smite","floor":3},{"not_picked":["hierophant:Charity","hierophant:EyeForCoin"],"picked":"hierophant:Racketeering","floor":5},{"not_picked":["hierophant:RepressedViolence","hierophant:FieryStrike","hierophant:Embezzle"],"picked":"SKIP","floor":7},{"not_picked":["hierophant:Charity","hierophant:Remorse","hierophant:Zeal"],"picked":"SKIP","floor":11},{"not_picked":["hierophant:CoinFling","hierophant:Prophecy","hierophant:PristineSoul"],"picked":"SKIP","floor":14},{"not_picked":["hierophant:Doomsaying","hierophant:SecretStash"],"picked":"hierophant:Alms","floor":18},{"not_picked":["hierophant:DisplayOfPower","hierophant:Community"],"picked":"hierophant:Upheaval","floor":22},{"not_picked":["hierophant:PassingBell","hierophant:Purify","hierophant:SealAway"],"picked":"SKIP","floor":24},{"not_picked":["hierophant:FaithHealing","hierophant:SealAway","hierophant:Batter"],"picked":"SKIP","floor":25},{"not_picked":["hierophant:Prophecy","hierophant:Community"],"picked":"hierophant:Chorus+1","floor":28},{"not_picked":["hierophant:Refuge","hierophant:PassingBell","hierophant:Patience"],"picked":"SKIP","floor":31},{"not_picked":["hierophant:RepressedViolence","hierophant:FlamingChariot+1","hierophant:RustyCrate+1"],"picked":"SKIP","floor":35},{"not_picked":["hierophant:CursedGold+1","hierophant:Doubloon","hierophant:FieryStrike"],"picked":"SKIP","floor":37},{"not_picked":["hierophant:Prophecy","hierophant:SealAway","hierophant:Smite"],"picked":"SKIP","floor":38},{"not_picked":["hierophant:Glossolalia","hierophant:CoinFling+1","hierophant:Doubloon"],"picked":"SKIP","floor":40},{"not_picked":["hierophant:Racketeering+1","hierophant:Repentance"],"picked":"hierophant:Shelter","floor":41},{"not_picked":["hierophant:DivineIntervention","hierophant:Empathy"],"picked":"hierophant:Encroach","floor":42},{"not_picked":["hierophant:LocustPlague+1","hierophant:Encroach"],"picked":"hierophant:MirrorShield+1","floor":44},{"not_picked":["hierophant:PassingBell+1","hierophant:RepressedViolence+1","hierophant:RustyCrate","hierophant:Refuge"],"picked":"SKIP","floor":46},{"not_picked":["hierophant:PassingBell+1","hierophant:RepressedViolence+1","hierophant:RustyCrate","hierophant:Refuge"],"picked":"SKIP","floor":46},{"not_picked":["hierophant:Smite+1","hierophant:AuricBeam+1","hierophant:Refuge+1"],"picked":"hierophant:HammerAndAnvil","floor":48}],"player_experience":1283717,"relics_obtained":[{"floor":5,"key":"Pondfish Scales"},{"floor":9,"key":"Tiny Chest"},{"floor":14,"key":"Chameleon Ring"},{"floor":21,"key":"PreservedInsect"},{"floor":24,"key":"Mirror"},{"floor":26,"key":"WingedGreaves"},{"floor":28,"key":"Incense Burner"},{"floor":40,"key":"ReplayFunnel"},{"floor":41,"key":"Molten Egg 2"},{"floor":42,"key":"ReplayTheSpireMod:Shallot"},{"floor":44,"key":"Question Card"}],"event_choices":[{"damage_healed":0,"gold_gain":0,"player_choice":"Ignored","damage_taken":0,"max_hp_gain":0,"max_hp_loss":0,"event_name":"Liars Game","floor":2,"gold_loss":0},{"cards_removed":["hierophant:Strike_Hierophant"],"damage_healed":0,"gold_gain":0,"player_choice":"Purged","damage_taken":0,"max_hp_gain":0,"max_hp_loss":0,"event_name":"Purifier","floor":13,"gold_loss":0},{"cards_removed":["hierophant:Defend_Hierophant"],"damage_healed":0,"gold_gain":0,"player_choice":"Elegance","damage_taken":0,"max_hp_gain":0,"max_hp_loss":0,"event_name":"Back to Basics","floor":20,"gold_loss":0}],"is_beta":false,"boss_relics":[{"not_picked":["Cursed Key","Pandora\u0027s Box"],"picked":"Replay:Bronze Core"},{"not_picked":["Calling Bell","Runic Dome"],"picked":"Philosopher\u0027s Stone"}],"items_purged_floors":[4,19,36],"is_endless":false,"potions_floor_spawned":[1,3,11,14,24,28,33,35,40,41,44,46],"killed_by":"Awakened One","ascension_level":20}}