{"host":"htqwg582tjjtn9p7","time":1608480532,"event":{"mods":["2.2 Compatiblity","AchievementEnabler","Act Like it!","Aspiration","BaseMod","Better Third Choice","Colored Map","Conspire","Curses Come First","Displayed Cursed Tome","Energized Spire","Force Act Four","GifTheSpireLib","Hermit","Highlight Path","JesterMod","Mad Scientist","Minty Spire (QoL Compilation)","Pale of the Ancients","Permanent Neow","Random Character Button","Relic Stats","Replay The Spire","Robot Space Explorer","Somnambulant","Spicy Shops","Spikes Relics","StSLib","Stuff the Spire","The Blue Laboratory","The Disciple","The Dragon Tamer","The Forsaken","The Gatherer","The Judge","The Jungle","The Runesmith","The Servant 0.9.4"],"gold_per_floor":[110,5,5,31,62,62,93,93,93,103,8,19,19,49,49,125,125,139,150,150,168,178,178,207,207,278,306,306,340,351,351,351,429,429,444,444,444,464,344,344,378,378,378,409,409,429,463,220,220,220,232,244,244,244,244,255,255,8,8,8],"floor_reached":61,"playtime":2369,"items_purged":["Strike_G","Strike_G"],"score":2707,"play_id":"6247721d-d162-469b-81b0-6edebb86861c","local_time":"20201220170852","is_ascension_mode":true,"campfire_choices":[{"data":"Neutralize","floor":6,"key":"SMITH"},{"data":"Footwork","floor":8,"key":"SMITH"},{"floor":13,"key":"REST"},{"data":"Prepared","floor":15,"key":"SMITH"},{"data":"Prepared","floor":23,"key":"SMITH"},{"data":"ReplayTheSpireMod:Scrap Shanks","floor":25,"key":"SMITH"},{"data":"ReplayTheSpireMod:Scrap Shanks","floor":28,"key":"SMITH"},{"floor":32,"key":"REST"},{"data":"Hidden Blade","floor":40,"key":"SMITH"},{"data":"Acrobatics","floor":42,"key":"SMITH"},{"data":"Tactician","floor":49,"key":"SMITH"},{"data":"Calculated Gamble","floor":55,"key":"SMITH"},{"data":"Acrobatics","floor":57,"key":"SMITH"}],"circlet_count":0,"master_deck":["AscendersBane","Strike_G","Strike_G","Strike_G","Defend_G","Defend_G","Defend_G","Defend_G+1","Survivor","Neutralize+1","Caltrops","Footwork+1","StuffTheSpire:Injection+1","PiercingWail","conspire:Banana","ReplayTheSpireMod:Scrap Shanks+1","Prepared+1","Wraith Form v2","ReplayTheSpireMod:The Works","ReplayTheSpireMod:Scrap Shanks+1","Acrobatics+1","Prepared+1","Terror","Underhanded Strike","Hidden Blade+1","Acrobatics+1","Deflect","StuffTheSpire:BrainWave","Pace+1","Tactician+1","Calculated Gamble+1","Acrobatics+1","Acrobatics","Blade Dance","Dagger Throw+1"],"relics":["aspiration:MobileForge","Replay:Rubber Ducky","aspiration:ChemicalBlood","theForsaken:Gavel","StuffTheSpire:RubySignet","Thread and Needle","Snecko Scales","LugNut","conspire:DecoderRing","Snake Skull","Nunchaku","aspiration:Stabinomicon","energizedSpire:MagnifyingGlass","Mango","FossilizedHelix","RollingBoulder","aspiration:FrozenJewel","Orrery","paleoftheancients:Timepiece","Gremlin Horn","CultistMask","paleoftheancients:SoulOfTheWokeBloke","StuffTheSpire:EmeraldSignet","Runesmith:AutoHammer"],"acts_visited":["Exordium","TheCity","TheBeyond","TheBeyond"],"potions_floor_usage":[18,22,24,29,35],"damage_taken":[{"damage":0,"enemies":"Small Slimes","floor":1,"turns":5},{"damage":6,"enemies":"conspire:MimicChest","floor":5,"turns":7},{"damage":10,"enemies":"Lagavulin","floor":7,"turns":7},{"damage":9,"enemies":"Jaw Worm","floor":10,"turns":3},{"damage":0,"enemies":"2 Louse","floor":12,"turns":3},{"damage":0,"enemies":"3 Sentries","floor":14,"turns":11},{"damage":7,"enemies":"The Guardian","floor":16,"turns":12},{"damage":0,"enemies":"2 Thieves","floor":18,"turns":4},{"damage":0,"enemies":"Chosen","floor":19,"turns":5},{"damage":0,"enemies":"Shelled Parasite and Fungi","floor":21,"turns":6},{"damage":0,"enemies":"Centurion and Healer","floor":22,"turns":4},{"damage":0,"enemies":"Slavers","floor":24,"turns":4},{"damage":12,"enemies":"Book of Stabbing","floor":27,"turns":4},{"damage":7,"enemies":"Slavers","floor":29,"turns":3},{"damage":0,"enemies":"Snake Plant","floor":30,"turns":3},{"damage":0,"enemies":"Collector","floor":33,"turns":3},{"damage":1,"enemies":"3 Darklings","floor":35,"turns":4},{"damage":0,"enemies":"3 Shapes","floor":38,"turns":3},{"damage":0,"enemies":"Reptomancer","floor":41,"turns":4},{"damage":0,"enemies":"Nemesis","floor":44,"turns":3},{"damage":0,"enemies":"Transient","floor":46,"turns":3},{"damage":0,"enemies":"R_Hoarder","floor":47,"turns":3},{"damage":24,"enemies":"Time Eater","floor":50,"turns":6},{"damage":0,"enemies":"Time Eater","floor":51,"turns":3},{"damage":0,"enemies":"Time Eater","floor":52,"turns":2},{"damage":0,"enemies":"Time Eater","floor":56,"turns":2},{"damage":0,"enemies":"paleoftheancients:N","floor":60,"turns":2}],"seed_played":"-9001207538358878436","potions_obtained":[{"floor":10,"key":"SkillPotion"},{"floor":16,"key":"blueLaboratory:ImpenetrablePotion"},{"floor":21,"key":"SpeedPotion"},{"floor":30,"key":"CunningPotion"},{"floor":35,"key":"DuplicationPotion"},{"floor":51,"key":"PowerPotion"}],"is_trial":false,"path_per_floor":["M","$","?","T","?","R","E","R","T","M","$","M","R","E","R","B",null,"M","M","?","M","M","R","E","R","T","E","R","E","M","?","R","B",null,"M","?","?","M","$","R","E","R","T","E","?","M","E","$","R","B","M","M","?","T","R","M","R","$","?","B",null],"character_chosen":"THE_SILENT","items_purchased":["Footwork","StuffTheSpire:Injection","conspire:Banana","Hidden Blade","Orrery","blueLaboratory:ImpenetrablePotion","Runesmith:AutoHammer"],"campfire_rested":2,"item_purchase_floors":[2,2,11,39,48,58,58],"current_hp_per_floor":[59,59,59,59,53,53,43,43,43,34,34,35,55,56,56,52,65,67,70,70,73,74,74,76,76,76,66,66,61,63,42,66,68,80,81,81,81,82,82,82,98,98,98,100,90,91,93,93,93,87,92,96,91,91,91,95,95,95,95,99],"gold":8,"neow_bonus":"BOSS_RELIC","is_daily":false,"chose_seed":false,"campfire_upgraded":11,"win_rate":0.0,"timestamp":1608480532,"path_taken":["M","$","?","?","?","R","E","R","T","M","$","M","R","E","R","BOSS","M","M","?","M","?","R","E","R","T","E","R","E","M","?","R","BOSS","M","?","?","?","$","R","E","R","T","E","?","M","E","$","R","BOSS","M","M","?","T","R","M","R","$","?","BOSS"],"items_purchased_type":["Card","Card","Card","Card","Relic","Potion","Relic"],"build_version":"2020-12-13","purchased_purges":2,"victory":true,"max_hp_per_floor":[66,66,66,66,66,66,66,66,66,66,66,67,67,68,68,69,69,71,72,72,73,74,74,76,76,76,78,78,80,82,82,82,84,84,86,86,86,87,87,87,103,103,103,105,90,91,93,93,93,93,95,97,97,97,97,98,98,98,98,100],"relic_stats":{"Nunchaku":[30],"Gremlin Horn":[18,19],"counters":[27,119],"Snake Skull":[9],"obtain_stats":[{"Gremlin Horn":50,"Mango":41,"Snake Skull":27,"StuffTheSpire:EmeraldSignet":54,"aspiration:Stabinomicon":31,"theForsaken:Gavel":7,"Replay:Rubber Ducky":4,"Nunchaku":29,"aspiration:MobileForge":0,"conspire:DecoderRing":26,"RollingBoulder":44,"LugNut":24,"Ring of the Snake":0,"aspiration:ChemicalBlood":5,"Thread and Needle":14,"aspiration:FrozenJewel":47,"paleoftheancients:Timepiece":50,"Snecko Scales":17,"paleoftheancients:SoulOfTheWokeBloke":51,"Orrery":48,"CultistMask":50,"StuffTheSpire:RubySignet":9,"energizedSpire:MagnifyingGlass":34,"Runesmith:AutoHammer":58,"FossilizedHelix":43},{"Gremlin Horn":23,"Mango":19,"Snake Skull":13,"StuffTheSpire:EmeraldSignet":25,"aspiration:Stabinomicon":15,"theForsaken:Gavel":3,"Replay:Rubber Ducky":1,"Nunchaku":14,"aspiration:MobileForge":0,"conspire:DecoderRing":12,"RollingBoulder":20,"LugNut":12,"Ring of the Snake":0,"aspiration:ChemicalBlood":2,"Thread and Needle":6,"aspiration:FrozenJewel":22,"paleoftheancients:Timepiece":23,"Snecko Scales":7,"paleoftheancients:SoulOfTheWokeBloke":24,"Orrery":22,"CultistMask":23,"StuffTheSpire:RubySignet":3,"energizedSpire:MagnifyingGlass":16,"Runesmith:AutoHammer":26,"FossilizedHelix":19},{"Gremlin Horn":110,"Mango":95,"Snake Skull":75,"StuffTheSpire:EmeraldSignet":115,"aspiration:Stabinomicon":81,"theForsaken:Gavel":19,"Replay:Rubber Ducky":5,"Nunchaku":78,"aspiration:MobileForge":0,"conspire:DecoderRing":71,"RollingBoulder":98,"LugNut":71,"Ring of the Snake":0,"aspiration:ChemicalBlood":12,"Thread and Needle":36,"aspiration:FrozenJewel":104,"paleoftheancients:Timepiece":110,"Snecko Scales":48,"paleoftheancients:SoulOfTheWokeBloke":113,"Orrery":104,"CultistMask":110,"StuffTheSpire:RubySignet":19,"energizedSpire:MagnifyingGlass":84,"Runesmith:AutoHammer":117,"FossilizedHelix":95}]},"card_choices":[{"not_picked":["Sucker Punch","StuffTheSpire:Injection"],"picked":"Caltrops","floor":1},{"not_picked":["Deadly Poison","Hidden Blade"],"picked":"PiercingWail","floor":5},{"not_picked":["Flying Knee","Bane","StuffTheSpire:BumpUp"],"picked":"SKIP","floor":7},{"not_picked":["StuffTheSpire:Fury","Phantasmal Killer","Underhanded Strike"],"picked":"SKIP","floor":10},{"not_picked":["StuffTheSpire:BumpUp","Calculated Gamble"],"picked":"ReplayTheSpireMod:Scrap Shanks","floor":12},{"not_picked":["Glass Knife","Dagger Spray"],"picked":"Prepared","floor":14},{"not_picked":["Unload","aspiration:Lunge"],"picked":"Wraith Form v2","floor":16},{"not_picked":["Poisoned Stab","Dagger Spray","Bane"],"picked":"SKIP","floor":18},{"not_picked":["Dagger Throw","Bane"],"picked":"ReplayTheSpireMod:The Works","floor":19},{"not_picked":["ReplayTheSpireMod:Shiv Toss","Poisoned Stab"],"picked":"Acrobatics","floor":21},{"not_picked":["Bane","Backflip"],"picked":"Prepared","floor":22},{"not_picked":["Doppelganger","Sucker Punch","ReplayTheSpireMod:From All Sides"],"picked":"SKIP","floor":24},{"not_picked":["Burst","Quick Slash","Catalyst"],"picked":"SKIP","floor":27},{"not_picked":["Sucker Punch","ShadowRift"],"picked":"Terror","floor":29},{"not_picked":["Slice","Heel Hook"],"picked":"Underhanded Strike","floor":30},{"not_picked":["Riddle With Holes","Predator","Noxious Fumes+1"],"picked":"SKIP","floor":35},{"not_picked":["StuffTheSpire:BumpUp","Deadly Poison","Flying Knee"],"picked":"SKIP","floor":38},{"not_picked":["Backstab+1","PiercingWail"],"picked":"Acrobatics+1","floor":41},{"not_picked":["Unload","Choke"],"picked":"Deflect","floor":44},{"not_picked":["Prepared","StuffTheSpire:Injection"],"picked":"Pace+1","floor":46},{"not_picked":["Dagger Throw+1","Calculated Gamble"],"picked":"Tactician","floor":47},{"not_picked":["Poisoned Stab","StuffTheSpire:Python"],"picked":"Calculated Gamble","floor":48},{"not_picked":["ReplayTheSpireMod:Tripwire","Flying Knee"],"picked":"Acrobatics","floor":48},{"not_picked":["Backflip","Hidden Blade"],"picked":"Acrobatics","floor":48},{"not_picked":["Blur","Deadly Poison","ReplayTheSpireMod:Scrap Shanks"],"picked":"SKIP","floor":51},{"not_picked":["Noxious Fumes","Dagger Spray"],"picked":"Blade Dance","floor":52},{"not_picked":["StuffTheSpire:ReptileScales+1","Toxin Wave"],"picked":"Dagger Throw+1","floor":56}],"player_experience":1729990,"relics_obtained":[{"floor":4,"key":"Replay:Rubber Ducky"},{"floor":5,"key":"aspiration:ChemicalBlood"},{"floor":7,"key":"theForsaken:Gavel"},{"floor":9,"key":"StuffTheSpire:RubySignet"},{"floor":14,"key":"Thread and Needle"},{"floor":24,"key":"LugNut"},{"floor":26,"key":"conspire:DecoderRing"},{"floor":27,"key":"Snake Skull"},{"floor":29,"key":"Nunchaku"},{"floor":41,"key":"Mango"},{"floor":43,"key":"FossilizedHelix"},{"floor":44,"key":"RollingBoulder"},{"floor":47,"key":"aspiration:FrozenJewel"},{"floor":51,"key":"paleoftheancients:SoulOfTheWokeBloke"},{"floor":54,"key":"StuffTheSpire:EmeraldSignet"}],"event_choices":[{"damage_healed":0,"gold_gain":0,"player_choice":"Copied","damage_taken":0,"max_hp_gain":0,"max_hp_loss":0,"event_name":"Duplicator","floor":20,"gold_loss":0,"cards_obtained":["ReplayTheSpireMod:Scrap Shanks"]},{"damage_healed":0,"gold_gain":0,"player_choice":"Obtained Book","damage_taken":21,"max_hp_gain":0,"max_hp_loss":0,"event_name":"Cursed Tome","floor":31,"gold_loss":0},{"cards_removed":["Defend_G"],"damage_healed":0,"gold_gain":0,"player_choice":"Removed Skill","damage_taken":0,"max_hp_gain":0,"max_hp_loss":0,"event_name":"Falling","floor":36,"gold_loss":0},{"damage_healed":0,"gold_gain":0,"player_choice":"Upgraded","damage_taken":0,"max_hp_gain":0,"max_hp_loss":0,"event_name":"Upgrade Shrine","floor":37,"gold_loss":0,"cards_upgraded":["Defend_G"]},{"damage_healed":0,"gold_gain":0,"player_choice":"Leave","damage_taken":0,"max_hp_gain":0,"max_hp_loss":0,"event_name":"conspire:Investor","floor":53,"gold_loss":0}],"is_beta":false,"boss_relics":[{"not_picked":["Replay:Wanted Poster","Snecko Eye"],"picked":"Snecko Scales"},{"not_picked":["Honey Jar","Coffee Dripper"],"picked":"energizedSpire:MagnifyingGlass"}],"items_purged_floors":[39,48],"is_endless":false,"potions_floor_spawned":[10,12,16,21,30,35,46,47,51,60],"ascension_level":15}}