{"host":"38maufg2dcy7va3m","time":1608449827,"event":{"mods":["Act Like it!","BaseMod","Downfall","Hallownest","Hermit","Hubris","Infinite Spire","Minty Spire (QoL Compilation)","Replay The Spire","StSLib"],"gold_per_floor":[118,51,51,27,37,72,72,89,89,102,102,120,140,154,154,259,309,329,348,348,365,394,394,394],"floor_reached":23,"playtime":2615,"items_purged":[],"score":195,"play_id":"30601bf0-5bc3-490a-8f7e-8915ff1e61ee","local_time":"20201219233707","is_ascension_mode":false,"campfire_choices":[{"data":"Neutralize","floor":7,"key":"SMITH"},{"data":"Blade Dance","floor":11,"key":"SMITH"},{"floor":15,"key":"REST"}],"circlet_count":0,"master_deck":["Strike_G","Strike_G","Strike_G","Strike_G+1","Strike_G","Defend_G","Defend_G","Defend_G","Defend_G","Defend_G","Survivor","Neutralize+1","Hidden Blade","Leg Sweep","PiercingWail","Poisoned Stab","Flying Knee","Blade Dance+1","Blade Dance","Sucker Punch","Sneak Up","Dagger Spray","Atom Bomb","Cloak And Dagger","Dagger Throw","Toxin Wave","Bane","Flying Knee"],"relics":["Ring of the Snake","Ancient Tea Set","Hallownest:DreamNailRelic","Darkstone Periapt","hubris:Metronome","Tiny House","Red Mask"],"acts_visited":["Exordium","TheCity"],"potions_floor_usage":[5,5,5,6,10,13,16,19],"damage_taken":[{"damage":0,"enemies":"2_ Uuma","floor":1,"turns":9},{"damage":0,"enemies":"Hallownest:2_MossCreeps","floor":5,"turns":10},{"damage":4,"enemies":"Hallownest:eliteVengeflyKing","floor":6,"turns":8},{"damage":0,"enemies":"Hallownest:monsterHuskGuard","floor":8,"turns":4},{"damage":0,"enemies":"Hallownest:monsterMossCharger","floor":10,"turns":2},{"damage":12,"enemies":"Hallownest:MossCreep_and_Mosskin","floor":12,"turns":3},{"damage":0,"enemies":"Hallownest:1_Ooma_and_2_Uuma","floor":13,"turns":4},{"damage":6,"enemies":"Hallownest:1_Baldur_1_Crawlid_1_Warrior","floor":14,"turns":4},{"damage":56,"enemies":"Hallownest:BossHornet","floor":16,"turns":13},{"damage":1,"enemies":"Chosen","floor":18,"turns":4},{"damage":2,"enemies":"2 Thieves","floor":19,"turns":4},{"damage":20,"enemies":"Snake Plant","floor":21,"turns":5},{"damage":51,"enemies":"Masked Bandits","floor":22,"turns":7},{"damage":1,"enemies":"Centurion and Healer","floor":23,"turns":4}],"seed_played":"974269500252933575","potions_obtained":[{"floor":1,"key":"EntropicBrew"},{"floor":5,"key":"Cursed Concoction"},{"floor":8,"key":"Adrenaline Potion"},{"floor":12,"key":"champ:CounterPotion"},{"floor":14,"key":"Elixir"},{"floor":17,"key":"Doom Potion"},{"floor":18,"key":"DuplicationPotion"},{"floor":22,"key":"Slimebound:ThreeZeroPotion"}],"is_trial":false,"path_per_floor":["M","$","?","$","M","E","R","M","T","M","R","M","M","M","R","B",null,"M","M","AVR","M","?","M"],"character_chosen":"THE_SILENT","items_purchased":["Leg Sweep","PiercingWail"],"campfire_rested":1,"item_purchase_floors":[2,4],"current_hp_per_floor":[70,70,70,70,70,66,66,66,66,66,66,54,54,48,69,13,75,74,72,72,52,1,0,0],"gold":394,"neow_bonus":"RANDOM_COMMON_RELIC","is_daily":false,"chose_seed":false,"campfire_upgraded":2,"win_rate":0.0,"timestamp":1608449827,"path_taken":["M","$","?","$","?","E","R","M","T","M","R","M","M","M","R","BOSS","M","M","AVR","M","?","M"],"items_purchased_type":["Card","Card"],"build_version":"2020-12-13","purchased_purges":0,"victory":false,"max_hp_per_floor":[70,70,70,70,70,70,70,70,70,70,70,70,70,70,70,70,75,75,75,75,75,75,75,75],"card_choices":[{"not_picked":["hubris:TrickCloak","Distraction"],"picked":"Hidden Blade","floor":1},{"not_picked":["Dagger Spray","Draining Mist"],"picked":"Poisoned Stab","floor":5},{"not_picked":["Deadly Poison","Underhanded Strike"],"picked":"Flying Knee","floor":6},{"not_picked":["Outmaneuver","Draining Mist"],"picked":"Blade Dance","floor":8},{"not_picked":["Sucker Punch","Quick Slash"],"picked":"Blade Dance","floor":10},{"not_picked":["Tactician","Underhanded Strike"],"picked":"Sucker Punch","floor":12},{"not_picked":["Flying Knee","Deadly Poison"],"picked":"Sneak Up","floor":13},{"not_picked":["Crippling Poison","Wraith Form v2"],"picked":"Dagger Spray","floor":14},{"not_picked":["Die Die Die","ReplayTheSpireMod:From All Sides"],"picked":"Atom Bomb","floor":16},{"not_picked":["Predator","PiercingWail"],"picked":"Cloak And Dagger","floor":17},{"not_picked":["ReplayTheSpireMod:Exploit Weakness","Prepared"],"picked":"Dagger Throw","floor":18},{"not_picked":["Dodge and Roll","Acrobatics+1"],"picked":"Toxin Wave","floor":19},{"not_picked":["Predator","Heel Hook"],"picked":"Bane","floor":21},{"not_picked":["Underhanded Strike","Quick Slash"],"picked":"Flying Knee","floor":22}],"player_experience":189293,"relics_obtained":[{"floor":6,"key":"Darkstone Periapt"},{"floor":9,"key":"hubris:Metronome"},{"floor":22,"key":"Red Mask"}],"event_choices":[{"damage_healed":0,"gold_gain":0,"player_choice":"Fought Bandits","damage_taken":0,"max_hp_gain":0,"max_hp_loss":0,"event_name":"Masked Bandits","floor":22,"gold_loss":0}],"is_beta":false,"boss_relics":[{"not_picked":["Sozu","Philosopher\u0027s Stone"],"picked":"Tiny House"}],"items_purged_floors":[],"is_endless":false,"potions_floor_spawned":[1,5,8,12,14,18,22],"killed_by":"Centurion and Healer","ascension_level":0}}