{"host":"usewcu4ohw2wtmxk","time":1608462688,"event":{"mods":["BaseMod","Minty Spire (QoL Compilation)","Permanent Neow","Quick Restart","Relic Stats"],"gold_per_floor":[111,129,147,147,147,180,180,194,194,222,3,37,37,63,63,164,164,184,197,197,197,197,231,231,258,258,274,292,307,383,408,408,505,505,516,536,536,128,128,158,172,201,225,100,126,138,138,153,153,153,153,153,3,30,30],"floor_reached":56,"playtime":2186,"items_purged":["Strike_B","Rip and Tear","Steam+1","Hello World"],"score":1890,"play_id":"337a9bc1-a66c-442e-933e-d528aa37b586","local_time":"20201220191128","is_ascension_mode":true,"campfire_choices":[{"data":"Streamline","floor":7.0,"key":"SMITH"},{"data":"Dualcast","floor":13.0,"key":"SMITH"},{"data":"Heatsinks","floor":15.0,"key":"SMITH"},{"data":"Coolheaded","floor":24.0,"key":"SMITH"},{"data":"Seek","floor":32.0,"key":"SMITH"},{"floor":47.0,"key":"RECALL"},{"data":"Apotheosis","floor":49.0,"key":"SMITH"},{"data":"Defragment","floor":52.0,"key":"SMITH"}],"circlet_count":0,"master_deck":["Zap","Dualcast+1","Undo+1","Streamline+1","Echo Form","Hologram","Heatsinks+1","Electrodynamics","Seek+1","Core Surge","Electrodynamics","Coolheaded+1","Turbo+1","Ghostly","Ghostly","Ghostly+1","Ghostly","Ghostly","Biased Cognition","Cold Snap+1","Echo Form","Creative AI","White Noise","Apotheosis+1","White Noise","Glacier","Defragment+1","Skim+1"],"relics":["Cracked Core","Thread and Needle","Calipers","Gambling Chip","TheAbacus","PreservedInsect","Pantograph","Pandora\u0027s Box","Enchiridion","Bag of Marbles","War Paint","Blood Vial","Pocketwatch","Inserter","Potion Belt","Strawberry","HornCleat","Juzu Bracelet","Omamori","Mercury Hourglass"],"acts_visited":["Exordium","TheCity","TheBeyond","TheEnding"],"potions_floor_usage":[55,55],"damage_taken":[{"damage":3.0,"enemies":"Small Slimes","floor":1.0,"turns":3.0},{"damage":2.0,"enemies":"Jaw Worm","floor":2.0,"turns":4.0},{"damage":0.0,"enemies":"2 Louse","floor":3.0,"turns":3.0},{"damage":21.0,"enemies":"Gremlin Nob","floor":6.0,"turns":5.0},{"damage":7.0,"enemies":"Exordium Wildlife","floor":8.0,"turns":3.0},{"damage":0.0,"enemies":"Lagavulin","floor":10.0,"turns":8.0},{"damage":0.0,"enemies":"Gremlin Nob","floor":12.0,"turns":3.0},{"damage":0.0,"enemies":"Lagavulin","floor":14.0,"turns":5.0},{"damage":0.0,"enemies":"Hexaghost","floor":16.0,"turns":9.0},{"damage":0.0,"enemies":"Spheric Guardian","floor":18.0,"turns":3.0},{"damage":6.0,"enemies":"Shell Parasite","floor":19.0,"turns":7.0},{"damage":0.0,"enemies":"Slavers","floor":23.0,"turns":4.0},{"damage":9.0,"enemies":"Gremlin Leader","floor":25.0,"turns":4.0},{"damage":0.0,"enemies":"Snake Plant","floor":27.0,"turns":4.0},{"damage":0.0,"enemies":"Centurion and Healer","floor":28.0,"turns":3.0},{"damage":0.0,"enemies":"Sentry and Sphere","floor":29.0,"turns":4.0},{"damage":0.0,"enemies":"Slavers","floor":31.0,"turns":2.0},{"damage":0.0,"enemies":"Champ","floor":33.0,"turns":7.0},{"damage":0.0,"enemies":"Orb Walker","floor":35.0,"turns":4.0},{"damage":0.0,"enemies":"3 Shapes","floor":36.0,"turns":3.0},{"damage":0.0,"enemies":"Reptomancer","floor":40.0,"turns":4.0},{"damage":0.0,"enemies":"Spire Growth","floor":41.0,"turns":6.0},{"damage":0.0,"enemies":"Nemesis","floor":42.0,"turns":7.0},{"damage":0.0,"enemies":"Giant Head","floor":45.0,"turns":5.0},{"damage":0.0,"enemies":"Sphere and 2 Shapes","floor":46.0,"turns":4.0},{"damage":12.0,"enemies":"Maw","floor":48.0,"turns":7.0},{"damage":0.0,"enemies":"Time Eater","floor":50.0,"turns":9.0},{"damage":0,"enemies":"Shield and Spear","floor":54,"turns":5},{"damage":7,"enemies":"The Heart","floor":55,"turns":10}],"seed_played":"5782785549818615010","potions_obtained":[{"floor":0.0,"key":"EssenceOfDarkness"},{"floor":0.0,"key":"FairyPotion"},{"floor":0.0,"key":"Strength Potion"},{"floor":8.0,"key":"AttackPotion"},{"floor":10.0,"key":"CultistPotion"},{"floor":12.0,"key":"DuplicationPotion"},{"floor":18.0,"key":"Dexterity Potion"},{"floor":25.0,"key":"EntropicBrew"},{"floor":33.0,"key":"Block Potion"},{"floor":36.0,"key":"Swift Potion"},{"floor":40.0,"key":"PotionOfCapacity"},{"floor":42.0,"key":"SmokeBomb"},{"floor":46.0,"key":"Regen Potion"}],"is_trial":false,"path_per_floor":["M","M","M","?","?","E","R","M","T","E","$","E","R","E","R","B",null,"M","M","?","?","?","E","R","E","T","M","M","M","T","E","R","B",null,"M","M","?","$","?","E","M","E","T","$","E","M","R","M","R","B",null,"R","$","E","B",null],"character_chosen":"DEFECT","items_purchased":["TheAbacus","Apotheosis","Potion Belt"],"campfire_rested":0,"item_purchase_floors":[11,38,38],"current_hp_per_floor":[72,70,70,55,48,27,27,20,20,20,20,20,20,20,20,45,75,75,69,53,39,39,39,39,30,30,32,34,36,36,38,38,40,40,40,40,40,40,40,47,47,47,47,47,47,47,47,47,47,47,47,47,47,47,40],"gold":30,"neow_bonus":"THREE_SMALL_POTIONS","is_daily":false,"chose_seed":false,"campfire_upgraded":7,"win_rate":0.0,"timestamp":1608462688,"path_taken":["M","M","M","?","?","E","R","M","T","E","$","E","R","E","R","BOSS","M","M","?","?","?","E","R","E","T","M","M","?","?","E","R","BOSS","M","?","?","?","?","E","?","E","T","$","E","M","R","M","R","BOSS","R","$","E","BOSS"],"items_purchased_type":["Relic","Card","Relic"],"build_version":"2020-12-13","purchased_purges":4,"victory":true,"max_hp_per_floor":[75,75,75,75,75,75,75,75,75,75,75,75,75,75,75,75,75,75,75,75,80,40,40,40,40,40,40,40,40,40,40,40,40,40,40,40,40,40,40,47,47,47,47,47,47,47,47,47,47,47,47,47,47,47,47],"relic_stats":{"Inserter":[32],"counters":[29,145],"PreservedInsect":453,"Juzu Bracelet":0,"War Paint":["Steam","Ghostly"],"Mercury Hourglass":[30],"Blood Vial":10,"TheAbacus":[216],"Gambling Chip":[78],"Pantograph":25,"Pandora\u0027s Box":["Seek","Steam","Core Surge","Rebound","Rip and Tear","Electrodynamics"],"obtain_stats":[{"Potion Belt":38,"Calipers":9,"Inserter":34,"Enchiridion":20,"Thread and Needle":6,"PreservedInsect":12,"Juzu Bracelet":43,"Omamori":45,"War Paint":25,"Mercury Hourglass":54,"Blood Vial":26,"TheAbacus":11,"HornCleat":42,"Gambling Chip":10,"Pantograph":14,"Strawberry":40,"Pandora\u0027s Box":17,"Bag of Marbles":23,"Cracked Core":0,"Pocketwatch":31},{"Potion Belt":20,"Calipers":5,"Inserter":18,"Enchiridion":11,"Thread and Needle":4,"PreservedInsect":7,"Juzu Bracelet":23,"Omamori":24,"War Paint":13,"Mercury Hourglass":28,"Blood Vial":13,"TheAbacus":6,"HornCleat":23,"Gambling Chip":6,"Pantograph":8,"Strawberry":21,"Pandora\u0027s Box":9,"Bag of Marbles":12,"Cracked Core":0,"Pocketwatch":17},{"Potion Belt":88,"Calipers":18,"Inserter":81,"Enchiridion":53,"Thread and Needle":15,"PreservedInsect":29,"Juzu Bracelet":105,"Omamori":110,"War Paint":61,"Mercury Hourglass":135,"Blood Vial":61,"TheAbacus":26,"HornCleat":105,"Gambling Chip":26,"Pantograph":34,"Strawberry":92,"Pandora\u0027s Box":43,"Bag of Marbles":57,"Cracked Core":0,"Pocketwatch":74}],"Pocketwatch":[33]},"card_choices":[{"not_picked":["Redo","Compile Driver","Leap"],"picked":"SKIP","floor":1.0},{"not_picked":["Blizzard","Go for the Eyes"],"picked":"Undo","floor":2.0},{"not_picked":["Loop","Cold Snap"],"picked":"Streamline","floor":3.0},{"not_picked":["Aggregate","Sweeping Beam"],"picked":"Echo Form","floor":6.0},{"not_picked":["Redo","Melter"],"picked":"Hologram","floor":8.0},{"not_picked":["Genetic Algorithm","Blizzard","Echo Form"],"picked":"SKIP","floor":10.0},{"not_picked":["Thunder Strike","Multi-Cast"],"picked":"Heatsinks","floor":12.0},{"not_picked":["Self Repair","Rebound"],"picked":"Hello World","floor":14.0},{"not_picked":["Reboot","Echo Form"],"picked":"Electrodynamics","floor":16.0},{"not_picked":["Gash","Hologram+1"],"picked":"Coolheaded","floor":18.0},{"not_picked":["Cold Snap","Leap"],"picked":"Turbo+1","floor":19.0},{"not_picked":["Force Field","Scrape","Streamline"],"picked":"SKIP","floor":23.0},{"not_picked":["Sunder","Ball Lightning"],"picked":"Biased Cognition","floor":25.0},{"not_picked":["Hello World","Stack"],"picked":"Ball Lightning","floor":27.0},{"not_picked":["Leap","Sunder"],"picked":"Cold Snap+1","floor":28.0},{"not_picked":["Heatsinks","Sunder","Blizzard"],"picked":"SKIP","floor":29.0},{"not_picked":["Compile Driver","Sweeping Beam"],"picked":"Echo Form","floor":31.0},{"not_picked":["Rainbow","Amplify"],"picked":"Creative AI","floor":33.0},{"not_picked":["Streamline+1","Rebound","Fusion"],"picked":"SKIP","floor":35.0},{"not_picked":["Leap+1","Melter"],"picked":"White Noise","floor":36.0},{"not_picked":["Stack+1","Creative AI"],"picked":"Glacier","floor":40.0},{"not_picked":["Genetic Algorithm+1","Blizzard","Cold Snap"],"picked":"SKIP","floor":41.0},{"not_picked":["Genetic Algorithm+1","Blizzard","Cold Snap"],"picked":"SKIP","floor":41.0},{"not_picked":["Hologram+1","Self Repair+1","Creative AI"],"picked":"SKIP","floor":42.0},{"not_picked":["Ball Lightning+1","Rip and Tear+1","Leap+1"],"picked":"SKIP","floor":45.0},{"not_picked":["Glacier+1","Beam Cell"],"picked":"Defragment","floor":46.0},{"not_picked":["Stack+1","Leap"],"picked":"Skim+1","floor":48.0},{"not_picked":["Gash+1","Lockon+1","Cold Snap"],"picked":"SKIP","floor":54}],"player_experience":228734,"relics_obtained":[{"floor":6.0,"key":"Thread and Needle"},{"floor":9.0,"key":"Calipers"},{"floor":10.0,"key":"Gambling Chip"},{"floor":12.0,"key":"PreservedInsect"},{"floor":14.0,"key":"Pantograph"},{"floor":20.0,"key":"Enchiridion"},{"floor":23.0,"key":"Bag of Marbles"},{"floor":25.0,"key":"War Paint"},{"floor":26.0,"key":"Blood Vial"},{"floor":31.0,"key":"Pocketwatch"},{"floor":40.0,"key":"Strawberry"},{"floor":42.0,"key":"HornCleat"},{"floor":43.0,"key":"Juzu Bracelet"},{"floor":45.0,"key":"Omamori"},{"floor":54,"key":"Mercury Hourglass"}],"event_choices":[{"damage_healed":0.0,"max_hp_gain":0.0,"max_hp_loss":0.0,"gold_gain":0.0,"event_name":"Shining Light","player_choice":"Entered Light","floor":4.0,"gold_loss":0.0,"damage_taken":15.0,"cards_upgraded":["Defend_B","Undo"]},{"cards_removed":["Strike_B"],"damage_healed":0.0,"max_hp_gain":0.0,"max_hp_loss":0.0,"gold_gain":0.0,"event_name":"Golden Wing","player_choice":"Card Removal","floor":5.0,"gold_loss":0.0,"damage_taken":7.0},{"damage_healed":0.0,"max_hp_gain":0.0,"max_hp_loss":0.0,"gold_gain":0.0,"event_name":"Cursed Tome","player_choice":"Obtained Book","floor":20.0,"gold_loss":0.0,"damage_taken":16.0},{"damage_healed":0.0,"max_hp_gain":5.0,"max_hp_loss":0.0,"gold_gain":0.0,"event_name":"Forgotten Altar","player_choice":"Shed Blood","floor":21.0,"gold_loss":0.0,"damage_taken":19.0},{"damage_healed":0.0,"max_hp_gain":0.0,"max_hp_loss":40.0,"gold_gain":0.0,"event_name":"Ghosts","player_choice":"Became a Ghost","floor":22.0,"gold_loss":0.0,"damage_taken":0.0,"cards_obtained":["Ghostly","Ghostly","Ghostly","Ghostly","Ghostly"]},{"cards_removed":["Ball Lightning"],"damage_healed":0.0,"max_hp_gain":0.0,"max_hp_loss":0.0,"gold_gain":0.0,"event_name":"Falling","player_choice":"Removed Attack","floor":37.0,"gold_loss":0.0,"damage_taken":0.0},{"damage_healed":0.0,"max_hp_gain":0.0,"max_hp_loss":0.0,"gold_gain":0.0,"cards_transformed":["Rebound"],"event_name":"Transmorgrifier","player_choice":"Transformed","floor":39.0,"gold_loss":0.0,"damage_taken":0.0,"cards_obtained":["White Noise"]}],"is_beta":false,"boss_relics":[{"not_picked":["Fusion Hammer","Philosopher\u0027s Stone"],"picked":"Pandora\u0027s Box"},{"not_picked":["Black Star","Busted Crown"],"picked":"Inserter"}],"items_purged_floors":[11,38,44,53],"is_endless":false,"potions_floor_spawned":[8,10,12,18,23,25,28,33,35,36,40,42,46],"ascension_level":2}}