{"host":"v0dnu0zs4qo0v13s","time":1608424291,"event":{"mods":["BaseMod","Colored Map","Colored Powertips","Minty Spire (QoL Compilation)","Relic Stats","StSLib","SuperFastMode","everything is the same but u backflip on backflip"],"gold_per_floor":[110,110,9,28,38,38,76,76,76,118,118,151,151,151,151,250,259,292,316,73,118,127,127,127,127],"floor_reached":24,"playtime":1786,"items_purged":["Defend_R","Strike_R"],"score":454,"play_id":"18b22997-3d89-4eb6-a98c-66729b8b2a54","local_time":"20201219193131","is_ascension_mode":true,"campfire_choices":[{"data":"Power Through","floor":6.0,"key":"SMITH"},{"floor":8.0,"key":"REST"},{"data":"Wild Strike","floor":11.0,"key":"SMITH"},{"data":"Feel No Pain","floor":15.0,"key":"SMITH"},{"data":"1","floor":23.0,"key":"LIFT"}],"circlet_count":0,"master_deck":["AscendersBane","Strike_R","Strike_R","Strike_R","Strike_R","Defend_R","Defend_R","Defend_R","Bash","Bloodletting","Wild Strike+1","Power Through+1","Feel No Pain+1","Battle Trance","Fiend Fire","CurseOfTheBell","Second Wind","Burning Pact","Feel No Pain+1","Ghostly","Ghostly","Ghostly","Ghostly","Ghostly","Feel No Pain"],"relics":["Burning Blood","NeowsBlessing","Singing Bowl","CeramicFish","Self Forming Clay","Bag of Marbles","Juzu Bracelet","Golden Idol","Calling Bell","Strawberry","Pantograph","Girya","DollysMirror"],"acts_visited":["Exordium","TheCity"],"potions_floor_usage":[24,24],"damage_taken":[{"damage":0.0,"enemies":"Jaw Worm","floor":1.0,"turns":1.0},{"damage":0.0,"enemies":"2 Louse","floor":4.0,"turns":1.0},{"damage":0.0,"enemies":"Small Slimes","floor":5.0,"turns":1.0},{"damage":32.0,"enemies":"Gremlin Nob","floor":7.0,"turns":4.0},{"damage":29.0,"enemies":"3 Sentries","floor":10.0,"turns":14.0},{"damage":20.0,"enemies":"Lagavulin","floor":12.0,"turns":6.0},{"damage":25.0,"enemies":"Slime Boss","floor":16.0,"turns":15.0},{"damage":6.0,"enemies":"Spheric Guardian","floor":18.0,"turns":3.0},{"damage":15.0,"enemies":"Chosen","floor":19.0,"turns":6.0},{"damage":60,"enemies":"Gremlin Leader","floor":24,"turns":21}],"seed_played":"6426581861013250111","potions_obtained":[{"floor":1.0,"key":"Swift Potion"},{"floor":12.0,"key":"Strength Potion"},{"floor":16.0,"key":"PowerPotion"},{"floor":18.0,"key":"Regen Potion"}],"is_trial":false,"path_per_floor":["M","?","$","M","M","R","E","R","T","E","R","E","?","?","R","B",null,"M","M","$","?","?","R","E"],"character_chosen":"IRONCLAD","items_purchased":["Wild Strike","DollysMirror"],"campfire_rested":1,"item_purchase_floors":[3,20],"current_hp_per_floor":[78,60,60,66,74,74,48,72,72,49,49,37,37,42,42,23,75,75,66,66,45,45,45,0,0],"gold":127,"neow_bonus":"THREE_ENEMY_KILL","is_daily":false,"chose_seed":false,"campfire_upgraded":3,"win_rate":0.0,"timestamp":1608424291,"path_taken":["M","?","$","M","M","R","E","R","T","E","R","E","?","?","R","BOSS","M","M","$","?","?","R","E"],"items_purchased_type":["Card","Relic"],"build_version":"2020-12-13","purchased_purges":2,"victory":false,"max_hp_per_floor":[80,80,80,80,82,82,82,82,82,82,82,84,78,83,83,83,90,90,90,90,45,45,45,45,45],"relic_stats":{"Singing Bowl":4,"counters":[10,72],"Self Forming Clay":[63],"Golden Idol":26,"CeramicFish":117,"Pantograph":0,"Juzu Bracelet":0,"obtain_stats":[{"Girya":17,"NeowsBlessing":0,"Singing Bowl":2,"Self Forming Clay":9,"Golden Idol":13,"CeramicFish":7,"Juzu Bracelet":12,"Burning Blood":0,"Calling Bell":17,"DollysMirror":20,"Strawberry":17,"Pantograph":17,"Bag of Marbles":10},{"Girya":7,"NeowsBlessing":0,"Singing Bowl":1,"Self Forming Clay":4,"Golden Idol":6,"CeramicFish":4,"Juzu Bracelet":6,"Burning Blood":0,"Calling Bell":7,"DollysMirror":9,"Strawberry":7,"Pantograph":7,"Bag of Marbles":5},{"Girya":42,"NeowsBlessing":0,"Singing Bowl":1,"Self Forming Clay":7,"Golden Idol":27,"CeramicFish":7,"Juzu Bracelet":27,"Burning Blood":0,"Calling Bell":42,"DollysMirror":51,"Strawberry":42,"Pantograph":42,"Bag of Marbles":21}],"Burning Blood":54},"card_choices":[{"not_picked":["Reckless Charge","Havoc"],"picked":"Bloodletting","floor":1.0},{"not_picked":["Cleave","Reckless Charge"],"picked":"Power Through","floor":4.0},{"not_picked":["Anger","Headbutt","Iron Wave"],"picked":"Singing Bowl","floor":5.0},{"not_picked":["Dark Embrace","Double Tap"],"picked":"Feel No Pain","floor":7.0},{"not_picked":["Rampage","Dropkick"],"picked":"Battle Trance","floor":10.0},{"not_picked":["Sword Boomerang","Dark Embrace","Shrug It Off"],"picked":"Singing Bowl","floor":12.0},{"not_picked":["Double Tap","Bludgeon"],"picked":"Fiend Fire","floor":16.0},{"not_picked":["Headbutt","Body Slam"],"picked":"Second Wind","floor":18.0},{"not_picked":["Havoc","Flex"],"picked":"Burning Pact","floor":19.0}],"player_experience":620715,"relics_obtained":[{"floor":7.0,"key":"CeramicFish"},{"floor":9.0,"key":"Self Forming Clay"},{"floor":10.0,"key":"Bag of Marbles"},{"floor":12.0,"key":"Juzu Bracelet"},{"floor":17.0,"key":"Strawberry"},{"floor":17.0,"key":"Pantograph"},{"floor":17.0,"key":"Girya"}],"event_choices":[{"damage_healed":0.0,"max_hp_gain":0.0,"max_hp_loss":0.0,"gold_gain":0.0,"event_name":"Scrap Ooze","player_choice":"Success","floor":2.0,"gold_loss":0.0,"damage_taken":18.0,"relics_obtained":["Singing Bowl"]},{"damage_healed":0.0,"max_hp_gain":0.0,"max_hp_loss":6.0,"gold_gain":0.0,"event_name":"Golden Idol","player_choice":"Lose Max HP","floor":13.0,"gold_loss":0.0,"damage_taken":0.0,"relics_obtained":["Golden Idol"]},{"damage_healed":0.0,"max_hp_gain":5.0,"max_hp_loss":0.0,"gold_gain":0.0,"event_name":"Big Fish","player_choice":"Donut","floor":14.0,"gold_loss":0.0,"damage_taken":0.0},{"damage_healed":0.0,"max_hp_gain":0.0,"max_hp_loss":45.0,"gold_gain":0.0,"event_name":"Ghosts","player_choice":"Became a Ghost","floor":21.0,"gold_loss":0.0,"damage_taken":0.0,"cards_obtained":["Ghostly","Ghostly","Ghostly","Ghostly","Ghostly"]},{"damage_healed":0.0,"max_hp_gain":0.0,"max_hp_loss":0.0,"gold_gain":0.0,"event_name":"The Library","player_choice":"Read","floor":22.0,"gold_loss":0.0,"damage_taken":0.0,"cards_obtained":["Feel No Pain"]}],"is_beta":false,"boss_relics":[{"not_picked":["Philosopher\u0027s Stone","Busted Crown"],"picked":"Calling Bell"}],"items_purged_floors":[3,20],"is_endless":false,"potions_floor_spawned":[1,12,16,18],"killed_by":"Gremlin Leader","ascension_level":13}}