{"host":"2k96kai96havp3pq","time":1608432929,"event":{"mods":["AchievementEnabler","BaseMod","Colored Map","Colored Powertips","Downfall","Hermit","Minty Spire (QoL Compilation)","Relic Stats","Replay The Spire","StSLib","The Bug Knight","The Cursed","The Hierophant","The Servant 0.9.4"],"gold_per_floor":[116,128,139,7,26,55,55,73,121,296,307,382,392,392,392,487,487,503,503,399,410,424,424,458,458,482,509,247,247,247,247,247,342,442,457,457,473,484,501,531,547,558,558,558,569,569,587,618,618,618],"floor_reached":51,"playtime":2409,"items_purged":[],"score":851,"play_id":"da7f8da0-d8fa-4ce4-9429-4090178af312","local_time":"20201219205529","is_ascension_mode":false,"campfire_choices":[{"data":"Flame Barrier","floor":7.0,"key":"SMITH"},{"data":"Flex","floor":15.0,"key":"SMITH"},{"data":"Pummel","floor":23.0,"key":"SMITH"},{"data":"Bash","floor":25.0,"key":"SMITH"},{"data":"Berserk","floor":29.0,"key":"SMITH"},{"data":"Warcry","floor":32.0,"key":"SMITH"},{"data":"Madness","floor":44,"key":"SMITH"},{"data":"Bludgeon","floor":46,"key":"SMITH"},{"data":"Infernal Blade","floor":49,"key":"SMITH"}],"circlet_count":0,"master_deck":["Strike_R","Strike_R","Strike_R","Strike_R","Strike_R+1","Defend_R","Defend_R","Defend_R","Defend_R","Bash+1","Flame Barrier+1","Perfected Strike","Perfected Strike","Rage","Fire Breathing+1","Exhume","Pommel Strike","Power Through","Doubt","Defy Death","Flex+1","Reaper+1","ReplayTheSpireMod:LeadingStrike+1","Wild Strike+1","Pummel+1","Perfected Strike+1","Shrug It Off+1","Warcry+1","Berserk+1","Necronomicurse","Bludgeon+1","Perfected Strike","Madness+1","Madness","Fire Breathing","Armaments+1","Demon Form","Run Through+1","Armaments+1","Wild Strike","Life Link+1","Infernal Blade+1","Blood for Blood"],"relics":["Burning Blood","Centennial Puzzle","ReplayTheSpireMod:TigerMarble","Eternal Feather","Black Star","Whetstone","Torii","PreservedInsect","Bag of Preparation","Letter Opener","Mercury Hourglass","Necronomicon","Iron Hammer","Replay:Wanted Poster","Thread and Needle","Snack Pack","Blood Vial","StoneCalendar"],"acts_visited":["Exordium","TheCity","TheBeyond"],"potions_floor_usage":[47,50,50,50],"damage_taken":[{"damage":1.0,"enemies":"Cultist","floor":1.0,"turns":3.0},{"damage":11.0,"enemies":"Jaw Worm","floor":2.0,"turns":2.0},{"damage":3.0,"enemies":"Small Slimes","floor":3.0,"turns":2.0},{"damage":6.0,"enemies":"Exordium Thugs","floor":5.0,"turns":4.0},{"damage":15.0,"enemies":"Gremlin Nob","floor":6.0,"turns":5.0},{"damage":8.0,"enemies":"Large Slime","floor":8.0,"turns":4.0},{"damage":0.0,"enemies":"Blue Slaver","floor":11.0,"turns":3.0},{"damage":15.0,"enemies":"Exordium Wildlife","floor":13.0,"turns":4.0},{"damage":35.0,"enemies":"Slime Boss","floor":16.0,"turns":7.0},{"damage":0.0,"enemies":"3 Byrds","floor":18.0,"turns":4.0},{"damage":0.0,"enemies":"Shell Parasite","floor":21.0,"turns":2.0},{"damage":38.0,"enemies":"Sentry and Sphere","floor":22.0,"turns":6.0},{"damage":9.0,"enemies":"Replay:Snechameleon","floor":24.0,"turns":4.0},{"damage":21.0,"enemies":"Book of Stabbing","floor":27.0,"turns":6.0},{"damage":37.0,"enemies":"Automaton","floor":33.0,"turns":5.0},{"damage":15.0,"enemies":"3 Shapes","floor":35.0,"turns":2.0},{"damage":0.0,"enemies":"Orb Walker","floor":37.0,"turns":1.0},{"damage":0.0,"enemies":"Transient","floor":38.0,"turns":5.0},{"damage":17.0,"enemies":"Writhing Mass","floor":39.0,"turns":3.0},{"damage":15.0,"enemies":"Giant Head","floor":40.0,"turns":4.0},{"damage":19,"enemies":"Maw","floor":41,"turns":5},{"damage":18,"enemies":"4 Shapes","floor":42,"turns":1},{"damage":0,"enemies":"3 Darklings","floor":45,"turns":3},{"damage":14,"enemies":"Transient","floor":47,"turns":5},{"damage":0,"enemies":"Reptomancer","floor":48,"turns":1},{"damage":95,"enemies":"Time Eater","floor":50,"turns":7}],"seed_played":"-5727647094912248595","potions_obtained":[{"floor":0.0,"key":"hexamod:EctoCoolerPotion"},{"floor":0.0,"key":"Flashbang"},{"floor":0.0,"key":"SmokeBomb"},{"floor":2.0,"key":"ColorlessPotion"},{"floor":6.0,"key":"LiquidBronze"},{"floor":8.0,"key":"SpeedPotion"},{"floor":11.0,"key":"SteroidPotion"},{"floor":16.0,"key":"Weak Potion"},{"floor":33.0,"key":"BlessingOfTheForge"},{"floor":35.0,"key":"Adrenaline Potion"},{"floor":37.0,"key":"AttackPotion"},{"floor":40,"key":"EssenceOfSteel"},{"floor":48,"key":"SkillPotion"}],"is_trial":false,"path_per_floor":["M","M","M","$","M","E","R","M","T","?","M","?","M","?","R","B",null,"M","?","$","M","M","R","E","R","T","E","$","R","?","T","R_BF","B",null,"M","?","M","M","M","E","M","M","T","R","M","R","M","E","R","B",null],"character_chosen":"IRONCLAD","items_purchased":["Rage","Fire Breathing+1","Wild Strike+1","Pummel","Mercury Hourglass"],"campfire_rested":0,"item_purchase_floors":[4,4,20,20,28],"current_hp_per_floor":[80,75,78,78,78,69,69,67,67,67,73,62,53,53,65,36,80,80,80,80,80,48,63,60,75,75,65,65,80,64,64,80,49,80,71,61,67,80,69,60,67,79,79,80,80,80,72,80,80,8],"gold":618,"neow_bonus":"THREE_SMALL_POTIONS","is_daily":false,"chose_seed":false,"campfire_upgraded":9,"win_rate":0.0,"timestamp":1608432929,"path_taken":["M","M","M","?","M","E","R","M","T","?","M","?","M","?","R","BOSS","M","?","$","M","M","R","E","R","T","E","$","R","?","?","R_BF","BOSS","M","?","M","M","M","E","M","M","T","R","M","R","M","E","R","BOSS"],"items_purchased_type":["Card","Card","Card","Card","Relic"],"build_version":"2020-12-13","purchased_purges":0,"victory":true,"max_hp_per_floor":[80,80,80,80,80,80,80,80,80,80,80,80,80,80,80,80,80,80,80,80,80,80,80,80,80,80,80,80,80,80,80,80,80,80,80,80,80,80,80,80,80,80,80,80,80,80,80,80,80,80],"relic_stats":{"Torii":24,"counters":[26,98],"Eternal Feather":74,"StoneCalendar":[0],"PreservedInsect":226,"Bag of Preparation":[24],"Whetstone":["Reaper","Strike_R"],"Letter Opener":[83],"Burning Blood":130,"Mercury Hourglass":[168],"Blood Vial":0,"Centennial Puzzle":[42],"Black Star":4,"Necronomicon":[35],"obtain_stats":[{"Torii":24,"Eternal Feather":14,"Thread and Needle":40,"StoneCalendar":48,"PreservedInsect":26,"Bag of Preparation":27,"Whetstone":24,"Letter Opener":27,"Burning Blood":0,"Mercury Hourglass":28,"Replay:Wanted Poster":34,"Blood Vial":48,"Centennial Puzzle":6,"Iron Hammer":31,"ReplayTheSpireMod:TigerMarble":9,"Black Star":17,"Necronomicon":30,"Snack Pack":43},{"Torii":13,"Eternal Feather":8,"Thread and Needle":20,"StoneCalendar":25,"PreservedInsect":13,"Bag of Preparation":14,"Whetstone":13,"Letter Opener":14,"Burning Blood":0,"Mercury Hourglass":14,"Replay:Wanted Poster":15,"Blood Vial":25,"Centennial Puzzle":5,"Iron Hammer":14,"ReplayTheSpireMod:TigerMarble":6,"Black Star":9,"Necronomicon":14,"Snack Pack":22},{"Torii":50,"Eternal Feather":27,"Thread and Needle":76,"StoneCalendar":91,"PreservedInsect":50,"Bag of Preparation":56,"Whetstone":50,"Letter Opener":56,"Burning Blood":0,"Mercury Hourglass":56,"Replay:Wanted Poster":61,"Blood Vial":91,"Centennial Puzzle":16,"Iron Hammer":56,"ReplayTheSpireMod:TigerMarble":20,"Black Star":34,"Necronomicon":56,"Snack Pack":82}]},"card_choices":[{"not_picked":["Rupture","Hemokinesis"],"picked":"Flame Barrier","floor":1.0},{"not_picked":["Anger","Clothesline"],"picked":"Perfected Strike","floor":2.0},{"not_picked":["Feel No Pain","True Grit"],"picked":"Perfected Strike","floor":3.0},{"not_picked":["Combust","Ghostly Armor"],"picked":"Exhume","floor":5.0},{"not_picked":["Flex","ReplayReversal"],"picked":"Pommel Strike","floor":6.0},{"not_picked":["Battle Trance","Sword Boomerang"],"picked":"Power Through","floor":8.0},{"not_picked":["Burning Pact","ReplayTheSpireMod:Limb From Limb"],"picked":"Defy Death","floor":11.0},{"not_picked":["Havoc","Anger"],"picked":"Flex","floor":13.0},{"not_picked":["Corruption","Offering"],"picked":"Reaper","floor":16.0},{"not_picked":["Hemokinesis","Cleave"],"picked":"ReplayTheSpireMod:LeadingStrike+1","floor":18.0},{"not_picked":["ReplayReversal","Flex"],"picked":"Perfected Strike+1","floor":21.0},{"not_picked":["Twin Strike","Feel No Pain+1"],"picked":"Shrug It Off+1","floor":22.0},{"not_picked":["Replay:Undeath\u0027s Touch","Twin Strike"],"picked":"Warcry","floor":24.0},{"not_picked":["Headbutt","Perfected Strike+1"],"picked":"Berserk","floor":27.0},{"not_picked":["Eclipse","Fiend Fire"],"picked":"Bludgeon","floor":33.0},{"not_picked":["Iron Wave+1","ReplayTheSpireMod:Corrosion Curse+1"],"picked":"Perfected Strike","floor":35.0},{"not_picked":["ReplayTheSpireMod:Muscle Training","Entrench+1"],"picked":"Fire Breathing","floor":37.0},{"not_picked":["Massacre","Perfected Strike"],"picked":"Armaments+1","floor":38.0},{"not_picked":["Warcry+1","Intimidate+1"],"picked":"Demon Form","floor":39.0},{"not_picked":["Flex","Pummel+1"],"picked":"Run Through+1","floor":40},{"not_picked":["Havoc+1","Thunderclap+1"],"picked":"Armaments+1","floor":41},{"not_picked":["Replay:Undeath\u0027s Touch","Anger+1"],"picked":"Wild Strike","floor":42},{"not_picked":["Clash","Anger"],"picked":"Life Link+1","floor":45},{"not_picked":["Flame Barrier+1","Flex+1"],"picked":"Infernal Blade","floor":47},{"not_picked":["Anger+1","Thunderclap+1"],"picked":"Blood for Blood","floor":48}],"player_experience":357969,"relics_obtained":[{"floor":6.0,"key":"Centennial Puzzle"},{"floor":9.0,"key":"ReplayTheSpireMod:TigerMarble"},{"floor":24.0,"key":"Whetstone"},{"floor":24.0,"key":"Torii"},{"floor":26.0,"key":"PreservedInsect"},{"floor":27.0,"key":"Bag of Preparation"},{"floor":27.0,"key":"Letter Opener"},{"floor":30.0,"key":"Necronomicon"},{"floor":31.0,"key":"Iron Hammer"},{"floor":40,"key":"Thread and Needle"},{"floor":43,"key":"Snack Pack"},{"floor":48,"key":"Blood Vial"},{"floor":48,"key":"StoneCalendar"}],"event_choices":[{"damage_healed":0.0,"max_hp_gain":0.0,"max_hp_loss":0.0,"gold_gain":175.0,"event_name":"Liars Game","player_choice":"AGREE","floor":10.0,"gold_loss":0.0,"damage_taken":0.0,"cards_obtained":["Doubt"]},{"damage_healed":0.0,"max_hp_gain":0.0,"max_hp_loss":0.0,"gold_gain":75.0,"event_name":"World of Goop","player_choice":"Gather Gold","floor":12.0,"gold_loss":0.0,"damage_taken":11.0},{"damage_healed":0.0,"max_hp_gain":0.0,"max_hp_loss":0.0,"gold_gain":0.0,"event_name":"WeMeetAgain","player_choice":"Gave Potion","floor":14.0,"gold_loss":0.0,"damage_taken":0.0,"relics_obtained":["Eternal Feather"]},{"damage_healed":0.0,"max_hp_gain":0.0,"max_hp_loss":0.0,"gold_gain":0.0,"event_name":"Ghosts","player_choice":"Ignored","floor":19.0,"gold_loss":0.0,"damage_taken":0.0},{"damage_healed":0.0,"max_hp_gain":0.0,"max_hp_loss":0.0,"gold_gain":0.0,"event_name":"Cursed Tome","player_choice":"Obtained Book","floor":30.0,"gold_loss":0.0,"damage_taken":16.0},{"damage_healed":0.0,"max_hp_gain":0.0,"max_hp_loss":0.0,"gold_gain":0.0,"event_name":"Winding Halls","player_choice":"Embrace Madness","floor":36.0,"gold_loss":0.0,"damage_taken":10.0,"cards_obtained":["Madness","Madness"]}],"is_beta":false,"boss_relics":[{"not_picked":["Snecko Eye","Runic Pyramid"],"picked":"Black Star"},{"not_picked":["ReplayTheSpireMod:DimensionalGlitch","Honey Jar"],"picked":"Replay:Wanted Poster"}],"items_purged_floors":[],"is_endless":false,"potions_floor_spawned":[2,6,8,11,16,18,33,35,37,40,42,45,48],"ascension_level":0}}