{"host":"hemshb5b6cie9gjx","time":1608465263,"event":{"mods":["BaseMod","Better Note","Better Third Choice","Better Vampires","BetterRewards","Colored Map","Colored Powertips","DeckTracker","Googly Eyes","Infinite Spire","Minty Spire (QoL Compilation)","Permanent Neow","Relic Stats","Replay The Spire","StSLib","SuperFastMode","Uncapped","slay the spire mod where everything is the same but ironclad has a cowboy hat"],"gold_per_floor":[117,117,132,148,148,148,148,148,175,189,69,84,101,127,127,223,273,293,393,393,393,393,393,393,393],"floor_reached":24,"playtime":516,"items_purged":["Ball Lightning"],"score":244,"play_id":"86071c88-bd4c-4200-bd3c-18ba6d96dd30","local_time":"20201220225423","is_ascension_mode":false,"campfire_choices":[{"data":"Zap","floor":6,"key":"SMITH"},{"data":"White Noise","floor":8,"key":"SMITH"},{"data":"ReplayTheSpireMod:Calculation Training","floor":15,"key":"SMITH"},{"data":"Hologram","floor":23,"key":"SMITH"}],"circlet_count":0,"master_deck":["Defend_B","Defend_B","Defend_B","Defend_B","Zap+1","Dualcast","White Noise+1","ReplayTheSpireMod:Calculation Training+1","Conserve Battery","Hologram+1","Echo Form","Hologram","Leap","ReplayTheSpireMod:Stacked+1","Bite","Bite","Bite","Bite"],"relics":["Runic Pyramid","infinitespire:Cubic Diamond","Ring of Shattering","Symbiotic Virus","Ancient Tea Set","Prayer Wheel","infinitespire:Lucky Rock","Tiny House","infinitespire:Lychee Nut"],"acts_visited":["Exordium","TheCity"],"potions_floor_usage":[16,17,18],"damage_taken":[{"damage":0,"enemies":"Small Slimes","floor":1,"turns":3},{"damage":6,"enemies":"Jaw Worm","floor":3,"turns":3},{"damage":0,"enemies":"2 Louse","floor":4,"turns":3},{"damage":1,"enemies":"Exordium Wildlife","floor":10,"turns":2},{"damage":1,"enemies":"Large Slime","floor":12,"turns":3},{"damage":4,"enemies":"2 Fungi Beasts","floor":13,"turns":3},{"damage":4,"enemies":"Lagavulin","floor":14,"turns":6},{"damage":27,"enemies":"The Guardian","floor":16,"turns":8},{"damage":10,"enemies":"Chosen","floor":18,"turns":4},{"damage":56,"enemies":"Masked Bandits","floor":24,"turns":5}],"seed_played":"-9160253169166540804","potions_obtained":[{"floor":1,"key":"Venom Potion"},{"floor":4,"key":"Explosive Potion"},{"floor":12,"key":"Milkshake"},{"floor":14,"key":"PowerPotion"},{"floor":17,"key":"Fruit Juice"}],"is_trial":false,"path_per_floor":["M","?","M","M","?","R","T","R","T","M","$","M","M","E","R","B",null,"M","?","T","?","?","R","?"],"character_chosen":"DEFECT","items_purchased":["Hologram"],"campfire_rested":0,"item_purchase_floors":[11],"current_hp_per_floor":[75,75,69,69,69,69,69,69,69,68,68,67,63,59,59,32,85,75,75,63,63,47,47,0,0],"gold":393,"neow_bonus":"BOSS_RELIC","is_daily":false,"chose_seed":false,"campfire_upgraded":4,"win_rate":0.0,"timestamp":1608465263,"path_taken":["M","?","M","M","?","R","?","R","T","M","$","M","M","E","R","BOSS","M","?","?","?","?","R","?"],"items_purchased_type":["Card"],"build_version":"2020-12-13","purchased_purges":1,"victory":false,"max_hp_per_floor":[75,75,75,75,75,75,75,75,75,75,75,75,75,75,75,75,85,85,85,63,63,47,47,47,47],"relic_stats":{"counters":[10,40],"Prayer Wheel":1,"obtain_stats":[{"Tiny House":17,"infinitespire:Lychee Nut":20,"Prayer Wheel":14,"infinitespire:Cubic Diamond":2,"Ring of Shattering":5,"infinitespire:Lucky Rock":14,"Cracked Core":0,"Symbiotic Virus":7,"Ancient Tea Set":9,"Runic Pyramid":0},{"Tiny House":8,"infinitespire:Lychee Nut":9,"Prayer Wheel":7,"infinitespire:Cubic Diamond":1,"Ring of Shattering":3,"infinitespire:Lucky Rock":7,"Cracked Core":0,"Symbiotic Virus":3,"Ancient Tea Set":3,"Runic Pyramid":0},{"Tiny House":31,"infinitespire:Lychee Nut":35,"Prayer Wheel":20,"infinitespire:Cubic Diamond":3,"Ring of Shattering":9,"infinitespire:Lucky Rock":23,"Cracked Core":0,"Symbiotic Virus":9,"Ancient Tea Set":9,"Runic Pyramid":0}]},"card_choices":[{"not_picked":["Skim","Cold Snap"],"picked":"White Noise","floor":1},{"not_picked":["Genetic Algorithm","Beam Cell"],"picked":"ReplayTheSpireMod:Calculation Training","floor":3},{"not_picked":["Consume","Skim"],"picked":"Ball Lightning","floor":4},{"not_picked":["Undo","Beam Cell"],"picked":"Conserve Battery","floor":10},{"not_picked":["Steam","Steam Power","Cold Snap"],"picked":"SKIP","floor":12},{"not_picked":["Conserve Battery","Streamline"],"picked":"ReplayTheSpireMod:Fabricate Wheel","floor":13},{"not_picked":["Cold Snap","Static Discharge","BasicCrystalCard"],"picked":"SKIP","floor":14},{"not_picked":["All For One","Mirror Shield"],"picked":"Echo Form","floor":16},{"not_picked":["Cold Snap","Compile Driver"],"picked":"Hologram","floor":17},{"not_picked":["Force Field","Compile Driver"],"picked":"Leap","floor":18},{"not_picked":["Redo","Coolheaded","Reprogram+1"],"picked":"SKIP","floor":18}],"player_experience":451558,"relics_obtained":[{"floor":5,"key":"Ring of Shattering"},{"floor":7,"key":"Symbiotic Virus"},{"floor":9,"key":"Ancient Tea Set"},{"floor":14,"key":"infinitespire:Lucky Rock"},{"floor":20,"key":"infinitespire:Lychee Nut"}],"event_choices":[{"damage_healed":0,"gold_gain":100,"player_choice":"Pray","damage_taken":0,"max_hp_gain":0,"max_hp_loss":0,"event_name":"Golden Shrine","floor":19,"gold_loss":0},{"cards_removed":["Echo Form"],"damage_healed":0,"gold_gain":0,"player_choice":"Take \u0026 Give","damage_taken":0,"max_hp_gain":0,"max_hp_loss":0,"event_name":"betterNote:BetterNote","floor":21,"gold_loss":0,"cards_obtained":["ReplayTheSpireMod:Stacked"]},{"damage_healed":0,"gold_gain":0,"player_choice":"Became a vampire","damage_taken":0,"max_hp_gain":0,"max_hp_loss":16,"event_name":"Vampires","floor":22,"gold_loss":0,"cards_obtained":["Bite","Bite","Bite","Bite"]},{"damage_healed":0,"gold_gain":0,"player_choice":"Fought Bandits","damage_taken":0,"max_hp_gain":0,"max_hp_loss":0,"event_name":"Masked Bandits","floor":24,"gold_loss":0}],"is_beta":false,"boss_relics":[{"not_picked":["Fusion Hammer","Calling Bell"],"picked":"Tiny House"}],"items_purged_floors":[11],"is_endless":false,"potions_floor_spawned":[1,4,12,14],"killed_by":"Masked Bandits","ascension_level":0}}