{"host":"5gc11emcm5chfr5t","time":1608427855,"event":{"mods":["2.2 Compatiblity","AchievementEnabler","BaseMod","Bestiary","Better Note","Colored Map","Colored Powertips","Downfall","Googly Eyes","Minty Spire (QoL Compilation)","Rare Cards Sparkle","StSLib"],"gold_per_floor":[99,99,99,99,124,124,193,193,193],"floor_reached":8,"playtime":111,"items_purged":[],"score":135,"play_id":"903434d6-4fe4-4b07-a79b-e3987ad5b0c2","local_time":"20201219203055","is_ascension_mode":true,"campfire_choices":[{"floor":1,"key":"RECALL"}],"circlet_count":0,"master_deck":["AscendersBane","sneckomod:Strike","sneckomod:Strike","sneckomod:Strike","sneckomod:Defend","sneckomod:Defend","sneckomod:Defend","sneckomod:TailWhip+1","sneckomod:SnekBite","sneckomod:Unknown","sneckomod:Unknown","sneckomod:UnknownUncommonPower","sneckomod:TrashToTreasure+1","sneckomod:UnknownDexterity+1","Regret"],"relics":["sneckomod:SneckoSoul","downfall:HeartsMalice","Matryoshka","Shovel","Strawberry","HornCleat"],"acts_visited":["Exordium"],"potions_floor_usage":[],"damage_taken":[{"damage":0,"enemies":"2 Louse","floor":2,"turns":1},{"damage":0,"enemies":"downfall:FleeingMerchant","floor":4,"turns":1},{"damage":0,"enemies":"Lagavulin","floor":5,"turns":1},{"damage":28,"enemies":"Gremlin Nob","floor":8,"turns":4}],"seed_played":"2767543385519725083","potions_obtained":[{"floor":5,"key":"sneckomod:OffclassReductionPotion"}],"is_trial":false,"path_per_floor":["R","M","?","$","E","?","T","E"],"character_chosen":"THE_SNECKO","items_purchased":[],"campfire_rested":0,"item_purchase_floors":[],"current_hp_per_floor":[75,76,20,20,21,21,28,0,0],"gold":193,"neow_bonus":"THREE_ENEMY_KILL","is_daily":false,"chose_seed":false,"campfire_upgraded":0,"win_rate":0.0,"timestamp":1608427855,"path_taken":["R","M","?","$","E","?","T","E"],"items_purchased_type":[],"build_version":"2020-12-13","purchased_purges":0,"victory":false,"max_hp_per_floor":[83,84,84,84,85,85,92,92,92],"card_choices":[{"not_picked":["sneckomod:DiceCrush","sneckomod:UnknownClassSLIMEBOUND"],"picked":"sneckomod:UnknownUncommonPower","floor":2},{"not_picked":["sneckomod:UnknownEthereal","sneckomod:WideSting"],"picked":"sneckomod:TrashToTreasure","floor":4},{"not_picked":["sneckomod:UnknownClassBLUE","sneckomod:UnknownVulnerable"],"picked":"sneckomod:UnknownDexterity","floor":5}],"player_experience":440412,"relics_obtained":[{"floor":5,"key":"Shovel"},{"floor":7,"key":"Strawberry"},{"floor":7,"key":"HornCleat"}],"event_choices":[{"damage_healed":0,"gold_gain":0,"player_choice":"Success","damage_taken":56,"relics_obtained":["Matryoshka"],"max_hp_gain":0,"max_hp_loss":0,"event_name":"Scrap Ooze","floor":3,"gold_loss":0}],"is_beta":false,"boss_relics":[],"items_purged_floors":[],"is_endless":false,"potions_floor_spawned":[5],"killed_by":"Gremlin Nob","ascension_level":16}}