{"host":"p9jk0mlyvhgdzcz4","time":1608446166,"event":{"mods":["BaseMod","Colored Map","Minty Spire (QoL Compilation)","Quick Restart","SuperFastMode"],"gold_per_floor":[112,1,1,19,35,64,64,83,109,140,151,151,251,266,266,362,362,374,374,146,146,163,194,194,206,231,257,257,268,278,238,238,340,340,359,369,28,48,68,95,95,18,18,18,18,32,82,82,82,82],"floor_reached":51,"playtime":2051,"items_purged":[],"score":727,"play_id":"79b552aa-e96c-49d4-8127-27304a430824","local_time":"20201220003606","is_ascension_mode":false,"campfire_choices":[{"data":"Zap","floor":7,"key":"SMITH"},{"floor":12,"key":"REST"},{"floor":15,"key":"REST"},{"floor":24,"key":"REST"},{"floor":28,"key":"REST"},{"floor":32,"key":"REST"},{"floor":41,"key":"REST"},{"data":"Static Discharge","floor":44,"key":"SMITH"},{"floor":49,"key":"REST"}],"circlet_count":0,"master_deck":["Strike_B+1","Strike_B+1","Strike_B+1","Defend_B+1","Defend_B+1","Defend_B+1","Defend_B+1","Zap+1","Static Discharge+1","White Noise","Defragment","Capacitor","Beam Cell","Heatsinks","Rainbow","CurseOfTheBell","Loop+1","White Noise+1","Defragment","Conserve Battery","Melter","Machine Learning","Conserve Battery+1","Thunder Strike","Double Energy+1","Parasite","Auto Shields","Lockon+1","Barrage+1","Self Repair","Defragment","Madness","Madness","Echo Form"],"relics":["Cracked Core","NeowsBlessing","Strawberry","Bag of Marbles","Ancient Tea Set","Calling Bell","Art of War","Meat on the Bone","StoneCalendar","Matryoshka","DataDisk","Dream Catcher","Regal Pillow","Philosopher\u0027s Stone","TungstenRod","Incense Burner","Nunchaku","Mummified Hand","Ginger"],"acts_visited":["Exordium","TheCity","TheBeyond"],"potions_floor_usage":[27,33,40,40,50,50,50],"damage_taken":[{"damage":0,"enemies":"Jaw Worm","floor":1,"turns":1},{"damage":0,"enemies":"Cultist","floor":4,"turns":1},{"damage":0,"enemies":"Small Slimes","floor":5,"turns":1},{"damage":27,"enemies":"Lagavulin","floor":6,"turns":7},{"damage":7,"enemies":"Exordium Thugs","floor":8,"turns":5},{"damage":25,"enemies":"3 Sentries","floor":10,"turns":6},{"damage":21,"enemies":"3 Louse","floor":11,"turns":3},{"damage":16,"enemies":"Lots of Slimes","floor":14,"turns":4},{"damage":30,"enemies":"Hexaghost","floor":16,"turns":8},{"damage":25,"enemies":"Shell Parasite","floor":18,"turns":5},{"damage":6,"enemies":"3 Byrds","floor":22,"turns":3},{"damage":29,"enemies":"Book of Stabbing","floor":23,"turns":5},{"damage":12,"enemies":"Centurion and Healer","floor":25,"turns":7},{"damage":37,"enemies":"Slavers","floor":27,"turns":4},{"damage":22,"enemies":"3 Cultists","floor":29,"turns":4},{"damage":35,"enemies":"Chosen and Byrds","floor":30,"turns":4},{"damage":57,"enemies":"Automaton","floor":33,"turns":10},{"damage":22,"enemies":"Orb Walker","floor":35,"turns":4},{"damage":0,"enemies":"3 Shapes","floor":36,"turns":4},{"damage":31,"enemies":"Writhing Mass","floor":38,"turns":6},{"damage":5,"enemies":"Transient","floor":39,"turns":5},{"damage":34,"enemies":"Giant Head","floor":40,"turns":8},{"damage":0,"enemies":"4 Shapes","floor":46,"turns":5},{"damage":26,"enemies":"Mind Bloom Boss Battle","floor":47,"turns":4},{"damage":50,"enemies":"Time Eater","floor":50,"turns":5}],"seed_played":"-8992318970792614257","potions_obtained":[{"floor":6,"key":"FocusPotion"},{"floor":8,"key":"SkillPotion"},{"floor":14,"key":"FearPotion"},{"floor":25,"key":"LiquidMemories"},{"floor":27,"key":"Block Potion"},{"floor":39,"key":"SkillPotion"},{"floor":40,"key":"Explosive Potion"}],"is_trial":false,"path_per_floor":["M","$","?","M","M","E","R","M","T","E","M","R","?","M","R","B",null,"M","?","$","?","M","E","R","M","T","E","R","M","M","?","R","B",null,"M","M","$","M","M","E","R","$","T","R","?","M","?","?","R","B",null],"character_chosen":"DEFECT","items_purchased":["Static Discharge","White Noise","White Noise","Defragment","Conserve Battery","Melter","SkillPotion","TungstenRod","LiquidBronze"],"campfire_rested":7,"item_purchase_floors":[2,2,20,20,20,20,37,37,42],"current_hp_per_floor":[75,75,75,75,75,55,55,48,48,23,2,26,26,10,34,4,82,57,57,57,57,51,34,58,46,46,21,60,50,27,27,66,21,82,60,60,60,41,48,26,65,65,65,65,65,72,53,44,82,44],"gold":82,"neow_bonus":"THREE_ENEMY_KILL","is_daily":false,"chose_seed":false,"campfire_upgraded":2,"win_rate":0.0,"timestamp":1608446166,"path_taken":["M","$","?","M","?","E","R","M","T","E","M","R","?","?","R","BOSS","M","?","$","?","M","E","R","?","T","E","R","M","M","?","R","BOSS","M","M","?","M","M","E","R","$","T","R","?","?","?","?","R","BOSS"],"items_purchased_type":["Card","Card","Card","Card","Card","Card","Potion","Relic","Potion"],"build_version":"2020-12-13","purchased_purges":0,"victory":true,"max_hp_per_floor":[75,75,75,75,75,82,82,82,82,82,82,82,82,82,82,82,82,82,82,82,82,82,82,82,82,82,82,82,82,82,82,82,82,82,82,82,82,82,82,82,82,82,82,82,82,82,82,82,82,82],"card_choices":[{"not_picked":["Streamline","Double Energy","Stack"],"picked":"SKIP","floor":1},{"not_picked":["Sweeping Beam","Beam Cell"],"picked":"Defragment","floor":4},{"not_picked":["Scrape","Conserve Battery"],"picked":"Capacitor","floor":5},{"not_picked":["Coolheaded","Barrage","Hologram"],"picked":"SKIP","floor":6},{"not_picked":["Darkness","Sunder","Beam Cell"],"picked":"SKIP","floor":8},{"not_picked":["Darkness","Sunder"],"picked":"Beam Cell","floor":8},{"not_picked":["Auto Shields","Skim"],"picked":"Heatsinks","floor":10},{"not_picked":["Coolheaded","Force Field","Barrage"],"picked":"SKIP","floor":11},{"not_picked":["Coolheaded","Stack","Reinforced Body"],"picked":"SKIP","floor":14},{"not_picked":["Multi-Cast","Biased Cognition"],"picked":"Rainbow","floor":16},{"not_picked":["Rip and Tear","Storm+1"],"picked":"Loop+1","floor":18},{"not_picked":["Redo","Hologram+1","FTL"],"picked":"SKIP","floor":22},{"not_picked":["Rebound","Double Energy+1","Sweeping Beam"],"picked":"SKIP","floor":23},{"not_picked":["Cold Snap+1","Barrage+1"],"picked":"Conserve Battery+1","floor":25},{"not_picked":["Genetic Algorithm+1","Leap"],"picked":"Thunder Strike","floor":27},{"not_picked":["Cold Snap+1","Rebound","Glacier"],"picked":"SKIP","floor":29},{"not_picked":["Go for the Eyes","Stack","Turbo+1"],"picked":"SKIP","floor":30},{"not_picked":["Loop","Melter","Sweeping Beam"],"picked":"SKIP","floor":35},{"not_picked":["Streamline","Stack+1"],"picked":"Double Energy+1","floor":36},{"not_picked":["Scrape+1","Fusion"],"picked":"Auto Shields","floor":38},{"not_picked":["Stack+1","Coolheaded"],"picked":"Lockon+1","floor":39},{"not_picked":["Gash+1","Glacier"],"picked":"Barrage+1","floor":40},{"not_picked":["Consume","Compile Driver+1"],"picked":"Defragment","floor":46},{"not_picked":["Sweeping Beam+1","Tempest+1"],"picked":"Echo Form","floor":49}],"player_experience":3918,"relics_obtained":[{"floor":6,"key":"Strawberry"},{"floor":9,"key":"Bag of Marbles"},{"floor":10,"key":"Ancient Tea Set"},{"floor":17,"key":"Art of War"},{"floor":17,"key":"Meat on the Bone"},{"floor":17,"key":"StoneCalendar"},{"floor":23,"key":"Matryoshka"},{"floor":26,"key":"DataDisk"},{"floor":26,"key":"Dream Catcher"},{"floor":27,"key":"Regal Pillow"},{"floor":40,"key":"Incense Burner"},{"floor":43,"key":"Nunchaku"},{"floor":43,"key":"Mummified Hand"},{"floor":47,"key":"Ginger"}],"event_choices":[{"damage_healed":0,"gold_gain":0,"player_choice":"Ignored","damage_taken":0,"max_hp_gain":0,"max_hp_loss":0,"event_name":"WeMeetAgain","floor":3,"gold_loss":0},{"damage_healed":0,"gold_gain":100,"player_choice":"Pray","damage_taken":0,"max_hp_gain":0,"max_hp_loss":0,"event_name":"Golden Shrine","floor":13,"gold_loss":0},{"damage_healed":0,"gold_gain":0,"player_choice":"Simplicity","damage_taken":0,"max_hp_gain":0,"max_hp_loss":0,"event_name":"Back to Basics","floor":19,"gold_loss":0,"cards_upgraded":["Strike_B","Strike_B","Strike_B","Strike_B","Defend_B","Defend_B","Defend_B","Defend_B"]},{"damage_healed":0,"gold_gain":0,"cards_transformed":["Strike_B"],"player_choice":"Transformed","damage_taken":0,"max_hp_gain":0,"max_hp_loss":0,"event_name":"Transmorgrifier","floor":21,"gold_loss":0,"cards_obtained":["Machine Learning"]},{"damage_healed":0,"gold_gain":0,"player_choice":"Upgrade","damage_taken":0,"max_hp_gain":0,"max_hp_loss":0,"event_name":"Designer","floor":31,"gold_loss":40,"cards_upgraded":["White Noise"]},{"damage_healed":0,"gold_gain":0,"cards_transformed":["Dualcast"],"player_choice":"Transformed","damage_taken":0,"max_hp_gain":0,"max_hp_loss":0,"event_name":"Transmorgrifier","floor":45,"gold_loss":0,"cards_obtained":["Self Repair"]},{"damage_healed":0,"gold_gain":0,"player_choice":"Fight","damage_taken":0,"max_hp_gain":0,"max_hp_loss":0,"event_name":"MindBloom","floor":47,"gold_loss":0},{"damage_healed":0,"gold_gain":0,"player_choice":"Embrace Madness","damage_taken":10,"max_hp_gain":0,"max_hp_loss":0,"event_name":"Winding Halls","floor":48,"gold_loss":0,"cards_obtained":["Madness","Madness"]}],"is_beta":false,"boss_relics":[{"not_picked":["FrozenCore","Sozu"],"picked":"Calling Bell"},{"not_picked":["Empty Cage","Pandora\u0027s Box"],"picked":"Philosopher\u0027s Stone"}],"items_purged_floors":[],"is_endless":false,"potions_floor_spawned":[6,8,14,16,18,25,27,29,30,38,39,40],"ascension_level":0}}