{"host":"2qv44oxt58ptq59r","time":1608486084,"event":{"mods":["AchievementEnabler","BaseMod","Colored Powertips","Highlight Path","Minty Spire (QoL Compilation)","Permanent Neow","StSLib"],"gold_per_floor":[109,184,184,7,28,28,46,46,46,46,46,61,99,118,118,243,243,259,277,301,5,5,5,5,5,53,53,3,19,19,32,32,155,155,169,194,48,48,71,71,89,89,89,133,38,38,61,81,81,81],"floor_reached":51,"playtime":8225,"items_purged":["Strike_R"],"score":652,"play_id":"f1098ef7-a83f-4fe6-a50f-1f3ebe668831","local_time":"20201220174124","is_ascension_mode":false,"campfire_choices":[{"floor":6.0,"key":"REST"},{"data":"Uppercut","floor":8.0,"key":"SMITH"},{"data":"Bash","floor":11.0,"key":"SMITH"},{"data":"Metallicize","floor":15.0,"key":"SMITH"},{"data":"Disarm","floor":23.0,"key":"SMITH"},{"data":"RitualDagger","floor":25.0,"key":"SMITH"},{"data":"Heavy Blade","floor":27.0,"key":"SMITH"},{"data":"Spot Weakness","floor":30.0,"key":"SMITH"},{"data":"Shockwave","floor":32.0,"key":"SMITH"},{"floor":40.0,"key":"REST"},{"floor":49,"key":"REST"}],"circlet_count":0,"master_deck":["Defend_R","Defend_R+1","Defend_R+1","Defend_R","Bash+1","Uppercut+1","Pommel Strike","Heavy Blade+1","Thunderclap","Sword Boomerang","Metallicize+1","Disarm+1","Spot Weakness+1","Exhume","Headbutt+1","Rampage+1","Shockwave+1","Sword Boomerang","Twin Strike+1","RitualDagger+1","Evolve+1","Heavy Blade+1","Feed","Metallicize","Power Through+1","Armaments+1","Headbutt+1","Panacea","Body Slam","Twin Strike+1"],"relics":["Burning Blood","Golden Idol","Akabeko","Anchor","Astrolabe","Lee\u0027s Waffle","Oddly Smooth Stone","Smiling Mask","Mark of Pain","MealTicket","Bag of Preparation","War Paint"],"acts_visited":["Exordium","TheCity","TheBeyond"],"potions_floor_usage":[50,50],"damage_taken":[{"damage":6.0,"enemies":"Jaw Worm","floor":1.0,"turns":4.0},{"damage":5.0,"enemies":"Small Slimes","floor":5.0,"turns":3.0},{"damage":0.0,"enemies":"2 Louse","floor":7.0,"turns":2.0},{"damage":0.0,"enemies":"Lots of Slimes","floor":12.0,"turns":1.0},{"damage":17.0,"enemies":"Lagavulin","floor":13.0,"turns":8.0},{"damage":0.0,"enemies":"Red Slaver","floor":14.0,"turns":2.0},{"damage":22.0,"enemies":"The Guardian","floor":16.0,"turns":12.0},{"damage":7.0,"enemies":"Shell Parasite","floor":18.0,"turns":5.0},{"damage":12.0,"enemies":"3 Byrds","floor":19.0,"turns":5.0},{"damage":13.0,"enemies":"Centurion and Healer","floor":20.0,"turns":7.0},{"damage":6.0,"enemies":"Cultist and Chosen","floor":29.0,"turns":5.0},{"damage":12.0,"enemies":"Snake Plant","floor":31.0,"turns":3.0},{"damage":40.0,"enemies":"Champ","floor":33.0,"turns":10.0},{"damage":1.0,"enemies":"Orb Walker","floor":35.0,"turns":3.0},{"damage":24.0,"enemies":"3 Darklings","floor":36.0,"turns":6.0},{"damage":32.0,"enemies":"4 Shapes","floor":39.0,"turns":5.0},{"damage":1.0,"enemies":"Maw","floor":41.0,"turns":8.0},{"damage":27.0,"enemies":"Reptomancer","floor":44.0,"turns":6.0},{"damage":28,"enemies":"Spire Growth","floor":47,"turns":5},{"damage":62,"enemies":"4 Shapes","floor":48,"turns":8},{"damage":35,"enemies":"Time Eater","floor":50,"turns":10}],"seed_played":"-4257914989421786240","potions_obtained":[{"floor":5.0,"key":"PowerPotion"},{"floor":12.0,"key":"ColorlessPotion"},{"floor":13.0,"key":"SteroidPotion"},{"floor":19.0,"key":"LiquidBronze"},{"floor":29.0,"key":"FairyPotion"},{"floor":33.0,"key":"SpeedPotion"},{"floor":36.0,"key":"LiquidBronze"},{"floor":39.0,"key":"LiquidBronze"},{"floor":47,"key":"Energy Potion"},{"floor":48,"key":"ColorlessPotion"}],"is_trial":false,"path_per_floor":["M","?","?","$","M","R","M","R","T","?","R","M","E","M","R","B",null,"M","M","M","$","?","R","?","R","T","R","$","M","R","M","R","B",null,"M","M","$","?","M","R","M","?","T","E","$","?","M","M","R","B",null],"character_chosen":"IRONCLAD","items_purchased":["Akabeko","Heavy Blade","Lee\u0027s Waffle","Oddly Smooth Stone","MealTicket","Panacea"],"campfire_rested":3,"item_purchase_floors":[4,4,21,21,37,45],"current_hp_per_floor":[80,69,49,49,50,74,80,80,80,80,80,80,69,75,75,59,80,79,73,66,87,87,87,81,81,81,81,81,81,81,75,75,41,87,90,72,72,72,49,76,81,81,81,60,75,103,81,28,59,33],"gold":81,"neow_bonus":"THREE_CARDS","is_daily":false,"chose_seed":false,"campfire_upgraded":8,"win_rate":0.0,"timestamp":1608486084,"path_taken":["M","?","?","$","M","R","M","R","T","?","R","?","E","M","R","BOSS","M","M","M","$","?","R","?","R","T","R","$","M","R","M","R","BOSS","M","M","$","?","M","R","M","?","T","E","$","?","M","?","R","BOSS"],"items_purchased_type":["Relic","Card","Relic","Relic","Relic","Card"],"build_version":"2020-12-13","purchased_purges":1,"victory":true,"max_hp_per_floor":[80,80,80,80,80,80,80,80,80,80,80,80,80,80,80,80,80,80,80,80,87,87,87,87,87,87,87,87,87,87,87,87,87,87,90,90,90,90,93,93,93,93,93,93,93,103,103,106,106,109],"card_choices":[{"not_picked":["Sword Boomerang","Headbutt"],"picked":"Uppercut","floor":0.0},{"not_picked":["Havoc","Perfected Strike"],"picked":"Pommel Strike","floor":1.0},{"not_picked":["Headbutt","Wild Strike"],"picked":"Thunderclap","floor":5.0},{"not_picked":["Perfected Strike","Cleave"],"picked":"Sword Boomerang","floor":7.0},{"not_picked":["Havoc","Power Through","Flex"],"picked":"SKIP","floor":12.0},{"not_picked":["Body Slam","Pummel"],"picked":"Disarm","floor":13.0},{"not_picked":["Flex","Dual Wield"],"picked":"Spot Weakness","floor":14.0},{"not_picked":["Barricade","Immolate"],"picked":"Exhume","floor":16.0},{"not_picked":["Flex","Anger+1"],"picked":"Shockwave","floor":18.0},{"not_picked":["Havoc","Dual Wield+1"],"picked":"Sword Boomerang","floor":19.0},{"not_picked":["Body Slam","Rupture"],"picked":"Twin Strike+1","floor":20.0},{"not_picked":["Twin Strike","Wild Strike"],"picked":"Evolve+1","floor":29.0},{"not_picked":["True Grit+1","Anger"],"picked":"Heavy Blade+1","floor":31.0},{"not_picked":["Fiend Fire","Berserk"],"picked":"Feed","floor":33.0},{"not_picked":["Wild Strike","Warcry+1"],"picked":"Metallicize","floor":35.0},{"not_picked":["Headbutt","Fiend Fire"],"picked":"Power Through+1","floor":36.0},{"not_picked":["Clash","Headbutt","Flex"],"picked":"SKIP","floor":39.0},{"not_picked":["Dark Embrace","Clash+1"],"picked":"Armaments+1","floor":41.0},{"not_picked":["Ghostly Armor","Immolate"],"picked":"Headbutt+1","floor":44.0},{"not_picked":["Flex+1","Twin Strike+1"],"picked":"Body Slam","floor":47},{"not_picked":["Anger+1","Sword Boomerang"],"picked":"Twin Strike+1","floor":48}],"player_experience":4958699,"relics_obtained":[{"floor":13.0,"key":"Anchor"},{"floor":26.0,"key":"Smiling Mask"},{"floor":43.0,"key":"Bag of Preparation"},{"floor":44.0,"key":"War Paint"}],"event_choices":[{"damage_healed":0.0,"max_hp_gain":0.0,"max_hp_loss":0.0,"gold_gain":75.0,"event_name":"World of Goop","player_choice":"Gather Gold","floor":2.0,"gold_loss":0.0,"damage_taken":11.0},{"damage_healed":0.0,"max_hp_gain":0.0,"max_hp_loss":0.0,"gold_gain":0.0,"event_name":"Golden Idol","player_choice":"Take Damage","floor":3.0,"gold_loss":0.0,"damage_taken":20.0,"relics_obtained":["Golden Idol"]},{"damage_healed":0.0,"max_hp_gain":0.0,"max_hp_loss":0.0,"gold_gain":0.0,"cards_transformed":["Strike_R"],"event_name":"Transmorgrifier","player_choice":"Transformed","floor":10.0,"gold_loss":0.0,"damage_taken":0.0,"cards_obtained":["Metallicize"]},{"damage_healed":0.0,"max_hp_gain":0.0,"max_hp_loss":0.0,"gold_gain":0.0,"event_name":"Ghosts","player_choice":"Ignored","floor":22.0,"gold_loss":0.0,"damage_taken":0.0},{"damage_healed":0.0,"max_hp_gain":0.0,"max_hp_loss":0.0,"gold_gain":0.0,"event_name":"Nest","player_choice":"Joined the Cult","floor":24.0,"gold_loss":0.0,"damage_taken":6.0,"cards_obtained":["RitualDagger"]},{"damage_healed":0.0,"max_hp_gain":0.0,"max_hp_loss":0.0,"gold_gain":0.0,"event_name":"Mysterious Sphere","player_choice":"Ignored","floor":38.0,"gold_loss":0.0,"damage_taken":0.0},{"damage_healed":0.0,"max_hp_gain":0.0,"max_hp_loss":0.0,"gold_gain":0.0,"event_name":"The Moai Head","player_choice":"Ignored","floor":42.0,"gold_loss":0.0,"damage_taken":0.0},{"cards_removed":["Fiend Fire"],"damage_healed":18.0,"max_hp_gain":10.0,"max_hp_loss":0.0,"gold_gain":0.0,"event_name":"Bonfire Elementals","player_choice":"Offered Rare","floor":46.0,"gold_loss":0.0,"damage_taken":0.0}],"is_beta":false,"boss_relics":[{"not_picked":["Ectoplasm","Runic Pyramid"],"picked":"Astrolabe"},{"not_picked":["Philosopher\u0027s Stone","Velvet Choker"],"picked":"Mark of Pain"}],"items_purged_floors":[28],"is_endless":false,"potions_floor_spawned":[5,12,13,19,29,33,36,39,47,48],"ascension_level":0}}