{"host":"eil9x6nly2al6731","time":1608449714,"event":{"mods":["Aspiration","BaseMod","Better Third Choice","Colored Powertips","Conspire","Energized Spire","Friendly Minions","Halation","Hubris","Infinite Spire","Minty Spire (QoL Compilation)","Random Character Button","Replay The Spire","Robot Space Explorer","Shop Mod","StSLib","The Druid","The Factory","The Jungle","The Mystic","The Servant 0.9.4","TheBandit"],"gold_per_floor":[109,122,122,122,132,164,164,164,191,191,191,208,223,241,241,241,241],"floor_reached":16,"playtime":477,"items_purged":[],"score":153,"play_id":"ce12b5a8-b114-497b-87cd-cd1b774a360b","local_time":"20201220153514","is_ascension_mode":true,"campfire_choices":[{"floor":7,"key":"REST"},{"floor":15,"key":"REST"}],"circlet_count":0,"master_deck":["AscendersBane","Strike_P","Strike_P","Strike_P","Defend_P","Defend_P","Defend_P","Defend_P","Eruption","Vigilance","Replay:Vibes","FlurryOfBlows","Injury","Meditate+1","Prostrate+1","Consecrate+1","CrushJoints+1","Worship+1","LessonLearned+1"],"relics":["PureWater","NeowsBlessing","Toxic Egg 2","Molten Egg 2","halation:BlackBeret","aspiration:ChemicalBlood"],"acts_visited":["Exordium"],"potions_floor_usage":[12,16,16,16],"damage_taken":[{"damage":0,"enemies":"Small Slimes","floor":1,"turns":1},{"damage":0,"enemies":"2 Louse","floor":2,"turns":1},{"damage":0,"enemies":"Cultist","floor":5,"turns":1},{"damage":59,"enemies":"Lagavulin","floor":6,"turns":6},{"damage":0,"enemies":"Exordium Thugs","floor":12,"turns":3},{"damage":0,"enemies":"Gremlin Gang","floor":13,"turns":3},{"damage":4,"enemies":"2 Fungi Beasts","floor":14,"turns":3},{"damage":44,"enemies":"Fading Forest","floor":16,"turns":10}],"seed_played":"-2314516440000807099","potions_obtained":[{"floor":5,"key":"Flashbang"},{"floor":6,"key":"StancePotion"},{"floor":12,"key":"Strength Potion"},{"floor":13,"key":"LiquidBronze"}],"is_trial":false,"path_per_floor":["M","M","?","?","M","E","R","$","T","?","?","M","M","M","R","B"],"character_chosen":"WATCHER","items_purchased":["halation:BlackBeret"],"campfire_rested":2,"item_purchase_floors":[8],"current_hp_per_floor":[65,65,65,65,65,6,27,7,7,7,7,7,7,3,24,0,0],"gold":241,"neow_bonus":"THREE_ENEMY_KILL","is_daily":false,"chose_seed":false,"campfire_upgraded":0,"win_rate":0.0,"timestamp":1608449714,"path_taken":["M","M","?","?","?","E","R","?","T","?","?","M","M","M","R","BOSS"],"items_purchased_type":["Relic"],"build_version":"2020-12-13","purchased_purges":0,"victory":false,"max_hp_per_floor":[72,72,72,72,72,72,72,72,72,72,72,72,72,72,72,72,72],"card_choices":[{"not_picked":["WindmillStrike","Crescendo"],"picked":"Replay:Vibes","floor":1},{"not_picked":["Replay:Vibes","InnerPeace"],"picked":"FlurryOfBlows","floor":2},{"not_picked":["Swivel+1","ClearTheMind+1"],"picked":"Prostrate+1","floor":5},{"not_picked":["Establishment","Replay:BluntJabs+1"],"picked":"Consecrate+1","floor":6},{"not_picked":["Replay:AtTheReady+1","Protect+1"],"picked":"CrushJoints+1","floor":12},{"not_picked":["Replay:AtTheReady+1","Meditate+1"],"picked":"Worship+1","floor":13},{"not_picked":["Nirvana","MentalFortress"],"picked":"LessonLearned+1","floor":14}],"player_experience":1456722,"relics_obtained":[{"floor":6,"key":"Molten Egg 2"},{"floor":9,"key":"aspiration:ChemicalBlood"}],"event_choices":[{"damage_healed":0,"gold_gain":0,"player_choice":"1 cards matched","damage_taken":0,"max_hp_gain":0,"max_hp_loss":0,"event_name":"Match and Keep!","floor":4,"gold_loss":0,"cards_obtained":["Meditate"]},{"damage_healed":0,"gold_gain":0,"player_choice":"LEAVE","damage_taken":0,"max_hp_gain":0,"max_hp_loss":0,"event_name":"betterThird:BetterScrap","floor":11,"gold_loss":0,"cards_obtained":["Sentinel"]}],"is_beta":false,"boss_relics":[],"items_purged_floors":[],"is_endless":false,"potions_floor_spawned":[5,6,12,13],"killed_by":"Fading Forest","ascension_level":10}}