{"host":"gzk4gkgy3zij1c51","time":1608473620,"event":{"mods":["BaseMod","Colored Map","Downfall","Highlight Path","Minty Spire (QoL Compilation)","Relic Stats","StSLib","everything is the same but u backflip on backflip"],"gold_per_floor":[113,123,140,160,160,160,189,207,260,340,370,386,411,426,426,527,527,540,540,32,32,48,48,48,48],"floor_reached":24,"playtime":1534,"items_purged":[],"score":333,"play_id":"8a328916-6b0b-4405-af63-33eae9a6164e","local_time":"20201220141340","is_ascension_mode":true,"campfire_choices":[{"data":"Poisoned Stab","floor":6,"key":"SMITH"},{"data":"Bouncing Flask","floor":15,"key":"SMITH"},{"data":"Malaise","floor":23,"key":"SMITH"}],"circlet_count":0,"master_deck":["Strike_G","Strike_G","Strike_G","Strike_G","Strike_G","Defend_G","Defend_G","Defend_G","Defend_G","Defend_G","Survivor","Neutralize+1","Well Laid Plans","Poisoned Stab+1","Masterful Stab","Dodge and Roll","Bouncing Flask+1","Quick Slash","Dagger Spray","Backstab","Skewer","Catalyst","Malaise+1","Flying Knee+1","Footwork","Magnetism","Bandage Up","Bane","Ghostly","Ghostly","Ghostly","Ghostly","Ghostly","Blade Dance+1"],"relics":["Ring of the Snake","InkBottle","Omamori","StrikeDummy","Centennial Puzzle","sneckomod:SneckoTalon","ClockworkSouvenir"],"acts_visited":["Exordium","TheCity"],"potions_floor_usage":[7,7,13,18,24],"damage_taken":[{"damage":6,"enemies":"Small Slimes","floor":1,"turns":5},{"damage":0,"enemies":"Cultist","floor":2,"turns":4},{"damage":5,"enemies":"2 Louse","floor":3,"turns":3},{"damage":0,"enemies":"Blue Slaver","floor":4,"turns":3},{"damage":16,"enemies":"Lagavulin","floor":7,"turns":6},{"damage":0,"enemies":"Large Slime","floor":8,"turns":4},{"damage":16,"enemies":"3 Sentries","floor":11,"turns":8},{"damage":0,"enemies":"Exordium Thugs","floor":12,"turns":4},{"damage":12,"enemies":"Gremlin Nob","floor":13,"turns":3},{"damage":0,"enemies":"3 Louse","floor":14,"turns":3},{"damage":0,"enemies":"Hexaghost","floor":16,"turns":8},{"damage":1,"enemies":"3 Byrds","floor":18,"turns":3},{"damage":3,"enemies":"Chosen","floor":22,"turns":5},{"damage":38,"enemies":"Gremlin Leader","floor":24,"turns":6}],"seed_played":"-4091307355880995233","potions_obtained":[{"floor":1,"key":"AttackPotion"},{"floor":3,"key":"GhostInAJar"},{"floor":11,"key":"Swift Potion"},{"floor":13,"key":"ColorlessPotion"},{"floor":22,"key":"Fire Potion"}],"is_trial":false,"path_per_floor":["M","M","M","M","?","R","E","M","T","?","E","M","E","M","R","B",null,"M","?","$","?","M","R","E"],"character_chosen":"THE_SILENT","items_purchased":["Footwork","Magnetism","Bandage Up","ClockworkSouvenir","Bane"],"campfire_rested":0,"item_purchase_floors":[20,20,20,20,20],"current_hp_per_floor":[71,71,66,66,66,66,50,50,50,50,34,34,22,22,22,22,77,76,62,62,41,38,38,0,0],"gold":48,"neow_bonus":"TEN_PERCENT_HP_BONUS","is_daily":false,"chose_seed":false,"campfire_upgraded":3,"win_rate":0.0,"timestamp":1608473620,"path_taken":["M","M","M","M","?","R","E","?","T","?","E","M","E","M","R","BOSS","M","?","$","?","M","R","E"],"items_purchased_type":["Card","Card","Card","Relic","Card"],"build_version":"2020-12-13","purchased_purges":0,"victory":false,"max_hp_per_floor":[77,77,77,77,77,77,77,77,77,77,77,77,77,77,77,77,77,77,82,82,41,41,41,41,41],"relic_stats":{"Centennial Puzzle":[9],"counters":[14,65],"obtain_stats":[{"Centennial Puzzle":13,"Omamori":9,"StrikeDummy":11,"sneckomod:SneckoTalon":17,"InkBottle":7,"Ring of the Snake":0,"ClockworkSouvenir":20},{"Centennial Puzzle":9,"Omamori":6,"StrikeDummy":7,"sneckomod:SneckoTalon":11,"InkBottle":5,"Ring of the Snake":0,"ClockworkSouvenir":12},{"Centennial Puzzle":40,"Omamori":25,"StrikeDummy":33,"sneckomod:SneckoTalon":51,"InkBottle":21,"Ring of the Snake":0,"ClockworkSouvenir":54}],"InkBottle":[13],"Ring of the Snake":[28]},"card_choices":[{"not_picked":["All Out Attack","Underhanded Strike"],"picked":"Well Laid Plans","floor":1},{"not_picked":["Terror","Flying Knee"],"picked":"Poisoned Stab","floor":2},{"not_picked":["Prepared","Accuracy"],"picked":"Masterful Stab","floor":3},{"not_picked":["Escape Plan","Distraction"],"picked":"Dodge and Roll","floor":4},{"not_picked":["Bullet Time","Deadly Poison"],"picked":"Bouncing Flask","floor":7},{"not_picked":["Tactician","Sucker Punch"],"picked":"Quick Slash","floor":8},{"not_picked":["Outmaneuver","Dagger Throw"],"picked":"Dagger Spray","floor":11},{"not_picked":["Slice","Skewer"],"picked":"Backstab","floor":12},{"not_picked":["Unload","Deflect"],"picked":"Skewer","floor":13},{"not_picked":["Masterful Stab","Blade Dance"],"picked":"Catalyst","floor":14},{"not_picked":["Adrenaline","Die Die Die"],"picked":"Malaise","floor":16},{"not_picked":["Masterful Stab","Quick Slash"],"picked":"Flying Knee+1","floor":18},{"not_picked":["Infinite Blades","Skewer"],"picked":"Blade Dance+1","floor":22}],"player_experience":943150,"relics_obtained":[{"floor":7,"key":"InkBottle"},{"floor":9,"key":"Omamori"},{"floor":11,"key":"StrikeDummy"},{"floor":13,"key":"Centennial Puzzle"}],"event_choices":[{"damage_healed":0,"gold_gain":0,"player_choice":"Upgraded","damage_taken":0,"max_hp_gain":0,"max_hp_loss":0,"event_name":"Upgrade Shrine","floor":5,"gold_loss":0,"cards_upgraded":["Neutralize"]},{"damage_healed":0,"gold_gain":80,"player_choice":"Gained Gold","damage_taken":0,"max_hp_gain":0,"max_hp_loss":0,"event_name":"Golden Wing","floor":10,"gold_loss":0},{"damage_healed":0,"gold_gain":0,"player_choice":"Shed Blood","damage_taken":19,"max_hp_gain":5,"max_hp_loss":0,"event_name":"Forgotten Altar","floor":19,"gold_loss":0},{"damage_healed":0,"gold_gain":0,"player_choice":"Became a Ghost","damage_taken":0,"max_hp_gain":0,"max_hp_loss":41,"event_name":"Ghosts","floor":21,"gold_loss":0,"cards_obtained":["Ghostly","Ghostly","Ghostly","Ghostly","Ghostly"]}],"is_beta":false,"boss_relics":[{"not_picked":["HoveringKite","Runic Dome"],"picked":"sneckomod:SneckoTalon"}],"items_purged_floors":[],"is_endless":false,"potions_floor_spawned":[1,3,11,13,22],"killed_by":"Gremlin Leader","ascension_level":3}}