{"host":"94aus4jnk6thj94q","time":1608452033,"event":{"mods":["BaseMod","Minty Spire (QoL Compilation)","Quick Restart","StSLib"],"gold_per_floor":[109,109,129,142,35,35,49,65,65,65,240,254,254,271,271,376,376,392,392,160,160,175,194,194,44,44,59,72,90,115,44,44,147,147,158,158,169,184,196,209,240,93,120,138,155,155,185,197,197,197,197,197,47,81,81,81],"floor_reached":55,"playtime":13811,"items_purged":["Doubt"],"score":747,"play_id":"b3b1afc3-a7da-4875-a3c1-b9d6e54a1f47","local_time":"20201220101353","is_ascension_mode":false,"campfire_choices":[{"floor":6.0,"key":"REST"},{"floor":10.0,"key":"REST"},{"floor":13.0,"key":"REST"},{"floor":15.0,"key":"REST"},{"data":"Defragment","floor":24.0,"key":"SMITH"},{"floor":32.0,"key":"REST"},{"floor":46,"key":"REST"},{"floor":49,"key":"RECALL"},{"data":"Defragment","floor":52,"key":"SMITH"}],"circlet_count":0,"master_deck":["Strike_B","Strike_B","Strike_B","Strike_B","Defend_B","Defend_B","Defend_B","Defend_B","Zap","Dualcast","Coolheaded","Cold Snap","Defragment+1","Ball Lightning","Melter","Capacitor","Self Repair","Glacier","Self Repair","Seek","Leap+1","RitualDagger","White Noise","Conserve Battery","Conserve Battery+1","Melter","Redo+1","Trip","Consume+1","Redo+1","Defragment+1","Blizzard","Parasite","Redo","Consume+1"],"relics":["Cracked Core","Cables","Sozu","Anchor","Runic Capacitor","Bottled Tornado","Velvet Choker","Regal Pillow","Akabeko","Bag of Marbles","Thread and Needle","DataDisk","Sundial"],"acts_visited":["Exordium","TheCity","TheBeyond","TheEnding"],"potions_floor_usage":[],"damage_taken":[{"damage":4.0,"enemies":"Jaw Worm","floor":1.0,"turns":4.0},{"damage":0.0,"enemies":"Cultist","floor":3.0,"turns":3.0},{"damage":5.0,"enemies":"Small Slimes","floor":4.0,"turns":2.0},{"damage":10.0,"enemies":"Blue Slaver","floor":7.0,"turns":3.0},{"damage":28.0,"enemies":"Large Slime","floor":8.0,"turns":4.0},{"damage":0.0,"enemies":"Exordium Wildlife","floor":12.0,"turns":3.0},{"damage":25.0,"enemies":"Lots of Slimes","floor":14.0,"turns":3.0},{"damage":12.0,"enemies":"Slime Boss","floor":16.0,"turns":12.0},{"damage":3.0,"enemies":"Chosen","floor":18.0,"turns":6.0},{"damage":0.0,"enemies":"Spheric Guardian","floor":22.0,"turns":1.0},{"damage":13.0,"enemies":"Snake Plant","floor":23.0,"turns":5.0},{"damage":1.0,"enemies":"Shelled Parasite and Fungi","floor":27.0,"turns":6.0},{"damage":9.0,"enemies":"Chosen and Byrds","floor":28.0,"turns":6.0},{"damage":12.0,"enemies":"Snake Plant","floor":29.0,"turns":4.0},{"damage":45.0,"enemies":"Slavers","floor":30.0,"turns":6.0},{"damage":11.0,"enemies":"Champ","floor":33.0,"turns":16.0},{"damage":14,"enemies":"3 Darklings","floor":35,"turns":8},{"damage":3,"enemies":"Orb Walker","floor":37,"turns":3},{"damage":0,"enemies":"Maw","floor":38,"turns":8},{"damage":7,"enemies":"Sphere and 2 Shapes","floor":39,"turns":4},{"damage":0,"enemies":"Transient","floor":40,"turns":5},{"damage":0,"enemies":"Nemesis","floor":41,"turns":11},{"damage":0,"enemies":"Spire Growth","floor":44,"turns":5},{"damage":27,"enemies":"Jaw Worm Horde","floor":45,"turns":4},{"damage":5,"enemies":"Giant Head","floor":47,"turns":9},{"damage":0,"enemies":"Writhing Mass","floor":48,"turns":6},{"damage":20,"enemies":"Time Eater","floor":50,"turns":13},{"damage":68,"enemies":"Shield and Spear","floor":54,"turns":9},{"damage":37,"enemies":"The Heart","floor":55,"turns":3}],"seed_played":"-9069374029713635347","potions_obtained":[{"floor":1.0,"key":"GamblersBrew"},{"floor":7.0,"key":"Fire Potion"},{"floor":8.0,"key":"EssenceOfSteel"},{"floor":14.0,"key":"Energy Potion"}],"is_trial":false,"path_per_floor":["M","?","M","M","$","R","M","M","T","R","?","M","R","M","R","B",null,"M","?","$","?","M","M","R","$","T","M","M","M","E","$","R","B",null,"M","?","M","M","M","M","E","$","T","M","M","R","E","M","R","B",null,"R","$","E","B"],"character_chosen":"DEFECT","items_purchased":["Melter","Capacitor","Anchor","Runic Capacitor","Melter","Akabeko","DataDisk"],"campfire_rested":6,"item_purchase_floors":[5,5,20,25,31,42,53],"current_hp_per_floor":[71,71,71,66,66,75,65,44,44,66,66,66,75,57,75,70,75,75,75,75,69,69,70,70,70,70,75,75,75,44,44,66,69,75,75,75,72,75,75,75,75,75,75,75,62,75,75,75,75,55,75,75,75,21,0,0],"gold":81,"neow_bonus":"THREE_CARDS","is_daily":false,"chose_seed":false,"campfire_upgraded":2,"win_rate":0.0,"timestamp":1608452033,"path_taken":["M","?","M","?","$","R","M","M","T","R","?","M","R","M","R","BOSS","M","?","$","?","M","M","R","?","T","?","M","M","E","$","R","BOSS","M","?","M","M","M","M","E","$","T","?","M","R","E","M","R","BOSS","R","$","E","BOSS"],"items_purchased_type":["Card","Card","Relic","Relic","Card","Relic","Relic"],"build_version":"2020-12-13","purchased_purges":1,"victory":false,"max_hp_per_floor":[75,75,75,75,75,75,75,75,75,75,75,75,75,75,75,75,75,75,75,75,75,75,75,75,75,75,75,75,75,75,75,75,75,75,75,75,75,75,75,75,75,75,75,75,75,75,75,75,75,75,75,75,75,75,75,75],"card_choices":[{"not_picked":["Steam Power","Sweeping Beam"],"picked":"Coolheaded","floor":0.0},{"not_picked":["Loop","Stack"],"picked":"Cold Snap","floor":1.0},{"not_picked":["Coolheaded","Beam Cell"],"picked":"Defragment","floor":3.0},{"not_picked":["Turbo","Rebound"],"picked":"Ball Lightning","floor":4.0},{"not_picked":["Turbo","Cold Snap"],"picked":"Self Repair","floor":7.0},{"not_picked":["Auto Shields","Machine Learning","Force Field"],"picked":"SKIP","floor":8.0},{"not_picked":["Sweeping Beam","Ball Lightning"],"picked":"Glacier","floor":12.0},{"not_picked":["Beam Cell","Hello World"],"picked":"Self Repair","floor":14.0},{"not_picked":["All For One","Echo Form"],"picked":"Seek","floor":16.0},{"not_picked":["Turbo","Redo"],"picked":"Leap+1","floor":18.0},{"not_picked":["Sweeping Beam","Reprogram","Turbo"],"picked":"SKIP","floor":22.0},{"not_picked":["Hologram","Stack","Steam"],"picked":"SKIP","floor":23.0},{"not_picked":["Reinforced Body","Leap"],"picked":"White Noise","floor":27.0},{"not_picked":["Darkness","Stack+1"],"picked":"Conserve Battery","floor":28.0},{"not_picked":["Echo Form","Leap+1","Go for the Eyes"],"picked":"SKIP","floor":29.0},{"not_picked":["Hyperbeam","Blizzard+1"],"picked":"Conserve Battery+1","floor":30.0},{"not_picked":["Fusion+1","Melter"],"picked":"Redo+1","floor":35},{"not_picked":["Barrage","Hello World","Turbo+1"],"picked":"SKIP","floor":37},{"not_picked":["Go for the Eyes+1","Double Energy"],"picked":"Consume+1","floor":38},{"not_picked":["Beam Cell+1","Turbo","Barrage+1"],"picked":"SKIP","floor":39},{"not_picked":["Steam Power","Genetic Algorithm"],"picked":"Redo+1","floor":40},{"not_picked":["Go for the Eyes","Compile Driver+1"],"picked":"Defragment","floor":41},{"not_picked":["Beam Cell","Conserve Battery","Leap+1"],"picked":"SKIP","floor":44},{"not_picked":["Creative AI","Streamline+1","Barrage"],"picked":"SKIP","floor":45},{"not_picked":["Rebound","Ball Lightning"],"picked":"Blizzard","floor":47},{"not_picked":["Barrage+1","Cold Snap+1"],"picked":"Redo","floor":48},{"not_picked":["Leap+1","Hyperbeam"],"picked":"Consume+1","floor":54}],"player_experience":5614175,"relics_obtained":[{"floor":9.0,"key":"Cables"},{"floor":30.0,"key":"Bottled Tornado"},{"floor":41,"key":"Regal Pillow"},{"floor":43,"key":"Bag of Marbles"},{"floor":47,"key":"Thread and Needle"},{"floor":54,"key":"Sundial"}],"event_choices":[{"damage_healed":0.0,"max_hp_gain":0.0,"max_hp_loss":0.0,"gold_gain":0.0,"event_name":"Transmorgrifier","player_choice":"Ignored","floor":2.0,"gold_loss":0.0,"damage_taken":0.0},{"damage_healed":0.0,"max_hp_gain":0.0,"max_hp_loss":0.0,"gold_gain":175.0,"event_name":"Liars Game","player_choice":"AGREE","floor":11.0,"gold_loss":0.0,"damage_taken":0.0,"cards_obtained":["Doubt"]},{"damage_healed":0.0,"max_hp_gain":0.0,"max_hp_loss":0.0,"gold_gain":0.0,"event_name":"Ghosts","player_choice":"Ignored","floor":19.0,"gold_loss":0.0,"damage_taken":0.0},{"damage_healed":0.0,"max_hp_gain":0.0,"max_hp_loss":0.0,"gold_gain":0.0,"event_name":"Nest","player_choice":"Joined the Cult","floor":21.0,"gold_loss":0.0,"damage_taken":6.0,"cards_obtained":["RitualDagger"]},{"damage_healed":0,"gold_gain":0,"player_choice":"1 cards matched","damage_taken":0,"max_hp_gain":0,"max_hp_loss":0,"event_name":"Match and Keep!","floor":36,"gold_loss":0,"cards_obtained":["Trip"]}],"is_beta":false,"boss_relics":[{"not_picked":["Snecko Eye","Empty Cage"],"picked":"Sozu"},{"not_picked":["SacredBark","Runic Pyramid"],"picked":"Velvet Choker"}],"items_purged_floors":[20],"is_endless":false,"potions_floor_spawned":[1,7,8,14,18,22,27,29,33,35,37,38,41,48,54],"killed_by":"The Heart","ascension_level":0}}