{"host":"jkgg7n5hn1slsm35","time":1608470436,"event":{"mods":["Aspiration","BaseMod","BetterRewards","Conspire","Googly Eyes","Gremlin Skip","Halation","Highlight Path","Hubris","Infinite Spire","Minty Spire (QoL Compilation)","Permanent Neow","StSLib","SuperFastMode","vexMod"],"gold_per_floor":[116,126,143,168,186,186,61,61,61,80,80,80,0,80,92,204,216,247,279,291,303,334,346,419,508,544,102,120,139,238,238,238,338,338,352,252,268,285,285,285,285,285],"floor_reached":41,"playtime":1136,"items_purged":["Strike_G","Strike_G"],"score":413,"play_id":"9e05fb27-a30e-46ef-8b9a-f7ed8ce85f57","local_time":"20201220142036","is_ascension_mode":false,"campfire_choices":[{"data":"Noxious Fumes","floor":6,"key":"SMITH"},{"data":"Poisoned Stab","floor":8,"key":"SMITH"},{"data":"Backstab","floor":11,"key":"SMITH"},{"data":"Noxious Fumes","floor":15,"key":"SMITH"},{"floor":23,"key":"REST"},{"floor":32,"key":"REST"},{"floor":40,"key":"REST"}],"circlet_count":0,"master_deck":["Strike_G","Strike_G","Strike_G","Defend_G","Defend_G","Defend_G","Defend_G","Defend_G","Survivor","Neutralize","Dodge and Roll","Noxious Fumes+1","Poisoned Stab+1","Deflect","Noxious Fumes+1","Poisoned Stab+1","Envenom+1","Deflect","Deflect+1","Dodge and Roll","Footwork","Escape Plan","Backflip","Envenom+1","Quick Slash+1"],"relics":["Ring of the Snake","infinitespire:Lucky Rock","hubris:OldNail","Molten Egg 2","hubris:MobiusCoin","MawBank","conspire:RunicOctahedron","aspiration:RitualStick","Orichalcum","aspiration:Lifesprig","Frozen Egg 2","conspire:RoyalGoblet"],"acts_visited":["Exordium","TheCity","TheBeyond"],"potions_floor_usage":[4,14,16,25,25,33],"damage_taken":[{"damage":0,"enemies":"Jaw Worm","floor":1,"turns":4},{"damage":0,"enemies":"Small Slimes","floor":2,"turns":3},{"damage":0,"enemies":"Cultist","floor":3,"turns":4},{"damage":0,"enemies":"conspire:MimicChest","floor":4,"turns":5},{"damage":2,"enemies":"Looter","floor":5,"turns":4},{"damage":0,"enemies":"Large Slime","floor":10,"turns":5},{"damage":12,"enemies":"Gremlin Nob","floor":14,"turns":3},{"damage":17,"enemies":"The Guardian","floor":16,"turns":8},{"damage":10,"enemies":"Spheric Guardian","floor":18,"turns":4},{"damage":1,"enemies":"Shell Parasite","floor":19,"turns":6},{"damage":37,"enemies":"Snecko","floor":22,"turns":6},{"damage":11,"enemies":"Centurion and Healer","floor":24,"turns":6},{"damage":7,"enemies":"Nightmare","floor":25,"turns":6},{"damage":10,"enemies":"Cultist and Chosen","floor":28,"turns":7},{"damage":2,"enemies":"Shelled Parasite and Fungi","floor":29,"turns":6},{"damage":13,"enemies":"Automaton","floor":33,"turns":10},{"damage":13,"enemies":"3 Darklings","floor":35,"turns":7},{"damage":5,"enemies":"Orb Walker","floor":37,"turns":4},{"damage":47,"enemies":"Spire Growth","floor":38,"turns":6},{"damage":26,"enemies":"Sphere and 2 Shapes","floor":41,"turns":5}],"seed_played":"6294961146079315297","potions_obtained":[{"floor":2,"key":"AttackPotion"},{"floor":5,"key":"LiquidBronze"},{"floor":10,"key":"FearPotion"},{"floor":14,"key":"DuplicationPotion"},{"floor":18,"key":"ColorlessPotion"},{"floor":19,"key":"GamblersBrew"},{"floor":22,"key":"PowerPotion"},{"floor":37,"key":"Ancient Potion"}],"is_trial":false,"path_per_floor":["M","M","M","?","M","R","$","R","T","M","R","?","$","E","R","B",null,"M","M","?","?","M","R","M","NM","T","$","M","M","?","?","R","B",null,"M","NS","M","M","?","R","M"],"character_chosen":"THE_SILENT","items_purchased":["Poisoned Stab","Noxious Fumes","Footwork","Escape Plan","Frozen Egg 2"],"campfire_rested":3,"item_purchase_floors":[7,13,27,27,27],"current_hp_per_floor":[70,70,70,70,68,68,68,68,68,68,68,68,68,56,56,39,70,60,59,45,68,31,52,41,34,34,34,24,22,22,22,43,30,70,57,57,52,5,5,26,0,0],"gold":285,"neow_bonus":"RANDOM_COMMON_RELIC","is_daily":false,"chose_seed":false,"campfire_upgraded":4,"win_rate":0.0,"timestamp":1608470436,"path_taken":["M","M","M","?","M","R","$","R","T","M","R","?","$","E","R","BOSS","M","M","?","?","M","R","M","NM","T","$","M","M","?","?","R","BOSS","M","NS","M","M","?","R","M"],"items_purchased_type":["Card","Card","Card","Card","Relic"],"build_version":"2020-12-13","purchased_purges":2,"victory":false,"max_hp_per_floor":[70,70,70,70,70,70,70,70,70,70,70,70,70,70,70,70,70,70,70,70,70,70,70,70,70,70,70,70,70,70,70,70,70,70,70,70,70,70,70,70,70,70],"card_choices":[{"not_picked":["Prepared","Quick Slash"],"picked":"Backstab","floor":1},{"not_picked":["Quick Slash","Choke"],"picked":"Dodge and Roll","floor":2},{"not_picked":["Blade Dance","Deadly Poison","Flying Knee"],"picked":"SKIP","floor":3},{"not_picked":["Blade Dance","Catalyst"],"picked":"Noxious Fumes","floor":5},{"not_picked":["Acrobatics","Slice+1"],"picked":"Deflect","floor":10},{"not_picked":["Skewer+1","Phantasmal Killer"],"picked":"Poisoned Stab+1","floor":14},{"not_picked":["Night Terror","Bullet Time"],"picked":"Envenom","floor":16},{"not_picked":["PiercingWail","Dagger Throw+1"],"picked":"Deflect","floor":18},{"not_picked":["Distraction","Outmaneuver"],"picked":"Deflect+1","floor":19},{"not_picked":["Accuracy","Acrobatics","Slice+1"],"picked":"SKIP","floor":22},{"not_picked":["Distraction+1","Setup","Well Laid Plans"],"picked":"SKIP","floor":24},{"not_picked":["Endless Agony+1","Night Terror"],"picked":"Dodge and Roll","floor":25},{"not_picked":["Outmaneuver","Dash+1"],"picked":"Bane+1","floor":28},{"not_picked":["Deadly Poison","Underhanded Strike+1"],"picked":"Backflip","floor":29},{"not_picked":["A Thousand Cuts+1","Doppelganger"],"picked":"Envenom+1","floor":33},{"not_picked":["Dagger Spray+1","hubris:SlightOfHand+1","Deadly Poison"],"picked":"SKIP","floor":35},{"not_picked":["Blade Dance","hubris:Counter+1"],"picked":"Quick Slash+1","floor":37},{"not_picked":["Expertise+1","Sucker Punch+1","Flying Knee+1"],"picked":"SKIP","floor":38}],"player_experience":1772689,"relics_obtained":[{"floor":4,"key":"hubris:OldNail"},{"floor":9,"key":"Molten Egg 2"},{"floor":14,"key":"MawBank"},{"floor":25,"key":"Orichalcum"},{"floor":26,"key":"aspiration:Lifesprig"}],"event_choices":[{"damage_healed":0,"gold_gain":0,"player_choice":"Gave Potion","damage_taken":0,"relics_obtained":["hubris:MobiusCoin"],"max_hp_gain":0,"max_hp_loss":0,"event_name":"WeMeetAgain","floor":12,"gold_loss":0},{"damage_healed":23,"gold_gain":0,"player_choice":"Heal","damage_taken":0,"max_hp_gain":0,"max_hp_loss":0,"event_name":"The Library","floor":21,"gold_loss":0},{"damage_healed":0,"gold_gain":99,"player_choice":"Stole From Cult","damage_taken":0,"max_hp_gain":0,"max_hp_loss":0,"event_name":"Nest","floor":30,"gold_loss":0}],"is_beta":false,"boss_relics":[{"not_picked":["hubris:GrandSneckoEye","halation:LoveArrow"],"picked":"conspire:RunicOctahedron"},{"not_picked":["conspire:SeveredTorchhead","Coffee Dripper"],"picked":"conspire:RoyalGoblet"}],"items_purged_floors":[7,27],"is_endless":true,"potions_floor_spawned":[2,5,10,14,18,19,22,37],"killed_by":"Sphere and 2 Shapes","ascension_level":0}}