{"host":"3srbdas3e7jgqz5l","time":1608465050,"event":{"mods":["BaseMod","Downfall","Minty Spire (QoL Compilation)","StSLib"],"gold_per_floor":[99,116,146,166,179,179,205,205,231,156,168,188,98,117,136,238,238,238,248,11,11,44,58,58,99,128,53,65,65,65,89,108,203,203,128,146,181,193,255,316,328,340,385,397,409,421,449,474,496,508,520,562,41,41,41],"floor_reached":56,"playtime":3868,"items_purged":["Regret","Slimebound:Tackle","Shame"],"score":1551,"play_id":"17fb3892-1e65-4316-b0f3-1dadc00b25c5","local_time":"20201220115050","is_ascension_mode":true,"campfire_choices":[{"data":"expansioncontent:DashGenerateEvil","floor":1,"key":"SMITH"},{"floor":6,"key":"RECALL"},{"data":"Slimebound:SpikyOuterGoop","floor":10,"key":"SMITH"},{"data":"Slimebound:MassFeed","floor":18,"key":"SMITH"},{"data":"Slimebound:Replication","floor":27,"key":"SMITH"},{"data":"Slimebound:LeadByExample","floor":35,"key":"SMITH"},{"data":"Slimebound:LevelUp","floor":38,"key":"SMITH"},{"data":"Slimebound:SplitSpecialist","floor":42,"key":"SMITH"},{"data":"Slimebound:SlimeBarrage","floor":44,"key":"SMITH"},{"floor":54,"key":"REST"}],"circlet_count":0,"master_deck":["Slimebound:Strike_Slimebound+1","Slimebound:Strike_Slimebound+1","Slimebound:Defend_Slimebound","Slimebound:Defend_Slimebound+1","Slimebound:Defend_Slimebound","Slimebound:Defend_Slimebound","Slimebound:Split","Slimebound:CorrosiveSpit+1","expansioncontent:DashGenerateEvil+1","Slimebound:SpikyOuterGoop+1","Slimebound:SplitMire","Slimebound:MassFeed+1","Slimebound:LevelUp+1","Slimebound:SlimeBarrage+1","Slimebound:GoopSpray","Slimebound:RejuvenatingLick","Slimebound:OneTwoCombo","Slimebound:SplitMire","Slimebound:SplitSpecialist+1","Slimebound:TagTeam","Slimebound:SlimeSpikes","Slimebound:SlimeSpikes","Slimebound:MegaLick","Slimebound:LeadByExample+1","Slimebound:Replication+1","Slimebound:SplitMire+1","Slimebound:SlimeBrawl+1","Slimebound:LevelUp","Slimebound:Prepare","Slimebound:OneTwoCombo","Slimebound:Replication"],"relics":["Slimebound:AbsorbEndCombat","Blood Vial","Vajra","Ornamental Fan","downfall:HeartBlessingRed","Slimebound:TarBlob","Anchor","Tiny Chest","White Beast Statue","Bag of Preparation","WingedGreaves","downfall:HeartBlessingGreen","FossilizedHelix","Runic Pyramid","downfall:HeartBlessingBlue","MawBank","Incense Burner","Mango","Thread and Needle","Bag of Marbles","Bottled Lightning","Lantern","Membership Card","War Paint","Blue Candle"],"acts_visited":["Exordium","TheCity","TheBeyond","TheEnding"],"potions_floor_usage":[5,16,16,16,20,28,33,37,37,49,55],"damage_taken":[{"damage":4,"enemies":"Small Slimes","floor":2,"turns":2},{"damage":24,"enemies":"Gremlin Nob","floor":3,"turns":4},{"damage":4,"enemies":"2 Louse","floor":4,"turns":3},{"damage":8,"enemies":"Cultist","floor":5,"turns":2},{"damage":20,"enemies":"Lagavulin","floor":9,"turns":6},{"damage":17,"enemies":"Lots of Slimes","floor":11,"turns":3},{"damage":13,"enemies":"Blue Slaver","floor":12,"turns":4},{"damage":12,"enemies":"downfall:FleeingMerchant","floor":13,"turns":4},{"damage":10,"enemies":"2 Fungi Beasts","floor":14,"turns":4},{"damage":9,"enemies":"Large Slime","floor":15,"turns":5},{"damage":39,"enemies":"downfall:Watcher","floor":16,"turns":8},{"damage":18,"enemies":"Chosen","floor":19,"turns":3},{"damage":30,"enemies":"downfall:FleeingMerchant","floor":20,"turns":4},{"damage":42,"enemies":"Gremlin Leader","floor":22,"turns":6},{"damage":12,"enemies":"Chosen and Byrds","floor":23,"turns":4},{"damage":12,"enemies":"downfall:FleeingMerchant","floor":25,"turns":3},{"damage":33,"enemies":"Book of Stabbing","floor":26,"turns":4},{"damage":18,"enemies":"Sentry and Sphere","floor":28,"turns":2},{"damage":15,"enemies":"Snake Plant","floor":32,"turns":3},{"damage":21,"enemies":"downfall:Defect","floor":33,"turns":6},{"damage":28,"enemies":"3 Darklings","floor":36,"turns":5},{"damage":40,"enemies":"Reptomancer","floor":37,"turns":5},{"damage":17,"enemies":"Mind Bloom Boss Battle","floor":39,"turns":5},{"damage":20,"enemies":"2 Orb Walkers","floor":40,"turns":3},{"damage":35,"enemies":"Nemesis","floor":43,"turns":5},{"damage":6,"enemies":"Orb Walker","floor":47,"turns":3},{"damage":0,"enemies":"4 Shapes","floor":48,"turns":4},{"damage":23,"enemies":"3 Darklings","floor":49,"turns":4},{"damage":71,"enemies":"downfall:Silent","floor":50,"turns":9},{"damage":59,"enemies":"downfall:CharBossMerchant","floor":52,"turns":6},{"damage":22,"enemies":"downfall:NeowBoss","floor":55,"turns":11}],"seed_played":"-5836581495720185149","potions_obtained":[{"floor":3,"key":"champ:CounterPotion"},{"floor":4,"key":"Slimebound:SlimedPotion"},{"floor":12,"key":"sneckomod:MuddlingPotion"},{"floor":14,"key":"EntropicBrew"},{"floor":23,"key":"hexamod:EctoCoolerPotion"},{"floor":25,"key":"Slimebound:SpawnSlimePotion"},{"floor":28,"key":"sneckomod:MuddlingPotion"},{"floor":32,"key":"FearPotion"},{"floor":33,"key":"FearPotion"},{"floor":37,"key":"Fruit Juice"},{"floor":39,"key":"SkillPotion"},{"floor":49,"key":"Fruit Juice"},{"floor":52,"key":"Energy Potion"}],"is_trial":false,"path_per_floor":["R","M","E","M","M","R","T","?","E","R","M","M","$","M","M","B",null,"R","M","$","?","E","M","T","$","E","R","M","$","?","T","M","B",null,"R","M","E","R","?","?","T","R","E","R","?","T","M","M","M","B",null,"E","$","R","B",null],"character_chosen":"SLIMEBOUND","items_purchased":["Slimebound:SplitSpecialist","Anchor","Slimebound:LeadByExample","Bag of Preparation","Membership Card","War Paint","Slimebound:OneTwoCombo","Blue Candle","Slimebound:Replication"],"campfire_rested":1,"item_purchase_floors":[20,20,25,25,53,53,53,53,53],"current_hp_per_floor":[54,54,38,44,55,55,55,55,55,55,54,58,62,72,78,69,84,84,82,79,79,80,92,92,92,85,85,92,92,92,92,85,96,96,106,110,99,99,124,141,141,141,140,140,140,140,157,157,161,145,170,143,143,170,170],"gold":41,"neow_bonus":"RANDOM_COLORLESS_2","is_daily":false,"chose_seed":false,"campfire_upgraded":8,"win_rate":0.0,"timestamp":1608465050,"path_taken":["R","M","E","M","M","R","T","?","E","R","M","M","$","M","M","BOSS","R","M","$","?","E","?","T","?","E","R","M","$","?","?","M","BOSS","R","M","E","R","?","?","T","R","E","R","?","?","?","M","M","BOSS","E","$","R","BOSS"],"items_purchased_type":["Card","Relic","Card","Relic","Relic","Relic","Card","Relic","Card"],"build_version":"2020-12-13","purchased_purges":3,"victory":true,"max_hp_per_floor":[54,54,54,54,57,57,57,57,57,57,69,72,72,78,81,84,84,84,88,88,88,92,92,92,92,92,92,92,92,92,92,92,96,96,106,110,115,115,131,149,149,149,153,153,153,153,157,157,166,170,170,170,170,170,170],"card_choices":[{"not_picked":["Sadistic Nature","Thinking Ahead"],"picked":"expansioncontent:DashGenerateEvil","floor":0},{"not_picked":["Slimebound:PressTheAttack","Slimebound:RollThrough"],"picked":"Slimebound:SpikyOuterGoop","floor":2},{"not_picked":["Slimebound:SplitLeeching","Slimebound:SamplingLick"],"picked":"Slimebound:SplitMire","floor":3},{"not_picked":["Slimebound:LevelUp","Slimebound:ViciousTackle"],"picked":"Slimebound:MassFeed","floor":4},{"not_picked":["Slimebound:ViciousTackle","Slimebound:SplitLeeching","Slimebound:SamplingLick"],"picked":"SKIP","floor":5},{"not_picked":["Slimebound:LeechLife","Slimebound:GrowthPunch"],"picked":"Slimebound:LevelUp","floor":9},{"not_picked":["Slimebound:SamplingLick","Slimebound:RollThrough","Slimebound:ForwardTackle"],"picked":"SKIP","floor":11},{"not_picked":["Slimebound:ProtectTheBoss","Slimebound:LeechingTouch"],"picked":"Slimebound:SlimeBarrage","floor":12},{"not_picked":["Slimebound:LeechEnergy","Slimebound:GrowthPunch","Slimebound:Dissolve"],"picked":"SKIP","floor":13},{"not_picked":["Slimebound:SlimeSpikes","Slimebound:ServeAndProtect"],"picked":"Slimebound:GoopSpray","floor":14},{"not_picked":["Slimebound:DouseInSlime","Slimebound:GoopSpray"],"picked":"Slimebound:RejuvenatingLick","floor":15},{"not_picked":["Slimebound:LeechLife","Slimebound:TagTeam"],"picked":"Slimebound:OneTwoCombo","floor":16},{"not_picked":["Slimebound:ServeAndProtect","Slimebound:SplitAcid","Slimebound:ItLooksTasty"],"picked":"SKIP","floor":19},{"not_picked":["Slimebound:SplitBruiser+1","Slimebound:Grow"],"picked":"Slimebound:SplitMire","floor":20},{"not_picked":["Slimebound:Darklings","Slimebound:PressTheAttack"],"picked":"Slimebound:SlimeSpikes","floor":22},{"not_picked":["Slimebound:FlameTackle","Slimebound:ForwardTackle"],"picked":"Slimebound:SlimeSpikes","floor":23},{"not_picked":["Slimebound:GoopTackle","Slimebound:ViciousTackle"],"picked":"Slimebound:MegaLick","floor":25},{"not_picked":["Slimebound:SplitAcid","Slimebound:Repurpose+1"],"picked":"Slimebound:Replication","floor":26},{"not_picked":["Slimebound:SplitLeeching","Slimebound:SplitAcid","Slimebound:Nibble"],"picked":"SKIP","floor":28},{"not_picked":["Slimebound:SplitBruiser+1","Slimebound:Equalize+1","Slimebound:Repurpose"],"picked":"SKIP","floor":32},{"not_picked":["Slimebound:HauntingLick+1","Slimebound:RollThrough+1","Slimebound:LeechEnergy"],"picked":"SKIP","floor":36},{"not_picked":["Slimebound:SplitBruiser","Slimebound:MassFeed","Slimebound:Equalize"],"picked":"SKIP","floor":37},{"not_picked":["Slimebound:Chomp","Slimebound:DivideAndConquer"],"picked":"Slimebound:SplitMire+1","floor":39},{"not_picked":["Slimebound:GrowthPunch","Slimebound:TagTeam","Slimebound:SlimeSpikes+1"],"picked":"SKIP","floor":43},{"not_picked":["Slimebound:GrowthPunch","Slimebound:TagTeam","Slimebound:SlimeSpikes+1"],"picked":"SKIP","floor":43},{"not_picked":["Slimebound:FlameTackle","Slimebound:GrowthPunch"],"picked":"Slimebound:SlimeBrawl","floor":47},{"not_picked":["Slimebound:SlimeTap+1","Slimebound:GrowthPunch+1"],"picked":"Slimebound:LevelUp","floor":48},{"not_picked":["Slimebound:GoopSpray+1","Slimebound:AcidTongue+1"],"picked":"Slimebound:Prepare","floor":49},{"not_picked":["Slimebound:ProtectTheBoss+1","Slimebound:GoopSpray+1","Slimebound:FormOfPuddle+1"],"picked":"SKIP","floor":52}],"player_experience":479999,"relics_obtained":[{"floor":3,"key":"Blood Vial"},{"floor":7,"key":"Vajra"},{"floor":9,"key":"Ornamental Fan"},{"floor":22,"key":"Tiny Chest"},{"floor":24,"key":"White Beast Statue"},{"floor":26,"key":"WingedGreaves"},{"floor":37,"key":"MawBank"},{"floor":39,"key":"Incense Burner"},{"floor":40,"key":"Mango"},{"floor":41,"key":"Thread and Needle"},{"floor":43,"key":"Bag of Marbles"},{"floor":46,"key":"Bottled Lightning"},{"floor":52,"key":"Lantern"}],"event_choices":[{"damage_healed":0,"gold_gain":0,"cards_transformed":["Slimebound:Strike_Slimebound"],"player_choice":"Transformed","damage_taken":0,"max_hp_gain":0,"max_hp_loss":0,"event_name":"Transmorgrifier","floor":21,"gold_loss":0,"cards_obtained":["Slimebound:TagTeam"]},{"damage_healed":0,"gold_gain":0,"player_choice":"Stole Relic","damage_taken":0,"relics_obtained":["FossilizedHelix"],"max_hp_gain":0,"max_hp_loss":0,"event_name":"Addict","floor":30,"gold_loss":0,"cards_obtained":["Shame"]},{"damage_healed":0,"gold_gain":0,"player_choice":"Fight","damage_taken":0,"max_hp_gain":0,"max_hp_loss":0,"event_name":"Mysterious Sphere","floor":40,"gold_loss":0}],"is_beta":false,"boss_relics":[{"not_picked":["Ectoplasm","Astrolabe"],"picked":"Slimebound:TarBlob"},{"not_picked":["Runic Dome","Philosopher\u0027s Stone"],"picked":"Runic Pyramid"}],"items_purged_floors":[13,25,53],"is_endless":false,"potions_floor_spawned":[3,4,12,14,16,23,25,26,28,32,33,36,37,39,40,43,47,48,49,52],"ascension_level":4}}