{"host":"kl4d6mrj76c2arub","time":1608423574,"event":{"mods":["2.2 Compatiblity","Act Like it!","Aspiration","BaseMod","Better Note","Better Vampires","CapriCore","Dio Mod","Gensokyo","Hermit","Hubris","Infinite Spire","Jorbs\u0027s Wanderer Trilogy","Marisa????????","Minty Spire (QoL Compilation)","Rare Cards Sparkle","Reimu??????","Remilia??????","StSLib","The Accelerator","The Hierophant","The Immortal","The Poker Player","The Servant 0.9.4","The Wild Card"],"gold_per_floor":[115,135,8,27,27,27,56,72,99,99,25,35,10,10,10,109,109,121,121],"floor_reached":18,"playtime":625,"items_purged":[],"score":178,"play_id":"55764e12-c9da-458d-abe3-0547961f28e1","local_time":"20201219181934","is_ascension_mode":true,"campfire_choices":[{"data":"MilkyWay","floor":6,"key":"SMITH"},{"data":"MasterSpark","floor":10,"key":"SMITH"},{"data":"MilkyWay","floor":15,"key":"SMITH"}],"circlet_count":0,"master_deck":["Strike_MRS","Strike_MRS","Strike_MRS","Strike_MRS","Defend_MRS","Defend_MRS","Defend_MRS","Defend_MRS","MasterSpark+1","UpSweep","GrandCross","AlicesGift","AsteroidBelt","MilkyWay+1","Singularity","MilkyWay+1","JA"],"relics":["MiniHakkero","aspiration:ChemicalBlood","hubris:TenFootPole","Incense Burner","Black Star"],"acts_visited":["Exordium","TheCity"],"potions_floor_usage":[],"damage_taken":[{"damage":3,"enemies":"Jaw Worm","floor":1,"turns":4},{"damage":0,"enemies":"Cultist","floor":2,"turns":3},{"damage":0,"enemies":"2 Louse","floor":4,"turns":2},{"damage":1,"enemies":"Gremlin Nob","floor":7,"turns":3},{"damage":8,"enemies":"2 Fungi Beasts","floor":8,"turns":3},{"damage":15,"enemies":"3 Louse","floor":12,"turns":3},{"damage":25,"enemies":"Hexaghost","floor":16,"turns":8},{"damage":29,"enemies":"2 Thieves","floor":18,"turns":4}],"seed_played":"-4984407091011356087","potions_obtained":[{"floor":1,"key":"ColorlessPotion"},{"floor":5,"key":"SkillPotion"},{"floor":5,"key":"DistilledChaos"},{"floor":8,"key":"Swift Potion"},{"floor":12,"key":"BlessingOfTheForge"}],"is_trial":false,"path_per_floor":["M","M","$","M","?","R","E","M","T","R","$","M","$","?","R","B",null,"M"],"character_chosen":"MARISA","items_purchased":["AlicesGift","AsteroidBelt","Singularity","MilkyWay"],"campfire_rested":0,"item_purchase_floors":[3,3,11,13],"current_hp_per_floor":[79,79,79,79,79,79,78,70,70,70,70,55,55,52,52,27,82,53,53],"gold":121,"neow_bonus":"TEN_PERCENT_HP_BONUS","is_daily":false,"chose_seed":false,"campfire_upgraded":3,"win_rate":0.0,"timestamp":1608423574,"path_taken":["M","M","$","M","?","R","E","M","T","R","?","M","$","?","R","BOSS","M"],"items_purchased_type":["Card","Card","Card","Card"],"build_version":"2020-12-13","purchased_purges":0,"victory":false,"max_hp_per_floor":[82,82,82,82,82,82,82,82,82,82,82,82,82,82,82,82,82,82,82],"card_choices":[{"not_picked":["MysteriousBeam","BlazeAway"],"picked":"GrandCross","floor":1},{"not_picked":["StarlightTyphoon","DarkMatter","6A"],"picked":"SKIP","floor":2},{"not_picked":["WitchLeyline","IllusionStar"],"picked":"MilkyWay","floor":4},{"not_picked":["GrandCross","6A","PropBag"],"picked":"SKIP","floor":7},{"not_picked":["EarthLightRay","WitchOfGreed","AlicesGift"],"picked":"SKIP","floor":8},{"not_picked":["FairyDestructionRay","MagicChant","LuminesStrike"],"picked":"SKIP","floor":12},{"not_picked":["TreasureHunter","SuperNova"],"picked":"JA","floor":16}],"player_experience":683180,"relics_obtained":[{"floor":7,"key":"aspiration:ChemicalBlood"},{"floor":9,"key":"hubris:TenFootPole"}],"event_choices":[{"damage_healed":0,"gold_gain":0,"player_choice":"Got Potions","damage_taken":0,"max_hp_gain":0,"max_hp_loss":0,"event_name":"Lab","floor":5,"gold_loss":0},{"damage_healed":0,"gold_gain":0,"player_choice":"Success","damage_taken":7,"relics_obtained":["Incense Burner"],"max_hp_gain":0,"max_hp_loss":0,"event_name":"Scrap Ooze","floor":14,"gold_loss":0}],"is_beta":false,"boss_relics":[{"not_picked":["aspiration:DefectSkillbook","infinitespire:Cupcake"],"picked":"Black Star"}],"items_purged_floors":[],"is_endless":false,"potions_floor_spawned":[1,8,12],"killed_by":"2 Thieves","ascension_level":2}}