{"host":"wha9hktbkslqvblg","time":1608465517,"event":{"mods":["BaseMod","Colored Map","Minty Spire (QoL Compilation)","Relic Stats","SuperFastMode","everything is the same but u backflip on backflip"],"gold_per_floor":[112,130,205,205,205,236,236,161,161,86,86,111,133,145,157,247,259,289,351,363,375,400,437,449,480,515,527,414,414,414,432,432,507,507,524,524,524,234,234,234],"floor_reached":39,"playtime":692,"items_purged":["Strike_R","Sever Soul+1","Strike_R+1"],"score":1006,"play_id":"2054a221-52fa-4f0d-a92c-a52ada4001a8","local_time":"20201220205837","is_ascension_mode":true,"campfire_choices":[{"data":"Carnage","floor":7.0,"key":"SMITH"},{"data":"Shrug It Off","floor":15.0,"key":"SMITH"},{"data":"Offering","floor":24.0,"key":"SMITH"},{"data":"Entrench","floor":32.0,"key":"SMITH"}],"circlet_count":0,"master_deck":["AscendersBane","Defend_R","Defend_R+1","Defend_R+1","Bash","Shrug It Off+1","Hemokinesis+1","Carnage+1","Offering+1","Bludgeon+1","Power Through","Entrench+1","Body Slam","Barricade"],"relics":["Burning Blood","NeowsBlessing","PreservedInsect","Bag of Marbles","War Paint","MawBank","Astrolabe","Nilry\u0027s Codex","Philosopher\u0027s Stone","ClockworkSouvenir"],"acts_visited":["Exordium","TheCity","TheBeyond"],"potions_floor_usage":[],"damage_taken":[{"damage":0.0,"enemies":"2 Louse","floor":1.0,"turns":1.0},{"damage":0.0,"enemies":"Small Slimes","floor":2.0,"turns":1.0},{"damage":0.0,"enemies":"3 Sentries","floor":6.0,"turns":2.0},{"damage":2.0,"enemies":"Gremlin Nob","floor":12.0,"turns":2.0},{"damage":6.0,"enemies":"Jaw Worm","floor":13.0,"turns":3.0},{"damage":30.0,"enemies":"Hexaghost","floor":16.0,"turns":8.0},{"damage":8.0,"enemies":"Shell Parasite","floor":18.0,"turns":1.0},{"damage":6.0,"enemies":"Chosen","floor":22.0,"turns":1.0},{"damage":21.0,"enemies":"Book of Stabbing","floor":23.0,"turns":3.0},{"damage":5.0,"enemies":"Snecko","floor":25.0,"turns":3.0},{"damage":10.0,"enemies":"Centurion and Healer","floor":31.0,"turns":5.0},{"damage":39.0,"enemies":"Champ","floor":33.0,"turns":13.0},{"damage":8.0,"enemies":"3 Shapes","floor":35.0,"turns":5.0},{"damage":0.0,"enemies":"3 Darklings","floor":36.0,"turns":1.0},{"damage":88,"enemies":"Transient","floor":39,"turns":4}],"seed_played":"2730447182166356662","potions_obtained":[{"floor":2.0,"key":"FearPotion"},{"floor":16.0,"key":"SmokeBomb"},{"floor":22.0,"key":"Explosive Potion"},{"floor":25.0,"key":"BloodPotion"}],"is_trial":false,"path_per_floor":["M","M","?","?","?","E","R","?","T","$","?","E","M","?","R","B",null,"M","?","?","?","M","E","R","M","T","?","$","?","?","M","R","B",null,"M","M","?","$","M"],"character_chosen":"IRONCLAD","items_purchased":["Body Slam","ClockworkSouvenir"],"campfire_rested":0,"item_purchase_floors":[28,38],"current_hp_per_floor":[74,75,64,64,46,52,52,52,52,52,57,61,61,37,37,13,63,61,61,61,40,40,25,25,47,47,47,47,24,95,91,91,58,86,84,90,85,85,0,0],"gold":234,"neow_bonus":"THREE_ENEMY_KILL","is_daily":false,"chose_seed":false,"campfire_upgraded":4,"win_rate":0.0,"timestamp":1608465517,"path_taken":["M","M","?","?","?","E","R","?","T","$","?","E","?","?","R","BOSS","M","?","?","?","M","E","R","M","T","?","$","?","?","M","R","BOSS","M","?","?","$","M"],"items_purchased_type":["Card","Relic"],"build_version":"2020-12-13","purchased_purges":3,"victory":false,"max_hp_per_floor":[75,75,75,75,75,75,75,75,75,75,80,80,80,80,80,80,80,80,80,80,80,80,80,80,80,80,80,80,85,95,95,95,95,95,95,95,95,95,95,95],"relic_stats":{"counters":[15,53],"Astrolabe":["Bludgeon","Reaper","Sever Soul"],"PreservedInsect":66,"War Paint":["Defend_R","Defend_R"],"MawBank":192,"obtain_stats":[{"NeowsBlessing":0,"Nilry\u0027s Codex":21,"Astrolabe":17,"Philosopher\u0027s Stone":34,"PreservedInsect":5,"Bag of Marbles":6,"War Paint":9,"MawBank":12,"Burning Blood":0,"ClockworkSouvenir":38},{"NeowsBlessing":0,"Nilry\u0027s Codex":7,"Astrolabe":6,"Philosopher\u0027s Stone":12,"PreservedInsect":2,"Bag of Marbles":3,"War Paint":3,"MawBank":4,"Burning Blood":0,"ClockworkSouvenir":14},{"NeowsBlessing":0,"Nilry\u0027s Codex":18,"Astrolabe":17,"Philosopher\u0027s Stone":43,"PreservedInsect":2,"Bag of Marbles":4,"War Paint":4,"MawBank":6,"Burning Blood":0,"ClockworkSouvenir":49}],"Burning Blood":79},"card_choices":[{"not_picked":["Clothesline","Armaments"],"picked":"Shrug It Off","floor":1.0},{"not_picked":["Pommel Strike","Clash"],"picked":"Hemokinesis","floor":2.0},{"not_picked":["Anger","True Grit"],"picked":"Carnage","floor":6.0},{"not_picked":["Armaments","Sever Soul","Flex"],"picked":"SKIP","floor":12.0},{"not_picked":["Clothesline","Rampage","Inflame"],"picked":"SKIP","floor":13.0},{"not_picked":["Corruption","Fiend Fire"],"picked":"Offering","floor":16.0},{"not_picked":["Havoc","Clash"],"picked":"Power Through","floor":18.0},{"not_picked":["Twin Strike","Perfected Strike","Anger"],"picked":"SKIP","floor":22.0},{"not_picked":["Armaments","Intimidate","Pommel Strike"],"picked":"SKIP","floor":23.0},{"not_picked":["Spot Weakness","Rage","Clothesline"],"picked":"SKIP","floor":25.0},{"not_picked":["Shrug It Off","Headbutt"],"picked":"Barricade","floor":31.0},{"not_picked":["Anger","Wild Strike","Heavy Blade"],"picked":"SKIP","floor":35.0}],"player_experience":876894,"relics_obtained":[{"floor":6.0,"key":"Bag of Marbles"},{"floor":9.0,"key":"War Paint"},{"floor":12.0,"key":"MawBank"},{"floor":21.0,"key":"Nilry\u0027s Codex"}],"event_choices":[{"damage_healed":0.0,"max_hp_gain":0.0,"max_hp_loss":0.0,"gold_gain":75.0,"event_name":"World of Goop","player_choice":"Gather Gold","floor":3.0,"gold_loss":0.0,"damage_taken":11.0},{"damage_healed":0.0,"max_hp_gain":0.0,"max_hp_loss":0.0,"gold_gain":0.0,"event_name":"Liars Game","player_choice":"Ignored","floor":4.0,"gold_loss":0.0,"damage_taken":0.0},{"damage_healed":0.0,"max_hp_gain":0.0,"max_hp_loss":0.0,"gold_gain":0.0,"event_name":"Scrap Ooze","player_choice":"Success","floor":5.0,"gold_loss":0.0,"damage_taken":18.0,"relics_obtained":["PreservedInsect"]},{"cards_removed":["Strike_R"],"damage_healed":0.0,"max_hp_gain":0.0,"max_hp_loss":0.0,"gold_gain":0.0,"event_name":"The Cleric","player_choice":"Card Removal","floor":8.0,"gold_loss":75.0,"damage_taken":0.0},{"damage_healed":0.0,"max_hp_gain":5.0,"max_hp_loss":0.0,"gold_gain":0.0,"event_name":"Big Fish","player_choice":"Donut","floor":11.0,"gold_loss":0.0,"damage_taken":0.0},{"damage_healed":0.0,"max_hp_gain":0.0,"max_hp_loss":0.0,"gold_gain":0.0,"event_name":"Shining Light","player_choice":"Entered Light","floor":14.0,"gold_loss":0.0,"damage_taken":24.0,"cards_upgraded":["Strike_R","Hemokinesis"]},{"damage_healed":0.0,"max_hp_gain":0.0,"max_hp_loss":0.0,"gold_gain":50.0,"event_name":"Nest","player_choice":"Stole From Cult","floor":19.0,"gold_loss":0.0,"damage_taken":0.0},{"damage_healed":0.0,"max_hp_gain":0.0,"max_hp_loss":0.0,"gold_gain":0.0,"event_name":"The Mausoleum","player_choice":"Ignored","floor":20.0,"gold_loss":0.0,"damage_taken":0.0},{"damage_healed":0.0,"max_hp_gain":0.0,"max_hp_loss":0.0,"gold_gain":0.0,"event_name":"Cursed Tome","player_choice":"Obtained Book","floor":21.0,"gold_loss":0.0,"damage_taken":21.0},{"damage_healed":0.0,"max_hp_gain":0.0,"max_hp_loss":0.0,"gold_gain":0.0,"event_name":"The Library","player_choice":"Read","floor":27.0,"gold_loss":0.0,"damage_taken":0.0,"cards_obtained":["Entrench"]},{"damage_healed":0.0,"max_hp_gain":5.0,"max_hp_loss":0.0,"gold_gain":0.0,"event_name":"Forgotten Altar","player_choice":"Shed Blood","floor":29.0,"gold_loss":0.0,"damage_taken":28.0},{"cards_removed":["Reaper"],"damage_healed":61.0,"max_hp_gain":10.0,"max_hp_loss":0.0,"gold_gain":0.0,"event_name":"Bonfire Elementals","player_choice":"Offered Rare","floor":30.0,"gold_loss":0.0,"damage_taken":0.0},{"damage_healed":0.0,"max_hp_gain":0.0,"max_hp_loss":0.0,"gold_gain":0.0,"event_name":"The Woman in Blue","player_choice":"Bought 0 Potions","floor":37.0,"gold_loss":0.0,"damage_taken":0.0}],"is_beta":false,"boss_relics":[{"not_picked":["Velvet Choker","Busted Crown"],"picked":"Astrolabe"},{"not_picked":["Fusion Hammer","Black Star"],"picked":"Philosopher\u0027s Stone"}],"items_purged_floors":[10,28,38],"is_endless":false,"potions_floor_spawned":[2,16,22,25,36],"killed_by":"Transient","ascension_level":20}}