{"host":"uwh382mre4waz4ff","time":1608444121,"event":{"mods":["AchievementEnabler","BaseMod","Better Note","Better Third Choice","BetterRewards","Highlight Path","HololiveMod","Minty Spire (QoL Compilation)","Shop Mod","StSLib"],"gold_per_floor":[79,79,91,110,120,154,154,189,189,224,239,254,310,341,341,415,415,435,272,285,314,337,337,371,371,371,371,398,73,73,190,190,285,285,298,298,312,329,329,329,355,374,397,425,479,524,524,538,538,538,538,538,64,98,118],"floor_reached":56,"playtime":2352,"items_purged":["Secret Technique","Regret","Hololive_Defend"],"score":3454,"play_id":"7111acc7-46c5-4b5f-8896-7a3f41450d8f","local_time":"20201220140201","is_ascension_mode":true,"campfire_choices":[{"data":"Hololive_CallHoshimachiSuisei","floor":7,"key":"SMITH"},{"data":"Hololive_CallAkiRosenthal","floor":15,"key":"SMITH"},{"floor":23,"key":"RECALL"},{"data":"Apotheosis","floor":25,"key":"SMITH"},{"data":"Apotheosis","floor":30,"key":"SMITH"},{"data":"Hololive_CallOzoraSubaru","floor":32,"key":"SMITH"},{"data":"Mayhem","floor":40,"key":"SMITH"},{"data":"Hololive_DDD","floor":47,"key":"SMITH"},{"data":"Hololive_DDD","floor":49,"key":"SMITH"},{"data":"Hololive_CallHoshimachiSuisei","floor":52,"key":"SMITH"}],"circlet_count":0,"master_deck":["AscendersBane","Hololive_Strike+1","Hololive_Strike+1","Hololive_Drill","Hololive_CallYuzukiChoco","Hololive_CallAkiRosenthal+1","Hololive_CallOzoraSubaru+1","Hololive_CallAZKi","Hololive_CallAiraniIofifteen","Hololive_CallHoshimachiSuisei+1","Hololive_CallShiranuiFlare","Hololive_CallTsunomakiWatame","Hololive_BringToTrial","Hololive_CallInugamiKorone","Hololive_CallShiroganeNoel","Hololive_CallAiraniIofifteen","Hololive_Thief","Hololive_CallSakuraMiko","Hololive_CocoNews","Hololive_DDD+1","Hololive_CallAmaneKanata","Apotheosis+1","Hololive_CallMurasakiShion","Hololive_CallTokinoSora","Hololive_CallRoboco","Hololive_CallFriendA","Hololive_CallUsadaPekora","Apotheosis+1","Hololive_CallHimemoriLuna+1","Hololive_DDD+1","Hololive_CallFriendA","Mayhem+1","Hololive_CallKiryuuCoco","Hololive_CallShirakamiFubuki","Hololive_CallOmaruPolka+1","Hololive_StrengthChampion+1","Hololive_CallCivia","Hololive_CallFriendA","Hololive_CallYukihanaLamy+1","Hololive_CallHoshimachiSuisei+1","Hololive_CallYozoraMel","Hololive_CocoNews","Hololive_DurableLive","Hololive_MaximGun"],"relics":["Hololive_TheStar","Torii","Sozu","Matryoshka","SlaversCollar","NlothsMask","MerchantsRug","Centennial Puzzle","Question Card","Ancient Tea Set","Pantograph","Juzu Bracelet","Runic Dome","MealTicket","Hololive_LightStick","Bag of Marbles","Vajra","Lizard Tail","Sundial","Hololive_Finger","Bronze Scales","Darkstone Periapt","Bottled Tornado","Lantern","Anchor"],"acts_visited":["Exordium","TheCity","TheBeyond","TheEnding"],"potions_floor_usage":[],"damage_taken":[{"damage":0,"enemies":"2 Louse","floor":1,"turns":3},{"damage":0,"enemies":"Cultist","floor":3,"turns":2},{"damage":0,"enemies":"Small Slimes","floor":4,"turns":3},{"damage":1,"enemies":"3 Louse","floor":5,"turns":3},{"damage":0,"enemies":"Gremlin Nob","floor":6,"turns":3},{"damage":0,"enemies":"Lagavulin","floor":8,"turns":4},{"damage":0,"enemies":"Gremlin Nob","floor":10,"turns":3},{"damage":0,"enemies":"Looter","floor":11,"turns":1},{"damage":0,"enemies":"Exordium Thugs","floor":12,"turns":2},{"damage":0,"enemies":"Large Slime","floor":13,"turns":5},{"damage":0,"enemies":"Red Slaver","floor":14,"turns":3},{"damage":0,"enemies":"Slime Boss","floor":16,"turns":3},{"damage":0,"enemies":"2 Thieves","floor":18,"turns":3},{"damage":0,"enemies":"3 Byrds","floor":20,"turns":2},{"damage":0,"enemies":"Centurion and Healer","floor":21,"turns":4},{"damage":0,"enemies":"Chosen and Byrds","floor":22,"turns":3},{"damage":0,"enemies":"Book of Stabbing","floor":24,"turns":3},{"damage":0,"enemies":"Slavers","floor":28,"turns":3},{"damage":0,"enemies":"Colosseum Slavers","floor":31,"turns":2},{"damage":0,"enemies":"Colosseum Nobs","floor":31,"turns":3},{"damage":0,"enemies":"Collector","floor":33,"turns":5},{"damage":0,"enemies":"Orb Walker","floor":35,"turns":1},{"damage":0,"enemies":"3 Darklings","floor":37,"turns":2},{"damage":21,"enemies":"Sphere and 2 Shapes","floor":38,"turns":4},{"damage":0,"enemies":"Nemesis","floor":41,"turns":3},{"damage":0,"enemies":"Spire Growth","floor":42,"turns":3},{"damage":0,"enemies":"Giant Head","floor":44,"turns":5},{"damage":0,"enemies":"Transient","floor":45,"turns":6},{"damage":0,"enemies":"Reptomancer","floor":46,"turns":4},{"damage":0,"enemies":"Maw","floor":48,"turns":2},{"damage":0,"enemies":"Time Eater","floor":50,"turns":4},{"damage":0,"enemies":"Shield and Spear","floor":54,"turns":5},{"damage":0,"enemies":"The Heart","floor":55,"turns":6}],"seed_played":"2028229294486972230","potions_obtained":[],"is_trial":false,"path_per_floor":["M","?","M","M","M","E","R","E","T","E","M","M","M","M","R","B",null,"M","$","M","M","M","R","E","R","T","?","E","$","R","?","R","B",null,"M","?","M","M","?","R","E","M","T","E","M","E","R","M","R","B",null,"R","$","E","B",null],"character_chosen":"Hololive_HololiveCharacter","items_purchased":["MerchantsRug","Hololive_CallHoshimachiSuisei","Apotheosis","Apotheosis","Hololive_CallYozoraMel","Hololive_CocoNews","Lantern","Hololive_DurableLive"],"campfire_rested":0,"item_purchase_floors":[0,0,19,29,53,53,53,53],"current_hp_per_floor":[9,9,9,9,8,8,8,8,8,8,8,8,8,8,8,30,30,30,30,30,30,30,30,30,30,30,30,30,30,30,30,30,30,30,30,30,30,9,9,9,9,9,9,9,9,9,9,9,9,30,30,30,30,30,30],"gold":118,"neow_bonus":"","is_daily":false,"chose_seed":false,"campfire_upgraded":9,"win_rate":0.0,"timestamp":1608444121,"path_taken":["M","?","M","M","M","E","R","E","T","E","M","M","M","M","R","BOSS","M","$","M","M","M","R","E","R","T","?","E","$","R","?","R","BOSS","M","?","M","M","?","R","E","M","T","E","M","E","R","M","R","BOSS","R","$","E","BOSS"],"items_purchased_type":["Relic","Card","Card","Card","Card","Card","Relic","Card"],"build_version":"2020-12-13","purchased_purges":3,"victory":true,"max_hp_per_floor":[30,30,30,30,30,30,30,30,30,30,30,30,30,30,30,30,30,30,30,30,30,30,30,30,30,30,30,30,30,30,30,30,30,30,30,30,30,30,30,30,30,30,30,30,30,30,30,30,30,30,30,30,30,30,30],"card_choices":[{"not_picked":["Hololive_HuntDinosaur","Hololive_Rebound","Hololive_RevenueBasedLive"],"picked":"Hololive_CallShiranuiFlare","floor":1},{"not_picked":["Hololive_FlyingPonyTail","Hololive_Sequa","Hololive_LuckPotion","Hololive_RevenueBasedLive"],"picked":"Hololive_CallTsunomakiWatame","floor":3},{"not_picked":["Hololive_RevenueBasedLive","Hololive_Psychosis","Hololive_Sequa","Hololive_Trident"],"picked":"Hololive_BringToTrial","floor":4},{"not_picked":["Hololive_Teleport","Hololive_AWSL","Hololive_Breathe","Hololive_LuckPotion","Hololive_FlyingPonyTail"],"picked":"SKIP","floor":5},{"not_picked":["Hololive_CallHoushouMarine","Hololive_HuntDinosaur","Hololive_Drill","Hololive_Psychosis"],"picked":"Hololive_CallInugamiKorone","floor":6},{"not_picked":["Hololive_Rebound","Hololive_CocoNews","Hololive_Trident","Hololive_Drill"],"picked":"Hololive_CallShiroganeNoel","floor":8},{"not_picked":["Hololive_CallTsunomakiWatame","Hololive_LuckPotion","Hololive_SoulCatcher","Hololive_OvertimeWork"],"picked":"Hololive_CallAiraniIofifteen","floor":10},{"not_picked":["Hololive_LuckPotion","Hololive_FlyingPonyTail","Hololive_ManjiGathering","Hololive_Teleport"],"picked":"Hololive_Thief","floor":11},{"not_picked":["Hololive_CallInugamiKorone","Hololive_CallShishiroBotan","Hololive_CallOmaruPolka","Hololive_Rebound"],"picked":"Hololive_CallSakuraMiko","floor":12},{"not_picked":["Hololive_CandyCastle","Hololive_Yoholoon","Hololive_Psychosis","Hololive_Recruit"],"picked":"Hololive_CocoNews","floor":13},{"not_picked":["Hololive_Trident","Hololive_Sequa","Hololive_RevenueBasedLive","Hololive_Psychosis"],"picked":"Hololive_CocoNews","floor":14},{"not_picked":["Hololive_Nanodesu","Hololive_Thief","Hololive_HighAtkLowDef","Hololive_DurableLive"],"picked":"Hololive_DDD","floor":16},{"not_picked":["Hololive_HuntDinosaur","Hololive_CallKiryuuCoco","Hololive_Rebound","Hololive_Drill"],"picked":"Hololive_CallAmaneKanata","floor":18},{"not_picked":["Hololive_FlyingPonyTail","Hololive_CallTsunomakiWatame","Hololive_HuntDinosaur","Hololive_CallOzoraSubaru"],"picked":"Hololive_CallMurasakiShion","floor":20},{"not_picked":["Hololive_CallTsunomakiWatame+1","Hololive_LuckPotion+1","Hololive_Drill","Hololive_HuntDinosaur+1"],"picked":"Hololive_CallTokinoSora","floor":21},{"not_picked":["Hololive_CocoNews","Hololive_CallInugamiKorone","Hololive_CallDoris","Hololive_BringToTrial"],"picked":"Hololive_CallRoboco","floor":22},{"not_picked":["Hololive_StrengthChampion","Hololive_CallOzoraSubaru","Hololive_Thief","Hololive_OvertimeWork"],"picked":"Hololive_CallFriendA","floor":24},{"not_picked":["Hololive_IdolExercise","Hololive_RevenueBasedLive","Hololive_HuntDinosaur","Hololive_Breathe"],"picked":"Hololive_CallUsadaPekora","floor":28},{"not_picked":["Hololive_CallShishiroBotan","Hololive_CallAZKi","Hololive_HuntDinosaur","Hololive_CallHoshimachiSuisei"],"picked":"Hololive_CallHimemoriLuna+1","floor":31},{"not_picked":["Hololive_BeCareful","Hololive_AWSL","Hololive_OpenUp","Hololive_DiamondStrike"],"picked":"Hololive_DDD","floor":33},{"not_picked":["Hololive_Rebound","Hololive_FlyingPonyTail","Hololive_Psychosis","Hololive_Sequa+1"],"picked":"Hololive_CallFriendA","floor":35},{"not_picked":["Impatience","Transmutation","Mind Blast","PanicButton"],"picked":"Mayhem","floor":36},{"not_picked":["Hololive_CallAZKi","Hololive_CallYuzukiChoco","Hololive_HuntDinosaur","Hololive_SoulCatcher"],"picked":"Hololive_CallKiryuuCoco","floor":37},{"not_picked":["Hololive_CallTsunomakiWatame","Hololive_Rebound","Hololive_CallMoonaHoshinova+1","Hololive_StrengthChampion"],"picked":"Hololive_CallShirakamiFubuki","floor":38},{"not_picked":["Hololive_LuckPotion+1","Hololive_ScarfAndHalo","Hololive_CocoNews+1","Hololive_Sequa"],"picked":"Hololive_CallOmaruPolka+1","floor":41},{"not_picked":["Hololive_HuntDinosaur+1","Hololive_FlyingPonyTail","Hololive_Drill","Hololive_CandyCastle"],"picked":"Hololive_StrengthChampion+1","floor":42},{"not_picked":["Hololive_DevilCharm","Hololive_StrengthChampion","Hololive_CandyCastle","Hololive_Breathe"],"picked":"Hololive_CallCivia","floor":44},{"not_picked":["Hololive_LuckPotion+1","Hololive_Rebound","Hololive_CallYuzukiChoco","Hololive_Sequa"],"picked":"Hololive_CallFriendA","floor":45},{"not_picked":["Hololive_HighAtkLowDef","Hololive_RevenueBasedLive","Hololive_CallArtia","Hololive_Trident+1"],"picked":"Hololive_CallYukihanaLamy+1","floor":46},{"not_picked":["Hololive_CallSakuraMiko","Hololive_HuntDinosaur","Hololive_CallShirakamiFubuki","Hololive_CallShiroganeNoel"],"picked":"Hololive_CallHoshimachiSuisei","floor":48},{"not_picked":["Hololive_Trident","Hololive_Drill","Hololive_OvertimeWork","Hololive_LuckPotion"],"picked":"Hololive_MaximGun","floor":54}],"player_experience":149443,"relics_obtained":[{"floor":6,"key":"Ancient Tea Set"},{"floor":8,"key":"Pantograph"},{"floor":9,"key":"Juzu Bracelet"},{"floor":10,"key":"Whetstone"},{"floor":24,"key":"MealTicket"},{"floor":26,"key":"Hololive_LightStick"},{"floor":26,"key":"Bag of Marbles"},{"floor":28,"key":"Vajra"},{"floor":31,"key":"Lizard Tail"},{"floor":31,"key":"Sundial"},{"floor":41,"key":"Bronze Scales"},{"floor":44,"key":"Darkstone Periapt"},{"floor":46,"key":"Bottled Tornado"},{"floor":54,"key":"Anchor"}],"event_choices":[{"damage_healed":0,"gold_gain":0,"player_choice":"Box","damage_taken":0,"relics_obtained":["Question Card"],"max_hp_gain":0,"max_hp_loss":0,"event_name":"Big Fish","floor":2,"gold_loss":0,"cards_obtained":["Regret"]},{"cards_removed":["Hololive_Defend"],"damage_healed":0,"gold_gain":0,"player_choice":"Purged","damage_taken":0,"max_hp_gain":0,"max_hp_loss":0,"event_name":"Purifier","floor":27,"gold_loss":0},{"damage_healed":0,"gold_gain":0,"player_choice":"Fight","damage_taken":0,"max_hp_gain":0,"max_hp_loss":0,"event_name":"Colosseum","floor":31,"gold_loss":0},{"damage_healed":0,"gold_gain":0,"player_choice":"Fought Nobs","damage_taken":0,"max_hp_gain":0,"max_hp_loss":0,"event_name":"Colosseum","floor":31,"gold_loss":0},{"damage_healed":0,"gold_gain":0,"player_choice":"Memory 1","damage_taken":0,"max_hp_gain":0,"max_hp_loss":0,"event_name":"SensoryStone","floor":36,"gold_loss":0},{"cards_removed":["Hololive_CocoNews"],"damage_healed":0,"gold_gain":0,"player_choice":"Removed Attack","damage_taken":0,"max_hp_gain":0,"max_hp_loss":0,"event_name":"Falling","floor":39,"gold_loss":0}],"is_beta":false,"boss_relics":[{"not_picked":["Tiny House","Busted Crown"],"picked":"Runic Dome"},{"not_picked":["Hololive_TopUpMoneyS","Philosopher\u0027s Stone"],"picked":"Hololive_Finger"}],"items_purged_floors":[0,19,29],"is_endless":false,"potions_floor_spawned":[1,3,11,12,13,14,16,18,20,21,31,37,42,45],"ascension_level":17}}