{"host":"2o3sockympbxxanu","time":1608476617,"event":{"mods":["AchievementEnabler","BaseMod","Colored Map","Colored Powertips","Downfall","Marisa£®ÏF”Í°°ƒß¿Ì…≥£©","Minty Spire (QoL Compilation)","StSLib"],"gold_per_floor":[117,127,138,213,388,419,435,455,500,500,450,466,466,486,486,589,589,609,609,708,481,481,513,513,513,513],"floor_reached":25,"playtime":4025,"items_purged":[],"score":243,"play_id":"957eec55-174f-4ead-9733-12264babb92b","local_time":"20201220230337","is_ascension_mode":true,"campfire_choices":[{"floor":10.0,"key":"REST"},{"data":"Infinite Blades","floor":13.0,"key":"SMITH"},{"data":"Caltrops","floor":15.0,"key":"SMITH"},{"floor":24.0,"key":"REST"}],"circlet_count":0,"master_deck":["Strike_G","Strike_G","Strike_G","Strike_G","Defend_G","Defend_G","Defend_G","Defend_G","Survivor","Neutralize","Catalyst","Blade Dance","Infinite Blades+1","Cloak And Dagger","Slice","Caltrops+1","Envenom","CurseOfTheBell","Bouncing Flask","Bouncing Flask","Concentrate","Expertise"],"relics":["Ring of the Snake","NeowsBlessing","Pantograph","Calling Bell","Strawberry","White Beast Statue","Peace Pipe","MealTicket","Mercury Hourglass"],"acts_visited":["Exordium","TheCity"],"potions_floor_usage":[],"damage_taken":[{"damage":0.0,"enemies":"Jaw Worm","floor":1.0,"turns":1.0},{"damage":0.0,"enemies":"Small Slimes","floor":2.0,"turns":1.0},{"damage":0.0,"enemies":"2 Louse","floor":3.0,"turns":1.0},{"damage":38.0,"enemies":"Gremlin Nob","floor":6.0,"turns":7.0},{"damage":3.0,"enemies":"Exordium Wildlife","floor":7.0,"turns":4.0},{"damage":5.0,"enemies":"Large Slime","floor":8.0,"turns":6.0},{"damage":3.0,"enemies":"Blue Slaver","floor":12.0,"turns":4.0},{"damage":9.0,"enemies":"Gremlin Gang","floor":14.0,"turns":6.0},{"damage":36.0,"enemies":"Slime Boss","floor":16.0,"turns":13.0},{"damage":22.0,"enemies":"Chosen","floor":18.0,"turns":6.0},{"damage":52.0,"enemies":"Gremlin Leader","floor":23.0,"turns":6.0},{"damage":27,"enemies":"Book of Stabbing","floor":25,"turns":4}],"seed_played":"9106474199065930472","potions_obtained":[{"floor":1.0,"key":"ColorlessPotion"},{"floor":6.0,"key":"Fire Potion"},{"floor":8.0,"key":"Swift Potion"},{"floor":12.0,"key":"SteroidPotion"},{"floor":18.0,"key":"Dexterity Potion"},{"floor":23.0,"key":"SpeedPotion"}],"is_trial":false,"path_per_floor":["M","M","M","?","?","E","M","M","T","R","?","M","R","M","R","B",null,"M","?","?","$","?","E","R","E"],"character_chosen":"THE_SILENT","items_purchased":["MealTicket","Bouncing Flask"],"campfire_rested":2,"item_purchase_floors":[21,21],"current_hp_per_floor":[70,70,70,59,59,21,18,13,13,34,34,31,31,22,22,11,77,55,55,55,55,55,3,26,0,0],"gold":513,"neow_bonus":"THREE_ENEMY_KILL","is_daily":false,"chose_seed":false,"campfire_upgraded":2,"win_rate":0.0,"timestamp":1608476617,"path_taken":["M","M","M","?","?","E","M","M","T","R","?","M","R","?","R","BOSS","M","?","?","$","?","E","R","E"],"items_purchased_type":["Relic","Card"],"build_version":"2020-12-13","purchased_purges":0,"victory":false,"max_hp_per_floor":[70,70,70,70,70,70,70,70,70,70,70,70,70,70,70,70,77,77,77,77,77,77,77,77,77,77],"card_choices":[{"not_picked":["Eviscerate","Backflip"],"picked":"Catalyst","floor":1.0},{"not_picked":["Distraction","Dodge and Roll","Dagger Spray"],"picked":"SKIP","floor":2.0},{"not_picked":["Deflect","Underhanded Strike"],"picked":"Blade Dance","floor":3.0},{"not_picked":["Bane","Dagger Throw"],"picked":"Infinite Blades","floor":6.0},{"not_picked":["Heel Hook","Quick Slash","Backflip"],"picked":"SKIP","floor":7.0},{"not_picked":["Night Terror","Backflip"],"picked":"Cloak And Dagger","floor":8.0},{"not_picked":["Endless Agony","All Out Attack"],"picked":"Slice","floor":12.0},{"not_picked":["Underhanded Strike","Heel Hook"],"picked":"Caltrops","floor":14.0},{"not_picked":["Tools of the Trade","Burst"],"picked":"Envenom","floor":16.0},{"not_picked":["Acrobatics+1","Concentrate"],"picked":"Bouncing Flask","floor":18.0},{"not_picked":["Calculated Gamble","Reflex","Underhanded Strike"],"picked":"SKIP","floor":23.0}],"player_experience":256966,"relics_obtained":[{"floor":6.0,"key":"Pantograph"},{"floor":17.0,"key":"Strawberry"},{"floor":17.0,"key":"White Beast Statue"},{"floor":17.0,"key":"Peace Pipe"},{"floor":23.0,"key":"Mercury Hourglass"}],"event_choices":[{"damage_healed":0.0,"max_hp_gain":0.0,"max_hp_loss":0.0,"gold_gain":75.0,"event_name":"World of Goop","player_choice":"Gather Gold","floor":4.0,"gold_loss":0.0,"damage_taken":11.0},{"damage_healed":0.0,"max_hp_gain":0.0,"max_hp_loss":0.0,"gold_gain":175.0,"event_name":"Liars Game","player_choice":"AGREE","floor":5.0,"gold_loss":0.0,"damage_taken":0.0,"cards_obtained":["Doubt"]},{"cards_removed":["Doubt"],"damage_healed":0.0,"max_hp_gain":0.0,"max_hp_loss":0.0,"gold_gain":0.0,"event_name":"The Cleric","player_choice":"Card Removal","floor":11.0,"gold_loss":50.0,"damage_taken":0.0},{"damage_healed":0.0,"max_hp_gain":0.0,"max_hp_loss":0.0,"gold_gain":0.0,"event_name":"Vampires","player_choice":"Ignored","floor":19.0,"gold_loss":0.0,"damage_taken":0.0},{"damage_healed":0.0,"max_hp_gain":0.0,"max_hp_loss":0.0,"gold_gain":99.0,"event_name":"Nest","player_choice":"Stole From Cult","floor":20.0,"gold_loss":0.0,"damage_taken":0.0},{"damage_healed":0.0,"max_hp_gain":0.0,"max_hp_loss":0.0,"gold_gain":0.0,"cards_transformed":["Strike_G","Defend_G"],"event_name":"Drug Dealer","player_choice":"Became Test Subject","floor":22.0,"gold_loss":0.0,"damage_taken":0.0,"cards_obtained":["Concentrate","Expertise"]}],"is_beta":false,"boss_relics":[{"not_picked":["Empty Cage","Snecko Eye"],"picked":"Calling Bell"}],"items_purged_floors":[],"is_endless":false,"potions_floor_spawned":[1,6,8,12,18,23],"killed_by":"Book of Stabbing","ascension_level":2}}