{"host":"h792lphzw6wlba86","time":1608477600,"event":{"mods":["AchievementEnabler","Aspiration","BaseMod","Better Altar","Better Match","Better Note","Better Sensory Stone","Better Skull","Better Third Choice","BetterRewards","CCEM","Colored Map","Conspire","Downfall","GifTheSpireLib","Googly Eyes","Halation","Highlight Path","Hubris","Hunter ??","Jedi Mod","Mimic Mod","Minty Spire (QoL Compilation)","Permanent Neow","Replay The Spire","Shop Mod","Spicy Shops","StSLib","Stuff the Spire","The Jungle","Unceasing Turn Reminder","everything is the same but u backflip on backflip","slay the spire mod where everything is the same but ironclad has a cowboy hat"],"gold_per_floor":[99,113,131,165,179,279,279,279,279],"floor_reached":8,"playtime":355,"items_purged":[],"score":62,"play_id":"142c23f1-0a8f-4f8e-8e7e-7548e34a197c","local_time":"20201220092000","is_ascension_mode":true,"campfire_choices":[{"floor":1,"key":"RECALL"}],"circlet_count":0,"master_deck":["Guardian:Strike_Guardian","Guardian:Strike_Guardian","Guardian:Strike_Guardian","Guardian:Strike_Guardian","Guardian:Defend_Guardian","Guardian:Defend_Guardian","Guardian:Defend_Guardian","Guardian:Defend_Guardian","Guardian:CurlUp","Guardian:TwinSlam","Guardian:Clone","Guardian:TemporalShield","Guardian:PiercingHide"],"relics":["halation:PlatinumPhoenix","WingedGreaves","Lantern"],"acts_visited":["Exordium"],"potions_floor_usage":[8],"damage_taken":[{"damage":1,"enemies":"Cultist","floor":2,"turns":3},{"damage":1,"enemies":"Jaw Worm","floor":3,"turns":4},{"damage":27,"enemies":"3 Sentries","floor":4,"turns":12},{"damage":7,"enemies":"Small Slimes","floor":5,"turns":4},{"damage":64,"enemies":"Gremlin Nob","floor":8,"turns":5}],"seed_played":"-6257372422219098127","potions_obtained":[{"floor":4,"key":"Adrenaline Potion"}],"is_trial":false,"path_per_floor":["R","M","M","E","M","?","T","E"],"character_chosen":"GUARDIAN","items_purchased":[],"campfire_rested":0,"item_purchase_floors":[],"current_hp_per_floor":[80,79,78,51,44,44,44,0,0],"gold":279,"neow_bonus":"BOSS_RELIC","is_daily":false,"chose_seed":false,"campfire_upgraded":0,"win_rate":0.0,"timestamp":1608477600,"path_taken":["R","M","M","E","?","?","T","E"],"items_purchased_type":[],"build_version":"2020-12-13","purchased_purges":0,"victory":false,"max_hp_per_floor":[80,80,80,80,80,80,80,80,80],"card_choices":[{"not_picked":["Guardian:RollAttack","Guardian:Suspension"],"picked":"Guardian:Clone","floor":2},{"not_picked":["Guardian:VentSteam","Guardian:Incinerate"],"picked":"Guardian:TemporalShield","floor":3},{"not_picked":["Guardian:Gem_Green","Guardian:StasisEngine"],"picked":"Guardian:PiercingHide","floor":4},{"not_picked":["Guardian:Reroute","Guardian:Preprogram","Guardian:TimeBomb"],"picked":"SKIP","floor":5}],"player_experience":652960,"relics_obtained":[{"floor":4,"key":"WingedGreaves"},{"floor":7,"key":"Lantern"}],"event_choices":[],"is_beta":false,"boss_relics":[],"items_purged_floors":[],"is_endless":false,"potions_floor_spawned":[4],"killed_by":"Gremlin Nob","ascension_level":2}}