{"host":"3wgbc8rrx8r5g476","time":1608435311,"event":{"mods":["2.2 Compatiblity","Act Like it!","BaseMod","Bestiary","Better Note","Better Third Choice","Colored Powertips","Dota2Spire","Downfall","Friendly Minions","Halation","Hubris","Infinite Spire","Minty Spire (QoL Compilation)","Replay The Spire","Shade Mod","Shedinja","Shop Mod","StSLib","The Alterego","The Death Knight","The Dragon Tamer","The Druid","The Marked","TheFirefly","Trackpad","Uncapped","Wandering Minibosses"],"gold_per_floor":[99,109,34,49,79,79,105,50,50,83,83,83,102,102,118,215,215,140,50,81,81,81,181,181,195,213,213,225,244,269,269,290,290,290],"floor_reached":33,"playtime":2135,"items_purged":["hexamod:BacktrackSmack"],"score":275,"play_id":"47a7940a-59ec-4c17-bf1a-ca42fa944f50","local_time":"20201220043511","is_ascension_mode":false,"campfire_choices":[{"floor":1.0,"key":"RECALL"},{"data":"hexamod:FlamesFromBeyond","floor":3.0,"key":"SMITH"},{"data":"hexamod:FastForward","floor":6.0,"key":"SMITH"},{"data":"hexamod:FastForward","floor":9.0,"key":"SMITH"},{"floor":18.0,"key":"DIG"},{"data":"hexamod:TimeWarp","floor":21.0,"key":"SMITH"},{"floor":27.0,"key":"REST"}],"circlet_count":0,"master_deck":["hexamod:Strike","hexamod:Strike","hexamod:Strike","hexamod:Strike","hexamod:Defend+1","hexamod:Defend+1","hexamod:Defend+1","hexamod:Defend+1","hexamod:Sear+1","hexamod:Float","hexamod:FlamesFromBeyond+1","hexamod:FastForward+1","hexamod:FastForward+1","hexamod:HauntingEcho","hexamod:EmpoweredFlame+1","hexamod:HauntingEcho","hexamod:HauntingEcho","hexamod:ThermalTransfer","hexamod:StepThrough","hexamod:EmpoweredFlame+1","hexamod:TimeWarp+1","hexamod:ThirdSeal","infinitespire:NeuralNetwork+1","infinitespire:NeuralNetwork+1","hexamod:ThirdSeal","hexamod:PhantomFireball","hexamod:SecondSeal","hexamod:RadiantFlame+1","hexamod:FirstSeal"],"relics":["hexamod:SpiritBrand","downfall:HeartBlessingRed","Frozen Egg 2","infinitespire:PuzzleCube","trackpad:SappingStone","halation:EternalFortune","Ring of Chaos","downfall:HeartBlessingGreen","ReplayFunnel","Replay:Bottled Eggs","infinitespire:ShieldingShard"],"acts_visited":["Exordium","TheCity"],"potions_floor_usage":[33],"damage_taken":[{"damage":0.0,"enemies":"2 Louse","floor":2.0,"turns":3.0},{"damage":5.0,"enemies":"Jaw Worm","floor":4.0,"turns":5.0},{"damage":20.0,"enemies":"Lagavulin","floor":5.0,"turns":6.0},{"damage":4.0,"enemies":"downfall:FleeingMerchant","floor":8.0,"turns":4.0},{"damage":23.0,"enemies":"3 Sentries","floor":10.0,"turns":6.0},{"damage":2.0,"enemies":"Small Slimes","floor":13.0,"turns":3.0},{"damage":0.0,"enemies":"Exordium Wildlife","floor":15.0,"turns":4.0},{"damage":13.0,"enemies":"downfall:Watcher","floor":16.0,"turns":6.0},{"damage":9.0,"enemies":"downfall:FleeingMerchant","floor":19.0,"turns":4.0},{"damage":18.0,"enemies":"Nightmare","floor":20.0,"turns":5.0},{"damage":30.0,"enemies":"Shell Parasite","floor":25.0,"turns":6.0},{"damage":0.0,"enemies":"Chosen","floor":26.0,"turns":4.0},{"damage":8.0,"enemies":"Snake Plant","floor":28.0,"turns":4.0},{"damage":0.0,"enemies":"3 Cultists","floor":29.0,"turns":4.0},{"damage":11.0,"enemies":"Snecko","floor":30.0,"turns":6.0},{"damage":0.0,"enemies":"Centurion and Healer","floor":32.0,"turns":5.0},{"damage":27,"enemies":"downfall:Ironclad","floor":33,"turns":5}],"seed_played":"2265487440328115375","potions_obtained":[{"floor":2.0,"key":"FearPotion"},{"floor":10.0,"key":"Fire Potion"},{"floor":13.0,"key":"Elixir"},{"floor":16.0,"key":"Adrenaline Potion"},{"floor":25.0,"key":"Fire Potion"},{"floor":28.0,"key":"DistilledChaos"},{"floor":30.0,"key":"LifebloodPotion"},{"floor":32.0,"key":"Doom Potion"}],"is_trial":false,"path_per_floor":["R","M","R","M","E","R","T","$","R","E","?","?","M","?","M","B",null,"R","$","NM","R","?","?","T","M","M","R","M","M","M","?","M","B"],"character_chosen":"THE_SPIRIT","items_purchased":["hexamod:EmpoweredFlame+1"],"campfire_rested":1,"item_purchase_floors":[8],"current_hp_per_floor":[70,70,70,65,45,45,45,41,41,18,18,18,16,19,19,6,73,73,64,49,49,49,49,49,19,19,41,33,33,22,22,22,0,0],"gold":290,"neow_bonus":"UPGRADE_CARD","is_daily":false,"chose_seed":false,"campfire_upgraded":4,"win_rate":0.0,"timestamp":1608435311,"path_taken":["R","M","R","M","E","R","T","$","R","E","?","?","M","?","M","BOSS","R","$","NM","R","?","?","T","M","M","R","M","M","?","?","M","BOSS"],"items_purchased_type":["Card"],"build_version":"2020-12-13","purchased_purges":1,"victory":false,"max_hp_per_floor":[70,70,70,70,70,70,70,70,70,70,70,70,70,73,73,73,73,73,73,76,76,76,76,76,76,76,76,76,76,76,76,76,76,76],"card_choices":[{"not_picked":["hexamod:Hexaguard","hexamod:BurningTouch"],"picked":"hexamod:FlamesFromBeyond","floor":2.0},{"not_picked":["hexamod:InspiringFlames","hexamod:ThermalTransfer"],"picked":"hexamod:FastForward","floor":4.0},{"not_picked":["hexamod:ThermalTransfer","hexamod:HauntingEcho"],"picked":"hexamod:FastForward","floor":5.0},{"not_picked":["hexamod:RainOfEmbers","hexamod:AdvancingGuard"],"picked":"hexamod:HauntingEcho","floor":8.0},{"not_picked":["hexamod:AdvancingGuard","hexamod:RetreatToShadows","hexamod:ShieldOfDarkness"],"picked":"SKIP","floor":10.0},{"not_picked":["hexamod:HeatCrush","hexamod:ThermalTransfer"],"picked":"hexamod:StepThrough","floor":13.0},{"not_picked":["hexamod:ExtraCrispy+1","hexamod:ChargedBarrage"],"picked":"hexamod:EmpoweredFlame+1","floor":15.0},{"not_picked":["hexamod:SearingWound","hexamod:ParanormalForm+1"],"picked":"hexamod:TimeWarp","floor":16.0},{"not_picked":["hexamod:NightmareStrike+1","hexamod:CatchUp"],"picked":"hexamod:ThirdSeal","floor":19.0},{"not_picked":["infinitespire:UltimateForm","ReplayTheSpireMod:??????????????????????"],"picked":"infinitespire:NeuralNetwork","floor":20.0},{"not_picked":["hexamod:NightmareStrike+1","hexamod:ChargedBarrage","hexamod:NightmareGuise"],"picked":"SKIP","floor":20.0},{"not_picked":["hexamod:SkipABeat+1","hexamod:RetreatToShadows","hexamod:PhantomCloak+1"],"picked":"SKIP","floor":20.0},{"not_picked":["hexamod:NightmareStrike+1","hexamod:ChargedBarrage","hexamod:NightmareGuise"],"picked":"SKIP","floor":20.0},{"not_picked":["hexamod:SkipABeat+1","hexamod:RetreatToShadows","hexamod:PhantomCloak+1"],"picked":"SKIP","floor":20.0},{"not_picked":["hexamod:InspiringFlames","hexamod:RainOfEmbers+1"],"picked":"hexamod:ThirdSeal","floor":25.0},{"not_picked":["hexamod:AdvancingGuard+1","hexamod:GhostLash+1"],"picked":"hexamod:PhantomFireball","floor":25.0},{"not_picked":["hexamod:ThermalTransfer","hexamod:ShieldOfDarkness","hexamod:HauntingEcho+1"],"picked":"SKIP","floor":26.0},{"not_picked":["hexamod:BacktrackSmack+1","hexamod:NecessarySacrifice","hexamod:HauntingEcho+1"],"picked":"SKIP","floor":26.0},{"not_picked":["hexamod:HeatMetal","hexamod:CrushingStance"],"picked":"hexamod:SecondSeal","floor":28.0},{"not_picked":["hexamod:FastForward","hexamod:Haunt+1","hexamod:Hexaguard"],"picked":"SKIP","floor":28.0},{"not_picked":["hexamod:ExtraCrispy+1","hexamod:NecessarySacrifice","hexamod:RainOfEmbers+1"],"picked":"SKIP","floor":28.0},{"not_picked":["hexamod:AdvancingGuard","hexamod:Hexaguard+1","hexamod:SwordOfDarkness"],"picked":"SKIP","floor":29.0},{"not_picked":["hexamod:GhostLash","hexamod:HauntingEcho","hexamod:FastForward"],"picked":"SKIP","floor":29.0},{"not_picked":["hexamod:Hexaguard","hexamod:RecurringNightmare","hexamod:SwordOfDarkness"],"picked":"SKIP","floor":30.0},{"not_picked":["hexamod:FastForward","hexamod:ChargedBarrage","hexamod:SkipABeat"],"picked":"SKIP","floor":30.0},{"not_picked":["hexamod:AdvancingGuard+1","hexamod:HeatShield+1"],"picked":"hexamod:RadiantFlame+1","floor":32.0},{"not_picked":["hexamod:RetreatToShadows","hexamod:GhostOfSpirePast+1"],"picked":"hexamod:FirstSeal","floor":32.0}],"player_experience":509544,"relics_obtained":[{"floor":5.0,"key":"Frozen Egg 2"},{"floor":7.0,"key":"infinitespire:PuzzleCube"},{"floor":10.0,"key":"trackpad:SappingStone"},{"floor":18.0,"key":"ReplayFunnel"},{"floor":20.0,"key":"halation:EternalFortune"},{"floor":20.0,"key":"Replay:Bottled Eggs"},{"floor":24.0,"key":"infinitespire:ShieldingShard"}],"event_choices":[{"damage_healed":0.0,"max_hp_gain":0.0,"max_hp_loss":0.0,"gold_gain":0.0,"event_name":"Duplicator","player_choice":"Copied","floor":22.0,"gold_loss":0.0,"damage_taken":0.0,"cards_obtained":["infinitespire:NeuralNetwork"]},{"cards_removed":["hexamod:DynamicBlow"],"damage_healed":0.0,"max_hp_gain":0.0,"max_hp_loss":0.0,"gold_gain":0.0,"event_name":"Purifier","player_choice":"Purged","floor":31.0,"gold_loss":0.0,"damage_taken":0.0}],"is_beta":false,"boss_relics":[{"not_picked":["trackpad:StolenKidneys","Philosopher\u0027s Stone"],"picked":"Ring of Chaos"}],"items_purged_floors":[19],"is_endless":false,"potions_floor_spawned":[2,10,13,16,25,28,29,30,32],"killed_by":"downfall:Ironclad","ascension_level":0}}