{"host":"a5lz0e76zb3fcwkm","time":1608446486,"event":{"mods":["AchievementEnabler","BaseMod","Colored Map","Colored Powertips","Minty Spire (QoL Compilation)","StSLib","SuperFastMode"],"gold_per_floor":[112,37,37,54,66,66,101,111,136,36,62,77,96,96,96,175,175,195,120,120,138,157,157,186,136,136,170,170,170,170,196,196,196,196],"floor_reached":33,"playtime":1197,"items_purged":["Shame","Strike_R","Combust"],"score":830,"play_id":"8ff5e5ce-6586-4e32-b95d-d2e0e270423b","local_time":"20201220154126","is_ascension_mode":true,"campfire_choices":[{"data":"Heavy Blade","floor":6.0,"key":"SMITH"},{"floor":15,"key":"REST"},{"data":"Ghostly","floor":23,"key":"SMITH"},{"data":"Ghostly","floor":30,"key":"SMITH"},{"data":"Ghostly","floor":32,"key":"SMITH"}],"circlet_count":0,"master_deck":["AscendersBane","Defend_R","Defend_R","Bash","Offering","Inflame","Heavy Blade+1","Offering","Twin Strike","Reaper","Warcry+1","Ghostly+1","Ghostly+1","Ghostly+1","Spot Weakness"],"relics":["Burning Blood","Orichalcum","PreservedInsect","Smiling Mask","Empty Cage","Mummified Hand","InkBottle","Matryoshka","Boot"],"acts_visited":["Exordium","TheCity"],"potions_floor_usage":[14,16,24,33],"damage_taken":[{"damage":18.0,"enemies":"Jaw Worm","floor":1.0,"turns":3.0},{"damage":9.0,"enemies":"Cultist","floor":4.0,"turns":3.0},{"damage":6.0,"enemies":"2 Louse","floor":5.0,"turns":2.0},{"damage":7.0,"enemies":"Gremlin Nob","floor":7.0,"turns":2.0},{"damage":12.0,"enemies":"2 Fungi Beasts","floor":8.0,"turns":3.0},{"damage":30.0,"enemies":"3 Sentries","floor":11.0,"turns":4.0},{"damage":13.0,"enemies":"Looter","floor":12.0,"turns":2.0},{"damage":12.0,"enemies":"Blue Slaver","floor":13.0,"turns":2.0},{"damage":0,"enemies":"Exordium Wildlife","floor":14,"turns":1},{"damage":48,"enemies":"The Guardian","floor":16,"turns":15},{"damage":19,"enemies":"Spheric Guardian","floor":18,"turns":3},{"damage":13,"enemies":"3 Byrds","floor":21,"turns":5},{"damage":5,"enemies":"Snecko","floor":22,"turns":5},{"damage":5,"enemies":"Slavers","floor":24,"turns":4},{"damage":2,"enemies":"Book of Stabbing","floor":27,"turns":3},{"damage":2,"enemies":"Gremlin Leader","floor":31,"turns":2},{"damage":62,"enemies":"Automaton","floor":33,"turns":8}],"seed_played":"-1310030102393323676","potions_obtained":[{"floor":1.0,"key":"DuplicationPotion"},{"floor":5.0,"key":"Regen Potion"},{"floor":12.0,"key":"SmokeBomb"},{"floor":16,"key":"Ancient Potion"},{"floor":18,"key":"Dexterity Potion"},{"floor":21,"key":"Strength Potion"},{"floor":31,"key":"Swift Potion"}],"is_trial":false,"path_per_floor":["M","$","?","M","M","R","E","M","T","$","E","M","M","M","R","B",null,"M","?","?","M","M","R","E","$","T","E","?","T","R","E","R","B"],"character_chosen":"IRONCLAD","items_purchased":[],"campfire_rested":1,"item_purchase_floors":[],"current_hp_per_floor":[56,56,56,53,53,53,52,46,46,46,22,15,9,15,37,10,59,46,46,37,37,37,37,37,37,37,37,37,37,37,37,37,0,0],"gold":196,"neow_bonus":"TRANSFORM_TWO_CARDS","is_daily":false,"chose_seed":false,"campfire_upgraded":4,"win_rate":0.0,"timestamp":1608446486,"path_taken":["M","$","?","M","?","R","E","M","T","$","E","M","M","?","R","BOSS","M","?","?","M","M","R","E","$","T","E","?","?","R","E","R","BOSS"],"items_purchased_type":[],"build_version":"2020-12-13","purchased_purges":3,"victory":false,"max_hp_per_floor":[75,75,75,75,75,75,75,75,75,75,75,75,75,75,75,75,75,75,75,37,37,37,37,37,37,37,37,37,37,37,37,37,37,37],"card_choices":[{"not_picked":["Perfected Strike","True Grit","Spot Weakness"],"picked":"SKIP","floor":1.0},{"not_picked":["Perfected Strike","True Grit","Spot Weakness"],"picked":"SKIP","floor":1.0},{"not_picked":["Metallicize","Combust","Perfected Strike"],"picked":"SKIP","floor":4.0},{"not_picked":["Armaments","Body Slam"],"picked":"Heavy Blade","floor":5.0},{"not_picked":["Shrug It Off","Dark Embrace"],"picked":"Offering","floor":7.0},{"not_picked":["Hemokinesis","Body Slam","Wild Strike"],"picked":"SKIP","floor":8.0},{"not_picked":["Clothesline","Heavy Blade"],"picked":"Twin Strike","floor":11.0},{"not_picked":["Thunderclap","Intimidate","Juggernaut"],"picked":"SKIP","floor":12.0},{"not_picked":["Iron Wave","Headbutt","Anger"],"picked":"SKIP","floor":13.0},{"not_picked":["Double Tap","Fiend Fire"],"picked":"Reaper","floor":16},{"not_picked":["Infernal Blade","Pommel Strike"],"picked":"Warcry+1","floor":18},{"not_picked":["Havoc","Fire Breathing","Infernal Blade"],"picked":"SKIP","floor":21},{"not_picked":["Power Through","Armaments"],"picked":"Spot Weakness","floor":22},{"not_picked":["Corruption","Flex+1","Rampage"],"picked":"SKIP","floor":24},{"not_picked":["Corruption","Flex+1","Rampage"],"picked":"SKIP","floor":24},{"not_picked":["Entrench","Perfected Strike+1","Inflame"],"picked":"SKIP","floor":27},{"not_picked":["Sever Soul","Cleave","Reckless Charge"],"picked":"SKIP","floor":31}],"player_experience":1620767,"relics_obtained":[{"floor":7.0,"key":"Orichalcum"},{"floor":9.0,"key":"PreservedInsect"},{"floor":11.0,"key":"Smiling Mask"},{"floor":24,"key":"Mummified Hand"},{"floor":27,"key":"InkBottle"},{"floor":29,"key":"Matryoshka"},{"floor":31,"key":"Boot"}],"event_choices":[{"damage_healed":0.0,"max_hp_gain":0.0,"max_hp_loss":0.0,"gold_gain":0.0,"cards_transformed":["Strike_R"],"event_name":"Transmorgrifier","player_choice":"Transformed","floor":3.0,"gold_loss":0.0,"damage_taken":0.0,"cards_obtained":["Inflame"]},{"cards_removed":["Defend_R"],"damage_healed":0,"gold_gain":0,"player_choice":"Gave Gold","damage_taken":0,"max_hp_gain":0,"max_hp_loss":0,"event_name":"Beggar","floor":19,"gold_loss":75},{"damage_healed":0,"gold_gain":0,"player_choice":"Became a Ghost","damage_taken":0,"max_hp_gain":0,"max_hp_loss":38,"event_name":"Ghosts","floor":20,"gold_loss":0,"cards_obtained":["Ghostly","Ghostly","Ghostly"]},{"damage_healed":0,"gold_gain":0,"player_choice":"Ignored","damage_taken":0,"max_hp_gain":0,"max_hp_loss":0,"event_name":"Vampires","floor":28,"gold_loss":0}],"is_beta":false,"boss_relics":[{"not_picked":["Tiny House","Fusion Hammer"],"picked":"Empty Cage"}],"items_purged_floors":[2,10,25],"is_endless":false,"potions_floor_spawned":[1,5,12,14,16,18,21,31],"killed_by":"Automaton","ascension_level":20}}