{"host":"ljavmhyz2e552xgo","time":1608428376,"event":{"mods":["BaseMod","Better Third Choice","Friendly Minions","GungeonMod","Minty Spire (QoL Compilation)","Permanent Neow","Spicy Shops","StSLib"],"gold_per_floor":[118,134,151,164,174,174,174,7,7,24,24,24,34,45,45,186,186,205,186,11,28,28,28,40,40,87,102,24,9,9,25,25,128,128,139,153,48,68,83,83,93,113,136,236,236,22,22,34,34,34],"floor_reached":51,"playtime":4199,"items_purged":["Writhe","DemoMod:RustySidearm"],"score":597,"play_id":"0c0a5fc7-8e7b-4c7a-9f4b-6887763c5fbb","local_time":"20201219193936","is_ascension_mode":false,"campfire_choices":[{"data":"DemoMod:ManualReload","floor":6,"key":"SMITH"},{"floor":11,"key":"REST"},{"data":"DemoMod:BlankBullets","floor":15,"key":"SMITH"},{"floor":23,"key":"REST"},{"data":"DemoMod:FortunesFavor","floor":25,"key":"SMITH"},{"data":"DemoMod:Elimentaler","floor":32,"key":"SMITH"},{"floor":40,"key":"REST"},{"data":"DemoMod:SkilledReload","floor":45,"key":"SMITH"},{"data":"DemoMod:GunslingerForm","floor":49,"key":"SMITH"}],"circlet_count":0,"master_deck":["DemoMod:Defend_Huntress","DemoMod:Defend_Huntress","DemoMod:Roll","DemoMod:ManualReload+1","DemoMod:CrossBow","DemoMod:MegaHand","DemoMod:StickyCrossBow","DemoMod:EasyReloadBullets","DemoMod:PracticeMakesPerfect","DemoMod:FortunesFavor+1","DemoMod:HardPowerCard","DemoMod:BlankBullets+1","DemoMod:ProbeStrike","DemoMod:Eureka","DemoMod:SkilledReload+1","DemoMod:Elimentaler+1","DemoMod:SAA","DemoMod:BalloonGun","DemoMod:ZorGun","DemoMod:SAA+1","DemoMod:GunslingerForm+1","DemoMod:SkilledReload+1","DemoMod:ChanceBullets+1","DemoMod:ShadowBullets","DemoMod:Behold!"],"relics":["DemoMod:Dog","Membership Card","Bronze Scales","DemoMod:Test1","Thread and Needle","Vajra","StoneCalendar","Centennial Puzzle","DemoMod:Plus1Bullets","Letter Opener","Philosopher\u0027s Stone","Cauldron","Orichalcum","DemoMod:OrangeGuonStone"],"acts_visited":["Exordium","TheCity","TheBeyond"],"potions_floor_usage":[21,27,31,37,38,41,50],"damage_taken":[{"damage":7,"enemies":"Jaw Worm","floor":1,"turns":5},{"damage":0,"enemies":"Small Slimes","floor":2,"turns":3},{"damage":1,"enemies":"Cultist","floor":3,"turns":3},{"damage":2,"enemies":"Looter","floor":4,"turns":2},{"damage":7,"enemies":"Blue Slaver","floor":5,"turns":3},{"damage":6,"enemies":"2 Fungi Beasts","floor":10,"turns":3},{"damage":16,"enemies":"Exordium Thugs","floor":13,"turns":8},{"damage":2,"enemies":"Blue Slaver","floor":14,"turns":3},{"damage":21,"enemies":"Slime Boss","floor":16,"turns":10},{"damage":2,"enemies":"Spheric Guardian","floor":18,"turns":6},{"damage":31,"enemies":"2 Thieves","floor":19,"turns":5},{"damage":6,"enemies":"Chosen and Byrds","floor":21,"turns":7},{"damage":9,"enemies":"Centurion and Healer","floor":24,"turns":7},{"damage":0,"enemies":"Shelled Parasite and Fungi","floor":27,"turns":6},{"damage":0,"enemies":"3 Cultists","floor":31,"turns":5},{"damage":14,"enemies":"Automaton","floor":33,"turns":8},{"damage":2,"enemies":"3 Shapes","floor":35,"turns":4},{"damage":0,"enemies":"Orb Walker","floor":36,"turns":2},{"damage":16,"enemies":"Sphere and 2 Shapes","floor":38,"turns":4},{"damage":32,"enemies":"4 Shapes","floor":39,"turns":5},{"damage":2,"enemies":"Transient","floor":41,"turns":5},{"damage":15,"enemies":"3 Darklings","floor":42,"turns":5},{"damage":7,"enemies":"4 Shapes","floor":48,"turns":6},{"damage":6,"enemies":"Awakened One","floor":50,"turns":11}],"seed_played":"5288376877912674943","potions_obtained":[{"floor":3,"key":"FearPotion"},{"floor":4,"key":"SteroidPotion"},{"floor":5,"key":"Energy Potion"},{"floor":10,"key":"Dexterity Potion"},{"floor":19,"key":"LiquidMemories"},{"floor":27,"key":"Ancient Potion"},{"floor":33,"key":"CultistPotion"},{"floor":35,"key":"DistilledChaos"},{"floor":37,"key":"Fruit Juice"},{"floor":37,"key":"DemoMod:BlankPotion"},{"floor":37,"key":"Regen Potion"},{"floor":42,"key":"Strength Potion"},{"floor":47,"key":"DemoMod:BlankPotion"},{"floor":47,"key":"BlessingOfTheForge"},{"floor":47,"key":"FairyPotion"},{"floor":48,"key":"DemoMod:BlankPotion"}],"is_trial":false,"path_per_floor":["M","M","M","M","M","R","?","$","T","M","R","?","M","M","R","B",null,"M","M","$","M","$","R","M","R","T","M","$","?","T","M","R","B",null,"M","M","$","M","M","R","M","M","T","?","R","$","?","M","R","B",null],"character_chosen":"HUNTRESS","items_purchased":["Membership Card","DemoMod:FortunesFavor","Thread and Needle","Vajra","StoneCalendar","DemoMod:Plus1Bullets","Cauldron","DemoMod:GunslingerForm","DemoMod:ShadowBullets","DemoMod:OrangeGuonStone"],"campfire_rested":3,"item_purchase_floors":[8,8,20,20,22,28,37,37,46,46],"current_hp_per_floor":[56,56,55,53,46,46,39,39,39,33,51,51,35,33,33,12,63,61,30,30,24,24,42,33,33,33,33,33,33,33,33,33,19,63,61,61,66,50,18,38,51,36,36,36,36,36,36,29,29,23],"gold":34,"neow_bonus":"REMOVE_TWO","is_daily":false,"chose_seed":false,"campfire_upgraded":6,"win_rate":0.0,"timestamp":1608428376,"path_taken":["M","M","M","M","M","R","?","$","T","M","R","?","M","M","R","BOSS","M","M","$","M","?","R","M","R","T","M","$","?","?","M","R","BOSS","M","M","$","M","M","R","M","M","T","?","R","?","?","M","R","BOSS"],"items_purchased_type":["Relic","Card","Relic","Relic","Relic","Relic","Relic","Card","Card","Relic"],"build_version":"2020-12-13","purchased_purges":2,"victory":true,"max_hp_per_floor":[63,63,63,63,63,63,63,63,63,63,63,63,63,63,63,63,63,63,63,63,63,63,63,63,63,63,63,63,63,63,63,63,63,63,63,63,68,68,68,68,68,68,68,68,68,68,68,68,68,68],"card_choices":[{"not_picked":["DemoMod:FastSwitch","DemoMod:GunstockTap"],"picked":"DemoMod:MegaHand","floor":1},{"not_picked":["DemoMod:DirectionalPad","DemoMod:PotionOfGunFriendShip"],"picked":"DemoMod:Purify","floor":2},{"not_picked":["DemoMod:DoubleSwitch","DemoMod:DirectionalPad"],"picked":"DemoMod:StickyCrossBow","floor":3},{"not_picked":["DemoMod:MachoBrace","DemoMod:Unmoved"],"picked":"DemoMod:EasyReloadBullets","floor":4},{"not_picked":["DemoMod:DoubleSwitch","DemoMod:Ejector"],"picked":"DemoMod:PracticeMakesPerfect","floor":5},{"not_picked":["DemoMod:RadGun","DemoMod:GunstockTap"],"picked":"DemoMod:HardPowerCard","floor":10},{"not_picked":["DemoMod:BoxingGlove","DemoMod:PracticeMakesPerfect"],"picked":"DemoMod:BlankBullets","floor":13},{"not_picked":["DemoMod:LifeOrb","DemoMod:StickyCrossBow"],"picked":"DemoMod:ProbeStrike","floor":14},{"not_picked":["DemoMod:SuppressiveFire","DemoMod:Desperate"],"picked":"DemoMod:Eureka","floor":16},{"not_picked":["DemoMod:PotionOfGunFriendShip","DemoMod:DoubleSwitch"],"picked":"DemoMod:SkilledReload","floor":18},{"not_picked":["DemoMod:MegaHand","DemoMod:PracticeMakesPerfect"],"picked":"DemoMod:Elimentaler","floor":24},{"not_picked":["DemoMod:DirectionalPad","DemoMod:EasyReloadBullets"],"picked":"DemoMod:SAA","floor":27},{"not_picked":["DemoMod:HighKaliber","DemoMod:BattleInHaste","DemoMod:JK47"],"picked":"SKIP","floor":31},{"not_picked":["DemoMod:BulletBore","DemoMod:DoubleVision"],"picked":"DemoMod:BalloonGun","floor":33},{"not_picked":["DemoMod:SAA","DemoMod:GunstockTap+1"],"picked":"DemoMod:ZorGun","floor":35},{"not_picked":["DemoMod:HardPowerCard","DemoMod:Ejector"],"picked":"DemoMod:SAA+1","floor":36},{"not_picked":["DemoMod:HuntsMan","DemoMod:PotionOfGunFriendShip"],"picked":"DemoMod:SkilledReload+1","floor":38},{"not_picked":["DemoMod:GunstockTap","DemoMod:BattleInHaste","DemoMod:PotionOfGunFriendShip"],"picked":"SKIP","floor":39},{"not_picked":["DemoMod:ConditionalReflex","DemoMod:AWP"],"picked":"DemoMod:ChanceBullets+1","floor":42},{"not_picked":["DemoMod:SkilledReload","DemoMod:GunstockTap","DemoMod:StickyCrossBow"],"picked":"SKIP","floor":42},{"not_picked":["DemoMod:BattleInHaste","DemoMod:EasyReloadBullets+1"],"picked":"DemoMod:Behold!","floor":48}],"player_experience":1367810,"relics_obtained":[{"floor":9,"key":"Bronze Scales"},{"floor":26,"key":"Centennial Puzzle"},{"floor":30,"key":"Letter Opener"},{"floor":43,"key":"Orichalcum"}],"event_choices":[{"cards_removed":["DemoMod:Defend_Huntress"],"damage_healed":0,"gold_gain":0,"player_choice":"Card Removal","damage_taken":7,"max_hp_gain":0,"max_hp_loss":0,"event_name":"Golden Wing","floor":7,"gold_loss":0},{"cards_removed":["DemoMod:Defend_Huntress"],"damage_healed":0,"gold_gain":0,"player_choice":"Offered Basic","damage_taken":0,"max_hp_gain":0,"max_hp_loss":0,"event_name":"Bonfire Elementals","floor":12,"gold_loss":0},{"damage_healed":0,"gold_gain":100,"player_choice":"Pray","damage_taken":0,"max_hp_gain":0,"max_hp_loss":0,"event_name":"Golden Shrine","floor":44,"gold_loss":0},{"damage_healed":0,"gold_gain":0,"player_choice":"Got Potions","damage_taken":0,"max_hp_gain":0,"max_hp_loss":0,"event_name":"Lab","floor":47,"gold_loss":0}],"is_beta":false,"boss_relics":[{"not_picked":["Pandora\u0027s Box","Busted Crown"],"picked":"DemoMod:Test1"},{"not_picked":["Runic Pyramid","Black Star"],"picked":"Philosopher\u0027s Stone"}],"items_purged_floors":[20,46],"is_endless":false,"potions_floor_spawned":[3,4,5,10,16,19,27,33,35,42,48],"ascension_level":0}}