{"host":"m3herrhkesxm9ooc","time":1608454895,"event":{"mods":["BaseMod","Hermit","Minty Spire (QoL Compilation)","StSLib","The Hierophant"],"gold_per_floor":[364,384,384,404,6,6,20,20,20,34,34,34,34,67,67,67,67],"floor_reached":16,"playtime":314,"items_purged":[],"score":175,"play_id":"c3cc79ac-4e03-4172-8826-2cf324c906a4","local_time":"20201220180135","is_ascension_mode":true,"campfire_choices":[{"floor":6.0,"key":"REST"},{"floor":8.0,"key":"REST"},{"floor":13,"key":"REST"},{"floor":15,"key":"REST"}],"circlet_count":0,"master_deck":["AscendersBane","hermit:Strike_Hermit","hermit:Strike_Hermit","hermit:Strike_Hermit","hermit:Strike_Hermit","hermit:Defend_Hermit","hermit:Defend_Hermit+1","hermit:Defend_Hermit","hermit:Defend_Hermit","hermit:Snapshot","hermit:Covet","hermit:Deadeye","hermit:NoHoldsBarred","Injury","hermit:Desperado+1","hermit:Midnight","hermit:Virtue","hermit:BlackWind","hermit:Maintenance","hermit:Strike_Hermit","hermit:Virtue"],"relics":["hermit:Momento","Golden Idol","Membership Card","Darkstone Periapt","Frozen Egg 2","Bird Faced Urn","Kunai"],"acts_visited":["Exordium"],"potions_floor_usage":[14,16],"damage_taken":[{"damage":1.0,"enemies":"Cultist","floor":1.0,"turns":3.0},{"damage":4.0,"enemies":"Jaw Worm","floor":2.0,"turns":3.0},{"damage":0.0,"enemies":"2 Louse","floor":4.0,"turns":1.0},{"damage":9.0,"enemies":"2 Fungi Beasts","floor":7.0,"turns":3.0},{"damage":13.0,"enemies":"Red Slaver","floor":10.0,"turns":3.0},{"damage":8,"enemies":"Gremlin Nob","floor":14,"turns":4},{"damage":74,"enemies":"The Guardian","floor":16,"turns":8}],"seed_played":"7375553634301208306","potions_obtained":[{"floor":1.0,"key":"ColorlessPotion"},{"floor":4.0,"key":"DistilledChaos"},{"floor":7.0,"key":"Block Potion"}],"is_trial":false,"path_per_floor":["M","M","?","M","$","R","M","R","T","M","?","?","R","E","R","B"],"character_chosen":"HERMIT","items_purchased":["Membership Card","Darkstone Periapt","Frozen Egg 2"],"campfire_rested":4,"item_purchase_floors":[5,5,5],"current_hp_per_floor":[45,41,41,41,41,62,53,71,71,58,37,37,58,50,71,0,0],"gold":67,"neow_bonus":"TWO_FIFTY_GOLD","is_daily":false,"chose_seed":false,"campfire_upgraded":0,"win_rate":0.0,"timestamp":1608454895,"path_taken":["M","?","?","M","?","R","M","R","T","?","?","?","R","E","R","BOSS"],"items_purchased_type":["Relic","Relic","Relic"],"build_version":"2020-12-13","purchased_purges":0,"victory":false,"max_hp_per_floor":[71,71,71,71,71,71,71,71,71,71,71,71,71,71,71,71,71],"card_choices":[{"not_picked":["hermit:LowProfile","hermit:Glare"],"picked":"hermit:Deadeye","floor":1.0},{"not_picked":["hermit:CursedWeapon","hermit:Quickdraw"],"picked":"hermit:NoHoldsBarred","floor":2.0},{"not_picked":["hermit:Misfire","hermit:Vantage"],"picked":"hermit:Desperado","floor":4.0},{"not_picked":["hermit:Coalescence","hermit:Dive"],"picked":"hermit:Midnight","floor":7.0},{"not_picked":["hermit:Adapt+1","hermit:Headshot"],"picked":"hermit:Virtue","floor":10.0},{"not_picked":["hermit:Showdown","hermit:HighCaliber"],"picked":"hermit:Virtue","floor":14}],"player_experience":646239,"relics_obtained":[{"floor":9.0,"key":"Bird Faced Urn"},{"floor":14,"key":"Kunai"}],"event_choices":[{"damage_healed":0.0,"max_hp_gain":0.0,"max_hp_loss":0.0,"gold_gain":0.0,"event_name":"Golden Idol","player_choice":"Take Wound","floor":3.0,"gold_loss":0.0,"damage_taken":0.0,"relics_obtained":["Golden Idol"],"cards_obtained":["Injury"]},{"damage_healed":0.0,"max_hp_gain":0.0,"max_hp_loss":0.0,"gold_gain":0.0,"event_name":"Shining Light","player_choice":"Entered Light","floor":11.0,"gold_loss":0.0,"damage_taken":21.0,"cards_upgraded":["hermit:Desperado","hermit:Defend_Hermit"]},{"damage_healed":0,"gold_gain":0,"player_choice":"3 cards matched","damage_taken":0,"max_hp_gain":0,"max_hp_loss":0,"event_name":"Match and Keep!","floor":12,"gold_loss":0,"cards_obtained":["hermit:BlackWind","hermit:Maintenance","hermit:Strike_Hermit"]}],"is_beta":false,"boss_relics":[],"items_purged_floors":[],"is_endless":false,"potions_floor_spawned":[1,4,7],"killed_by":"The Guardian","ascension_level":15}}