{"host":"hdafziggwnbzqpcb","time":1608506911,"event":{"mods":["BaseMod","Better Vampires","Colored Map","Colored Powertips","Curses Come First","GifTheSpireLib","Minty Spire (QoL Compilation)","Quick Restart","Rare Cards Sparkle","Relic Stats","Spicy Shops","StSLib","The Bug Knight","The Cursed","TheHero"],"gold_per_floor":[116,116,131,81,81,81,110,110,184,214,214,214,67,67,67,163,163,178,178,78,78,96,123,137,137,207,122,135,170,5,5,5,100,100,115,115,134,148,197,197,212,228,228,259,20,20,36,53,53,53,53,53,5,34,34,34],"floor_reached":55,"playtime":2735,"items_purged":["Strike_B","Strike_B","Strike_B","Blizzard+1"],"score":983,"play_id":"9f489012-5c8f-4327-9739-27992fe78358","local_time":"20201220152831","is_ascension_mode":true,"campfire_choices":[{"data":"Zap","floor":6.0,"key":"SMITH"},{"data":"FTL","floor":8.0,"key":"SMITH"},{"data":"Dualcast","floor":11.0,"key":"SMITH"},{"data":"Static Discharge","floor":15.0,"key":"SMITH"},{"data":"Scrape","floor":25.0,"key":"SMITH"},{"data":"Defragment","floor":32.0,"key":"SMITH"},{"data":"Fission","floor":40.0,"key":"SMITH"},{"floor":49.0,"key":"RECALL"},{"data":"Redo","floor":52.0,"key":"SMITH"}],"circlet_count":0,"master_deck":["Zap+1","Dualcast+1","Static Discharge+1","Conserve Battery","FTL+1","Scrape+1","Electrodynamics","All For One+1","Steam+1","Beam Cell+1","Defragment+1","Fission+1","Thunder Strike+1","Gash+1","Redo+1","Hologram+1","Conserve Battery+1","Skim+1","Conserve Battery","Flash of Steel+1","White Noise","Ball Lightning+1","Seek"],"relics":["Cracked Core","NeowsBlessing","MealTicket","HollowMod:LifeEnderRelic","Shuriken","White Beast Statue","Eternal Feather","Coffee Dripper","Matryoshka","Nunchaku","Letter Opener","Pantograph","Molten Egg 2","Astrolabe","Toy Ornithopter","Gambling Chip","Regal Pillow","Boot","Whetstone"],"acts_visited":["Exordium","TheCity","TheBeyond","TheEnding"],"potions_floor_usage":[55],"damage_taken":[{"damage":0.0,"enemies":"Small Slimes","floor":1.0,"turns":1.0},{"damage":0.0,"enemies":"2 Louse","floor":3.0,"turns":1.0},{"damage":0.0,"enemies":"Lagavulin","floor":7.0,"turns":2.0},{"damage":16.0,"enemies":"Gremlin Nob","floor":10.0,"turns":3.0},{"damage":15.0,"enemies":"The Guardian","floor":16.0,"turns":7.0},{"damage":0.0,"enemies":"Spheric Guardian","floor":18.0,"turns":1.0},{"damage":2.0,"enemies":"Chosen","floor":22.0,"turns":2.0},{"damage":6.0,"enemies":"Slavers","floor":23.0,"turns":2.0},{"damage":11.0,"enemies":"Sentry and Sphere","floor":24.0,"turns":4.0},{"damage":7.0,"enemies":"3 Cultists","floor":28.0,"turns":2.0},{"damage":14.0,"enemies":"HollowMod:Nosk","floor":29.0,"turns":4.0},{"damage":4.0,"enemies":"Automaton","floor":33.0,"turns":5.0},{"damage":12.0,"enemies":"Orb Walker","floor":35.0,"turns":2.0},{"damage":0.0,"enemies":"3 Shapes","floor":37.0,"turns":3.0},{"damage":0.0,"enemies":"Transient","floor":38.0,"turns":5.0},{"damage":61.0,"enemies":"2 Orb Walkers","floor":39.0,"turns":3.0},{"damage":0.0,"enemies":"Maw","floor":41.0,"turns":3.0},{"damage":0.0,"enemies":"Sphere and 2 Shapes","floor":42.0,"turns":1.0},{"damage":0.0,"enemies":"Reptomancer","floor":44.0,"turns":2.0},{"damage":7.0,"enemies":"Jaw Worm Horde","floor":47.0,"turns":2.0},{"damage":12.0,"enemies":"Writhing Mass","floor":48.0,"turns":2.0},{"damage":18.0,"enemies":"Awakened One","floor":50.0,"turns":4.0},{"damage":1.0,"enemies":"Shield and Spear","floor":54.0,"turns":3.0},{"damage":84,"enemies":"The Heart","floor":55,"turns":5}],"seed_played":"-2537952262339770367","potions_obtained":[{"floor":1.0,"key":"Dexterity Potion"},{"floor":7.0,"key":"Swift Potion"},{"floor":16.0,"key":"Fire Potion"},{"floor":18.0,"key":"SmokeBomb"},{"floor":22.0,"key":"SkillPotion"},{"floor":23.0,"key":"BlessingOfTheForge"},{"floor":24.0,"key":"EssenceOfSteel"},{"floor":29.0,"key":"SkillPotion"},{"floor":33.0,"key":"Dexterity Potion"},{"floor":35.0,"key":"AttackPotion"},{"floor":37.0,"key":"CultistPotion"},{"floor":41.0,"key":"BlessingOfTheForge"},{"floor":47.0,"key":"DistilledChaos"},{"floor":48.0,"key":"Weak Potion"},{"floor":54.0,"key":"Weak Potion"}],"is_trial":false,"path_per_floor":["M","?","M","?","$","R","E","R","T","E","R","?","$","T","R","B",null,"M","?","$","?","M","E","M","R","T","?","M","E","$","?","R","B",null,"M","?","M","M","?","R","M","M","T","E","$","?","M","M","R","B",null,"R","$","E","B"],"character_chosen":"DEFECT","items_purchased":["Electrodynamics","Defragment","Flash of Steel+1","Weak Potion"],"campfire_rested":0,"item_purchase_floors":[13,30,45,53],"current_hp_per_floor":[75,68,68,68,75,75,75,75,75,59,59,52,67,67,73,58,71,71,71,75,61,59,53,42,48,48,48,41,27,42,42,48,69,77,65,65,65,65,4,13,18,18,18,18,33,80,73,66,78,62,76,80,80,79,0,0],"gold":34,"neow_bonus":"THREE_ENEMY_KILL","is_daily":false,"chose_seed":false,"campfire_upgraded":8,"win_rate":0.0,"timestamp":1608506911,"path_taken":["M","?","M","?","?","R","E","R","T","E","R","?","$","?","R","BOSS","M","?","?","?","?","E","M","R","T","?","M","E","$","?","R","BOSS","M","?","M","?","?","R","M","M","T","E","$","?","M","?","R","BOSS","R","$","E","BOSS"],"items_purchased_type":["Card","Card","Card","Potion"],"build_version":"2020-12-13","purchased_purges":4,"victory":false,"max_hp_per_floor":[75,75,75,75,75,75,75,75,75,75,75,75,75,75,75,75,75,75,75,75,80,80,80,80,80,80,80,80,80,80,80,80,80,80,80,80,80,80,80,80,80,80,80,80,80,80,80,80,80,80,80,80,80,80,80,80],"relic_stats":{"Regal Pillow":0,"counters":[24,69],"Astrolabe":["Chaos","Blizzard","Thunder Strike"],"Eternal Feather":43,"Letter Opener":[282],"Whetstone":["All For One"],"Boot":[9],"Nunchaku":[16],"Shuriken":[45],"Pantograph":28,"Gambling Chip":[10],"MealTicket":56,"obtain_stats":[{"Regal Pillow":43,"HollowMod:LifeEnderRelic":7,"NeowsBlessing":0,"Astrolabe":34,"Eternal Feather":14,"Letter Opener":26,"Whetstone":54,"Boot":44,"White Beast Statue":10,"Nunchaku":26,"Matryoshka":23,"Shuriken":9,"Pantograph":27,"Gambling Chip":39,"MealTicket":2,"Molten Egg 2":29,"Coffee Dripper":17,"Cracked Core":0,"Toy Ornithopter":36},{"Regal Pillow":18,"HollowMod:LifeEnderRelic":3,"NeowsBlessing":0,"Astrolabe":12,"Eternal Feather":4,"Letter Opener":9,"Whetstone":23,"Boot":19,"White Beast Statue":4,"Nunchaku":9,"Matryoshka":8,"Shuriken":3,"Pantograph":9,"Gambling Chip":16,"MealTicket":1,"Molten Egg 2":11,"Coffee Dripper":5,"Cracked Core":0,"Toy Ornithopter":13},{"Regal Pillow":51,"HollowMod:LifeEnderRelic":4,"NeowsBlessing":0,"Astrolabe":34,"Eternal Feather":7,"Letter Opener":23,"Whetstone":64,"Boot":53,"White Beast Statue":7,"Nunchaku":23,"Matryoshka":19,"Shuriken":4,"Pantograph":23,"Gambling Chip":47,"MealTicket":1,"Molten Egg 2":29,"Coffee Dripper":14,"Cracked Core":0,"Toy Ornithopter":36}],"Toy Ornithopter":14},"card_choices":[{"not_picked":["Chill","Coolheaded"],"picked":"Static Discharge","floor":1.0},{"not_picked":["Barrage","Leap"],"picked":"Conserve Battery","floor":3.0},{"not_picked":["Seek","Steam"],"picked":"FTL","floor":7.0},{"not_picked":["Reprogram","Cold Snap"],"picked":"Scrape","floor":10.0},{"not_picked":["Meteor Strike","Rainbow"],"picked":"All For One","floor":16.0},{"not_picked":["Compile Driver","Leap"],"picked":"Steam","floor":18.0},{"not_picked":["Compile Driver","Sweeping Beam+1","Cold Snap"],"picked":"SKIP","floor":22.0},{"not_picked":["Consume","FTL","Aggregate"],"picked":"SKIP","floor":23.0},{"not_picked":["Rebound+1","Leap","Aggregate"],"picked":"SKIP","floor":24.0},{"not_picked":["Steam Power","Compile Driver+1","Sweeping Beam"],"picked":"SKIP","floor":28.0},{"not_picked":["Genetic Algorithm","Hyperbeam+1"],"picked":"Beam Cell+1","floor":29.0},{"not_picked":["Hyperbeam+1","Meteor Strike+1"],"picked":"Fission","floor":33.0},{"not_picked":["Compile Driver+1","White Noise+1"],"picked":"Gash+1","floor":35.0},{"not_picked":["Coolheaded+1","Genetic Algorithm"],"picked":"Redo","floor":37.0},{"not_picked":["Scrape+1","Cold Snap+1"],"picked":"Hologram+1","floor":38.0},{"not_picked":["Sweeping Beam+1","Stack+1"],"picked":"Conserve Battery+1","floor":39.0},{"not_picked":["Aggregate+1","Undo","Hologram+1"],"picked":"SKIP","floor":41.0},{"not_picked":["Echo Form","Streamline+1"],"picked":"Skim+1","floor":42.0},{"not_picked":["Hologram+1","FTL+1"],"picked":"Conserve Battery","floor":44.0},{"not_picked":["Barrage+1","Redo+1"],"picked":"White Noise","floor":47.0},{"not_picked":["Conserve Battery+1","Loop+1"],"picked":"Ball Lightning+1","floor":48.0},{"not_picked":["Coolheaded","Turbo"],"picked":"Seek","floor":54.0}],"player_experience":620790,"relics_obtained":[{"floor":7.0,"key":"HollowMod:LifeEnderRelic"},{"floor":9.0,"key":"Shuriken"},{"floor":10.0,"key":"White Beast Statue"},{"floor":14.0,"key":"Eternal Feather"},{"floor":23.0,"key":"Matryoshka"},{"floor":26.0,"key":"Nunchaku"},{"floor":26.0,"key":"Letter Opener"},{"floor":29.0,"key":"Molten Egg 2"},{"floor":39.0,"key":"Gambling Chip"},{"floor":43.0,"key":"Regal Pillow"},{"floor":44.0,"key":"Boot"},{"floor":54.0,"key":"Whetstone"}],"event_choices":[{"damage_healed":0.0,"max_hp_gain":0.0,"max_hp_loss":0.0,"gold_gain":0.0,"event_name":"Scrap Ooze","player_choice":"Success","floor":2.0,"gold_loss":0.0,"damage_taken":7.0,"relics_obtained":["MealTicket"]},{"cards_removed":["Strike_B"],"damage_healed":0.0,"max_hp_gain":0.0,"max_hp_loss":0.0,"gold_gain":0.0,"event_name":"The Cleric","player_choice":"Card Removal","floor":4.0,"gold_loss":50.0,"damage_taken":0.0},{"cards_removed":["Defend_B"],"damage_healed":0.0,"max_hp_gain":0.0,"max_hp_loss":0.0,"gold_gain":0.0,"event_name":"Golden Wing","player_choice":"Card Removal","floor":12.0,"gold_loss":0.0,"damage_taken":7.0},{"damage_healed":0.0,"max_hp_gain":0.0,"max_hp_loss":0.0,"gold_gain":0.0,"event_name":"Accursed Blacksmith","player_choice":"Forge","floor":19.0,"gold_loss":0.0,"damage_taken":0.0,"cards_upgraded":["Steam"]},{"damage_healed":0.0,"max_hp_gain":5.0,"max_hp_loss":0.0,"gold_gain":0.0,"event_name":"Forgotten Altar","player_choice":"Shed Blood","floor":21.0,"gold_loss":0.0,"damage_taken":19.0},{"damage_healed":0.0,"max_hp_gain":0.0,"max_hp_loss":0.0,"gold_gain":0.0,"event_name":"Addict","player_choice":"Obtained Relic","floor":27.0,"gold_loss":85.0,"damage_taken":0.0,"relics_obtained":["Pantograph"]},{"damage_healed":0.0,"max_hp_gain":0.0,"max_hp_loss":0.0,"gold_gain":0.0,"event_name":"Ghosts","player_choice":"Ignored","floor":31.0,"gold_loss":0.0,"damage_taken":0.0},{"damage_healed":0.0,"max_hp_gain":0.0,"max_hp_loss":0.0,"gold_gain":0.0,"event_name":"WeMeetAgain","player_choice":"Gave Potion","floor":36.0,"gold_loss":0.0,"damage_taken":0.0,"relics_obtained":["Toy Ornithopter"]},{"damage_healed":0.0,"max_hp_gain":0.0,"max_hp_loss":0.0,"gold_gain":0.0,"event_name":"Mysterious Sphere","player_choice":"Fight","floor":39.0,"gold_loss":0.0,"damage_taken":0.0},{"cards_removed":["Chaos"],"damage_healed":47.0,"max_hp_gain":0.0,"max_hp_loss":0.0,"gold_gain":0.0,"event_name":"Bonfire Elementals","player_choice":"Offered Uncommon","floor":46.0,"gold_loss":0.0,"damage_taken":0.0}],"is_beta":false,"boss_relics":[{"not_picked":["Runic Pyramid","Velvet Choker"],"picked":"Coffee Dripper"},{"not_picked":["SacredBark","FrozenCore"],"picked":"Astrolabe"}],"items_purged_floors":[13,20,30,45],"is_endless":false,"potions_floor_spawned":[1,7,16,18,22,23,24,28,29,33,35,37,38,39,41,42,44,47,48,54],"killed_by":"The Heart","ascension_level":5}}