{"host":"cccop0r9ue4xv1s4","time":1608495807,"event":{"mods":["AchievementEnabler","BaseMod","Downfall","Marisa¡]Ãú«B¡@Å]²z¨F¡^","Minty Spire (QoL Compilation)","Quick Restart","Shop Mod","StSLib","SuperFastMode","The Servant 0.9.4"],"gold_per_floor":[12,28,9999,9999,10012,10047,10047,9247,9274,9286,9315,9327,9340,9354,9354,9430,9430,9447,9461,8438,8363,8381,8381,7892,7892,7892,7892,7904,7944,7956,7986,7998,8089,8101,8127,8194,8221,7256,7268,7268,7284,6261,6285,6285,6300,6300,6300,6313,6313,6313,6313],"floor_reached":52,"playtime":1507,"items_purged":["Strike_R","Defend_R","Strike_R","Defend_R","Strike_R","Defend_R+1"],"score":2247,"play_id":"4243ad11-7fad-4fe9-ad9f-0ab597090103","local_time":"20201221042326","is_ascension_mode":true,"campfire_choices":[{"data":"Pommel Strike","floor":7,"key":"SMITH"},{"data":"Burning Pact","floor":15,"key":"SMITH"},{"data":"Pommel Strike","floor":23,"key":"SMITH"},{"data":"Spot Weakness","floor":25,"key":"SMITH"},{"data":"Violence","floor":30,"key":"SMITH"},{"data":"Bash","floor":32,"key":"SMITH"},{"floor":40,"key":"DIG"},{"floor":47,"key":"DIG"},{"floor":49,"key":"DIG"}],"circlet_count":0,"master_deck":["AscendersBane","Bash+1","Pommel Strike+1","Fire Breathing+1","Fire Breathing+1","Spot Weakness+1","Evolve+1","Shrug It Off","Burning Pact+1","Uppercut+1","Pommel Strike+1","Pommel Strike+1","Violence+1","Shrug It Off+1","Infernal Blade","Limit Break","Flex+1","Flex","Fire Breathing+1","Limit Break","Shrug It Off"],"relics":["Black Blood","CaptainsWheel","Sling","War Paint","Frozen Egg 2","Akabeko","HandDrill","Strawberry","Orichalcum","Regal Pillow","Lantern","Toolbox","Ginger","Boot","Bag of Preparation","Vajra","PreservedInsect","MawBank","Nilry\u0027s Codex","Dream Catcher","Empty Cage","Shovel","Gremlin Horn","Shuriken","DollysMirror","InkBottle","Brimstone","Champion Belt","Mercury Hourglass","Omamori","Toxic Egg 2","Centennial Puzzle"],"acts_visited":["Exordium","TheCity","TheBeyond"],"potions_floor_usage":[4,6,13,16,19],"damage_taken":[{"damage":0,"enemies":"Jaw Worm","floor":1,"turns":2},{"damage":5,"enemies":"Small Slimes","floor":2,"turns":2},{"damage":0,"enemies":"Cultist","floor":4,"turns":1},{"damage":11,"enemies":"3 Louse","floor":5,"turns":4},{"damage":0,"enemies":"Lagavulin","floor":6,"turns":4},{"damage":0,"enemies":"Red Slaver","floor":10,"turns":1},{"damage":2,"enemies":"3 Sentries","floor":11,"turns":3},{"damage":0,"enemies":"Exordium Thugs","floor":12,"turns":3},{"damage":5,"enemies":"Large Slime","floor":13,"turns":2},{"damage":6,"enemies":"Looter","floor":14,"turns":2},{"damage":34,"enemies":"Hexaghost","floor":16,"turns":4},{"damage":3,"enemies":"Spheric Guardian","floor":18,"turns":4},{"damage":0,"enemies":"Shell Parasite","floor":19,"turns":2},{"damage":0,"enemies":"3 Cultists","floor":22,"turns":2},{"damage":0,"enemies":"Gremlin Leader","floor":29,"turns":1},{"damage":0,"enemies":"Shelled Parasite and Fungi","floor":31,"turns":1},{"damage":2,"enemies":"Collector","floor":33,"turns":1},{"damage":0,"enemies":"3 Shapes","floor":35,"turns":1},{"damage":0,"enemies":"2 Orb Walkers","floor":36,"turns":2},{"damage":0,"enemies":"3 Darklings","floor":37,"turns":1},{"damage":0,"enemies":"Writhing Mass","floor":39,"turns":2},{"damage":0,"enemies":"Sphere and 2 Shapes","floor":41,"turns":1},{"damage":0,"enemies":"3 Darklings","floor":45,"turns":1},{"damage":0,"enemies":"Jaw Worm Horde","floor":48,"turns":1},{"damage":0,"enemies":"Donu and Deca","floor":50,"turns":1},{"damage":7,"enemies":"Time Eater","floor":51,"turns":2}],"seed_played":"-791114768809622114","potions_obtained":[{"floor":5,"key":"Energy Potion"},{"floor":16,"key":"Swift Potion"},{"floor":18,"key":"champ:CounterPotion"},{"floor":31,"key":"Fire Potion"}],"is_trial":false,"path_per_floor":["M","M","$","M","M","E","R","$","T","M","E","M","M","M","R","B",null,"M","M","$","?","M","R","$","R","T","T","?","E","R","M","R","B",null,"M","?","M","$","M","R","M","$","T","?","M","?","R","M","R","B","B",null],"character_chosen":"IRONCLAD","items_purchased":["Sling","War Paint","Frozen Egg 2","Fire Breathing+1","AttackPotion","Fire Potion","HandDrill","Strawberry","Orichalcum","Swift Potion","Strength Potion","Evolve+1","Toolbox","Ginger","Boot","Pommel Strike","Violence","Bag of Preparation","Vajra","Gremlin Horn","Shuriken","Fire Breathing+1","DollysMirror","Brimstone","Champion Belt","Mercury Hourglass","Shrug It Off"],"campfire_rested":0,"item_purchase_floors":[3,3,3,3,3,3,8,8,8,8,8,8,20,20,20,20,20,24,24,38,38,38,38,42,42,42,42],"current_hp_per_floor":[74,75,75,75,70,75,75,82,82,82,82,82,82,82,82,54,75,82,82,82,82,82,82,82,82,82,82,61,73,73,82,82,82,82,82,82,82,82,82,82,82,82,82,82,82,79,79,79,79,79,79],"gold":6313,"neow_bonus":"ONE_RARE_RELIC","is_daily":false,"chose_seed":false,"campfire_upgraded":6,"win_rate":0.0,"timestamp":1608495806,"path_taken":["M","M","$","M","M","E","R","$","T","M","E","M","M","M","R","BOSS","M","M","$","?","M","R","$","R","T","?","?","E","R","M","R","BOSS","M","?","M","$","M","R","M","$","T","?","M","?","R","M","R","BOSS","BOSS"],"items_purchased_type":["Relic","Relic","Relic","Card","Potion","Potion","Relic","Relic","Relic","Potion","Potion","Card","Relic","Relic","Relic","Card","Card","Relic","Relic","Relic","Relic","Card","Relic","Relic","Relic","Relic","Card"],"build_version":"2020-12-13","purchased_purges":6,"victory":true,"max_hp_per_floor":[75,75,75,75,75,75,75,82,82,82,82,82,82,82,82,82,82,82,82,82,82,82,82,82,82,82,82,82,82,82,82,82,82,82,82,82,82,82,82,82,82,82,82,82,82,79,79,79,79,79,79],"card_choices":[{"not_picked":["Clash","Blood for Blood"],"picked":"Pommel Strike","floor":1},{"not_picked":["Havoc","Anger","Uppercut"],"picked":"SKIP","floor":2},{"not_picked":["Ghostly Armor","Cleave","Dropkick"],"picked":"SKIP","floor":4},{"not_picked":["Cleave","Dropkick"],"picked":"Fire Breathing+1","floor":5},{"not_picked":["Hemokinesis","Uppercut"],"picked":"Spot Weakness","floor":6},{"not_picked":["Warcry","Intimidate","Havoc"],"picked":"SKIP","floor":10},{"not_picked":["Dual Wield","Warcry"],"picked":"Shrug It Off","floor":11},{"not_picked":["Immolate","Sword Boomerang","Thunderclap"],"picked":"SKIP","floor":12},{"not_picked":["Sword Boomerang","Wild Strike","Anger"],"picked":"SKIP","floor":13},{"not_picked":["Infernal Blade","Bloodletting"],"picked":"Burning Pact","floor":14},{"not_picked":["Body Slam","Headbutt+1"],"picked":"Uppercut+1","floor":18},{"not_picked":["Body Slam","Flame Barrier"],"picked":"Pommel Strike+1","floor":19},{"not_picked":["Headbutt","Sever Soul"],"picked":"Shrug It Off+1","floor":22},{"not_picked":["Ghostly Armor","Sword Boomerang"],"picked":"Infernal Blade","floor":29},{"not_picked":["Body Slam","Shockwave","True Grit"],"picked":"SKIP","floor":31},{"not_picked":["Immolate","Juggernaut+1"],"picked":"Limit Break","floor":33},{"not_picked":["Rupture+1","Headbutt+1"],"picked":"Flex+1","floor":35},{"not_picked":["Armaments","Warcry+1"],"picked":"Flex","floor":37},{"not_picked":["Fire Breathing+1","Flame Barrier+1","Perfected Strike"],"picked":"SKIP","floor":39},{"not_picked":["Rage","Warcry","Sever Soul+1"],"picked":"SKIP","floor":41},{"not_picked":["Perfected Strike+1","Hemokinesis","Cleave+1"],"picked":"SKIP","floor":45},{"not_picked":["Metallicize+1","Body Slam","Sword Boomerang"],"picked":"SKIP","floor":48}],"player_experience":287940,"relics_obtained":[{"floor":6,"key":"Akabeko"},{"floor":9,"key":"Regal Pillow"},{"floor":11,"key":"Lantern"},{"floor":26,"key":"PreservedInsect"},{"floor":27,"key":"MawBank"},{"floor":28,"key":"Nilry\u0027s Codex"},{"floor":29,"key":"Dream Catcher"},{"floor":36,"key":"Shovel"},{"floor":40,"key":"InkBottle"},{"floor":43,"key":"Omamori"},{"floor":47,"key":"Toxic Egg 2"},{"floor":49,"key":"Centennial Puzzle"}],"event_choices":[{"cards_removed":["Strike_R"],"damage_healed":0,"gold_gain":0,"player_choice":"Gave Gold","damage_taken":0,"max_hp_gain":0,"max_hp_loss":0,"event_name":"Beggar","floor":21,"gold_loss":75},{"damage_healed":0,"gold_gain":0,"player_choice":"Obtained Book","damage_taken":21,"max_hp_gain":0,"max_hp_loss":0,"event_name":"Cursed Tome","floor":28,"gold_loss":0},{"damage_healed":0,"gold_gain":0,"player_choice":"Fight","damage_taken":0,"max_hp_gain":0,"max_hp_loss":0,"event_name":"Mysterious Sphere","floor":36,"gold_loss":0},{"damage_healed":0,"gold_gain":0,"player_choice":"Memory 1","damage_taken":0,"max_hp_gain":0,"max_hp_loss":0,"event_name":"SensoryStone","floor":44,"gold_loss":0},{"cards_removed":["Parasite"],"damage_healed":0,"gold_gain":0,"player_choice":"Purged","damage_taken":0,"max_hp_gain":0,"max_hp_loss":0,"event_name":"Purifier","floor":46,"gold_loss":0}],"is_beta":false,"boss_relics":[{"not_picked":["SacredBark","Tiny House"],"picked":"Black Blood"},{"not_picked":["Pandora\u0027s Box","Cursed Key"],"picked":"Empty Cage"}],"items_purged_floors":[3,8,20,24,38,42],"is_endless":false,"potions_floor_spawned":[5,10,11,12,16,18,31,35,37,48],"ascension_level":20}}