{"host":"2461dio7vetlq1z3","time":1608490835,"event":{"mods":["2.2 Compatiblity","AchievementEnabler","BaseMod","Better Third Choice","Hermit","Jorbs\u0027s Wanderer Trilogy","Marisa????????","Minty Spire (QoL Compilation)","Relic Stats","Spicy Shops","StSLib","Waifu the Spire"],"gold_per_floor":[115,134,134,209,209,209,241,257,257,257,277,289,289,319,319,422,422],"floor_reached":16,"playtime":929,"items_purged":[],"score":160,"play_id":"0bb3eb58-8138-4247-a90c-9353ffad9d5b","local_time":"20201220200035","is_ascension_mode":false,"campfire_choices":[{"data":"stsjorbsmod:TrueStrike","floor":6,"key":"SMITH"},{"data":"stsjorbsmod:DoubleCheck","floor":10,"key":"SMITH"},{"data":"stsjorbsmod:Aid","floor":13,"key":"SMITH"},{"data":"stsjorbsmod:FreshAdventure","floor":15,"key":"SMITH"}],"circlet_count":0,"master_deck":["stsjorbsmod:ForbiddenGrimoire+1","stsjorbsmod:Strike_Wanderer","stsjorbsmod:Strike_Wanderer","stsjorbsmod:Strike_Wanderer","stsjorbsmod:Defend_Wanderer+1","stsjorbsmod:Defend_Wanderer","stsjorbsmod:Defend_Wanderer","stsjorbsmod:FreshAdventure+1","stsjorbsmod:EyeOfTheStorm","stsjorbsmod:DoubleCheck+1","stsjorbsmod:LoseGrip+1","stsjorbsmod:TrueStrike+1","stsjorbsmod:MagicMirror","stsjorbsmod:ParryingBlow","stsjorbsmod:Message","stsjorbsmod:Aid+1"],"relics":["stsjorbsmod:GrimoireRelic","Meat on the Bone","Orichalcum","Gremlin Horn"],"acts_visited":["Exordium"],"potions_floor_usage":[12,16],"damage_taken":[{"damage":3,"enemies":"Small Slimes","floor":1,"turns":4},{"damage":0,"enemies":"Jaw Worm","floor":2,"turns":4},{"damage":16,"enemies":"Lagavulin","floor":7,"turns":6},{"damage":0,"enemies":"2 Louse","floor":8,"turns":3},{"damage":6,"enemies":"Exordium Wildlife","floor":11,"turns":4},{"damage":0,"enemies":"3 Louse","floor":12,"turns":1},{"damage":15,"enemies":"Gremlin Nob","floor":14,"turns":5},{"damage":21,"enemies":"Slime Boss","floor":16,"turns":8}],"seed_played":"-7238370779149587813","potions_obtained":[{"floor":1,"key":"Explosive Potion"},{"floor":8,"key":"Block Potion"},{"floor":14,"key":"ColorlessPotion"},{"floor":16,"key":"CultistPotion"}],"is_trial":false,"path_per_floor":["M","M","?","?","?","R","E","M","T","R","M","M","R","E","R","B"],"character_chosen":"WANDERER","items_purchased":[],"campfire_rested":0,"item_purchase_floors":[],"current_hp_per_floor":[67,68,54,43,43,43,29,42,42,42,37,37,37,36,36,27,27],"gold":422,"neow_bonus":"TRANSFORM_CARD","is_daily":false,"chose_seed":false,"campfire_upgraded":4,"win_rate":0.0,"timestamp":1608490835,"path_taken":["M","M","?","?","?","R","E","M","T","R","?","M","R","E","R","BOSS"],"items_purchased_type":[],"build_version":"2020-12-13","purchased_purges":0,"victory":false,"max_hp_per_floor":[68,68,68,68,68,68,68,68,68,68,68,68,68,68,68,68,68],"relic_stats":{"Gremlin Horn":[3,3],"counters":[8,35],"Orichalcum":[24],"obtain_stats":[{"Gremlin Horn":14,"stsjorbsmod:GrimoireRelic":0,"Orichalcum":9,"Meat on the Bone":7},{"Gremlin Horn":7,"stsjorbsmod:GrimoireRelic":0,"Orichalcum":4,"Meat on the Bone":3},{"Gremlin Horn":27,"stsjorbsmod:GrimoireRelic":0,"Orichalcum":17,"Meat on the Bone":14}],"Meat on the Bone":36},"card_choices":[{"not_picked":["stsjorbsmod:MagicMirror","stsjorbsmod:Inferno"],"picked":"stsjorbsmod:LoseGrip","floor":1},{"not_picked":["stsjorbsmod:Hibernate","stsjorbsmod:FracturedMind"],"picked":"stsjorbsmod:TrueStrike","floor":2},{"not_picked":["stsjorbsmod:TrueStrike","stsjorbsmod:WeightOfMemory"],"picked":"stsjorbsmod:MagicMirror","floor":7},{"not_picked":["stsjorbsmod:Firebolt","stsjorbsmod:Hibernate"],"picked":"stsjorbsmod:ParryingBlow","floor":8},{"not_picked":["stsjorbsmod:ChainLightning","stsjorbsmod:UnseenServant"],"picked":"stsjorbsmod:Message","floor":11},{"not_picked":["stsjorbsmod:BlackTentacles","stsjorbsmod:ParryingBlow"],"picked":"stsjorbsmod:Aid","floor":12},{"not_picked":["stsjorbsmod:ParryingBlow","stsjorbsmod:Hurt","stsjorbsmod:AnimateObjects"],"picked":"SKIP","floor":14}],"player_experience":873619,"relics_obtained":[{"floor":7,"key":"Meat on the Bone"},{"floor":9,"key":"Orichalcum"},{"floor":14,"key":"Gremlin Horn"}],"event_choices":[{"damage_healed":68,"gold_gain":0,"player_choice":"Upgrade","damage_taken":14,"max_hp_gain":0,"max_hp_loss":68,"event_name":"betterThird:BetterShining","floor":3,"gold_loss":0,"cards_upgraded":["stsjorbsmod:LoseGrip","stsjorbsmod:Defend_Wanderer"]},{"damage_healed":0,"gold_gain":75,"player_choice":"Gold","damage_taken":11,"max_hp_gain":0,"max_hp_loss":0,"event_name":"betterThird:BetterGoop","floor":4,"gold_loss":0},{"cards_removed":["stsjorbsmod:Defend_Wanderer"],"damage_healed":0,"gold_gain":0,"player_choice":"Forget","damage_taken":0,"max_hp_gain":0,"max_hp_loss":0,"event_name":"Living Wall","floor":5,"gold_loss":0}],"is_beta":false,"boss_relics":[],"items_purged_floors":[],"is_endless":false,"potions_floor_spawned":[1,8,14,16],"killed_by":"Slime Boss","ascension_level":0}}