{"host":"zhypnm5xlgq8j242","time":1608426080,"event":{"mods":["AchievementEnabler","BaseMod","BetterRewards","Colored Powertips","Hermit","Keyboard Shortcuts","Minty Spire (QoL Compilation)","Quick Restart","Replay The Spire","Shop Mod","StSLib","The Cursed","The Hierophant","The Runesmith"],"gold_per_floor":[111,130,144,158,158,158,185,185,232,260,19,19,39,83,169,281,281,304,95,115,137,158,192,192,227,227,227,252,275,311,330,330,440,440,467,494,521,13,13,52,52,96,122,165,177,189,201,242,292,0,12,24],"floor_reached":53,"playtime":4805,"items_purged":[],"score":1179,"play_id":"86592b2e-203d-413a-a010-e28c0d6d5bcd","local_time":"20201220100120","is_ascension_mode":true,"campfire_choices":[{"data":"Neutralize","floor":6,"key":"SMITH"},{"data":"Accuracy","floor":8,"key":"SMITH"},{"data":"Terror","floor":12,"key":"SMITH"},{"floor":32,"key":"DIG"},{"floor":41,"key":"REST"},{"floor":51,"key":"REST"}],"circlet_count":0,"master_deck":["Strike_G+1","Strike_G+1","Strike_G+1","Strike_G+1","Defend_G+1","Defend_G+1","Defend_G+1","Defend_G+1","Defend_G+1","Survivor","Neutralize+1","Tactician","Dagger Throw","Dagger Spray","Terror+1","Accuracy+1","Infinite Blades","Flying Knee","Leg Sweep","After Image","ReplayTheSpireMod:Tripwire","Hidden Blade","Blur","Reflex","ReplayTheSpireMod:Speed Training","ReplayTheSpireMod:Shiv Toss","Bullet Time","Blur","Sucker Punch+1","Blade Dance","Well Laid Plans+1","ReplayTheSpireMod:The Works","After Image","Underhanded Strike+1","Acrobatics+1","Acrobatics+1","Backflip","Envenom","Footwork","Tactician+1","Underhanded Strike","Choke+1","ReplayTheSpireMod:Speed Training+1","Infinite Blades+1"],"relics":["Snecko Scales","The Courier","Replay:Wax Seal","CeramicFish","Blue Doll","PreservedInsect","Runesmith:AutoHammer","HoveringKite","OrangePellets","Durian","Replay:Mystery Machine","Pantograph","Runesmith:Nanobots","Strawberry","Black Star","Membership Card","Quantum Egg","Lantern","Garlic","Pen Nib","White Beast Statue","Blue Candle","Snake Skull","Frozen Egg 2","Replay:Baseball","MawBank","Ninja Scroll","Art of War","Shuriken","Red Mask"],"acts_visited":["Exordium","TheCity","TheBeyond"],"potions_floor_usage":[3,7,16,23,25,33,36,37,44,49,52],"damage_taken":[{"damage":0,"enemies":"2 Louse","floor":1,"turns":2},{"damage":0,"enemies":"Cultist","floor":2,"turns":3},{"damage":0,"enemies":"Jaw Worm","floor":3,"turns":3},{"damage":5,"enemies":"Large Slime","floor":4,"turns":7},{"damage":0,"enemies":"Gremlin Nob","floor":7,"turns":3},{"damage":0,"enemies":"3 Louse","floor":10,"turns":3},{"damage":0,"enemies":"Exordium Thugs","floor":13,"turns":4},{"damage":0,"enemies":"Lagavulin","floor":14,"turns":4},{"damage":5,"enemies":"The Guardian","floor":16,"turns":9},{"damage":6,"enemies":"Shell Parasite","floor":18,"turns":6},{"damage":4,"enemies":"3 Byrds","floor":20,"turns":6},{"damage":3,"enemies":"Snake Plant","floor":21,"turns":4},{"damage":7,"enemies":"Cultist and Chosen","floor":22,"turns":6},{"damage":3,"enemies":"Book of Stabbing","floor":23,"turns":5},{"damage":31,"enemies":"Slavers","floor":25,"turns":7},{"damage":1,"enemies":"Centurion and Healer","floor":28,"turns":8},{"damage":0,"enemies":"Chosen and Byrds","floor":29,"turns":6},{"damage":0,"enemies":"Book of Stabbing","floor":30,"turns":4},{"damage":0,"enemies":"Snecko","floor":31,"turns":4},{"damage":37,"enemies":"Automaton","floor":33,"turns":11},{"damage":23,"enemies":"3 Darklings","floor":35,"turns":6},{"damage":0,"enemies":"Orb Walker","floor":36,"turns":4},{"damage":11,"enemies":"Jaw Worm Horde","floor":37,"turns":4},{"damage":0,"enemies":"Reptomancer","floor":40,"turns":5},{"damage":5,"enemies":"R_Hoarder","floor":42,"turns":5},{"damage":0,"enemies":"Nemesis","floor":44,"turns":6},{"damage":0,"enemies":"Sphere and 2 Shapes","floor":48,"turns":3},{"damage":0,"enemies":"R_Hoarder","floor":49,"turns":5},{"damage":21,"enemies":"Replay:Hell Engine","floor":52,"turns":8}],"seed_played":"-7282203539443496234","potions_obtained":[{"floor":1,"key":"SteroidPotion"},{"floor":2,"key":"FearPotion"},{"floor":3,"key":"FearPotion"},{"floor":4,"key":"Languid Potion"},{"floor":16,"key":"ColorlessPotion"},{"floor":18,"key":"SteroidPotion"},{"floor":21,"key":"Venom Potion"},{"floor":23,"key":"GamblersBrew"},{"floor":31,"key":"Adrenaline Potion"},{"floor":35,"key":"PowerPotion"},{"floor":36,"key":"AttackPotion"},{"floor":37,"key":"FearPotion"},{"floor":42,"key":"CunningPotion"},{"floor":48,"key":"SpeedPotion"},{"floor":49,"key":"Energy Potion"}],"is_trial":false,"path_per_floor":["M","M","M","M","?","R","E","R","T","M","$","R","M","E","R","B",null,"M","$","M","M","M","E","?","E","T","?","M","M","E","M","R","B",null,"M","M","M","$","?","E","R","E","T","E","PTL","PTL","?","M","E","?","R","B",null],"character_chosen":"THE_SILENT","items_purchased":["Blue Doll","PreservedInsect","OrangePellets","Hidden Blade","Blur","Membership Card","Quantum Egg","Lantern","Backflip","Garlic","Pen Nib","Envenom","Footwork"],"campfire_rested":2,"item_purchase_floors":[11,11,19,19,19,38,38,38,38,38,38,38,38],"current_hp_per_floor":[63,63,63,58,58,58,58,58,58,58,58,58,58,58,58,53,66,60,60,56,53,46,48,48,17,17,17,16,16,16,16,23,11,64,41,41,30,30,30,30,54,49,49,49,49,49,49,49,49,49,73,61],"gold":36,"neow_bonus":"BOSS_RELIC","is_daily":false,"chose_seed":false,"campfire_upgraded":3,"win_rate":0.0,"timestamp":1608426080,"path_taken":["M","M","M","M","?","R","E","R","T","M","$","R","?","E","R","BOSS","M","$","M","?","M","E","?","E","T","?","M","M","E","M","R","BOSS","M","M","M","$","?","E","R","E","T","E","PTL","PTL","?","?","E","?","R","BOSS"],"items_purchased_type":["Relic","Relic","Relic","Card","Card","Relic","Relic","Relic","Card","Relic","Relic","Card","Card"],"build_version":"2020-12-13","purchased_purges":0,"victory":true,"max_hp_per_floor":[70,70,70,70,70,70,70,70,70,70,70,70,70,70,70,70,70,70,70,70,70,70,75,75,75,75,75,75,75,75,75,82,82,82,82,82,82,82,82,82,82,82,82,82,82,82,82,82,82,82,82,82],"card_choices":[{"not_picked":["ReplayTheSpireMod:Scrap Shanks","Infinite Blades"],"picked":"Tactician","floor":1},{"not_picked":["Expertise","Cloak And Dagger"],"picked":"Dagger Throw","floor":2},{"not_picked":["Poisoned Stab","Deadly Poison"],"picked":"Dagger Spray","floor":3},{"not_picked":["Backflip","Deflect"],"picked":"Terror","floor":4},{"not_picked":["Grand Finale","Escape Plan"],"picked":"Accuracy","floor":7},{"not_picked":["Sucker Punch","ReplayTheSpireMod:The Works"],"picked":"Infinite Blades","floor":10},{"not_picked":["Poisoned Stab","Prepared"],"picked":"Flying Knee","floor":13},{"not_picked":["Expertise","Poisoned Stab"],"picked":"Leg Sweep","floor":14},{"not_picked":["Die Die Die","ReplayTheSpireMod:Necrosis"],"picked":"After Image","floor":16},{"not_picked":["Dash","Prepared"],"picked":"ReplayTheSpireMod:Tripwire","floor":18},{"not_picked":["ReplayTheSpireMod:Tripwire","Masterful Stab"],"picked":"Reflex","floor":20},{"not_picked":["Blade Dance","Setup"],"picked":"ReplayTheSpireMod:Speed Training","floor":21},{"not_picked":["Expertise","Flechettes"],"picked":"ReplayTheSpireMod:Shiv Toss","floor":22},{"not_picked":["Hidden Blade","Choke"],"picked":"Bullet Time","floor":23},{"not_picked":["Deflect+1","Bane"],"picked":"Blur","floor":25},{"not_picked":["Cloak And Dagger","Deadly Poison+1"],"picked":"Sucker Punch+1","floor":28},{"not_picked":["Sneak Up","Masterful Stab"],"picked":"Blade Dance","floor":29},{"not_picked":["Calculated Gamble","Infinite Blades"],"picked":"Well Laid Plans+1","floor":30},{"not_picked":["Deflect","Endless Agony"],"picked":"ReplayTheSpireMod:The Works","floor":31},{"not_picked":["Night Terror","Tools of the Trade"],"picked":"After Image","floor":33},{"not_picked":["Choke","Dagger Throw+1"],"picked":"Underhanded Strike+1","floor":35},{"not_picked":["Dagger Spray","Poisoned Stab"],"picked":"Acrobatics+1","floor":36},{"not_picked":["Flying Knee+1","ReplayTheSpireMod:The Works"],"picked":"Acrobatics+1","floor":37},{"not_picked":["ReplayTheSpireMod:Exploit Weakness+1","Sneak Up"],"picked":"Tactician+1","floor":40},{"not_picked":["Flechettes","All Out Attack"],"picked":"Underhanded Strike","floor":42},{"not_picked":["Malaise","Quick Slash"],"picked":"Choke+1","floor":44},{"not_picked":["Escape Plan+1","Fluid Movement+1"],"picked":"ReplayTheSpireMod:Speed Training+1","floor":48},{"not_picked":["Flying Knee+1","Blade Dance+1"],"picked":"Infinite Blades+1","floor":49}],"player_experience":558746,"relics_obtained":[{"floor":7,"key":"Replay:Wax Seal"},{"floor":9,"key":"CeramicFish"},{"floor":14,"key":"Runesmith:AutoHammer"},{"floor":23,"key":"Durian"},{"floor":25,"key":"Replay:Mystery Machine"},{"floor":26,"key":"Pantograph"},{"floor":30,"key":"Runesmith:Nanobots"},{"floor":32,"key":"Strawberry"},{"floor":40,"key":"White Beast Statue"},{"floor":40,"key":"Blue Candle"},{"floor":42,"key":"Snake Skull"},{"floor":42,"key":"Frozen Egg 2"},{"floor":43,"key":"Replay:Baseball"},{"floor":44,"key":"MawBank"},{"floor":44,"key":"Ninja Scroll"},{"floor":49,"key":"Art of War"},{"floor":49,"key":"Shuriken"}],"event_choices":[{"damage_healed":0,"gold_gain":0,"player_choice":"Gave Potion","damage_taken":0,"relics_obtained":["The Courier"],"max_hp_gain":0,"max_hp_loss":0,"event_name":"WeMeetAgain","floor":5,"gold_loss":0},{"damage_healed":0,"gold_gain":0,"player_choice":"Ignored","damage_taken":0,"max_hp_gain":0,"max_hp_loss":0,"event_name":"Vampires","floor":24,"gold_loss":0},{"damage_healed":0,"gold_gain":0,"player_choice":"Simplicity","damage_taken":0,"max_hp_gain":0,"max_hp_loss":0,"event_name":"Back to Basics","floor":27,"gold_loss":0,"cards_upgraded":["Strike_G","Strike_G","Strike_G","Strike_G","Strike_G","Defend_G","Defend_G","Defend_G","Defend_G","Defend_G"]},{"cards_removed":["Strike_G"],"damage_healed":0,"gold_gain":0,"player_choice":"Removed Attack","damage_taken":0,"max_hp_gain":0,"max_hp_loss":0,"event_name":"Falling","floor":39,"gold_loss":0},{"damage_healed":0,"gold_gain":0,"player_choice":"Ignored","damage_taken":0,"max_hp_gain":0,"max_hp_loss":0,"event_name":"SecretPortal","floor":47,"gold_loss":0},{"damage_healed":0,"gold_gain":0,"player_choice":"Paid","damage_taken":0,"relics_obtained":["Red Mask"],"max_hp_gain":0,"max_hp_loss":0,"event_name":"Tomb of Lord Red Mask","floor":50,"gold_loss":304}],"is_beta":false,"boss_relics":[{"not_picked":["Painkiller Herb","Runesmith:UraniumAnvil"],"picked":"HoveringKite"},{"not_picked":["Coffee Dripper","Honey Jar"],"picked":"Black Star"}],"items_purged_floors":[],"is_endless":false,"potions_floor_spawned":[1,2,3,4,16,18,21,23,31,35,36,37,42,48,49],"ascension_level":7}}