{"host":"bux1pdxjwq4dkad9","time":1608450023,"event":{"mods":["BaseMod","Colored Map","Minty Spire (QoL Compilation)","Quick Restart","Robot Space Explorer","StSLib","SuperFastMode","°æ“≈ŒÔMod°øºÚµ•”Œœ∑"],"gold_per_floor":[110,128,53,68,68,100,116,116,116,150,166,66,99,112,112,187,187,203,203,78,93,106,134,134,162,186,186,212,212,47,59,59,134,134,145,145,145,155,5,30,30,63,63,90,90,90,90,105,105,105,105,105,105,10,44,44],"floor_reached":57,"playtime":1120,"items_purged":["RobotSpaceExplorer:Strike","RobotSpaceExplorer:Strike","RobotSpaceExplorer:Explosion","RobotSpaceExplorer:Scan"],"score":3782,"play_id":"8d26f9a6-4593-4f8b-8750-eb2fa1a68fc3","local_time":"20201220154023","is_ascension_mode":true,"campfire_choices":[{"data":"RobotSpaceExplorer:SwiftStep","floor":15,"key":"SMITH"},{"data":"RobotSpaceExplorer:DualCore","floor":24,"key":"SMITH"},{"floor":29,"key":"RECALL"},{"data":"RobotSpaceExplorer:SelfCleaning","floor":32,"key":"SMITH"},{"data":"RobotSpaceExplorer:PowerCollector","floor":41,"key":"SMITH"},{"data":"RobotSpaceExplorer:PowerGlove","floor":46,"key":"SMITH"},{"data":"RobotSpaceExplorer:FreezeRay","floor":49,"key":"SMITH"},{"floor":53,"key":"REST"}],"circlet_count":0,"master_deck":["AscendersBane","RobotSpaceExplorer:MiniLasers+1","RobotSpaceExplorer:FreezeRay+1","RobotSpaceExplorer:SwiftStep+1","RobotSpaceExplorer:SelfCleaning+1","RobotSpaceExplorer:PowerGlove+1","RobotSpaceExplorer:DualCore+1","RobotSpaceExplorer:PowerCollector+1","Panacea+1","RobotSpaceExplorer:PowerCollector"],"relics":["RobotSpaceExplorer:RoboCore","ImprovedEquipment","Ancient Tea Set","Darkstone Periapt","Matryoshka","Vajra","RobotSpaceExplorer:FoglandsKnife","Torii","Pandora\u0027s Box","Molten Egg 2","Akabeko","Nunchaku","Question Card","TheAbacus","Philosopher\u0027s Stone","War Paint","Regal Pillow","RobotSpaceExplorer:ClockworkSextant","StrikeDummy","Toxic Egg 2","Strawberry"],"acts_visited":["Exordium","TheCity","TheBeyond","TheEnding"],"potions_floor_usage":[56,56,56,56],"damage_taken":[{"damage":0.0,"enemies":"2 Louse","floor":1.0,"turns":2.0},{"damage":0.0,"enemies":"Cultist","floor":2.0,"turns":2.0},{"damage":0.0,"enemies":"Jaw Worm","floor":4.0,"turns":2.0},{"damage":0.0,"enemies":"3 Sentries","floor":6.0,"turns":7.0},{"damage":0.0,"enemies":"Lots of Slimes","floor":7.0,"turns":4.0},{"damage":0.0,"enemies":"Lagavulin","floor":10.0,"turns":2.0},{"damage":0,"enemies":"Looter","floor":11,"turns":2},{"damage":0,"enemies":"Gremlin Nob","floor":13,"turns":2},{"damage":0,"enemies":"Blue Slaver","floor":14,"turns":2},{"damage":0,"enemies":"Slime Boss","floor":16,"turns":2},{"damage":0,"enemies":"Chosen","floor":18,"turns":1},{"damage":0,"enemies":"2 Thieves","floor":21,"turns":1},{"damage":0,"enemies":"Cultist and Chosen","floor":22,"turns":1},{"damage":0,"enemies":"Gremlin Leader","floor":23,"turns":1},{"damage":0,"enemies":"Book of Stabbing","floor":25,"turns":1},{"damage":0,"enemies":"Slavers","floor":28,"turns":1},{"damage":0,"enemies":"Snecko","floor":31,"turns":1},{"damage":0,"enemies":"Champ","floor":33,"turns":1},{"damage":0,"enemies":"3 Shapes","floor":35,"turns":1},{"damage":0,"enemies":"3 Darklings","floor":38,"turns":1},{"damage":0,"enemies":"Reptomancer","floor":40,"turns":1},{"damage":0,"enemies":"Nemesis","floor":42,"turns":1},{"damage":0,"enemies":"Reptomancer","floor":44,"turns":1},{"damage":0,"enemies":"4 Shapes","floor":48,"turns":1},{"damage":0,"enemies":"Donu and Deca","floor":50,"turns":1},{"damage":0,"enemies":"Awakened One","floor":51,"turns":2},{"damage":0,"enemies":"Shield and Spear","floor":55,"turns":1},{"damage":0,"enemies":"The Heart","floor":56,"turns":4}],"seed_played":"2985533861066926565","potions_obtained":[{"floor":2.0,"key":"Weak Potion"},{"floor":11,"key":"Strength Potion"},{"floor":38,"key":"EntropicBrew"}],"is_trial":false,"path_per_floor":["M","M","$","M","?","E","M","?","T","E","M","$","E","M","R","B",null,"M","?","$","M","M","E","R","E","T","?","E","R","$","M","R","B",null,"M","?","$","M","$","E","R","E","T","E","?","R","?","M","R","B","B",null,"R","$","E","B",null],"character_chosen":"RobotSpaceExplorer","items_purchased":["TheAbacus","Panacea+1"],"campfire_rested":1,"item_purchase_floors":[30,54],"current_hp_per_floor":[64,64,64,64,43,43,43,43,43,43,43,43,43,43,43,43,64,64,64,64,64,64,64,64,64,64,64,64,64,64,64,64,64,69,69,69,69,69,69,69,69,69,69,69,69,69,71,71,71,71,71,71,71,71,78,78],"gold":44,"neow_bonus":"ONE_RANDOM_RARE_CARD","is_daily":false,"chose_seed":false,"campfire_upgraded":6,"win_rate":0.0,"timestamp":1608450023,"path_taken":["M","M","$","M","?","E","M","?","T","E","M","?","E","M","R","BOSS","M","?","$","M","M","E","R","E","T","?","E","R","$","?","R","BOSS","M","?","$","M","$","E","R","E","T","E","?","R","?","?","R","BOSS","BOSS","R","$","E","BOSS"],"items_purchased_type":["Relic","Card"],"build_version":"2020-12-13","purchased_purges":4,"victory":true,"max_hp_per_floor":[71,71,71,71,71,71,71,71,71,71,71,71,71,71,71,71,71,71,71,71,71,71,71,71,71,71,71,71,71,71,71,71,71,71,71,71,71,71,71,71,71,71,71,71,71,71,71,71,71,71,71,71,71,71,78,78],"card_choices":[{"not_picked":["RobotSpaceExplorer:Ammunition","RobotSpaceExplorer:FreezeRay","RobotSpaceExplorer:BigMissile"],"picked":"SKIP","floor":1.0},{"not_picked":["RobotSpaceExplorer:Ammunition","RobotSpaceExplorer:BigMissile"],"picked":"RobotSpaceExplorer:FreezeRay","floor":1.0},{"not_picked":["RobotSpaceExplorer:SwiftStep","RobotSpaceExplorer:StunGrenade"],"picked":"RobotSpaceExplorer:Exploration","floor":2.0},{"not_picked":["RobotSpaceExplorer:SlimeMissile","RobotSpaceExplorer:FranticSearch","RobotSpaceExplorer:SurgingStrike"],"picked":"SKIP","floor":4.0},{"not_picked":["RobotSpaceExplorer:Calculate","RobotSpaceExplorer:ScrapShield"],"picked":"RobotSpaceExplorer:SwiftStep","floor":6.0},{"not_picked":["RobotSpaceExplorer:Accelerator","RobotSpaceExplorer:ShovelStrike","RobotSpaceExplorer:SurgingShield"],"picked":"SKIP","floor":7.0},{"not_picked":["RobotSpaceExplorer:Fix","RobotSpaceExplorer:ChargingLaser"],"picked":"RobotSpaceExplorer:SelfCleaning","floor":10},{"not_picked":["RobotSpaceExplorer:MiniDrones","RobotSpaceExplorer:Blitz","RobotSpaceExplorer:SelfCleaning"],"picked":"SKIP","floor":11},{"not_picked":["RobotSpaceExplorer:MiniDrones","RobotSpaceExplorer:Pulsar","RobotSpaceExplorer:IronShell"],"picked":"SKIP","floor":13},{"not_picked":["RobotSpaceExplorer:Ammunition","RobotSpaceExplorer:FranticSearch","RobotSpaceExplorer:DualCore"],"picked":"SKIP","floor":14},{"not_picked":["RobotSpaceExplorer:MakeshiftVolley","RobotSpaceExplorer:Blitz","RobotSpaceExplorer:ScrapMissile"],"picked":"SKIP","floor":18},{"not_picked":["RobotSpaceExplorer:FrostMissile","RobotSpaceExplorer:FreezingShield","RobotSpaceExplorer:SurgingShield"],"picked":"SKIP","floor":21},{"not_picked":["RobotSpaceExplorer:Reload","RobotSpaceExplorer:FrostMissile+1","RobotSpaceExplorer:Fix"],"picked":"SKIP","floor":22},{"not_picked":["RobotSpaceExplorer:FrostMissile+1","RobotSpaceExplorer:FranticSearch","RobotSpaceExplorer:MiniDrones+1"],"picked":"SKIP","floor":23},{"not_picked":["RobotSpaceExplorer:StunGrenade+1","RobotSpaceExplorer:ShockKick+1","RobotSpaceExplorer:Multitool"],"picked":"SKIP","floor":25},{"not_picked":["RobotSpaceExplorer:MakeshiftVolley+1","RobotSpaceExplorer:DualCore","RobotSpaceExplorer:ScrapShield"],"picked":"SKIP","floor":28},{"not_picked":["RobotSpaceExplorer:FrostMissile+1","RobotSpaceExplorer:SwiftStep","RobotSpaceExplorer:Ammunition","RobotSpaceExplorer:SlimeMissile+1"],"picked":"SKIP","floor":31},{"not_picked":["RobotSpaceExplorer:Blaster+1","RobotSpaceExplorer:Scanner","RobotSpaceExplorer:ChargingLaser+1"],"picked":"RobotSpaceExplorer:Exploration","floor":33},{"not_picked":["RobotSpaceExplorer:ShovelStrike+1","RobotSpaceExplorer:TurboDodge","RobotSpaceExplorer:StunGrenade+1"],"picked":"RobotSpaceExplorer:PowerCollector","floor":35},{"not_picked":["RobotSpaceExplorer:Pulsar","RobotSpaceExplorer:MiniDrones+1","RobotSpaceExplorer:LaserBurst+1","RobotSpaceExplorer:GearShield"],"picked":"SKIP","floor":38},{"not_picked":["RobotSpaceExplorer:IronShell","RobotSpaceExplorer:ScrapToss+1","RobotSpaceExplorer:Counterblock","RobotSpaceExplorer:SwiftStep+1"],"picked":"SKIP","floor":40},{"not_picked":["RobotSpaceExplorer:GlueSpray","RobotSpaceExplorer:SurgingStrike+1","RobotSpaceExplorer:Explosion+1","RobotSpaceExplorer:ToxicBomb"],"picked":"SKIP","floor":42},{"not_picked":["RobotSpaceExplorer:FrostMissile+1","RobotSpaceExplorer:SurgingStrike+1","RobotSpaceExplorer:ShockKick+1","RobotSpaceExplorer:Multitool"],"picked":"SKIP","floor":44},{"not_picked":["RobotSpaceExplorer:Pulsar+1","RobotSpaceExplorer:ShovelStrike+1","RobotSpaceExplorer:Ammunition+1","RobotSpaceExplorer:ShockKick+1"],"picked":"SKIP","floor":48},{"not_picked":["RobotSpaceExplorer:DroneSwarm","RobotSpaceExplorer:SurgingStrike+1","RobotSpaceExplorer:ShovelStrike+1"],"picked":"RobotSpaceExplorer:PowerCollector","floor":55}],"player_experience":2353623,"relics_obtained":[{"floor":6.0,"key":"Ancient Tea Set"},{"floor":6.0,"key":"Darkstone Periapt"},{"floor":9.0,"key":"Vajra"},{"floor":9.0,"key":"RobotSpaceExplorer:FoglandsKnife"},{"floor":13,"key":"Torii"},{"floor":23,"key":"Molten Egg 2"},{"floor":25,"key":"Akabeko"},{"floor":26,"key":"Nunchaku"},{"floor":28,"key":"Question Card"},{"floor":40,"key":"War Paint"},{"floor":42,"key":"Regal Pillow"},{"floor":42,"key":"RobotSpaceExplorer:ClockworkSextant"},{"floor":43,"key":"StrikeDummy"},{"floor":44,"key":"Toxic Egg 2"},{"floor":55,"key":"Strawberry"}],"event_choices":[{"damage_healed":0.0,"max_hp_gain":0.0,"max_hp_loss":0.0,"gold_gain":0.0,"event_name":"Shining Light","player_choice":"Entered Light","floor":5.0,"gold_loss":0.0,"damage_taken":21.0,"cards_upgraded":["RobotSpaceExplorer:Exploration","RobotSpaceExplorer:MiniLasers"]},{"cards_removed":["RobotSpaceExplorer:Asteroid"],"damage_healed":0.0,"max_hp_gain":0.0,"max_hp_loss":0.0,"gold_gain":0.0,"event_name":"WeMeetAgain","player_choice":"Gave Card","floor":8.0,"gold_loss":0.0,"damage_taken":0.0,"relics_obtained":["Matryoshka"]},{"cards_removed":["RobotSpaceExplorer:StarDust"],"damage_healed":0,"gold_gain":0,"player_choice":"Elegance","damage_taken":0,"max_hp_gain":0,"max_hp_loss":0,"event_name":"Back to Basics","floor":19,"gold_loss":0},{"damage_healed":0,"gold_gain":0,"player_choice":"Got Potions","damage_taken":0,"max_hp_gain":0,"max_hp_loss":0,"event_name":"Lab","floor":27,"gold_loss":0},{"damage_healed":0,"gold_gain":0,"player_choice":"Ignored","damage_taken":0,"max_hp_gain":0,"max_hp_loss":0,"event_name":"Tomb of Lord Red Mask","floor":36,"gold_loss":0},{"cards_removed":["RobotSpaceExplorer:JunkDive"],"damage_healed":0,"gold_gain":0,"player_choice":"Removed Skill","damage_taken":0,"max_hp_gain":0,"max_hp_loss":0,"event_name":"Falling","floor":45,"gold_loss":0},{"cards_removed":["RobotSpaceExplorer:SelfCleaning"],"damage_healed":2,"gold_gain":0,"player_choice":"Offered Uncommon","damage_taken":0,"max_hp_gain":0,"max_hp_loss":0,"event_name":"Bonfire Elementals","floor":47,"gold_loss":0}],"is_beta":false,"boss_relics":[{"not_picked":["Calling Bell","SacredBark"],"picked":"Pandora\u0027s Box"},{"not_picked":["Runic Pyramid","Runic Dome"],"picked":"Philosopher\u0027s Stone"}],"items_purged_floors":[3,12,20,39],"is_endless":false,"potions_floor_spawned":[2,11,13,14,16,18,21,22,38,42,55],"ascension_level":20}}