{"host":"bp6b47iftb3mluh0","time":1608478191,"event":{"mods":["ATMod(阿瑾Mod)","Act Like it!","Alarm Clock","Aspiration","Astrologer","BaseMod","Bestiary","Better Third Choice","Better Vampires","Challenge The Spire","Colored Powertips","Conspire","Curses Come First","Dota2Spire","Downfall","Friendly Minions","Gensokyo","Hallownest","Hermit","Kiyohime（清姬）","Lobotomy","LobotomyExtend","Marisa（F雨　魔理沙）","Marked Mod","Minty Spire (QoL Compilation)","Quick Restart","Rare Cards Sparkle","Red Circlet Mod","Relic Stats","Remilia（蕾米莉亚）","Replay The Spire","Reworked Bosses","Ryuuou龙王","Shop Mod","Spicy Shops","StSLib","The Bug Knight","Uncapped","Waifu the Spire","Youmu（魂魄妖梦）","[地精首领爬塔]The Maniac","vexMod","【东方二次创作】八云紫mod","【遗物卡牌】REMEMod"],"gold_per_floor":[99,99,24,51,51,51,102,122,157,157,214,214,214,231,249,351,351,351,369,386,405,405,405,482,482,482,482,502,502,24,24,34,135,135,135,152,152,162,212,312,358,85,114,39,57,26,26,23,34,34],"floor_reached":51,"playtime":2504,"items_purged":["sneckomod:Defend","Shame","sneckomod:Strike","Spreading Infection"],"score":804,"play_id":"46d9eaf1-6d7b-48d6-8053-e2c97ac97b94","local_time":"20201220232951","is_ascension_mode":false,"campfire_choices":[{"data":"AT_EmpoweredMortalDraw","floor":1.0,"key":"SMITH"},{"data":"AT_ShadowStep","floor":10.0,"key":"SMITH"},{"data":"1","floor":25.0,"key":"LIFT"},{"data":"sneckomod:SnekBite","floor":27.0,"key":"SMITH"},{"floor":35.0,"key":"RECALL"},{"data":"sneckomod:SerpentMind","floor":44.0,"key":"SMITH"}],"circlet_count":0,"master_deck":["sneckomod:Defend","sneckomod:Defend","sneckomod:TailWhip","sneckomod:SnekBite+1","sneckomod:Unknown","sneckomod:Unknown","AT_EmpoweredMortalDraw+1","sneckomod:WideSting+1","sneckomod:Unknown3Cost","sneckomod:UnknownUncommonAttack","sneckomod:ImprovisedGuard+1","sneckomod:ImprovisedAttack","White Noise+1","sneckomod:UnknownRareSkill","sneckomod:UnknownRareAttack","sneckomod:DiceCrush+1","sneckomod:UnknownRareAttack","sneckomod:SerpentMind+1","sneckomod:Unknown3Cost","sneckomod:SerpentIdol+1","sneckomod:SnakeSap+1"],"relics":["sneckomod:SneckoSoul","REME_ComplimentaryCards","AT_ATBox","downfall:HeartsMalice","Pet Ghost","LetterFromLob","Dota2Spire:MaskOfMadness","Dota2Spire:UrnOfShadows","RedMistMask","Girya","m_SnakeBloodCore","aspiration:PoetsPen_weak","Dota2Spire:BlackKingBar","ShedSkin_r","MagicBullet_r","Heaven_r","MerchantsRug","Dota2Spire:ShivaGuard","Dota2Spire:ShadowBlade","Singing Bowl","vexMod:EndlessSickness","HollowMod:QueensCombRelic","AT_LudenTempest","Membership Card","Bronze Scales","Bottled Tornado","downfall:HeartBlessingRed","ReplayTheSpireMod:Ring of Addiction","Ring of Searing","White Beast Statue","Toy Ornithopter","Thread and Needle","HandDrill","Toolbox"],"acts_visited":["Exordium","TheCity","TheBeyond"],"potions_floor_usage":[],"damage_taken":[{"damage":0.0,"enemies":"downfall:FleeingMerchant","floor":3.0,"turns":1.0},{"damage":0.0,"enemies":"Lagavulin","floor":4.0,"turns":1.0},{"damage":0.0,"enemies":"Jaw Worm","floor":5.0,"turns":1.0},{"damage":0.0,"enemies":"Cultist","floor":8.0,"turns":1.0},{"damage":9.0,"enemies":"3 Sentries","floor":9.0,"turns":2.0},{"damage":0.0,"enemies":"Lagavulin Event","floor":11.0,"turns":2.0},{"damage":0.0,"enemies":"Small Slimes","floor":14.0,"turns":1.0},{"damage":6.0,"enemies":"3 Louse","floor":15.0,"turns":2.0},{"damage":10.0,"enemies":"downfall:Watcher","floor":16.0,"turns":4.0},{"damage":1.0,"enemies":"Chosen","floor":19.0,"turns":3.0},{"damage":0.0,"enemies":"Spheric Guardian","floor":20.0,"turns":1.0},{"damage":18.0,"enemies":"Shelled Parasite and Fungi","floor":21.0,"turns":2.0},{"damage":6.0,"enemies":"Shelled Parasite and Fungi","floor":26.0,"turns":1.0},{"damage":0.0,"enemies":"3 Cultists","floor":28.0,"turns":3.0},{"damage":7.0,"enemies":"downfall:FleeingMerchant","floor":30.0,"turns":4.0},{"damage":8.0,"enemies":"Snake Plant","floor":32.0,"turns":2.0},{"damage":5.0,"enemies":"downfall:Defect","floor":33.0,"turns":3.0},{"damage":1.0,"enemies":"3 Darklings","floor":36.0,"turns":2.0},{"damage":20.0,"enemies":"Orb Walker","floor":38.0,"turns":2.0},{"damage":4.0,"enemies":"Mind Bloom Boss Battle","floor":39.0,"turns":3.0},{"damage":0.0,"enemies":"downfall:LadyInBlue","floor":40.0,"turns":1.0},{"damage":0.0,"enemies":"downfall:FleeingMerchant","floor":42.0,"turns":1.0},{"damage":5.0,"enemies":"Nemesis","floor":43.0,"turns":3.0},{"damage":2.0,"enemies":"Sphere and 2 Shapes","floor":45.0,"turns":2.0},{"damage":5.0,"enemies":"3 Darklings","floor":49.0,"turns":2.0},{"damage":30.0,"enemies":"downfall:Silent","floor":50.0,"turns":2.0},{"damage":25.0,"enemies":"Malkuth","floor":51.0,"turns":3.0},{"damage":35.0,"enemies":"Netzach","floor":51.0,"turns":6.0}],"seed_played":"-1623198187685998649","potions_obtained":[{"floor":8.0,"key":"SkillPotion"},{"floor":11.0,"key":"SteroidPotion"},{"floor":14.0,"key":"Dota2Spire:Clarity"},{"floor":16.0,"key":"FairyPotion"},{"floor":22.0,"key":"CultistPotion"},{"floor":32.0,"key":"SpeedPotion"},{"floor":36.0,"key":"SpeedPotion"},{"floor":39.0,"key":"LifebloodPotion"},{"floor":40.0,"key":"Flashbang"},{"floor":40.0,"key":"SneckoOil"},{"floor":40.0,"key":"Fire Potion"},{"floor":43.0,"key":"FearPotion"},{"floor":45.0,"key":"sneckomod:DiceRollPotion"},{"floor":47.0,"key":"Cursed Concoction"},{"floor":47.0,"key":"BlessingOfTheForge"},{"floor":47.0,"key":"hexamod:EctoCoolerPotion"},{"floor":49.0,"key":"SteroidPotion"}],"is_trial":false,"path_per_floor":["R","?","$","E","M","$","T","M","E","R","?","?","?","M","M","B",null,"R","M","M","M","?","?","T","R","?","R","M","?","$","?","M","B",null,"R","M","?","M","?","?","T","$","E","R","M","$","?","$","M","B",null,null],"character_chosen":"THE_SNECKO","items_purchased":["MerchantsRug","Dota2Spire:ShivaGuard","Dota2Spire:ShadowBlade","AT_LudenTempest","Membership Card","Bronze Scales","aspiration:Nostalgia","Chemical X","Thread and Needle","HandDrill","Toolbox"],"campfire_rested":0,"item_purchase_floors":[30,30,30,42,42,42,46,46,48,48,48],"current_hp_per_floor":[90,90,90,91,92,92,92,92,83,83,83,83,83,86,83,77,103,104,104,105,90,90,90,90,90,54,54,63,73,100,100,97,96,103,103,105,97,80,72,74,74,76,76,76,80,80,80,80,78,55],"gold":34,"neow_bonus":"THREE_ENEMY_KILL","is_daily":false,"chose_seed":false,"campfire_upgraded":4,"win_rate":0.0,"timestamp":1608478191,"path_taken":["R","?","$","E","M","$","T","M","E","R","?","?","?","?","M","BOSS","R","M","M","M","?","?","T","R","?","R","M","?","?","?","M","BOSS","R","M","?","?","?","?","T","$","E","R","?","?","?","$","M","BOSS"],"items_purchased_type":["Relic","Relic","Relic","Relic","Relic","Relic","Relic","Relic","Relic","Relic","Relic"],"build_version":"2020-12-13","purchased_purges":4,"victory":true,"max_hp_per_floor":[90,90,90,91,92,102,102,102,102,102,102,102,102,102,102,103,103,104,104,105,105,105,105,105,105,100,100,100,100,100,100,102,103,103,103,105,105,105,72,74,74,76,78,78,80,80,80,80,80,80],"relic_stats":{"Singing Bowl":14,"counters":[28,58],"Bronze Scales":[28],"HandDrill":[4],"obtain_stats":[{"Dota2Spire:MaskOfMadness":7,"AT_ATBox":0,"Singing Bowl":31,"aspiration:PoetsPen_weak":17,"Dota2Spire:ShadowBlade":30,"Bottled Tornado":43,"sneckomod:SneckoSoul":0,"Pet Ghost":4,"Ring of Searing":47,"m_SnakeBloodCore":12,"vexMod:EndlessSickness":34,"Toolbox":48,"MealTicket":23,"HandDrill":48,"Chemical X":46,"Potion Belt":40,"Girya":11,"MerchantsRug":30,"HollowMod:QueensCombRelic":39,"Dota2Spire:UrnOfShadows":9,"Dota2Spire:BlackKingBar":24,"MagicBullet_r":26,"downfall:HeartBlessingRed":44,"aspiration:Nostalgia":46,"ReplayTheSpireMod:Ring of Addiction":47,"downfall:HeartsMalice":0,"Dota2Spire:ShivaGuard":30,"Thread and Needle":48,"Boundary_crack":46,"White Beast Statue":47,"Heaven_r":26,"AT_LudenTempest":42,"Bronze Scales":42,"RedMistMask":9,"LetterFromLob":4,"Membership Card":42,"ShedSkin_r":26,"Toy Ornithopter":47,"REME_ComplimentaryCards":0},{"Dota2Spire:MaskOfMadness":3,"AT_ATBox":0,"Singing Bowl":15,"aspiration:PoetsPen_weak":9,"Dota2Spire:ShadowBlade":15,"Bottled Tornado":23,"sneckomod:SneckoSoul":0,"Pet Ghost":2,"Ring of Searing":24,"m_SnakeBloodCore":6,"vexMod:EndlessSickness":17,"Toolbox":24,"MealTicket":12,"HandDrill":24,"Chemical X":24,"Potion Belt":21,"Girya":6,"MerchantsRug":15,"HollowMod:QueensCombRelic":20,"Dota2Spire:UrnOfShadows":5,"Dota2Spire:BlackKingBar":12,"MagicBullet_r":12,"downfall:HeartBlessingRed":23,"aspiration:Nostalgia":24,"ReplayTheSpireMod:Ring of Addiction":24,"downfall:HeartsMalice":0,"Dota2Spire:ShivaGuard":15,"Thread and Needle":24,"Boundary_crack":24,"White Beast Statue":24,"Heaven_r":13,"AT_LudenTempest":22,"Bronze Scales":22,"RedMistMask":5,"LetterFromLob":2,"Membership Card":22,"ShedSkin_r":12,"Toy Ornithopter":24,"REME_ComplimentaryCards":0},{"Dota2Spire:MaskOfMadness":0,"AT_ATBox":0,"Singing Bowl":26,"aspiration:PoetsPen_weak":12,"Dota2Spire:ShadowBlade":26,"Bottled Tornado":43,"sneckomod:SneckoSoul":0,"Pet Ghost":0,"Ring of Searing":45,"m_SnakeBloodCore":5,"vexMod:EndlessSickness":31,"Toolbox":45,"MealTicket":18,"HandDrill":45,"Chemical X":45,"Potion Belt":39,"Girya":5,"MerchantsRug":26,"HollowMod:QueensCombRelic":38,"Dota2Spire:UrnOfShadows":3,"Dota2Spire:BlackKingBar":18,"MagicBullet_r":18,"downfall:HeartBlessingRed":43,"aspiration:Nostalgia":45,"ReplayTheSpireMod:Ring of Addiction":45,"downfall:HeartsMalice":0,"Dota2Spire:ShivaGuard":26,"Thread and Needle":45,"Boundary_crack":45,"White Beast Statue":45,"Heaven_r":19,"AT_LudenTempest":40,"Bronze Scales":40,"RedMistMask":3,"LetterFromLob":0,"Membership Card":40,"ShedSkin_r":18,"Toy Ornithopter":45,"REME_ComplimentaryCards":0}],"Toy Ornithopter":0},"card_choices":[{"not_picked":["sneckomod:UnknownBlock","sneckomod:QuickBite"],"picked":"sneckomod:WideSting","floor":3.0},{"not_picked":["sneckomod:WideSting","sneckomod:ImprovisedAttack"],"picked":"sneckomod:Unknown3Cost","floor":4.0},{"not_picked":["sneckomod:DiceBlock","sneckomod:Nope"],"picked":"sneckomod:UnknownUncommonAttack","floor":5.0},{"not_picked":["sneckomod:RainOfDice","sneckomod:UnknownBlock","sneckomod:MasterEye"],"picked":"SKIP","floor":8.0},{"not_picked":["sneckomod:UnknownWeak","sneckomod:SerpentIdol","sneckomod:Unknown0Cost"],"picked":"SKIP","floor":9.0},{"not_picked":["sneckomod:UnknownCommonAttack","sneckomod:SoulRoll"],"picked":"sneckomod:ImprovisedGuard","floor":11.0},{"not_picked":["sneckomod:IronFang","sneckomod:DiceCrush"],"picked":"sneckomod:ImprovisedAttack","floor":14.0},{"not_picked":["sneckomod:UnknownClassGUARDIAN","sneckomod:UnknownExhaust"],"picked":"White Noise","floor":15.0},{"not_picked":["sneckomod:SerpentMind","sneckomod:UnknownRareAttack"],"picked":"sneckomod:UnknownRareSkill","floor":16.0},{"not_picked":["sneckomod:SoulDraw","sneckomod:UnknownWeak"],"picked":"sneckomod:DiceCrush+1","floor":19.0},{"not_picked":["sneckomod:UnknownCommonAttack+1","sneckomod:SoulDraw"],"picked":"sneckomod:UnknownRareAttack","floor":20.0},{"not_picked":["sneckomod:UnknownWeak","sneckomod:MasterEye","sneckomod:UnknownCommonAttack"],"picked":"SKIP","floor":21.0},{"not_picked":["sneckomod:SerpentIdol","sneckomod:Unknown1Cost","sneckomod:UnknownUncommonSkill+1"],"picked":"SKIP","floor":28.0},{"not_picked":["sneckomod:UnknownClassTHE_CHAMP_GRAY","sneckomod:UnknownWeak"],"picked":"sneckomod:SerpentMind","floor":30.0},{"not_picked":["sneckomod:UnknownCommonSkill","sneckomod:UnknownCommonAttack+1","sneckomod:UnknownBlock"],"picked":"Singing Bowl","floor":32.0},{"not_picked":["sneckomod:SoulExchange","sneckomod:MorePower"],"picked":"sneckomod:Unknown3Cost","floor":33.0},{"not_picked":["sneckomod:UnknownWeak+1","sneckomod:UnknownStrike+1","sneckomod:WideSting+1"],"picked":"Singing Bowl","floor":36.0},{"not_picked":["sneckomod:IronFang","sneckomod:UnknownCommonAttack+1"],"picked":"sneckomod:SerpentIdol+1","floor":38.0},{"not_picked":["sneckomod:DiceBlock+1","sneckomod:UnknownClassMARISA_COLOR","sneckomod:IronFang"],"picked":"Singing Bowl","floor":39.0},{"not_picked":["sneckomod:SoulDraw","sneckomod:QuickMove","sneckomod:UnknownBlock+1"],"picked":"Singing Bowl","floor":40.0},{"not_picked":["sneckomod:DiceBlock+1","sneckomod:SoulExchange","sneckomod:Nope"],"picked":"Singing Bowl","floor":42.0},{"not_picked":["sneckomod:UnknownClassPURPLEEX+1","sneckomod:UnknownClassRED+1","sneckomod:UnknownClassASTROLOGER"],"picked":"Singing Bowl","floor":43.0},{"not_picked":["sneckomod:UnknownWeak+1","sneckomod:UnknownClassASTROLOGER","sneckomod:SlitherStrike"],"picked":"Singing Bowl","floor":45.0},{"not_picked":["sneckomod:UnknownClassSLIMEBOUND+1","sneckomod:Unknown1Cost+1"],"picked":"sneckomod:SnakeSap+1","floor":49.0}],"player_experience":199260,"relics_obtained":[{"floor":4.0,"key":"Pet Ghost"},{"floor":4.0,"key":"LetterFromLob"},{"floor":7.0,"key":"Dota2Spire:MaskOfMadness"},{"floor":9.0,"key":"Dota2Spire:UrnOfShadows"},{"floor":9.0,"key":"RedMistMask"},{"floor":11.0,"key":"Girya"},{"floor":24.0,"key":"Dota2Spire:BlackKingBar"},{"floor":39.0,"key":"HollowMod:QueensCombRelic"},{"floor":40.0,"key":"Potion Belt"},{"floor":43.0,"key":"Bottled Tornado"},{"floor":47.0,"key":"ReplayTheSpireMod:Ring of Addiction"},{"floor":47.0,"key":"Ring of Searing"},{"floor":47.0,"key":"White Beast Statue"},{"floor":47.0,"key":"Toy Ornithopter"}],"event_choices":[{"cards_removed":["sneckomod:Strike"],"damage_healed":0.0,"max_hp_gain":0.0,"max_hp_loss":0.0,"gold_gain":0.0,"event_name":"Purifier","player_choice":"Purged","floor":2.0,"gold_loss":0.0,"damage_taken":0.0},{"cards_removed":["AT_ShadowStep"],"damage_healed":0.0,"max_hp_gain":0.0,"max_hp_loss":0.0,"gold_gain":0.0,"event_name":"NoteForYourself","player_choice":"Took Card","floor":13.0,"gold_loss":0.0,"damage_taken":0.0,"cards_obtained":["hexamod:Firestarter"]},{"damage_healed":0.0,"max_hp_gain":0.0,"max_hp_loss":0.0,"gold_gain":0.0,"event_name":"Addict","player_choice":"Stole Relic","floor":23.0,"gold_loss":0.0,"damage_taken":0.0,"relics_obtained":["MealTicket"],"cards_obtained":["Shame"]}],"is_beta":false,"boss_relics":[{"not_picked":["vexMod:DeviousBotling","Ectoplasm"],"picked":"aspiration:PoetsPen_weak"},{"not_picked":["conspire:SlowCooker","ChewingGum"],"picked":"vexMod:EndlessSickness"}],"items_purged_floors":[3,30,42,48],"is_endless":false,"potions_floor_spawned":[8,11,14,15,16,28,32,36,39,43,45,49,51,51],"ascension_level":0}}