{"host":"agga6lej02o7kt08","time":1608461794,"event":{"mods":["Arknights The Spire","Aspiration","BaseMod","Better Third Choice","BetterRewards","Colored Map","Colored Powertips","Hubris","Minty Spire (QoL Compilation)","Replay The Spire","Spicy Shops","StSLib","¡¼?Úª?ø«¡½REMEMod"],"gold_per_floor":[117,117,135,10,10,10,35,35,35,35,61,73,99,99,99,174,174,185,204,222,222,222,222,253,264,264,295,314,83,83,111,111,188,188,202,202,202,27,42,77,77,112,166,199,249,266,291,291,291,291,291,291,391,440,514],"floor_reached":56,"playtime":2211,"items_purged":["ats:Powerful Strike","ats:Defend Up","ats:Defend Up","ats:Powerful Strike","ats:Powerful Strike","ats:Defend Up"],"score":3582,"play_id":"322ab831-60f9-4119-98a3-54e1acfafd4f","local_time":"20201220195634","is_ascension_mode":true,"campfire_choices":[{"data":"ats:Emotion Absorption","floor":6,"key":"SMITH"},{"data":"ats:Hook Shot","floor":8,"key":"SMITH"},{"data":"ats:Very Hot Blade","floor":15,"key":"SMITH"},{"data":"ats:Soul Absorption","floor":23,"key":"SMITH"},{"data":"ats:Mental Burst","floor":32,"key":"SMITH"},{"floor":41,"key":"RECALL"},{"data":"ats:Armor Crushing Shot","floor":52,"key":"SMITH"}],"circlet_count":0,"master_deck":["AscendersBane","ats:Armor Crushing Shot+1","ats:Emotion Absorption+1","ats:Emotion Absorption+1","ats:Hook Shot+1","ats:Soul Absorption+1","ats:Mental Burst+1","ats:Very Hot Blade+1","ats:Fate+1","ats:Disruption Kick","REME_FirmDetermination+1"],"relics":["ats:Sanity","REME_ComplimentaryCards","aspiration:AnachronicSnailShell","ats:Arts","Matryoshka","Counterbalance","ats:Rhine Circuitry","hubris:CuriousFeather","TheAbacus","Frozen Egg 2","Ginger","Medical Kit","Ring of Searing","Strawberry","ats:MaxSp2","Tiny Chest","Art of War","REME_LowDesire","ats:MaxSp3","Pen Nib","Lizard Tail","Pet Ghost","Bronze Scales","ReplayFunnel","ReplayTheSpireMod:Shallot","ats:Ability Aura","hubris:Towel","Akabeko","Philosopher\u0027s Stone","Replay:Bottled Eggs","Bag of Marbles","Centennial Puzzle","Anchor","Replay:Baseball","hubris:MedicalManual","REME_LimitBreaker","ats:Originium","hubris:NiceRug","Pondfish Scales","ats:Support","StrikeDummy","hubris:Spice","Replay:Bandana","ats:Attack","Vajra"],"acts_visited":["Exordium","TheCity","TheBeyond","TheEnding"],"potions_floor_usage":[16,35,55],"damage_taken":[{"damage":0,"enemies":"2 Louse","floor":1,"turns":3},{"damage":0,"enemies":"Small Slimes","floor":3,"turns":3},{"damage":0,"enemies":"Lagavulin","floor":7,"turns":5},{"damage":0,"enemies":"Replay:BlueRogue","floor":11,"turns":2},{"damage":0,"enemies":"Cultist","floor":12,"turns":2},{"damage":0,"enemies":"Gremlin Nob","floor":13,"turns":2},{"damage":0,"enemies":"Hexaghost","floor":16,"turns":3},{"damage":10,"enemies":"Chosen","floor":18,"turns":3},{"damage":0,"enemies":"Spheric Guardian","floor":19,"turns":2},{"damage":0,"enemies":"3 Cultists","floor":20,"turns":3},{"damage":0,"enemies":"Replay:Snechameleon","floor":24,"turns":3},{"damage":0,"enemies":"Snake Plant","floor":25,"turns":2},{"damage":0,"enemies":"Gremlin Leader","floor":27,"turns":2},{"damage":0,"enemies":"Snecko","floor":28,"turns":3},{"damage":1,"enemies":"Slavers","floor":31,"turns":3},{"damage":0,"enemies":"hubris:MusketHawk","floor":33,"turns":1},{"damage":5,"enemies":"3 Shapes","floor":35,"turns":2},{"damage":5,"enemies":"3 Darklings","floor":39,"turns":2},{"damage":5,"enemies":"Nemesis","floor":40,"turns":3},{"damage":0,"enemies":"Giant Head","floor":42,"turns":1},{"damage":5,"enemies":"R_Hoarder","floor":44,"turns":3},{"damage":0,"enemies":"2 Orb Walkers","floor":45,"turns":1},{"damage":0,"enemies":"Maw","floor":46,"turns":2},{"damage":0,"enemies":"Nemesis","floor":47,"turns":3},{"damage":0,"enemies":"Donu and Deca","floor":50,"turns":2},{"damage":5,"enemies":"hubris:Merchant","floor":53,"turns":2},{"damage":0,"enemies":"Shield and Spear","floor":54,"turns":1},{"damage":0,"enemies":"The Heart","floor":55,"turns":1}],"seed_played":"-6801931183322417486","potions_obtained":[{"floor":1,"key":"Explosive Potion"},{"floor":7,"key":"Adrenaline Potion"},{"floor":16,"key":"Weak Potion"},{"floor":19,"key":"Regen Potion"},{"floor":35,"key":"Elixir"},{"floor":39,"key":"PowerPotion"}],"is_trial":false,"path_per_floor":["M","?","M","$","?","R","E","R","T","?","E","M","E","$","R","B",null,"M","M","M","?","T","R","E","M","T","E","M","$","?","E","R","B",null,"M","T","?","$","M","E","R","E","T","E","?","M","E","?","R","B",null,"R","$","E","B",null],"character_chosen":"DOCTOR_CLASS","items_purchased":["ats:Arts","Matryoshka","Counterbalance","ats:Rhine Circuitry","TheAbacus","Frozen Egg 2","Medical Kit","ats:Hook Shot","ats:Ability Aura"],"campfire_rested":0,"item_purchase_floors":[0,0,0,0,0,0,0,0,29],"current_hp_per_floor":[23,23,23,23,23,23,30,30,30,30,30,30,30,30,30,30,67,57,57,57,57,57,57,57,57,57,57,57,57,57,56,56,56,73,68,68,68,68,63,58,58,58,58,56,56,56,56,56,56,56,73,73,76,76,76],"gold":514,"neow_bonus":"","is_daily":false,"chose_seed":false,"campfire_upgraded":6,"win_rate":0.0,"timestamp":1608461794,"path_taken":["M","?","M","$","?","R","E","R","T","?","E","?","E","$","R","BOSS","M","M","?","?","?","R","E","?","T","E","?","$","?","E","R","BOSS","M","?","?","$","M","E","R","E","T","E","?","M","E","?","R","BOSS","R","$","E","BOSS"],"items_purchased_type":["Relic","Relic","Relic","Relic","Relic","Relic","Relic","Card","Relic"],"build_version":"2020-12-13","purchased_purges":6,"victory":true,"max_hp_per_floor":[72,72,72,72,72,72,79,79,79,79,79,79,79,79,79,79,79,79,79,79,79,79,79,79,79,79,79,79,79,79,79,79,79,79,79,79,79,79,79,79,79,79,79,79,79,79,79,79,79,79,79,79,87,87,87],"card_choices":[{"not_picked":["ats:Poison Spread","ats:Just Like an Apocalypse"],"picked":"ats:Soul Absorption","floor":1},{"not_picked":["ats:Mental Burst","ats:Rapid Magazine+1","ats:Composite Medical Shells+1"],"picked":"SKIP","floor":3},{"not_picked":["ats:Curse Doll","ats:Revitalization","ats:Assault Order"],"picked":"SKIP","floor":7},{"not_picked":["ats:Attack Strengthen","ats:Counter Healing Mode+1"],"picked":"ats:Mental Burst","floor":11},{"not_picked":["ats:Overload","ats:Defend Order+1","ats:Just Like an Apocalypse"],"picked":"SKIP","floor":12},{"not_picked":["ats:Chain Hook","ats:Curse Doll"],"picked":"ats:Very Hot Blade","floor":13},{"not_picked":["ats:Shadow Assault","ats:Rat Pack"],"picked":"ats:Echo Reverb","floor":16},{"not_picked":["ats:Encircling Forest","ats:Rapid Magazine+1","ats:Shadow Raid","Swift Strike"],"picked":"SKIP","floor":18},{"not_picked":["ats:Composite Medical Shells+1","ats:Revitalization","ats:Sunburst+1","Poisoned Strike"],"picked":"SKIP","floor":19},{"not_picked":["ats:Cat Scratch","ats:Revitalization","ats:Consecutive Shot: Auto","Impatience"],"picked":"SKIP","floor":20},{"not_picked":["ats:Revitalization+1","ats:Shell Defense","Violence"],"picked":"ats:Fate+1","floor":24},{"not_picked":["ats:Cat Scratch","ats:Explosion Area Strengthen","ats:Mental Burst+1","Transmutation"],"picked":"SKIP","floor":25},{"not_picked":["ats:Mental Burst","ats:Cat Scratch+1","ats:Automatic Cover","REME_ProfessionalPlagiarism"],"picked":"SKIP","floor":27},{"not_picked":["ats:Rat Pack","ats:Flexible Camouflage","ats:Cat Scratch","Blind"],"picked":"SKIP","floor":28},{"not_picked":["ats:Poison Spread","ats:Just Like an Apocalypse","ats:Cat Scratch","Sadistic Nature+1"],"picked":"SKIP","floor":31},{"not_picked":["ats:Durian","ats:Soul Rend+1","REME_ShortnessOfBreath"],"picked":"ats:Disruption Kick","floor":33},{"not_picked":["ats:Attack Strengthen","ats:Assault Order","ats:Poison Spread","ReplayUltimateDefense+1"],"picked":"SKIP","floor":35},{"not_picked":["ats:Assault Order+1","ats:Magnetic Hammer+1","ats:Thermite Blade","REME_AllRoundStrike"],"picked":"SKIP","floor":39},{"not_picked":["ats:Revitalization","ats:Poison Spread+1","ats:Shell Defense","Thinking Ahead"],"picked":"SKIP","floor":40},{"not_picked":["ats:Shell Defense","ats:Overload","ats:Just Like an Apocalypse","REME_ShortnessOfBreath"],"picked":"SKIP","floor":42},{"not_picked":["ats:Revitalization","ats:True Silver Slash","ats:Sunburst"],"picked":"REME_FirmDetermination+1","floor":44},{"not_picked":["ats:Just Like an Apocalypse","ats:Charging Defense","ats:Composite Medical Shells+1","Poisoned Strike"],"picked":"SKIP","floor":46},{"not_picked":["ats:Assault Order","ats:Soul Rend+1","ats:Blood Oath+1","Finesse"],"picked":"SKIP","floor":47},{"not_picked":["ats:Cat Scratch"],"picked":"SKIP","floor":53},{"not_picked":["ats:Poison Spread"],"picked":"SKIP","floor":53},{"not_picked":["ats:Charging Defense"],"picked":"SKIP","floor":53},{"not_picked":["ats:Assault Order"],"picked":"SKIP","floor":53},{"not_picked":["ats:Neurotoxin+1"],"picked":"SKIP","floor":53},{"not_picked":["Survey Options"],"picked":"SKIP","floor":53},{"not_picked":["Metamorphosis"],"picked":"SKIP","floor":53},{"not_picked":["ats:Fractured Body","ats:Consecutive Shot: Auto","ats:Shell Defense","REME_ProfessionalPlagiarism"],"picked":"SKIP","floor":54}],"player_experience":803284,"relics_obtained":[{"floor":2,"key":"Ring of Searing"},{"floor":7,"key":"Strawberry"},{"floor":9,"key":"ats:MaxSp2"},{"floor":11,"key":"Tiny Chest"},{"floor":13,"key":"Art of War"},{"floor":17,"key":"ats:MaxSp3"},{"floor":17,"key":"Pen Nib"},{"floor":22,"key":"Lizard Tail"},{"floor":22,"key":"Pet Ghost"},{"floor":24,"key":"Bronze Scales"},{"floor":26,"key":"ReplayFunnel"},{"floor":27,"key":"ReplayTheSpireMod:Shallot"},{"floor":31,"key":"Akabeko"},{"floor":36,"key":"Replay:Bottled Eggs"},{"floor":40,"key":"Bag of Marbles"},{"floor":42,"key":"Centennial Puzzle"},{"floor":43,"key":"Anchor"},{"floor":44,"key":"Replay:Baseball"},{"floor":45,"key":"hubris:MedicalManual"},{"floor":47,"key":"REME_LimitBreaker"},{"floor":49,"key":"ats:Originium"},{"floor":53,"key":"Pondfish Scales"},{"floor":53,"key":"ats:Support"},{"floor":53,"key":"StrikeDummy"},{"floor":53,"key":"hubris:Spice"},{"floor":53,"key":"Replay:Bandana"},{"floor":53,"key":"ats:Attack"},{"floor":54,"key":"Vajra"}],"event_choices":[{"damage_healed":0,"gold_gain":0,"player_choice":"Forge","damage_taken":0,"max_hp_gain":0,"max_hp_loss":0,"event_name":"Accursed Blacksmith","floor":10,"gold_loss":0,"cards_upgraded":["ats:Emotion Absorption"]},{"damage_healed":0,"gold_gain":0,"player_choice":"Ignored","damage_taken":0,"max_hp_gain":0,"max_hp_loss":0,"event_name":"Ghosts","floor":21,"gold_loss":0},{"cards_removed":["ats:Echo Reverb"],"damage_healed":0,"gold_gain":0,"player_choice":"Removed Skill","damage_taken":0,"max_hp_gain":0,"max_hp_loss":0,"event_name":"Falling","floor":37,"gold_loss":0},{"damage_healed":0,"gold_gain":0,"player_choice":"Fight","damage_taken":0,"max_hp_gain":0,"max_hp_loss":0,"event_name":"Mysterious Sphere","floor":45,"gold_loss":0},{"damage_healed":0,"gold_gain":0,"player_choice":"Ignored","damage_taken":0,"max_hp_gain":0,"max_hp_loss":0,"event_name":"Tomb of Lord Red Mask","floor":48,"gold_loss":0}],"is_beta":false,"boss_relics":[{"not_picked":["hubris:BlackHole","Replay:Grab Bag"],"picked":"REME_LowDesire"},{"not_picked":["REME_DuelDisc","aspiration:SilentSkillbook"],"picked":"Philosopher\u0027s Stone"}],"items_purged_floors":[0,0,4,29,38,53],"is_endless":false,"potions_floor_spawned":[1,7,11,16,19,31,33,35,39,44],"ascension_level":16}}