{"host":"2lo6hma6kymb0g9i","time":1608485192,"event":{"mods":["BaseMod","Colored Map","DeckTracker","Minty Spire (QoL Compilation)"],"gold_per_floor":[114,189,238,238,53,80,80,110,135,155,174,99,110,125,125,204,204,218,268,284,355,255,255,286,306,329,329,363,155,168,194,194,270,270,280,294,144,189,14,41,53,94,106,418,153,182,193,224,224,224],"floor_reached":51,"playtime":4205,"items_purged":["Strike_G","Strike_G","Strike_G","Defend_G","Defend_G","Defend_G"],"score":1769,"play_id":"3f4f9daa-c3dc-4789-a60c-581ac4b39c7e","local_time":"20201221022632","is_ascension_mode":true,"campfire_choices":[{"data":"Apotheosis","floor":7,"key":"SMITH"},{"data":"Calculated Gamble","floor":15,"key":"SMITH"},{"floor":23,"key":"REST"},{"floor":32,"key":"REST"},{"floor":41,"key":"REST"},{"floor":49,"key":"REST"}],"circlet_count":0,"master_deck":["AscendersBane","Defend_G","Survivor","Neutralize+1","Dagger Spray","Apotheosis+1","Backflip","Calculated Gamble+1","Underhanded Strike","Leg Sweep","Poisoned Stab","Grand Finale","Well Laid Plans","Noxious Fumes","After Image","Bane+1","Acrobatics+1","Blade Dance+1","Backflip","Reflex","Quick Slash+1"],"relics":["Ring of the Snake","NeowsBlessing","Bronze Scales","HornCleat","PreservedInsect","Strawberry","Fusion Hammer","Sundial","Toy Ornithopter","Akabeko","Pocketwatch","Singing Bowl","Astrolabe","Ice Cream","MawBank","Question Card","Mummified Hand","The Specimen","Lizard Tail"],"acts_visited":["Exordium","TheCity","TheBeyond"],"potions_floor_usage":[13,16,16,16,33,33,48],"damage_taken":[{"damage":0.0,"enemies":"Small Slimes","floor":1.0,"turns":1.0},{"damage":0,"enemies":"Lagavulin","floor":6,"turns":1},{"damage":0,"enemies":"Gremlin Nob","floor":8,"turns":1},{"damage":0,"enemies":"Jaw Worm","floor":10,"turns":2},{"damage":4,"enemies":"2 Louse","floor":11,"turns":2},{"damage":0,"enemies":"Blue Slaver","floor":13,"turns":6},{"damage":0,"enemies":"3 Louse","floor":14,"turns":3},{"damage":30,"enemies":"Slime Boss","floor":16,"turns":12},{"damage":16,"enemies":"Spheric Guardian","floor":18,"turns":3},{"damage":0,"enemies":"Chosen","floor":20,"turns":3},{"damage":0,"enemies":"Book of Stabbing","floor":24,"turns":5},{"damage":10,"enemies":"Shelled Parasite and Fungi","floor":25,"turns":6},{"damage":5,"enemies":"Slavers","floor":28,"turns":2},{"damage":10,"enemies":"Snake Plant","floor":30,"turns":4},{"damage":8,"enemies":"Book of Stabbing","floor":31,"turns":5},{"damage":22,"enemies":"Collector","floor":33,"turns":8},{"damage":10,"enemies":"3 Shapes","floor":35,"turns":4},{"damage":0,"enemies":"Orb Walker","floor":36,"turns":2},{"damage":40,"enemies":"2 Orb Walkers","floor":38,"turns":5},{"damage":0,"enemies":"Giant Head","floor":40,"turns":6},{"damage":8,"enemies":"Nemesis","floor":42,"turns":5},{"damage":0,"enemies":"Giant Head","floor":46,"turns":6},{"damage":0,"enemies":"Sphere and 2 Shapes","floor":47,"turns":1},{"damage":0,"enemies":"Reptomancer","floor":48,"turns":3},{"damage":17,"enemies":"Awakened One","floor":50,"turns":12}],"seed_played":"-8967180228136404142","potions_obtained":[{"floor":10,"key":"Ancient Potion"},{"floor":11,"key":"Regen Potion"},{"floor":13,"key":"EntropicBrew"},{"floor":16,"key":"Energy Potion"},{"floor":33,"key":"Fire Potion"},{"floor":38,"key":"DuplicationPotion"},{"floor":48,"key":"Fruit Juice"}],"is_trial":false,"path_per_floor":["M","?","T","?","$","E","R","E","T","M","M","$","M","M","R","B",null,"M","?","M","T","$","R","E","M","T","?","E","$","M","E","R","B",null,"M","M","$","?","$","E","R","E","T","?","$","E","M","E","R","B",null],"character_chosen":"THE_SILENT","items_purchased":["Apotheosis","Noxious Fumes","Reflex"],"campfire_rested":4,"item_purchase_floors":[5,29,45],"current_hp_per_floor":[59,48,48,53,53,53,53,53,60,60,56,56,71,71,71,41,69,53,53,53,53,53,76,76,66,66,66,61,61,51,45,69,57,74,66,68,68,30,30,32,58,50,50,50,50,52,52,64,93,76],"gold":224,"neow_bonus":"THREE_ENEMY_KILL","is_daily":false,"chose_seed":false,"campfire_upgraded":2,"win_rate":0.0,"timestamp":1608485192,"path_taken":["M","?","?","?","?","E","R","E","T","M","M","$","M","?","R","BOSS","M","?","?","?","$","R","E","M","T","?","E","$","M","E","R","BOSS","M","?","$","?","$","E","R","E","T","?","$","E","?","E","R","BOSS"],"items_purchased_type":["Card","Card","Card"],"build_version":"2020-12-13","purchased_purges":6,"victory":true,"max_hp_per_floor":[66,66,66,71,71,71,71,71,78,78,78,78,78,78,78,78,78,78,78,78,78,78,78,78,78,78,78,78,78,78,80,80,80,80,82,84,84,86,86,88,88,88,88,88,88,90,90,97,97,97],"card_choices":[{"not_picked":["Deflect","Masterful Stab"],"picked":"Dagger Spray","floor":1.0},{"not_picked":["Infinite Blades","Acrobatics"],"picked":"Backflip","floor":6},{"not_picked":["Dodge and Roll","Underhanded Strike"],"picked":"Calculated Gamble","floor":8},{"not_picked":["Acrobatics","Accuracy"],"picked":"Underhanded Strike","floor":10},{"not_picked":["Dash","Expertise","Sucker Punch"],"picked":"SKIP","floor":11},{"not_picked":["Blade Dance","Bane"],"picked":"Leg Sweep","floor":13},{"not_picked":["Blur","Deflect"],"picked":"Poisoned Stab","floor":14},{"not_picked":["Phantasmal Killer","Unload"],"picked":"Grand Finale","floor":16},{"not_picked":["Bouncing Flask","Backstab"],"picked":"Well Laid Plans","floor":18},{"not_picked":["Outmaneuver","Poisoned Stab","PiercingWail"],"picked":"SKIP","floor":20},{"not_picked":["Setup","Riddle With Holes","Dagger Throw"],"picked":"SKIP","floor":24},{"not_picked":["Underhanded Strike+1","Sucker Punch","Accuracy"],"picked":"SKIP","floor":25},{"not_picked":["Riddle With Holes","Flechettes","Endless Agony"],"picked":"SKIP","floor":28},{"not_picked":["Poisoned Stab","Flying Knee","Underhanded Strike"],"picked":"SKIP","floor":30},{"not_picked":["Die Die Die","Dodge and Roll","All Out Attack"],"picked":"Singing Bowl","floor":31},{"not_picked":["Night Terror","Burst"],"picked":"After Image","floor":33},{"not_picked":["PiercingWail+1","Dodge and Roll+1","Predator"],"picked":"Singing Bowl","floor":35},{"not_picked":["Deflect","Dagger Throw","Finisher+1"],"picked":"Singing Bowl","floor":36},{"not_picked":["Outmaneuver+1","Riddle With Holes","Acrobatics"],"picked":"Singing Bowl","floor":38},{"not_picked":["Flying Knee+1","Blade Dance","Slice"],"picked":"Singing Bowl","floor":40},{"not_picked":["Bane+1","Envenom"],"picked":"Backflip","floor":42},{"not_picked":["Dagger Spray","Deadly Poison+1","Poisoned Stab","Reflex+1"],"picked":"Singing Bowl","floor":46},{"not_picked":["Outmaneuver","Riddle With Holes","Masterful Stab"],"picked":"Quick Slash+1","floor":47},{"not_picked":["Deadly Poison+1","Accuracy","Skewer","Bane"],"picked":"Singing Bowl","floor":48}],"player_experience":846563,"relics_obtained":[{"floor":3.0,"key":"Bronze Scales"},{"floor":6,"key":"HornCleat"},{"floor":8,"key":"PreservedInsect"},{"floor":9,"key":"Strawberry"},{"floor":21,"key":"Sundial"},{"floor":24,"key":"Toy Ornithopter"},{"floor":26,"key":"Akabeko"},{"floor":28,"key":"Pocketwatch"},{"floor":31,"key":"Singing Bowl"},{"floor":38,"key":"Ice Cream"},{"floor":40,"key":"MawBank"},{"floor":42,"key":"Question Card"},{"floor":43,"key":"Mummified Hand"},{"floor":46,"key":"The Specimen"},{"floor":48,"key":"Lizard Tail"}],"event_choices":[{"damage_healed":0.0,"max_hp_gain":0.0,"max_hp_loss":0.0,"gold_gain":75.0,"event_name":"World of Goop","player_choice":"Gather Gold","floor":2.0,"gold_loss":0.0,"damage_taken":11.0},{"damage_healed":0.0,"max_hp_gain":5.0,"max_hp_loss":0.0,"gold_gain":0.0,"event_name":"Big Fish","player_choice":"Donut","floor":4.0,"gold_loss":0.0,"damage_taken":0.0},{"damage_healed":0,"gold_gain":50,"player_choice":"Pray","damage_taken":0,"max_hp_gain":0,"max_hp_loss":0,"event_name":"Golden Shrine","floor":19,"gold_loss":0},{"damage_healed":0,"gold_gain":0,"player_choice":"Upgraded","damage_taken":0,"max_hp_gain":0,"max_hp_loss":0,"event_name":"Upgrade Shrine","floor":27,"gold_loss":0,"cards_upgraded":["Neutralize"]},{"damage_healed":0,"gold_gain":0,"player_choice":"Fight","damage_taken":0,"max_hp_gain":0,"max_hp_loss":0,"event_name":"Mysterious Sphere","floor":38,"gold_loss":0},{"damage_healed":0,"gold_gain":300,"player_choice":"Gold","damage_taken":0,"max_hp_gain":0,"max_hp_loss":0,"event_name":"Wheel of Change","floor":44,"gold_loss":0}],"is_beta":false,"boss_relics":[{"not_picked":["Sozu","Ectoplasm"],"picked":"Fusion Hammer"},{"not_picked":["Coffee Dripper","Runic Dome"],"picked":"Astrolabe"}],"items_purged_floors":[12,22,29,37,39,45],"is_endless":false,"potions_floor_spawned":[10,11,13,16,18,25,31,33,38,42,48],"ascension_level":17}}