{"host":"3wgbc8rrx8r5g476","time":1608432651,"event":{"mods":["2.2 Compatiblity","Act Like it!","BaseMod","Bestiary","Better Note","Better Third Choice","Colored Powertips","Dota2Spire","Downfall","Friendly Minions","Halation","Hubris","Infinite Spire","Minty Spire (QoL Compilation)","Replay The Spire","Shade Mod","Shedinja","Shop Mod","StSLib","The Alterego","The Death Knight","The Dragon Tamer","The Druid","The Marked","TheFirefly","Trackpad","Uncapped","Wandering Minibosses"],"gold_per_floor":[114,114,114,114,114,114,132,132,132,144,169,180,199,199,199,300,300,319,176,176,195,221,254,214,233,301,311,311,339,339,339],"floor_reached":30,"playtime":1526,"items_purged":["Burn"],"score":268,"play_id":"c044e522-644d-46b5-a0ce-ef1d0716635c","local_time":"20201220035051","is_ascension_mode":false,"campfire_choices":[{"data":"theMarked:WardOff","floor":6,"key":"SMITH"},{"data":"theMarked:SoldierOfQuellstein","floor":8,"key":"SMITH"},{"data":"theMarked:EmpowerWeapon","floor":15,"key":"SMITH"},{"data":"theMarked:EnhancedHearing","floor":28,"key":"SMITH"}],"circlet_count":0,"master_deck":["theMarked:Strike","theMarked:Strike","theMarked:Strike","theMarked:Strike+1","theMarked:Defend","theMarked:Defend+1","theMarked:Defend","theMarked:Defend+1","theMarked:SoldierOfQuellstein+1","theMarked:WardOff+1","Shedinja:AerialAce+1","theMarked:ElectricStrings","theMarked:EmpowerWeapon+1","theMarked:WardOff","theMarked:BanishingWave","theMarked:BindingBlade","theMarked:EnhancedHearing+1","theMarked:EmpowerWeapon","theMarked:BanishingStrike+1","theMarked:SwordAndMagic+1"],"relics":["theMarked:ArtifactOfAir","NeowsBlessing","hubris:Towel","Shedinja:EnergyLoss","Happy Flower","ReplayFunnel","halation:Yufonium","trackpad:Compendium","trackpad:AdjectivePendant","Quantum Egg","Bottled Tornado"],"acts_visited":["Exordium","TheCity"],"potions_floor_usage":[16,16,23,29,30],"damage_taken":[{"damage":0,"enemies":"Small Slimes","floor":1,"turns":1},{"damage":0,"enemies":"2 Louse","floor":7,"turns":1},{"damage":0,"enemies":"Cultist","floor":10,"turns":1},{"damage":19,"enemies":"Gremlin Nob","floor":11,"turns":5},{"damage":22,"enemies":"Exordium Thugs","floor":12,"turns":5},{"damage":10,"enemies":"Gremlin Gang","floor":13,"turns":4},{"damage":17,"enemies":"Hexaghost","floor":16,"turns":11},{"damage":4,"enemies":"Shell Parasite","floor":18,"turns":5},{"damage":6,"enemies":"3 Byrds","floor":21,"turns":5},{"damage":2,"enemies":"Book of Stabbing","floor":23,"turns":7},{"damage":15,"enemies":"Snake Plant","floor":25,"turns":4},{"damage":8,"enemies":"Cultist and Chosen","floor":27,"turns":6},{"damage":32,"enemies":"Nightmare","floor":29,"turns":6},{"damage":19,"enemies":"Snecko","floor":30,"turns":4}],"seed_played":"-197697135250920871","potions_obtained":[{"floor":7,"key":"champ:CounterPotion"},{"floor":10,"key":"Ancient Potion"},{"floor":11,"key":"LiquidBronze"},{"floor":12,"key":"theMarked:ChargePotion"},{"floor":21,"key":"Adrenaline Potion"},{"floor":27,"key":"Dexterity Potion"}],"is_trial":false,"path_per_floor":["M","?","?","?","?","R","M","R","T","M","E","M","M","$","R","B",null,"M","$","?","M","T","E","?","M","T","M","R","NM","M"],"character_chosen":"THE_DEFAULT","items_purchased":["theMarked:EnhancedHearing"],"campfire_rested":0,"item_purchase_floors":[19],"current_hp_per_floor":[70,70,70,70,70,70,70,70,70,70,51,29,19,19,19,2,70,66,66,66,60,60,58,58,46,46,41,41,12,0,0],"gold":339,"neow_bonus":"THREE_ENEMY_KILL","is_daily":false,"chose_seed":false,"campfire_upgraded":4,"win_rate":0.0,"timestamp":1608432651,"path_taken":["M","?","?","?","?","R","?","R","T","M","E","M","M","?","R","BOSS","M","$","?","M","?","E","?","M","T","M","R","NM","M"],"items_purchased_type":["Card"],"build_version":"2020-12-13","purchased_purges":1,"victory":false,"max_hp_per_floor":[70,70,70,70,70,70,70,70,70,70,70,70,70,70,70,70,70,70,70,70,70,70,70,70,70,70,70,70,70,70,70],"card_choices":[{"not_picked":["theMarked:Electrocute","theMarked:HeightenedSenses"],"picked":"theMarked:WardOff","floor":1},{"not_picked":["theMarked:ReduceFriction","theMarked:TwofoldDefense"],"picked":"theMarked:ElectricStrings","floor":7},{"not_picked":["theMarked:ChainLightning","theMarked:ContemptForTheProud"],"picked":"theMarked:EmpowerWeapon","floor":10},{"not_picked":["theMarked:Parkour","theMarked:RepellingDischarge"],"picked":"theMarked:WardOff","floor":11},{"not_picked":["theMarked:ResourceFulStrike","theMarked:SelfDefenseTraining","theMarked:Aftermath"],"picked":"SKIP","floor":12},{"not_picked":["theMarked:MaelstromOfLightning","theMarked:Electrocute"],"picked":"theMarked:BanishingWave","floor":13},{"not_picked":["theMarked:MuscleMemory","theMarked:SuspiciousRaven"],"picked":"theMarked:BindingBlade","floor":16},{"not_picked":["theMarked:Seal+1","theMarked:Panic","theMarked:HeightenedSenses"],"picked":"SKIP","floor":18},{"not_picked":["theMarked:SwordAndMagic","theMarked:Parkour"],"picked":"theMarked:EmpowerWeapon","floor":21},{"not_picked":["theMarked:Reabsorb","theMarked:Aftermath+1","theMarked:TakeCover"],"picked":"SKIP","floor":23},{"not_picked":["theMarked:TwofoldDefense","theMarked:KeepCalmAndFightOn"],"picked":"theMarked:BanishingStrike+1","floor":25},{"not_picked":["theMarked:Aftermath","theMarked:ChainLightning+1","theMarked:ResourceFulStrike"],"picked":"SKIP","floor":27},{"not_picked":["theMarked:TwofoldDefense","theMarked:MaelstromOfLightning"],"picked":"theMarked:SwordAndMagic+1","floor":29}],"player_experience":506492,"relics_obtained":[{"floor":9,"key":"Happy Flower"},{"floor":11,"key":"ReplayFunnel"},{"floor":22,"key":"trackpad:Compendium"},{"floor":23,"key":"trackpad:AdjectivePendant"},{"floor":26,"key":"Quantum Egg"},{"floor":29,"key":"Bottled Tornado"}],"event_choices":[{"cards_removed":["Burn"],"damage_healed":0,"gold_gain":0,"player_choice":"Card Removal","damage_taken":0,"max_hp_gain":0,"max_hp_loss":0,"event_name":"Wheel of Change","floor":5,"gold_loss":0},{"cards_removed":["theMarked:Strike"],"damage_healed":0,"gold_gain":0,"player_choice":"Purged","damage_taken":0,"max_hp_gain":0,"max_hp_loss":0,"event_name":"Purifier","floor":20,"gold_loss":0},{"damage_healed":0,"gold_gain":0,"player_choice":"Upgraded Two","damage_taken":0,"max_hp_gain":0,"max_hp_loss":0,"event_name":"Designer","floor":24,"gold_loss":40,"cards_upgraded":["Shedinja:AerialAce","theMarked:Defend"]}],"is_beta":false,"boss_relics":[{"not_picked":["halation:SmartPhone","Abe\u0027s Treasure"],"picked":"halation:Yufonium"}],"items_purged_floors":[19],"is_endless":false,"potions_floor_spawned":[7,10,11,12,21,27],"killed_by":"Snecko","ascension_level":0}}