{"host":"uj8tnth4ulftv61g","time":1608504481,"event":{"mods":["BaseMod","Better Third Choice","Downfall","Minty Spire (QoL Compilation)","StSLib"],"gold_per_floor":[99,130,230,244,244,169,239,164,181,211,231,250,270,282,295,398,398,323,323,8,8,41,41,41,74,74,93,108,126,126,34,53,155,155,155,155,171,184,1,14,14,42,42,42,61,258,258,275,293,293,293,328,136,136,136],"floor_reached":56,"playtime":8420,"items_purged":[],"score":1433,"play_id":"ff93dd9e-0f69-4166-8617-828923dfb9be","local_time":"20201220174801","is_ascension_mode":true,"campfire_choices":[{"floor":1,"key":"RECALL"},{"data":"champ:Taunt","floor":6,"key":"SMITH"},{"floor":8,"key":"REST"},{"data":"champ:VampiricStrike","floor":18,"key":"SMITH"},{"data":"champ:SteelEdge","floor":21,"key":"SMITH"},{"data":"champ:StanceDance","floor":23,"key":"SMITH"},{"data":"champ:Execute","floor":26,"key":"SMITH"},{"floor":35,"key":"REST"},{"floor":43,"key":"REST"},{"floor":54,"key":"REST"}],"circlet_count":0,"master_deck":["champ:Strike","champ:Strike","champ:Defend","champ:Defend","champ:Defend","champ:Defend","champ:Execute+1","champ:Taunt+1","champ:IronFortress","champ:TornadoPunch","champ:TornadoPunch","champ:Balance","champ:BringItOn","champ:Control","champ:Control","champ:VampiricStrike+1","champ:SteelEdge+1","champ:StanceDance+1","champ:DefensiveStyle+1","champ:SwordSigil","RitualDagger","champ:Circumvent","champ:ShieldWall","champ:ShieldThrow","champ:ShieldSigil+1","Panache","champ:PerfectForm","champ:StrikeOfGenius","champ:ShieldSigil","champ:StrikeOfGenius","champ:ShieldSigil"],"relics":["champ:ChampionCrown","downfall:HeartBlessingRed","downfall:HeartBlessingBlue","Thread and Needle","Philosopher\u0027s Stone","downfall:HeartBlessingGreen","Nloth\u0027s Gift","Chemical X","Bag of Preparation","Anchor","Toy Ornithopter","Fusion Hammer","Blue Candle","HornCleat","Pear","Akabeko"],"acts_visited":["Exordium","TheCity","TheBeyond","TheEnding"],"potions_floor_usage":[10,16,31,37,39,52,55,55],"damage_taken":[{"damage":69,"enemies":"3 Sentries","floor":2,"turns":11},{"damage":9,"enemies":"Small Slimes","floor":4,"turns":4},{"damage":2,"enemies":"2 Louse","floor":9,"turns":2},{"damage":31,"enemies":"Lagavulin","floor":10,"turns":6},{"damage":0,"enemies":"Cultist","floor":11,"turns":4},{"damage":5,"enemies":"Blue Slaver","floor":12,"turns":4},{"damage":0,"enemies":"Red Slaver","floor":13,"turns":3},{"damage":0,"enemies":"3 Louse","floor":14,"turns":3},{"damage":0,"enemies":"Lots of Slimes","floor":15,"turns":2},{"damage":11,"enemies":"downfall:Ironclad","floor":16,"turns":5},{"damage":5,"enemies":"downfall:FleeingMerchant","floor":20,"turns":4},{"damage":0,"enemies":"Book of Stabbing","floor":22,"turns":5},{"damage":61,"enemies":"Gremlin Leader","floor":25,"turns":10},{"damage":5,"enemies":"3 Byrds","floor":27,"turns":3},{"damage":0,"enemies":"Spheric Guardian","floor":28,"turns":3},{"damage":0,"enemies":"Centurion and Healer","floor":29,"turns":2},{"damage":22,"enemies":"downfall:FleeingMerchant","floor":31,"turns":4},{"damage":9,"enemies":"Chosen and Byrds","floor":32,"turns":4},{"damage":18,"enemies":"downfall:Defect","floor":33,"turns":9},{"damage":0,"enemies":"3 Darklings","floor":37,"turns":4},{"damage":0,"enemies":"Orb Walker","floor":38,"turns":4},{"damage":3,"enemies":"downfall:FleeingMerchant","floor":39,"turns":4},{"damage":5,"enemies":"Maw","floor":40,"turns":6},{"damage":5,"enemies":"Giant Head","floor":42,"turns":7},{"damage":19,"enemies":"Transient","floor":45,"turns":5},{"damage":0,"enemies":"downfall:FleeingMerchant","floor":46,"turns":1},{"damage":1,"enemies":"Spire Growth","floor":48,"turns":4},{"damage":0,"enemies":"4 Shapes","floor":49,"turns":2},{"damage":27,"enemies":"downfall:Watcher","floor":50,"turns":6},{"damage":67,"enemies":"downfall:CharBossMerchant","floor":52,"turns":4},{"damage":94,"enemies":"downfall:NeowBoss","floor":55,"turns":21}],"seed_played":"1168384247024446778","potions_obtained":[{"floor":2,"key":"ColorlessPotion"},{"floor":5,"key":"FairyPotion"},{"floor":5,"key":"LiquidMemories"},{"floor":10,"key":"SpeedPotion"},{"floor":22,"key":"champ:CounterPotion"},{"floor":32,"key":"Swift Potion"},{"floor":42,"key":"champ:TechniquePotion"},{"floor":45,"key":"SneckoOil"},{"floor":47,"key":"EssenceOfSteel"},{"floor":52,"key":"PowerPotion"}],"is_trial":false,"path_per_floor":["R","E","?","M","?","R","T","R","M","E","M","M","M","M","M","B",null,"R","?","$","R","E","R","T","E","R","M","M","M","?","$","M","B",null,"R","?","M","M","$","M","T","E","R","T","M","$","?","M","M","B",null,"E","$","R","B",null],"character_chosen":"THE_CHAMP","items_purchased":["champ:SteelEdge","Chemical X","champ:ShieldWall","Panache","champ:ShieldSigil","Fruit Juice","Akabeko","champ:ShieldSigil"],"campfire_rested":4,"item_purchase_floors":[20,20,31,39,46,46,53,53],"current_hp_per_floor":[90,41,41,37,37,37,37,77,75,54,54,54,54,54,54,53,100,100,100,100,100,100,100,100,70,70,79,79,97,91,90,100,100,100,100,100,100,100,97,100,100,100,100,100,100,100,100,99,100,100,100,115,115,115,115],"gold":136,"neow_bonus":"TRANSFORM_CARD","is_daily":false,"chose_seed":false,"campfire_upgraded":5,"win_rate":0.0,"timestamp":1608504481,"path_taken":["R","E","?","M","?","R","T","R","M","E","M","M","M","?","M","BOSS","R","?","$","R","E","R","T","E","R","M","M","?","?","$","M","BOSS","R","?","M","M","$","?","T","E","R","?","M","$","?","?","M","BOSS","E","$","R","BOSS"],"items_purchased_type":["Card","Relic","Card","Card","Card","Potion","Relic","Card"],"build_version":"2020-12-13","purchased_purges":0,"victory":true,"max_hp_per_floor":[90,90,90,90,90,90,90,100,100,100,100,100,100,100,100,100,100,100,100,100,100,100,100,100,100,100,100,100,100,100,100,100,100,100,100,100,100,100,100,100,100,100,100,100,100,100,100,100,100,100,100,115,115,115,115],"card_choices":[{"not_picked":["champ:GladiatorsShout","champ:PreciseThrust"],"picked":"champ:TornadoPunch","floor":2},{"not_picked":["champ:BerserkersShout","champ:CrookedStrike"],"picked":"champ:TornadoPunch","floor":4},{"not_picked":["champ:Haymaker","champ:ViciousMockery","champ:GladiatorStyle"],"picked":"SKIP","floor":9},{"not_picked":["champ:TornadoPunch","champ:FlashCut","champ:BerserkerStyle"],"picked":"SKIP","floor":10},{"not_picked":["champ:AdrenalArmor","champ:StanceDance"],"picked":"champ:Balance","floor":11},{"not_picked":["champ:SwordSigil","champ:SwordThrow"],"picked":"champ:BringItOn","floor":12},{"not_picked":["champ:GutPunch","champ:PerfectedStrike"],"picked":"champ:Control","floor":13},{"not_picked":["champ:PerfectedStrike","champ:BladeFlurry","champ:BerserkersShout"],"picked":"SKIP","floor":14},{"not_picked":["champ:Haymaker","champ:IronFortress"],"picked":"champ:Control","floor":15},{"not_picked":["champ:DancingMaster","champ:LastStand"],"picked":"champ:VampiricStrike","floor":16},{"not_picked":["champ:RapidStrikes+1","champ:RecklessLeap+1","champ:BladeFlurry"],"picked":"SKIP","floor":20},{"not_picked":["champ:CrownThrow","champ:CrookedStrike+1"],"picked":"champ:StanceDance","floor":22},{"not_picked":["champ:BerserkersShout","champ:BerserkerStyle+1","champ:FocusedBerserking"],"picked":"SKIP","floor":25},{"not_picked":["champ:AdrenalArmor","champ:BringItOn"],"picked":"champ:DefensiveStyle+1","floor":27},{"not_picked":["champ:Haymaker","champ:AdrenalArmor","champ:CheapShot"],"picked":"SKIP","floor":28},{"not_picked":["champ:TornadoPunch","champ:VampiricStrike"],"picked":"champ:SwordSigil","floor":29},{"not_picked":["champ:Encircle+1","champ:HeartStrike"],"picked":"champ:Circumvent","floor":31},{"not_picked":["champ:SwordSigil","champ:SkillfulDodge+1","champ:Aggression+1"],"picked":"SKIP","floor":32},{"not_picked":["champ:HeavySlash","champ:HoldFirm"],"picked":"champ:ShieldThrow","floor":33},{"not_picked":["champ:CrookedStrike+1","champ:Backstep+1","champ:FalseCounter"],"picked":"SKIP","floor":37},{"not_picked":["champ:DeathBlow","champ:DancingMaster","champ:SkillfulDodge"],"picked":"SKIP","floor":38},{"not_picked":["champ:FocusedBerserking+1","champ:Riposte"],"picked":"champ:ShieldSigil+1","floor":39},{"not_picked":["champ:CrookedStrike","champ:Haymaker+1","champ:PreciseThrust+1"],"picked":"SKIP","floor":40},{"not_picked":["champ:FanOfKnives+1","champ:SkillfulDodge"],"picked":"champ:PerfectForm","floor":42},{"not_picked":["champ:Encircle","champ:PerfectedStrike","champ:SwordSigil+1"],"picked":"SKIP","floor":45},{"not_picked":["champ:GutPunch+1","champ:RageSigil+1"],"picked":"champ:StrikeOfGenius","floor":46},{"not_picked":["champ:RecklessLeap","champ:FalseCounter+1"],"picked":"champ:StrikeOfGenius","floor":48},{"not_picked":["champ:PerfectedStrike","champ:Aggression+1","champ:BerserkersShout"],"picked":"SKIP","floor":49},{"not_picked":["champ:Aggression+1","champ:CalledShot+1","champ:BerserkerStyle"],"picked":"SKIP","floor":52}],"player_experience":564290,"relics_obtained":[{"floor":2,"key":"Darkstone Periapt"},{"floor":10,"key":"Thread and Needle"},{"floor":22,"key":"Bag of Preparation"},{"floor":24,"key":"Anchor"},{"floor":25,"key":"Toy Ornithopter"},{"floor":41,"key":"Blue Candle"},{"floor":42,"key":"Art of War"},{"floor":44,"key":"HornCleat"},{"floor":52,"key":"Pear"}],"event_choices":[{"damage_healed":0,"gold_gain":0,"player_choice":"Got Potions","damage_taken":0,"max_hp_gain":0,"max_hp_loss":0,"event_name":"Lab","floor":5,"gold_loss":0},{"cards_removed":["champ:Strike"],"damage_healed":0,"gold_gain":0,"player_choice":"Purged","damage_taken":0,"max_hp_gain":0,"max_hp_loss":0,"event_name":"Purifier","floor":36,"gold_loss":0}],"is_beta":false,"boss_relics":[{"not_picked":["Pandora\u0027s Box","Snecko Eye"],"picked":"Philosopher\u0027s Stone"},{"not_picked":["Astrolabe","SacredBark"],"picked":"Fusion Hammer"}],"items_purged_floors":[],"is_endless":false,"potions_floor_spawned":[2,9,10,13,14,22,27,28,32,42,45,52],"ascension_level":1}}