{"host":"rmsq46plbpwfbxcc","time":1608467131,"event":{"mods":["AchievementEnabler","BaseMod","Colored Map","DeckTracker","Minty Spire (QoL Compilation)","Permanent Neow","SuperFastMode"],"gold_per_floor":[110,110,124,141,158,158,173,173,173,48,48,48,87,107,107,192,192,213,222,147,167,67,67,94,128,207,207,221,252,332,348,348,431,431,455,474,499,374,385,385,146,146,192,228,248,291,122,122,131,131,131],"floor_reached":50,"playtime":1595,"items_purged":["Strike_G","Strike_G","Strike_G","Defend_G"],"score":1226,"play_id":"8408f1a4-69e5-4dd8-b6d1-9cc2bf882ff8","local_time":"20201220212531","is_ascension_mode":true,"campfire_choices":[{"data":"Neutralize","floor":6.0,"key":"SMITH"},{"data":"Glass Knife","floor":8.0,"key":"SMITH"},{"data":"Terror","floor":15.0,"key":"SMITH"},{"data":"After Image","floor":23.0,"key":"SMITH"},{"data":"Blade Dance","floor":27.0,"key":"SMITH"},{"data":"Cloak And Dagger","floor":32,"key":"SMITH"},{"data":"Choke","floor":40,"key":"SMITH"},{"data":"Blur","floor":42,"key":"SMITH"},{"floor":49,"key":"REST"}],"circlet_count":0,"master_deck":["AscendersBane","Strike_G","Strike_G","Defend_G","Defend_G","Defend_G","Defend_G","Survivor","Neutralize+1","CurseOfTheBell","Dagger Throw","Glass Knife+1","PiercingWail","Terror+1","Backstab","Choke+1","After Image+1","Blade Dance+1","PiercingWail","Backflip","Blur+1","Adrenaline+1","Cloak And Dagger+1","Well Laid Plans","Blade Dance+1","Swift Strike+1","Tactician+1","PiercingWail+1","PiercingWail+1","Finisher+1"],"relics":["Calling Bell","Dream Catcher","Mercury Hourglass","FossilizedHelix","Question Card","Blue Candle","Nunchaku","CeramicFish","WristBlade","Ancient Tea Set","Shuriken","Toxic Egg 2","Molten Egg 2","Oddly Smooth Stone","Omamori","Centennial Puzzle","Anchor"],"acts_visited":["Exordium","TheCity","TheBeyond"],"potions_floor_usage":[33,39,50,50],"damage_taken":[{"damage":0.0,"enemies":"2 Louse","floor":1.0,"turns":2.0},{"damage":0.0,"enemies":"Cultist","floor":3.0,"turns":4.0},{"damage":0.0,"enemies":"Jaw Worm","floor":4.0,"turns":4.0},{"damage":5.0,"enemies":"Gremlin Gang","floor":5.0,"turns":4.0},{"damage":8.0,"enemies":"Exordium Thugs","floor":7.0,"turns":5.0},{"damage":0.0,"enemies":"Gremlin Nob","floor":13.0,"turns":3.0},{"damage":0.0,"enemies":"2 Fungi Beasts","floor":14.0,"turns":3.0},{"damage":21.0,"enemies":"Slime Boss","floor":16.0,"turns":11.0},{"damage":0.0,"enemies":"Chosen","floor":18.0,"turns":3.0},{"damage":8.0,"enemies":"Shell Parasite","floor":21.0,"turns":3.0},{"damage":2.0,"enemies":"Shelled Parasite and Fungi","floor":24.0,"turns":6.0},{"damage":9.0,"enemies":"Slavers","floor":25.0,"turns":6.0},{"damage":8.0,"enemies":"Snake Plant","floor":28.0,"turns":4.0},{"damage":0.0,"enemies":"Gremlin Leader","floor":29.0,"turns":7.0},{"damage":0,"enemies":"Cultist and Chosen","floor":31,"turns":3},{"damage":0,"enemies":"Champ","floor":33,"turns":10},{"damage":0,"enemies":"3 Shapes","floor":35,"turns":7},{"damage":0,"enemies":"Orb Walker","floor":36,"turns":2},{"damage":0,"enemies":"Transient","floor":37,"turns":5},{"damage":17,"enemies":"Jaw Worm Horde","floor":39,"turns":3},{"damage":0,"enemies":"Giant Head","floor":44,"turns":5},{"damage":0,"enemies":"Spire Growth","floor":45,"turns":3},{"damage":9,"enemies":"Reptomancer","floor":46,"turns":5},{"damage":63,"enemies":"Donu and Deca","floor":50,"turns":8}],"seed_played":"-2323523717391705868","potions_obtained":[{"floor":1.0,"key":"Fire Potion"},{"floor":3.0,"key":"LiquidMemories"},{"floor":7.0,"key":"SkillPotion"},{"floor":12.0,"key":"DuplicationPotion"},{"floor":16.0,"key":"SpeedPotion"},{"floor":18.0,"key":"Swift Potion"},{"floor":25.0,"key":"SmokeBomb"},{"floor":31,"key":"Fire Potion"},{"floor":33,"key":"GamblersBrew"},{"floor":36,"key":"FearPotion"},{"floor":45,"key":"LiquidBronze"},{"floor":46,"key":"EssenceOfSteel"}],"is_trial":false,"path_per_floor":["M","?","M","M","M","R","M","R","T","$","T","?","E","M","R","B",null,"M","?","?","M","$","R","M","E","T","R","M","E","T","M","R","B",null,"M","M","M","$","M","R","$","R","T","E","M","E","$","?","R","B"],"character_chosen":"THE_SILENT","items_purchased":["Cloak And Dagger","Swift Strike+1","Anchor"],"campfire_rested":1,"item_purchase_floors":[10,41,47],"current_hp_per_floor":[59,59,59,59,54,54,46,46,46,46,46,46,46,46,46,25,56,56,56,56,48,48,48,46,37,37,37,29,29,29,29,29,29,57,57,57,57,57,40,40,40,40,40,40,40,31,31,31,50,0,0],"gold":131,"neow_bonus":"BOSS_RELIC","is_daily":false,"chose_seed":false,"campfire_upgraded":8,"win_rate":0.0,"timestamp":1608467131,"path_taken":["M","?","M","M","M","R","M","R","T","$","?","?","E","?","R","BOSS","M","?","?","M","?","R","M","E","T","R","M","E","?","M","R","BOSS","M","M","M","$","M","R","$","R","T","E","M","E","$","?","R","BOSS"],"items_purchased_type":["Card","Card","Relic"],"build_version":"2020-12-13","purchased_purges":4,"victory":false,"max_hp_per_floor":[66,66,66,66,66,66,66,66,66,66,66,66,66,66,66,66,66,66,66,66,66,66,66,66,66,66,66,66,66,66,66,66,66,66,66,66,66,66,66,66,66,66,66,66,66,66,66,66,66,66,66],"card_choices":[{"not_picked":["Leg Sweep","Flying Knee"],"picked":"Deadly Poison","floor":1.0},{"not_picked":["Dodge and Roll","Outmaneuver","Deadly Poison"],"picked":"Dagger Throw","floor":3.0},{"not_picked":["Slice","Quick Slash","PiercingWail"],"picked":"Glass Knife","floor":4.0},{"not_picked":["Outmaneuver","Acrobatics","Well Laid Plans"],"picked":"PiercingWail","floor":5.0},{"not_picked":["Unload","Slice","Accuracy"],"picked":"Terror","floor":7.0},{"not_picked":["Sucker Punch","Dash","Dagger Spray"],"picked":"Backstab","floor":13.0},{"not_picked":["Poisoned Stab","Dagger Throw","Dodge and Roll"],"picked":"Choke","floor":14.0},{"not_picked":["Tools of the Trade","Bullet Time","Night Terror"],"picked":"After Image","floor":16.0},{"not_picked":["Bane","Quick Slash","Poisoned Stab"],"picked":"Blade Dance","floor":18.0},{"not_picked":["Quick Slash+1","Distraction","Riddle With Holes"],"picked":"PiercingWail","floor":21.0},{"not_picked":["Flying Knee+1","Backstab","Eviscerate"],"picked":"Backflip","floor":24.0},{"not_picked":["Predator+1","Dash","Bane"],"picked":"Blur","floor":25.0},{"not_picked":["Concentrate","Deadly Poison","Quick Slash","Acrobatics"],"picked":"SKIP","floor":28.0},{"not_picked":["Backstab","Choke","Heel Hook","Prepared+1"],"picked":"SKIP","floor":29.0},{"not_picked":["Dagger Spray+1","Leg Sweep+1","Skewer+1","Well Laid Plans"],"picked":"SKIP","floor":31},{"not_picked":["Burst+1","Night Terror+1","Glass Knife+1"],"picked":"Adrenaline+1","floor":33},{"not_picked":["Predator+1","Deadly Poison+1","Infinite Blades"],"picked":"Cloak And Dagger+1","floor":35},{"not_picked":["Leg Sweep+1","Dagger Spray+1","Sucker Punch+1"],"picked":"Well Laid Plans","floor":36},{"not_picked":["Sucker Punch+1","Terror+1","After Image"],"picked":"Blade Dance+1","floor":37},{"not_picked":["Dagger Throw+1","Eviscerate+1","Backflip+1","Poisoned Stab+1"],"picked":"SKIP","floor":39},{"not_picked":["Deflect+1","Footwork+1","Skewer+1"],"picked":"Tactician+1","floor":44},{"not_picked":["Bane+1","Prepared+1","Underhanded Strike+1"],"picked":"PiercingWail+1","floor":45},{"not_picked":["Dagger Throw+1","Underhanded Strike+1","Night Terror+1"],"picked":"PiercingWail+1","floor":46},{"not_picked":["Terror+1","Concentrate+1","Deflect+1"],"picked":"Finisher+1","floor":49}],"player_experience":1345051,"relics_obtained":[{"floor":0.0,"key":"Dream Catcher"},{"floor":0.0,"key":"Mercury Hourglass"},{"floor":0.0,"key":"FossilizedHelix"},{"floor":9.0,"key":"Blue Candle"},{"floor":11.0,"key":"Nunchaku"},{"floor":13.0,"key":"CeramicFish"},{"floor":25.0,"key":"Ancient Tea Set"},{"floor":26.0,"key":"Shuriken"},{"floor":29.0,"key":"Toxic Egg 2"},{"floor":30.0,"key":"Molten Egg 2"},{"floor":43,"key":"Oddly Smooth Stone"},{"floor":44,"key":"Omamori"},{"floor":46,"key":"Centennial Puzzle"}],"event_choices":[{"cards_removed":["Deadly Poison"],"damage_healed":0.0,"max_hp_gain":0.0,"max_hp_loss":0.0,"gold_gain":0.0,"event_name":"WeMeetAgain","player_choice":"Gave Card","floor":2.0,"gold_loss":0.0,"damage_taken":0.0,"relics_obtained":["Question Card"]},{"damage_healed":0.0,"max_hp_gain":0.0,"max_hp_loss":0.0,"gold_gain":0.0,"event_name":"Lab","player_choice":"Got Potions","floor":12.0,"gold_loss":0.0,"damage_taken":0.0},{"damage_healed":0.0,"max_hp_gain":0.0,"max_hp_loss":0.0,"gold_gain":0.0,"event_name":"Forgotten Altar","player_choice":"Smashed Altar","floor":19.0,"gold_loss":0.0,"damage_taken":0.0,"cards_obtained":["Decay"]},{"cards_removed":["Decay"],"damage_healed":0.0,"max_hp_gain":0.0,"max_hp_loss":0.0,"gold_gain":0.0,"event_name":"Beggar","player_choice":"Gave Gold","floor":20.0,"gold_loss":75.0,"damage_taken":0.0},{"cards_removed":["Cloak And Dagger"],"damage_healed":0,"gold_gain":0,"player_choice":"Removed Skill","damage_taken":0,"max_hp_gain":0,"max_hp_loss":0,"event_name":"Falling","floor":48,"gold_loss":0}],"is_beta":false,"boss_relics":[{"not_picked":["Pandora\u0027s Box","Fusion Hammer"],"picked":"WristBlade"},{"not_picked":["Runic Dome","Snecko Eye","Runic Pyramid"]}],"items_purged_floors":[10,22,38,41],"is_endless":false,"potions_floor_spawned":[1,3,7,16,18,25,31,33,36,45,46],"killed_by":"Donu and Deca","ascension_level":16}}