{"host":"5dk97cf2ubw2v967","time":1608479441,"event":{"mods":["AlwaysNeverKeys","BaseMod","Better Altar","Better Vampires","Block Reminder","Colored Powertips","Downfall","Googly Eyes","Highlight Path","Minty Spire (QoL Compilation)","Permanent Neow","Potion Indicator Mod","Quick Restart","Relic Filter","Relic Stats","Say the Spire","Spicy Shops","StSLib","Waifu the Spire","everything is the same but u backflip on backflip"],"gold_per_floor":[119,134,134,152,152,152,185,198,198,215,230,230,262,279,279,352,352,372,372,34,47,47,47,81,81,104,131,131,131,6,22,22,99,99,115,25,75,88,104,104,133,133,133],"floor_reached":42,"playtime":2416,"items_purged":["Strike_B","Amplify+1","Writhe"],"score":976,"play_id":"4253ff14-e785-421a-9705-e74e96f8a3f0","local_time":"20201220155041","is_ascension_mode":true,"campfire_choices":[{"data":"Zap","floor":6.0,"key":"SMITH"},{"floor":12.0,"key":"REST"},{"data":"expansioncontent:DefensiveStance","floor":15.0,"key":"SMITH"},{"data":"expansioncontent:QuickStudy","floor":23.0,"key":"SMITH"},{"floor":25.0,"key":"REST"},{"floor":32.0,"key":"REST"},{"data":"Skim","floor":40.0,"key":"SMITH"}],"circlet_count":0,"master_deck":["AscendersBane","Defend_B","Defend_B","Defend_B","Defend_B","Zap+1","Dualcast","Gash","Gash","Gash","Skim+1","Gash","Acrobatics","Conserve Battery","Violence","expansioncontent:DefensiveStance+1","expansioncontent:QuickStudy+1","Aggregate+1","Coolheaded+1","Hologram","Double Energy","Malaise","Gash+1","Dark Shackles"],"relics":["Cracked Core","Torii","Letter Opener","Spirit Poop","Mango","PrismaticShard","Question Card","Astrolabe","Centennial Puzzle","TungstenRod","Vajra","MealTicket","Ancient Tea Set","MutagenicStrength","Inserter","Art of War"],"acts_visited":["Exordium","TheCity","TheBeyond"],"potions_floor_usage":[42],"damage_taken":[{"damage":7.0,"enemies":"Jaw Worm","floor":1.0,"turns":4.0},{"damage":0.0,"enemies":"Cultist","floor":2.0,"turns":3.0},{"damage":1.0,"enemies":"2 Louse","floor":4.0,"turns":2.0},{"damage":20.0,"enemies":"Lagavulin","floor":7.0,"turns":7.0},{"damage":9.0,"enemies":"Blue Slaver","floor":8.0,"turns":3.0},{"damage":6.0,"enemies":"2 Fungi Beasts","floor":10.0,"turns":3.0},{"damage":0.0,"enemies":"Large Slime","floor":11.0,"turns":4.0},{"damage":32.0,"enemies":"Gremlin Nob","floor":13.0,"turns":4.0},{"damage":3.0,"enemies":"Gremlin Gang","floor":14.0,"turns":3.0},{"damage":13.0,"enemies":"The Guardian","floor":16.0,"turns":12.0},{"damage":24.0,"enemies":"2 Thieves","floor":18.0,"turns":4.0},{"damage":0.0,"enemies":"Shell Parasite","floor":21.0,"turns":3.0},{"damage":13.0,"enemies":"Slavers","floor":24.0,"turns":3.0},{"damage":30.0,"enemies":"Gremlin Leader","floor":27.0,"turns":5.0},{"damage":6.0,"enemies":"Snake Plant","floor":31.0,"turns":4.0},{"damage":23.0,"enemies":"Champ","floor":33.0,"turns":10.0},{"damage":21.0,"enemies":"3 Darklings","floor":35.0,"turns":2.0},{"damage":0.0,"enemies":"Orb Walker","floor":38.0,"turns":5.0},{"damage":16.0,"enemies":"4 Shapes","floor":39.0,"turns":4.0},{"damage":31,"enemies":"Reptomancer","floor":41,"turns":8},{"damage":26,"enemies":"Transient","floor":42,"turns":6}],"seed_played":"-1885946386821967907","potions_obtained":[{"floor":1.0,"key":"Slimebound:ThreeZeroPotion"},{"floor":8.0,"key":"FearPotion"},{"floor":11.0,"key":"sneckomod:MuddlingPotion"},{"floor":13.0,"key":"LiquidMemories"},{"floor":14.0,"key":"SkillPotion"},{"floor":18.0,"key":"PotionOfCapacity"},{"floor":21.0,"key":"GamblersBrew"},{"floor":33.0,"key":"Weak Potion"}],"is_trial":false,"path_per_floor":["M","M","?","M","?","R","E","M","T","M","M","R","E","M","R","B",null,"M","?","$","M","?","R","E","R","T","E","?","?","$","M","R","B",null,"M","$","?","M","M","R","E","M"],"character_chosen":"DEFECT","items_purchased":["Centennial Puzzle","Dark Shackles"],"campfire_rested":3,"item_purchase_floors":[20,36],"current_hp_per_floor":[57,57,57,56,56,56,50,41,41,35,35,60,28,25,25,12,67,43,43,43,43,43,43,30,55,55,25,25,25,40,34,59,36,73,52,67,67,67,51,51,20,0,0],"gold":133,"neow_bonus":"ONE_RARE_RELIC","is_daily":false,"chose_seed":false,"campfire_upgraded":4,"win_rate":0.0,"timestamp":1608479441,"path_taken":["M","M","?","?","?","R","E","M","T","M","?","R","E","M","R","BOSS","M","?","$","M","?","R","E","R","T","E","?","?","$","M","R","BOSS","M","$","?","?","M","R","E","M"],"items_purchased_type":["Relic","Card"],"build_version":"2020-12-13","purchased_purges":3,"victory":false,"max_hp_per_floor":[71,71,71,71,71,71,85,85,85,85,85,85,85,85,85,85,85,85,85,85,85,85,85,85,85,85,85,85,85,85,85,85,85,85,85,85,85,85,85,85,85,85,85],"relic_stats":{"Centennial Puzzle":[24],"Inserter":[12],"Torii":36,"counters":[21,99],"Astrolabe":["Aggregate","Coolheaded","Amplify"],"MealTicket":30,"Art of War":[0],"Letter Opener":[390],"Question Card":13,"obtain_stats":[{"Inserter":34,"Torii":0,"Astrolabe":17,"Spirit Poop":5,"Vajra":24,"Mango":7,"Letter Opener":3,"PrismaticShard":9,"Question Card":13,"Ancient Tea Set":27,"Centennial Puzzle":20,"MutagenicStrength":28,"MealTicket":26,"Art of War":41,"Cracked Core":0,"TungstenRod":22},{"Inserter":16,"Torii":0,"Astrolabe":10,"Spirit Poop":3,"Vajra":13,"Mango":4,"Letter Opener":2,"PrismaticShard":5,"Question Card":8,"Ancient Tea Set":14,"Centennial Puzzle":11,"MutagenicStrength":14,"MealTicket":13,"Art of War":20,"Cracked Core":0,"TungstenRod":12},{"Inserter":74,"Torii":0,"Astrolabe":45,"Spirit Poop":9,"Vajra":55,"Mango":16,"Letter Opener":7,"PrismaticShard":19,"Question Card":30,"Ancient Tea Set":60,"Centennial Puzzle":49,"MutagenicStrength":60,"MealTicket":55,"Art of War":93,"Cracked Core":0,"TungstenRod":52}],"TungstenRod":24},"card_choices":[{"not_picked":["Streamline","Coolheaded"],"picked":"Gash","floor":1.0},{"not_picked":["Go for the Eyes","Undo"],"picked":"Gash","floor":2.0},{"not_picked":["Coolheaded","Cold Snap"],"picked":"Gash","floor":4.0},{"not_picked":["Beam Cell","Chaos"],"picked":"Skim","floor":7.0},{"not_picked":["Cold Snap","Hologram"],"picked":"Gash","floor":8.0},{"not_picked":["Guardian:CrystalBeam","Guardian:PiercingHide"],"picked":"Acrobatics","floor":10.0},{"not_picked":["Guardian:Suspension","Slimebound:LeadByExample"],"picked":"Conserve Battery","floor":11.0},{"not_picked":["hexamod:EtherealExpedition","hexamod:SoulSteal"],"picked":"Violence","floor":13.0},{"not_picked":["champ:TornadoPunch","ReachHeaven","champ:Shatter"],"picked":"expansioncontent:DefensiveStance","floor":14.0},{"not_picked":["Juggernaut","sneckomod:UnknownRareSkill","Guardian:AncientConstruct"],"picked":"expansioncontent:QuickStudy","floor":16.0},{"not_picked":["Guardian:PrismaticBarrier","SashWhip","champ:Duel","Redo"],"picked":"SKIP","floor":18.0},{"not_picked":["FollowUp","champ:StanceDance","champ:DeathBlow"],"picked":"Hologram","floor":21.0},{"not_picked":["Feed","hexamod:ThermalTransfer+1","sneckomod:SoulCleanse+1","Slimebound:Repurpose"],"picked":"SKIP","floor":24.0},{"not_picked":["sneckomod:SoulDraw","Storm","Dual Wield","sneckomod:UnknownClassSLIMEBOUND"],"picked":"SKIP","floor":27.0},{"not_picked":["Slimebound:LevelUp","Compile Driver","champ:Backstep","Slimebound:FinishingTackle"],"picked":"SKIP","floor":31.0},{"not_picked":["hexamod:VolcanoVisage","Slimebound:Teamwork","champ:Devastate"],"picked":"Malaise","floor":33.0},{"not_picked":["champ:FanOfKnives","expansioncontent:Collect","sneckomod:UnknownStrike"],"picked":"Gash+1","floor":35.0},{"not_picked":["champ:ShieldWall","FlyingSleeves","champ:PerfectedStrike","sneckomod:UnknownEthereal"],"picked":"SKIP","floor":38.0},{"not_picked":["Guardian:CrystalBeam+1","Headbutt","Cleave+1","Redo+1"],"picked":"SKIP","floor":39.0},{"not_picked":["Forethought","Juggernaut","Dagger Throw+1","Weave"],"picked":"SKIP","floor":41}],"player_experience":1245516,"relics_obtained":[{"floor":7.0,"key":"Mango"},{"floor":9.0,"key":"PrismaticShard"},{"floor":13.0,"key":"Question Card"},{"floor":24.0,"key":"Vajra"},{"floor":26.0,"key":"MealTicket"},{"floor":27.0,"key":"Ancient Tea Set"},{"floor":41,"key":"Art of War"}],"event_choices":[{"damage_healed":0.0,"max_hp_gain":0.0,"max_hp_loss":0.0,"gold_gain":0.0,"event_name":"WeMeetAgain","player_choice":"Gave Potion","floor":3.0,"gold_loss":0.0,"damage_taken":0.0,"relics_obtained":["Letter Opener"]},{"cards_removed":["Injury"],"damage_healed":0.0,"max_hp_gain":0.0,"max_hp_loss":0.0,"gold_gain":0.0,"event_name":"Bonfire Elementals","player_choice":"Offered Curse","floor":5.0,"gold_loss":0.0,"damage_taken":0.0,"relics_obtained":["Spirit Poop"]},{"damage_healed":0.0,"max_hp_gain":0.0,"max_hp_loss":0.0,"gold_gain":0.0,"event_name":"Ghosts","player_choice":"Ignored","floor":19.0,"gold_loss":0.0,"damage_taken":0.0},{"damage_healed":0.0,"max_hp_gain":0.0,"max_hp_loss":0.0,"gold_gain":0.0,"event_name":"The Mausoleum","player_choice":"Opened","floor":22.0,"gold_loss":0.0,"damage_taken":0.0,"relics_obtained":["TungstenRod"],"cards_obtained":["Writhe"]},{"damage_healed":0.0,"max_hp_gain":0.0,"max_hp_loss":0.0,"gold_gain":0.0,"event_name":"Drug Dealer","player_choice":"Inject Mutagens","floor":28.0,"gold_loss":0.0,"damage_taken":0.0,"relics_obtained":["MutagenicStrength"]},{"damage_healed":0.0,"max_hp_gain":0.0,"max_hp_loss":0.0,"gold_gain":0.0,"event_name":"The Library","player_choice":"Read","floor":29.0,"gold_loss":0.0,"damage_taken":0.0,"cards_obtained":["Double Energy"]},{"damage_healed":0.0,"max_hp_gain":0.0,"max_hp_loss":0.0,"gold_gain":50.0,"event_name":"Golden Shrine","player_choice":"Pray","floor":37.0,"gold_loss":0.0,"damage_taken":0.0}],"is_beta":false,"boss_relics":[{"not_picked":["Velvet Choker","Runic Dome"],"picked":"Astrolabe"},{"not_picked":["SacredBark","Empty Cage"],"picked":"Inserter"}],"items_purged_floors":[20,20,30],"is_endless":false,"potions_floor_spawned":[1,8,11,13,14,18,21,33,39],"killed_by":"Transient","ascension_level":20}}