{"host":"xyexbe31ku0ov20l","time":1608504366,"event":{"mods":["AchievementEnabler","AlwaysNeverKeys","BaseMod","Bestiary","Block Reminder","Colored Map","Colored Powertips","Curses Come First","Displayed Cursed Tome","Minty Spire (QoL Compilation)","Permanent Neow","Quick Restart","Random Character Button","Rare Cards Sparkle","Relic Stats","StSLib"],"gold_per_floor":[154,209,240,28,28,77,77,77,77,132,168,214,232,290,290,365,365,408,450,450,90,130,130,161,76,76,89,89,119,119,154,154,253,303,315,315,378,378,20,20,20,20,43,43,72,72,72,118,118,118,118],"floor_reached":50,"playtime":3973,"items_purged":["Regret"],"score":1331,"play_id":"150878b8-1a11-4d41-87c0-6f4845847684","local_time":"20201220144606","is_ascension_mode":true,"campfire_choices":[{"floor":8.0,"key":"REST"},{"data":"HandOfGreed","floor":15.0,"key":"SMITH"},{"floor":23.0,"key":"REST"},{"floor":28.0,"key":"REST"},{"floor":30.0,"key":"REST"},{"floor":32.0,"key":"REST"},{"floor":40.0,"key":"REST"},{"floor":49.0,"key":"REST"}],"circlet_count":0,"master_deck":["AscendersBane","Strike_G","Strike_G+1","Strike_G+1","Strike_G","Defend_G","Defend_G","Defend_G","Defend_G","Survivor","Neutralize","HandOfGreed+1","Backstab+1","Escape Plan","Noxious Fumes","Sadistic Nature","Dagger Spray","Quick Slash","Corpse Explosion","Sucker Punch","Blur","Calculated Gamble","Adrenaline","Deadly Poison","Masterful Stab","Acrobatics","Backflip","Escape Plan","Escape Plan","Calculated Gamble","A Thousand Cuts","Acrobatics","Choke","Bane","Madness","Madness","Enlightenment","Escape Plan+1","Doubt","Slice"],"relics":["Ring of the Serpent","HornCleat","Whetstone","Juzu Bracelet","White Beast Statue","Akabeko","TungstenRod","MutagenicStrength","Bottled Flame","Mummified Hand","Nunchaku","Mercury Hourglass","InkBottle","Tiny House","Ginger","Oddly Smooth Stone","Bottled Lightning","Du-Vu Doll"],"acts_visited":["Exordium","TheCity","TheBeyond"],"potions_floor_usage":[50],"damage_taken":[{"damage":0.0,"enemies":"2 Louse","floor":1.0,"turns":4.0},{"damage":2.0,"enemies":"Small Slimes","floor":2.0,"turns":4.0},{"damage":0.0,"enemies":"Cultist","floor":3.0,"turns":2.0},{"damage":0.0,"enemies":"3 Sentries","floor":6.0,"turns":6.0},{"damage":0.0,"enemies":"Gremlin Nob","floor":10.0,"turns":3.0},{"damage":13.0,"enemies":"Exordium Wildlife","floor":11.0,"turns":4.0},{"damage":0.0,"enemies":"Lagavulin","floor":12.0,"turns":3.0},{"damage":0.0,"enemies":"3 Louse","floor":13.0,"turns":1.0},{"damage":2.0,"enemies":"Large Slime","floor":14.0,"turns":6.0},{"damage":20.0,"enemies":"Hexaghost","floor":16.0,"turns":9.0},{"damage":13.0,"enemies":"2 Thieves","floor":18.0,"turns":3.0},{"damage":3.0,"enemies":"3 Byrds","floor":19.0,"turns":2.0},{"damage":23.0,"enemies":"Sentry and Sphere","floor":22.0,"turns":6.0},{"damage":17.0,"enemies":"Book of Stabbing","floor":24.0,"turns":5.0},{"damage":0.0,"enemies":"Snecko","floor":27.0,"turns":4.0},{"damage":12.0,"enemies":"Gremlin Leader","floor":29.0,"turns":6.0},{"damage":9.0,"enemies":"Shelled Parasite and Fungi","floor":31.0,"turns":4.0},{"damage":43.0,"enemies":"Automaton","floor":33.0,"turns":9.0},{"damage":6.0,"enemies":"3 Darklings","floor":35.0,"turns":3.0},{"damage":5.0,"enemies":"3 Shapes","floor":37.0,"turns":2.0},{"damage":46.0,"enemies":"Reptomancer","floor":45.0,"turns":6.0},{"damage":0.0,"enemies":"Maw","floor":46.0,"turns":4.0},{"damage":30.0,"enemies":"2 Orb Walkers","floor":48.0,"turns":3.0},{"damage":56,"enemies":"Awakened One","floor":50,"turns":9}],"seed_played":"5090453384926159543","potions_obtained":[{"floor":1.0,"key":"ColorlessPotion"},{"floor":6.0,"key":"Energy Potion"},{"floor":10.0,"key":"SpeedPotion"},{"floor":12.0,"key":"EssenceOfSteel"},{"floor":19.0,"key":"PowerPotion"},{"floor":22.0,"key":"Dexterity Potion"},{"floor":24.0,"key":"Swift Potion"},{"floor":27.0,"key":"LiquidBronze"},{"floor":29.0,"key":"GamblersBrew"},{"floor":31.0,"key":"AttackPotion"},{"floor":33.0,"key":"Ancient Potion"},{"floor":34.0,"key":"LiquidMemories"},{"floor":37.0,"key":"Strength Potion"},{"floor":45.0,"key":"SmokeBomb"},{"floor":48.0,"key":"PowerPotion"}],"is_trial":false,"path_per_floor":["M","M","M","$","?","E","?","R","T","E","M","E","M","M","R","B",null,"M","M","?","$","M","R","E","?","T","M","R","E","R","M","R","B",null,"M","?","M","?","$","R","?","?","T","?","E","M","?","?","R","B"],"character_chosen":"THE_SILENT","items_purchased":["Sadistic Nature","Dagger Spray","Bottled Flame","Bane","Ginger"],"campfire_rested":7,"item_purchase_floors":[4,4,21,39,39],"current_hp_per_floor":[59,57,57,57,57,57,39,57,57,57,44,44,44,42,42,22,51,38,35,35,35,12,30,13,13,13,13,31,19,37,28,46,3,51,45,45,40,40,40,59,59,48,48,48,2,2,65,35,54,0,0],"gold":118,"neow_bonus":"RANDOM_COLORLESS_2","is_daily":false,"chose_seed":false,"campfire_upgraded":1,"win_rate":0.0,"timestamp":1608504366,"path_taken":["M","M","M","$","?","E","?","R","T","E","M","E","M","M","R","BOSS","M","M","?","$","M","R","E","?","T","M","R","E","R","M","R","BOSS","M","?","M","?","$","R","?","?","T","?","E","M","?","?","R","BOSS"],"items_purchased_type":["Card","Card","Relic","Card","Relic"],"build_version":"2020-12-13","purchased_purges":1,"victory":false,"max_hp_per_floor":[60,60,60,60,60,60,60,60,60,60,60,60,60,60,60,60,60,60,60,60,60,60,60,60,60,60,60,60,60,60,60,60,60,65,65,65,65,65,65,65,65,65,65,65,65,65,65,65,65,65,65],"relic_stats":{"Nunchaku":[9],"counters":[24,108],"Mummified Hand":[24],"Juzu Bracelet":1,"Whetstone":["Strike_G","Backstab"],"Ginger":[7],"obtain_stats":[{"Tiny House":34,"Oddly Smooth Stone":43,"Juzu Bracelet":7,"Whetstone":6,"Ginger":39,"White Beast Statue":9,"Akabeko":10,"Mercury Hourglass":26,"Du-Vu Doll":48,"Bottled Flame":21,"Nunchaku":25,"HornCleat":5,"Mummified Hand":24,"MutagenicStrength":20,"Bottled Lightning":45,"TungstenRod":12,"Ring of the Serpent":17,"InkBottle":29,"Ring of the Snake":0},{"Tiny House":18,"Oddly Smooth Stone":20,"Juzu Bracelet":4,"Whetstone":4,"Ginger":20,"White Beast Statue":4,"Akabeko":5,"Mercury Hourglass":14,"Du-Vu Doll":23,"Bottled Flame":12,"Nunchaku":14,"HornCleat":3,"Mummified Hand":14,"MutagenicStrength":12,"Bottled Lightning":21,"TungstenRod":7,"Ring of the Serpent":10,"InkBottle":16,"Ring of the Snake":0},{"Tiny House":81,"Oddly Smooth Stone":86,"Juzu Bracelet":16,"Whetstone":16,"Ginger":86,"White Beast Statue":16,"Akabeko":19,"Mercury Hourglass":58,"Du-Vu Doll":99,"Bottled Flame":47,"Nunchaku":58,"HornCleat":10,"Mummified Hand":58,"MutagenicStrength":47,"Bottled Lightning":92,"TungstenRod":26,"Ring of the Serpent":42,"InkBottle":68,"Ring of the Snake":0}],"TungstenRod":58,"InkBottle":[25],"Mercury Hourglass":[229]},"card_choices":[{"not_picked":["Metamorphosis","The Bomb"],"picked":"HandOfGreed","floor":0.0},{"not_picked":["Quick Slash","Deflect"],"picked":"Backstab","floor":1.0},{"not_picked":["Cloak And Dagger","Underhanded Strike"],"picked":"Escape Plan","floor":2.0},{"not_picked":["Heel Hook","Quick Slash"],"picked":"Noxious Fumes","floor":3.0},{"not_picked":["Sucker Punch","Finisher"],"picked":"Quick Slash","floor":6.0},{"not_picked":["Cloak And Dagger","Flying Knee"],"picked":"Corpse Explosion","floor":10.0},{"not_picked":["Expertise","Concentrate"],"picked":"Sucker Punch","floor":11.0},{"not_picked":["Prepared","Deflect"],"picked":"Blur","floor":12.0},{"not_picked":["Dagger Spray","Expertise"],"picked":"Calculated Gamble","floor":13.0},{"not_picked":["Accuracy","Blade Dance","Slice"],"picked":"SKIP","floor":14.0},{"not_picked":["Malaise","Corpse Explosion"],"picked":"Adrenaline","floor":16.0},{"not_picked":["Cloak And Dagger","Flying Knee+1"],"picked":"Deadly Poison","floor":18.0},{"not_picked":["Endless Agony+1","Outmaneuver"],"picked":"Masterful Stab","floor":19.0},{"not_picked":["Slice+1","Quick Slash"],"picked":"Acrobatics","floor":22.0},{"not_picked":["Blade Dance","Concentrate"],"picked":"Backflip","floor":24.0},{"not_picked":["Quick Slash","Dodge and Roll"],"picked":"Escape Plan","floor":27.0},{"not_picked":["Storm of Steel","Prepared"],"picked":"Escape Plan","floor":29.0},{"not_picked":["Flying Knee","Eviscerate"],"picked":"Calculated Gamble","floor":31.0},{"not_picked":["Glass Knife","Burst"],"picked":"A Thousand Cuts","floor":33.0},{"not_picked":["Dagger Throw","Poisoned Stab"],"picked":"Acrobatics","floor":34.0},{"not_picked":["Sucker Punch+1","Dodge and Roll","Doppelganger"],"picked":"SKIP","floor":35.0},{"not_picked":["Deflect","Deadly Poison"],"picked":"Choke","floor":37.0},{"not_picked":["Trip","Sadistic Nature"],"picked":"Enlightenment","floor":44.0},{"not_picked":["Flying Knee","Deflect"],"picked":"Escape Plan+1","floor":45.0},{"not_picked":["Quick Slash+1","Tactician"],"picked":"Slice","floor":48.0}],"player_experience":2236679,"relics_obtained":[{"floor":6.0,"key":"Whetstone"},{"floor":9.0,"key":"White Beast Statue"},{"floor":10.0,"key":"Akabeko"},{"floor":12.0,"key":"TungstenRod"},{"floor":24.0,"key":"Mummified Hand"},{"floor":26.0,"key":"Mercury Hourglass"},{"floor":29.0,"key":"InkBottle"},{"floor":43.0,"key":"Oddly Smooth Stone"},{"floor":45.0,"key":"Bottled Lightning"},{"floor":48.0,"key":"Du-Vu Doll"}],"event_choices":[{"damage_healed":0.0,"max_hp_gain":0.0,"max_hp_loss":0.0,"gold_gain":0.0,"event_name":"Big Fish","player_choice":"Box","floor":5.0,"gold_loss":0.0,"damage_taken":0.0,"relics_obtained":["HornCleat"],"cards_obtained":["Regret"]},{"damage_healed":0.0,"max_hp_gain":0.0,"max_hp_loss":0.0,"gold_gain":0.0,"event_name":"Scrap Ooze","player_choice":"Success","floor":7.0,"gold_loss":0.0,"damage_taken":18.0,"relics_obtained":["Juzu Bracelet"]},{"damage_healed":0.0,"max_hp_gain":0.0,"max_hp_loss":0.0,"gold_gain":0.0,"event_name":"Drug Dealer","player_choice":"Inject Mutagens","floor":20.0,"gold_loss":0.0,"damage_taken":0.0,"relics_obtained":["MutagenicStrength"]},{"damage_healed":0.0,"max_hp_gain":0.0,"max_hp_loss":0.0,"gold_gain":0.0,"event_name":"Addict","player_choice":"Obtained Relic","floor":25.0,"gold_loss":85.0,"damage_taken":0.0,"relics_obtained":["Nunchaku"]},{"damage_healed":0.0,"max_hp_gain":0.0,"max_hp_loss":0.0,"gold_gain":0.0,"event_name":"Tomb of Lord Red Mask","player_choice":"Ignored","floor":36.0,"gold_loss":0.0,"damage_taken":0.0},{"cards_removed":["Strike_G"],"damage_healed":0.0,"max_hp_gain":0.0,"max_hp_loss":0.0,"gold_gain":0.0,"event_name":"Purifier","player_choice":"Purged","floor":38.0,"gold_loss":0.0,"damage_taken":0.0},{"cards_removed":["Defend_G"],"damage_healed":0.0,"max_hp_gain":0.0,"max_hp_loss":0.0,"gold_gain":0.0,"event_name":"Falling","player_choice":"Removed Skill","floor":41.0,"gold_loss":0.0,"damage_taken":0.0},{"damage_healed":0.0,"max_hp_gain":0.0,"max_hp_loss":0.0,"gold_gain":0.0,"event_name":"Winding Halls","player_choice":"Embrace Madness","floor":42.0,"gold_loss":0.0,"damage_taken":12.0,"cards_obtained":["Madness","Madness"]},{"damage_healed":0.0,"max_hp_gain":0.0,"max_hp_loss":0.0,"gold_gain":0.0,"event_name":"SensoryStone","player_choice":"Memory 1","floor":44.0,"gold_loss":0.0,"damage_taken":0.0},{"damage_healed":63.0,"max_hp_gain":0.0,"max_hp_loss":0.0,"gold_gain":0.0,"event_name":"MindBloom","player_choice":"Heal","floor":47.0,"gold_loss":0.0,"damage_taken":0.0,"cards_obtained":["Doubt"]},{"damage_healed":0.0,"max_hp_gain":0.0,"max_hp_loss":0.0,"gold_gain":0.0,"event_name":"Mysterious Sphere","player_choice":"Fight","floor":48.0,"gold_loss":0.0,"damage_taken":0.0}],"is_beta":false,"boss_relics":[{"not_picked":["SlaversCollar","Coffee Dripper"],"picked":"Ring of the Serpent"},{"not_picked":["Snecko Eye","Velvet Choker"],"picked":"Tiny House"}],"items_purged_floors":[21],"is_endless":false,"potions_floor_spawned":[1,6,10,11,12,13,14,16,18,19,22,24,27,29,31,33,35,37,45,46,48],"killed_by":"Awakened One","ascension_level":20}}