{"host":"bxn2em57qlx5u4i0","time":1608492333,"event":{"mods":["BaseMod","Colored Map","Colored Powertips","Highlight Path","Minty Spire (QoL Compilation)","Random Character Button","Relic Sorter","Relic Stats","StSLib","SuperFastMode"],"gold_per_floor":[113,130,130,144,69,103,115,159,225,237,324,364,391,44,44,119,119,130,180,180,13,26,26,58,108,178,178,194,213,313,347,347,422,422,436,386,397,409,428,428,462,295,295,295,309,335,335,335,335,335,335],"floor_reached":50,"playtime":1941,"items_purged":["Strike_G","Strike_G"],"score":1312,"play_id":"5e251401-54ae-46be-af0b-9846587e4b7e","local_time":"20201220142533","is_ascension_mode":true,"campfire_choices":[{"data":"All Out Attack","floor":7.0,"key":"SMITH"},{"data":"Terror","floor":10.0,"key":"SMITH"},{"data":"Catalyst","floor":15.0,"key":"SMITH"},{"data":"Burst","floor":23.0,"key":"SMITH"},{"data":"Noxious Fumes","floor":27.0,"key":"SMITH"},{"data":"Bouncing Flask","floor":32,"key":"SMITH"},{"data":"Catalyst","floor":40,"key":"SMITH"},{"floor":47,"key":"RECALL"},{"data":"Madness","floor":49,"key":"SMITH"}],"circlet_count":0,"master_deck":["AscendersBane","Survivor","Neutralize","Backstab","Terror+1","Quick Slash","Backflip","All Out Attack+1","Endless Agony+1","Backstab","Noxious Fumes+1","Backflip","Catalyst+1","Die Die Die","Burst+1","Masterful Stab","Endless Agony","Escape Plan","Backflip","Bouncing Flask+1","Die Die Die+1","Calculated Gamble","Tools of the Trade","Blur+1","Well Laid Plans+1","Backflip+1","Terror+1","Catalyst+1","Madness+1","Madness"],"relics":["Ring of the Snake","HornCleat","MawBank","Blood Vial","Art of War","Incense Burner","PreservedInsect","Pandora\u0027s Box","Oddly Smooth Stone","Letter Opener","Dead Branch","StrikeDummy","Bird Faced Urn","Astrolabe","MealTicket","Medical Kit","Gremlin Horn","Boot"],"acts_visited":["Exordium","TheCity","TheBeyond"],"potions_floor_usage":[29,41,46],"damage_taken":[{"damage":0.0,"enemies":"Jaw Worm","floor":1.0,"turns":2.0},{"damage":0.0,"enemies":"2 Louse","floor":2.0,"turns":3.0},{"damage":0.0,"enemies":"Cultist","floor":4.0,"turns":2.0},{"damage":5.0,"enemies":"3 Sentries","floor":6.0,"turns":8.0},{"damage":13.0,"enemies":"Gremlin Nob","floor":8.0,"turns":4.0},{"damage":0.0,"enemies":"Lagavulin","floor":12.0,"turns":2.0},{"damage":0.0,"enemies":"Looter","floor":13.0,"turns":2.0},{"damage":2.0,"enemies":"The Guardian","floor":16.0,"turns":9.0},{"damage":0.0,"enemies":"3 Byrds","floor":18.0,"turns":1.0},{"damage":0.0,"enemies":"Spheric Guardian","floor":22.0,"turns":3.0},{"damage":3.0,"enemies":"Book of Stabbing","floor":24.0,"turns":3.0},{"damage":1.0,"enemies":"Snake Plant","floor":28.0,"turns":4.0},{"damage":0,"enemies":"Shelled Parasite and Fungi","floor":29,"turns":3},{"damage":2,"enemies":"Colosseum Slavers","floor":30,"turns":3},{"damage":7,"enemies":"Colosseum Nobs","floor":30,"turns":2},{"damage":0,"enemies":"Gremlin Leader","floor":31,"turns":3},{"damage":34,"enemies":"Automaton","floor":33,"turns":10},{"damage":0,"enemies":"3 Darklings","floor":35,"turns":3},{"damage":0,"enemies":"Orb Walker","floor":37,"turns":3},{"damage":1,"enemies":"4 Shapes","floor":38,"turns":4},{"damage":0,"enemies":"3 Darklings","floor":39,"turns":2},{"damage":33,"enemies":"Reptomancer","floor":41,"turns":5},{"damage":0,"enemies":"Transient","floor":45,"turns":6},{"damage":12,"enemies":"Nemesis","floor":46,"turns":7},{"damage":49,"enemies":"Awakened One","floor":50,"turns":12}],"seed_played":"-5608960585559883982","potions_obtained":[{"floor":2.0,"key":"Ancient Potion"},{"floor":4.0,"key":"Swift Potion"},{"floor":6.0,"key":"ColorlessPotion"},{"floor":12.0,"key":"SteroidPotion"},{"floor":24.0,"key":"Block Potion"},{"floor":33,"key":"LiquidMemories"},{"floor":35,"key":"BlessingOfTheForge"},{"floor":41,"key":"ColorlessPotion"}],"is_trial":false,"path_per_floor":["M","M","?","M","$","E","R","E","T","R","?","E","M","$","R","B",null,"M","?","?","$","M","R","E","?","T","R","M","M","?","E","R","B",null,"M","?","M","M","M","R","E","$","T","?","M","E","R","?","R","B"],"character_chosen":"THE_SILENT","items_purchased":["PreservedInsect","Catalyst","Oddly Smooth Stone","Medical Kit"],"campfire_rested":0,"item_purchase_floors":[14,14,21,42],"current_hp_per_floor":[59,59,33,33,33,28,28,15,15,15,4,6,8,8,8,8,47,49,49,49,49,51,51,50,44,44,44,45,47,42,44,44,24,51,55,55,59,60,60,60,29,44,44,33,45,51,51,51,51,14,14],"gold":335,"neow_bonus":"TRANSFORM_TWO_CARDS","is_daily":false,"chose_seed":false,"campfire_upgraded":8,"win_rate":0.0,"timestamp":1608492333,"path_taken":["M","M","?","M","$","E","R","E","T","R","?","E","M","$","R","BOSS","M","?","?","$","M","R","E","?","T","R","?","M","?","E","R","BOSS","M","?","M","?","M","R","E","$","T","?","M","E","R","?","R","BOSS"],"items_purchased_type":["Relic","Card","Relic","Relic"],"build_version":"2020-12-13","purchased_purges":2,"victory":false,"max_hp_per_floor":[60,60,60,60,60,60,60,60,60,60,60,60,60,60,60,60,60,60,60,60,60,60,60,60,60,60,60,60,60,60,60,60,60,60,60,60,60,60,60,60,60,60,60,60,60,60,60,60,60,60,60],"relic_stats":{"Gremlin Horn":[3,3],"counters":[25,106],"Dead Branch":[146],"Astrolabe":["Blur","Well Laid Plans","Backflip"],"PreservedInsect":238,"Letter Opener":[383],"MawBank":96,"Medical Kit":[6],"Boot":[11],"Blood Vial":35,"Bird Faced Urn":[55],"Pandora\u0027s Box":["Burst","Distraction","Prepared","Masterful Stab","Distraction","Endless Agony"],"MealTicket":15,"Art of War":[7],"obtain_stats":[{"Gremlin Horn":43,"Dead Branch":30,"Astrolabe":34,"Oddly Smooth Stone":21,"PreservedInsect":14,"Incense Burner":12,"Letter Opener":24,"MawBank":6,"Medical Kit":42,"Boot":46,"Blood Vial":8,"HornCleat":3,"Bird Faced Urn":31,"Pandora\u0027s Box":17,"MealTicket":41,"Art of War":9,"StrikeDummy":30,"Ring of the Snake":0},{"Gremlin Horn":22,"Dead Branch":15,"Astrolabe":17,"Oddly Smooth Stone":9,"PreservedInsect":7,"Incense Burner":6,"Letter Opener":11,"MawBank":4,"Medical Kit":22,"Boot":24,"Blood Vial":5,"HornCleat":2,"Bird Faced Urn":16,"Pandora\u0027s Box":8,"MealTicket":22,"Art of War":5,"StrikeDummy":15,"Ring of the Snake":0},{"Gremlin Horn":81,"Dead Branch":51,"Astrolabe":64,"Oddly Smooth Stone":33,"PreservedInsect":23,"Incense Burner":21,"Letter Opener":39,"MawBank":15,"Medical Kit":81,"Boot":94,"Blood Vial":19,"HornCleat":5,"Bird Faced Urn":54,"Pandora\u0027s Box":32,"MealTicket":81,"Art of War":19,"StrikeDummy":51,"Ring of the Snake":0}],"Ring of the Snake":[51]},"card_choices":[{"not_picked":["Backflip","Distraction"],"picked":"Quick Slash","floor":1.0},{"not_picked":["Underhanded Strike","Deadly Poison"],"picked":"Backflip","floor":2.0},{"not_picked":["Well Laid Plans","Escape Plan"],"picked":"All Out Attack","floor":4.0},{"not_picked":["Blur","Bouncing Flask"],"picked":"Endless Agony","floor":6.0},{"not_picked":["Sucker Punch","Riddle With Holes"],"picked":"Backstab","floor":8.0},{"not_picked":["Blur","Acrobatics"],"picked":"Noxious Fumes","floor":12.0},{"not_picked":["Quick Slash","Distraction"],"picked":"Backflip","floor":13.0},{"not_picked":["Unload","Storm of Steel"],"picked":"Die Die Die","floor":16.0},{"not_picked":["Slice","Flechettes"],"picked":"Escape Plan","floor":18.0},{"not_picked":["Dagger Throw","Distraction"],"picked":"Bouncing Flask","floor":22.0},{"not_picked":["Dash","Caltrops","Poisoned Stab"],"picked":"SKIP","floor":24.0},{"not_picked":["Prepared","Bane","PiercingWail"],"picked":"SKIP","floor":28.0},{"not_picked":["Prepared","Bane","PiercingWail"],"picked":"SKIP","floor":28.0},{"not_picked":["Dash","Flechettes+1","Bane+1"],"picked":"SKIP","floor":29},{"not_picked":["Caltrops","Dagger Throw"],"picked":"Die Die Die","floor":30},{"not_picked":["Quick Slash","Acrobatics"],"picked":"Calculated Gamble","floor":31},{"not_picked":["A Thousand Cuts","Glass Knife"],"picked":"Tools of the Trade","floor":33},{"not_picked":["Dodge and Roll","Flying Knee"],"picked":"Terror+1","floor":35},{"not_picked":["Heel Hook+1","Underhanded Strike+1","Setup"],"picked":"SKIP","floor":37},{"not_picked":["Riddle With Holes","Sucker Punch","Blur"],"picked":"SKIP","floor":38},{"not_picked":["Leg Sweep","PiercingWail"],"picked":"Catalyst","floor":39},{"not_picked":["Predator","Bane","Underhanded Strike+1"],"picked":"SKIP","floor":41},{"not_picked":["Deflect+1","Acrobatics","Dagger Throw"],"picked":"SKIP","floor":45},{"not_picked":["Deadly Poison","Flying Knee+1","Poisoned Stab"],"picked":"SKIP","floor":46}],"player_experience":2833387,"relics_obtained":[{"floor":6.0,"key":"MawBank"},{"floor":8.0,"key":"Blood Vial"},{"floor":9.0,"key":"Art of War"},{"floor":12.0,"key":"Incense Burner"},{"floor":24.0,"key":"Letter Opener"},{"floor":30,"key":"Dead Branch"},{"floor":30,"key":"StrikeDummy"},{"floor":31,"key":"Bird Faced Urn"},{"floor":41,"key":"MealTicket"},{"floor":43,"key":"Gremlin Horn"},{"floor":46,"key":"Boot"}],"event_choices":[{"damage_healed":0.0,"max_hp_gain":0.0,"max_hp_loss":0.0,"gold_gain":0.0,"event_name":"Scrap Ooze","player_choice":"Success","floor":3.0,"gold_loss":0.0,"damage_taken":26.0,"relics_obtained":["HornCleat"]},{"damage_healed":0.0,"max_hp_gain":0.0,"max_hp_loss":0.0,"gold_gain":75.0,"event_name":"World of Goop","player_choice":"Gather Gold","floor":11.0,"gold_loss":0.0,"damage_taken":11.0},{"damage_healed":0.0,"max_hp_gain":0.0,"max_hp_loss":0.0,"gold_gain":50.0,"event_name":"Nest","player_choice":"Stole From Cult","floor":19.0,"gold_loss":0.0,"damage_taken":0.0},{"damage_healed":0.0,"max_hp_gain":0.0,"max_hp_loss":0.0,"gold_gain":0.0,"event_name":"The Library","player_choice":"Read","floor":20.0,"gold_loss":0.0,"damage_taken":0.0,"cards_obtained":["Backflip"]},{"damage_healed":0.0,"max_hp_gain":0.0,"max_hp_loss":0.0,"gold_gain":50.0,"event_name":"FaceTrader","player_choice":"Touch","floor":25.0,"gold_loss":0.0,"damage_taken":6.0},{"damage_healed":0,"gold_gain":0,"player_choice":"Fight","damage_taken":0,"max_hp_gain":0,"max_hp_loss":0,"event_name":"Colosseum","floor":30,"gold_loss":0},{"damage_healed":0,"gold_gain":0,"player_choice":"Fought Nobs","damage_taken":0,"max_hp_gain":0,"max_hp_loss":0,"event_name":"Colosseum","floor":30,"gold_loss":0},{"damage_healed":0,"gold_gain":0,"player_choice":"Upgraded Two","damage_taken":0,"max_hp_gain":0,"max_hp_loss":0,"event_name":"Designer","floor":36,"gold_loss":50,"cards_upgraded":["Die Die Die","Endless Agony"]},{"damage_healed":0,"gold_gain":0,"player_choice":"Embrace Madness","damage_taken":11,"max_hp_gain":0,"max_hp_loss":0,"event_name":"Winding Halls","floor":44,"gold_loss":0,"cards_obtained":["Madness","Madness"]},{"damage_healed":0,"gold_gain":0,"player_choice":"Ignored","damage_taken":0,"max_hp_gain":0,"max_hp_loss":0,"event_name":"Tomb of Lord Red Mask","floor":48,"gold_loss":0}],"is_beta":false,"boss_relics":[{"not_picked":["SacredBark","WristBlade"],"picked":"Pandora\u0027s Box"},{"not_picked":["Tiny House","Empty Cage"],"picked":"Astrolabe"}],"items_purged_floors":[5,14],"is_endless":false,"potions_floor_spawned":[2,4,6,12,24,28,30,33,35,39,41],"killed_by":"Awakened One","ascension_level":20}}