{"host":"uflv0e3ja7hvnij7","time":1608471487,"event":{"mods":["BaseMod","Conspire","Hubris","Minty Spire (QoL Compilation)","Replay The Spire","StSLib","The Bug Knight"],"gold_per_floor":[119,136,136,61,76,76,94,94,117,134,145,176,176,190,190,288,288,301,201,216,216,216,230,243,253,253,253,14,14,14,24,24,120,120,137,156,12,31,31,31,65,65,65,65,75,87,104,104,104,104,104],"floor_reached":50,"playtime":3769,"items_purged":["HollowMod:QuickDashStart","HollowMod:NailStrikeStart"],"score":580,"play_id":"05564a40-54e6-4a18-820a-0981a1e1426b","local_time":"20201220083807","is_ascension_mode":false,"campfire_choices":[{"data":"HollowMod:LifebloodCocoon","floor":6,"key":"SMITH"},{"data":"HollowMod:SlysStrikes","floor":13,"key":"SMITH"},{"data":"HollowMod:MantisMark","floor":15,"key":"SMITH"},{"data":"HollowMod:MonarchWings","floor":27,"key":"SMITH"},{"data":"conspire:Banana","floor":29,"key":"SMITH"},{"data":"HollowMod:GreatSlash","floor":32,"key":"SMITH"},{"data":"HollowMod:LifebloodCore","floor":40,"key":"SMITH"},{"data":"HollowMod:FallenFury","floor":42,"key":"SMITH"},{"floor":49,"key":"REST"}],"circlet_count":0,"master_deck":["HollowMod:NailStrikeStart","HollowMod:NailStrikeStart","HollowMod:QuickDashStart","HollowMod:QuickDashStart","HollowMod:PogoStrike","HollowMod:CloakDash","HollowMod:LifebloodCocoon+1","HollowMod:MonarchWings+1","HollowMod:MantisMark+1","HollowMod:CloakDash","HollowMod:SlysStrikes+1","HollowMod:FallenFury","HollowMod:FallenFury+1","conspire:Banana+1","HollowMod:GreatSlash+1","HollowMod:LifebloodCore+1","HollowMod:DashSlash+1","HollowMod:CloakDash+1","HollowMod:theNailsmith+1"],"relics":["Empty Cage","hubris:Icosahedron","Potion Belt","Bronze Scales","conspire:SpecialSausage","hubris:TinFlute","Lantern","Lee\u0027s Waffle","hubris:VirtuousBlindfold","hubris:EmptyBottle","Molten Egg 2","ReplayTheSpireMod:Shallot"],"acts_visited":["Exordium","TheCity","TheBeyond"],"potions_floor_usage":[16,16,16,22,33,33,41,46,50,50,50,50],"damage_taken":[{"damage":1,"enemies":"Jaw Worm","floor":1,"turns":3},{"damage":0,"enemies":"Cultist","floor":2,"turns":2},{"damage":1,"enemies":"2 Louse","floor":5,"turns":2},{"damage":10,"enemies":"Looter","floor":7,"turns":3},{"damage":0,"enemies":"Lots of Slimes","floor":10,"turns":4},{"damage":3,"enemies":"Red Slaver","floor":11,"turns":3},{"damage":0,"enemies":"Lagavulin","floor":12,"turns":6},{"damage":0,"enemies":"3 Louse","floor":14,"turns":2},{"damage":0,"enemies":"Fading Forest","floor":16,"turns":11},{"damage":0,"enemies":"Spheric Guardian","floor":18,"turns":3},{"damage":0,"enemies":"Chosen","floor":20,"turns":3},{"damage":0,"enemies":"Sentry and Sphere","floor":22,"turns":1},{"damage":2,"enemies":"Centurion and Healer","floor":23,"turns":4},{"damage":0,"enemies":"conspire:HollyBat","floor":24,"turns":5},{"damage":21,"enemies":"Cultist and Chosen","floor":25,"turns":5},{"damage":0,"enemies":"Sentry and Sphere","floor":31,"turns":4},{"damage":36,"enemies":"HollowMod:NKGrimm","floor":33,"turns":8},{"damage":0,"enemies":"Orb Walker","floor":35,"turns":3},{"damage":0,"enemies":"3 Darklings","floor":36,"turns":3},{"damage":17,"enemies":"4 Shapes","floor":38,"turns":2},{"damage":20,"enemies":"R_Hoarder","floor":41,"turns":7},{"damage":0,"enemies":"Sphere and 2 Shapes","floor":45,"turns":3},{"damage":8,"enemies":"Spire Growth","floor":46,"turns":4},{"damage":0,"enemies":"Transient","floor":47,"turns":5},{"damage":95,"enemies":"Replay:Hell Engine","floor":50,"turns":10}],"seed_played":"-8970628126985628861","potions_obtained":[{"floor":7,"key":"Energy Potion"},{"floor":10,"key":"Fire Potion"},{"floor":11,"key":"SmokeBomb"},{"floor":14,"key":"PowerPotion"},{"floor":20,"key":"Swift Potion"},{"floor":23,"key":"SteroidPotion"},{"floor":31,"key":"Toxic Potion"},{"floor":33,"key":"Weak Potion"},{"floor":45,"key":"SmokeBomb"},{"floor":47,"key":"LiquidBronze"}],"is_trial":false,"path_per_floor":["M","M","?","$","M","R","M","$","T","M","M","E","R","M","R","B",null,"M","$","M","?","M","M","M","M","T","R","$","R","?","M","R","B",null,"M","M","$","M","$","R","E","R","T","?","M","M","M","?","R","B"],"character_chosen":"THE_BUGKNIGHT","items_purchased":["Lee\u0027s Waffle","conspire:Banana","hubris:EmptyBottle"],"campfire_rested":1,"item_purchase_floors":[28,28,37],"current_hp_per_floor":[74,74,74,74,73,73,75,75,75,75,72,72,72,72,72,75,75,75,75,75,75,75,73,73,52,52,52,82,82,82,84,84,50,86,88,90,90,75,75,75,57,57,57,57,59,53,55,55,85,0,0],"gold":104,"neow_bonus":"BOSS_RELIC","is_daily":false,"chose_seed":false,"campfire_upgraded":8,"win_rate":0.0,"timestamp":1608471487,"path_taken":["M","M","?","$","M","R","M","$","T","M","M","E","R","M","R","BOSS","M","$","M","?","M","M","M","M","T","R","?","R","?","?","R","BOSS","M","M","?","?","$","R","E","R","T","?","M","M","M","?","R","BOSS"],"items_purchased_type":["Relic","Card","Relic"],"build_version":"2020-12-13","purchased_purges":2,"victory":false,"max_hp_per_floor":[75,75,75,75,75,75,75,75,75,75,75,75,75,75,75,75,75,75,75,75,75,75,75,75,75,75,75,82,82,82,84,84,86,86,88,90,90,92,92,92,94,94,94,94,96,98,100,100,100,102,102],"card_choices":[{"not_picked":["HollowMod:DoubleDash","HollowMod:CrystalDash"],"picked":"HollowMod:CloakDash","floor":1},{"not_picked":["HollowMod:SoulEater","HollowMod:BaldurShell"],"picked":"HollowMod:LifebloodCocoon","floor":2},{"not_picked":["HollowMod:SoulEater","HollowMod:DesolateDive"],"picked":"HollowMod:MonarchWings","floor":5},{"not_picked":["HollowMod:InfectionAssault","HollowMod:ShadowDash"],"picked":"HollowMod:MantisMark","floor":7},{"not_picked":["HollowMod:NewGlowingWomb","HollowMod:DungDefenderAura"],"picked":"HollowMod:CloakDash","floor":10},{"not_picked":["HollowMod:HeavyBlow","HollowMod:InfectedAttack"],"picked":"HollowMod:DescendingDark","floor":11},{"not_picked":["HollowMod:NewJinnsSoul","HollowMod:SoulShaman"],"picked":"HollowMod:SlysStrikes","floor":12},{"not_picked":["HollowMod:NewLittleFool","HollowMod:ShadowDash"],"picked":"HollowMod:FallenFury","floor":14},{"not_picked":["HollowMod:InfectedCysts","HollowMod:NewJinnsSoul"],"picked":"HollowMod:FallenFury","floor":18},{"not_picked":["HollowMod:SoulStrike","HollowMod:InfectedAttack+1","HollowMod:DreamGate"],"picked":"SKIP","floor":20},{"not_picked":["HollowMod:GoodIntentions","HollowMod:NewLittleFool","HollowMod:InfectedAttack"],"picked":"SKIP","floor":23},{"not_picked":["HollowMod:RecoilStrike","HollowMod:DescendingDark","HollowMod:CrystalDash"],"picked":"SKIP","floor":24},{"not_picked":["HollowMod:InfectionAssault+1","HollowMod:BaldurShell+1","HollowMod:MothsMistake+1"],"picked":"SKIP","floor":25},{"not_picked":["HollowMod:CloakDash","HollowMod:SoulShaman"],"picked":"HollowMod:GreatSlash","floor":31},{"not_picked":["HollowMod:AwokenDreamNail","HollowMod:theNailsmith"],"picked":"HollowMod:LifebloodCore","floor":33},{"not_picked":["HollowMod:SharpenedShadows","HollowMod:SiblingsShadow"],"picked":"HollowMod:DashSlash+1","floor":35},{"not_picked":["HollowMod:NewLittleFool","HollowMod:DescendingDark+1","HollowMod:DoubleDash+1"],"picked":"SKIP","floor":36},{"not_picked":["HollowMod:GrimmsGift","HollowMod:SharpenedNail+1","HollowMod:InfectedCysts+1"],"picked":"SKIP","floor":38},{"not_picked":["HollowMod:DoubleDash+1","HollowMod:SharpenedShadows","HollowMod:VengefulVoid+1"],"picked":"SKIP","floor":41},{"not_picked":["HollowMod:SharpenedShadows+1","HollowMod:TaintedHusks"],"picked":"HollowMod:CloakDash+1","floor":45},{"not_picked":["HollowMod:VengefulVoid+1","HollowMod:TaintedHusks+1","HollowMod:DescendingDark+1"],"picked":"SKIP","floor":46},{"not_picked":["HollowMod:RecoilStrike+1","HollowMod:GrimmsGift+1"],"picked":"HollowMod:theNailsmith","floor":47}],"player_experience":256087,"relics_obtained":[{"floor":9,"key":"Potion Belt"},{"floor":12,"key":"Bronze Scales"},{"floor":26,"key":"Lantern"},{"floor":41,"key":"Molten Egg 2"},{"floor":43,"key":"ReplayTheSpireMod:Shallot"}],"event_choices":[{"cards_removed":["HollowMod:DescendingDark"],"damage_healed":0,"gold_gain":0,"player_choice":"Gave Card","damage_taken":0,"relics_obtained":["hubris:TinFlute"],"max_hp_gain":0,"max_hp_loss":0,"event_name":"WeMeetAgain","floor":21,"gold_loss":0},{"cards_removed":["HollowMod:NailStrikeStart"],"damage_healed":0,"gold_gain":0,"player_choice":"Offered Basic","damage_taken":0,"max_hp_gain":0,"max_hp_loss":0,"event_name":"Bonfire Elementals","floor":30,"gold_loss":0}],"is_beta":false,"boss_relics":[{"not_picked":["hubris:BlackHole","Runic Dome"],"picked":"conspire:SpecialSausage"},{"not_picked":["Ring of Chaos","Cursed Key"],"picked":"hubris:VirtuousBlindfold"}],"items_purged_floors":[4,19],"is_endless":false,"potions_floor_spawned":[7,10,11,14,20,23,31,33,45,47],"killed_by":"Replay:Hell Engine","ascension_level":0}}