{"host":"x6tlfgqpy55vgxdn","time":1608482923,"event":{"mods":["AchievementEnabler","BaseMod","DeckTracker","Minty Spire (QoL Compilation)","Permanent Neow","StSLib","SuperFastMode"],"gold_per_floor":[117,192,192,30,48,80,99,126,152,172,206,222,222,252,252,252,252],"floor_reached":16,"playtime":776,"items_purged":[],"score":310,"play_id":"9a903035-effc-432d-bba3-724ea67d156c","local_time":"20201221014843","is_ascension_mode":true,"campfire_choices":[{"data":"Eruption","floor":13.0,"key":"SMITH"},{"data":"Pray","floor":15.0,"key":"SMITH"}],"circlet_count":0,"master_deck":["AscendersBane","Strike_P","Strike_P+1","Strike_P+1","Strike_P+1","Defend_P+1","Defend_P+1","Defend_P","Eruption+1","Vigilance+1","LessonLearned+1","Study+1","BowlingBash+1","MasterReality+1","Pray+1"],"relics":["VioletLotus","OrangePellets","Bag of Marbles","Akabeko","Pen Nib","Juzu Bracelet","Shuriken"],"acts_visited":["Exordium"],"potions_floor_usage":[],"damage_taken":[{"damage":0.0,"enemies":"2 Louse","floor":1.0,"turns":4.0},{"damage":0.0,"enemies":"Small Slimes","floor":5.0,"turns":2.0},{"damage":3.0,"enemies":"Gremlin Nob","floor":6.0,"turns":3.0},{"damage":2.0,"enemies":"Jaw Worm","floor":7.0,"turns":3.0},{"damage":30.0,"enemies":"Lagavulin","floor":8.0,"turns":5.0},{"damage":0.0,"enemies":"Exordium Wildlife","floor":10.0,"turns":4.0},{"damage":12.0,"enemies":"3 Sentries","floor":11.0,"turns":10.0},{"damage":0.0,"enemies":"Large Slime","floor":12.0,"turns":3.0},{"damage":0.0,"enemies":"Gremlin Nob","floor":14.0,"turns":2.0},{"damage":0,"enemies":"Hexaghost","floor":16,"turns":1}],"seed_played":"-3184184737905414381","potions_obtained":[{"floor":1.0,"key":"Ancient Potion"},{"floor":7.0,"key":"FearPotion"},{"floor":10.0,"key":"FearPotion"}],"is_trial":false,"path_per_floor":["M","?","?","$","M","E","M","E","T","M","E","M","R","E","R","B"],"character_chosen":"WATCHER","items_purchased":["OrangePellets"],"campfire_rested":0,"item_purchase_floors":[4],"current_hp_per_floor":[61,50,50,50,50,47,45,15,15,15,3,3,3,3,3,3,3],"gold":252,"neow_bonus":"BOSS_RELIC","is_daily":false,"chose_seed":true,"campfire_upgraded":2,"win_rate":0.0,"timestamp":1608482923,"path_taken":["M","?","?","?","M","E","M","E","T","?","E","M","R","E","R","BOSS"],"items_purchased_type":["Relic"],"build_version":"2020-12-13","purchased_purges":0,"victory":false,"max_hp_per_floor":[68,68,68,68,68,68,68,68,68,68,68,68,68,68,68,68,68],"card_choices":[{"not_picked":["WaveOfTheHand","Evaluate","PathToVictory"],"picked":"SKIP","floor":1.0},{"not_picked":["Evaluate","Halt","FollowUp"],"picked":"SKIP","floor":5.0},{"not_picked":["Evaluate","Halt","FollowUp"],"picked":"SKIP","floor":5.0},{"not_picked":["CrushJoints","ClearTheMind","JustLucky"],"picked":"SKIP","floor":6.0},{"not_picked":["Prostrate","SashWhip"],"picked":"BowlingBash","floor":7.0},{"not_picked":["JustLucky","MentalFortress"],"picked":"MasterReality","floor":8.0},{"not_picked":["EmptyFist","PathToVictory","Worship"],"picked":"SKIP","floor":10.0},{"not_picked":["Halt","Nirvana","BowlingBash"],"picked":"SKIP","floor":11.0},{"not_picked":["Halt","Nirvana","BowlingBash"],"picked":"SKIP","floor":11.0},{"not_picked":["Protect","Crescendo","EmptyMind"],"picked":"SKIP","floor":12.0},{"not_picked":["JustLucky","Prostrate"],"picked":"Pray","floor":14.0}],"player_experience":183579,"relics_obtained":[{"floor":6.0,"key":"Bag of Marbles"},{"floor":8.0,"key":"Akabeko"},{"floor":9.0,"key":"Pen Nib"},{"floor":11.0,"key":"Juzu Bracelet"},{"floor":14.0,"key":"Shuriken"}],"event_choices":[{"damage_healed":0.0,"max_hp_gain":0.0,"max_hp_loss":0.0,"gold_gain":75.0,"event_name":"World of Goop","player_choice":"Gather Gold","floor":2.0,"gold_loss":0.0,"damage_taken":11.0},{"cards_removed":["Defend_P"],"damage_healed":0.0,"max_hp_gain":0.0,"max_hp_loss":0.0,"gold_gain":0.0,"event_name":"Living Wall","player_choice":"Forget","floor":3.0,"gold_loss":0.0,"damage_taken":0.0}],"is_beta":false,"boss_relics":[],"items_purged_floors":[],"is_endless":false,"potions_floor_spawned":[1,7,10],"killed_by":"Hexaghost","ascension_level":20}}