{"host":"ef3ybc9bdsabvdps","time":1608508601,"event":{"mods":["BaseMod","Minty Spire (QoL Compilation)"],"gold_per_floor":[114,124,74,74,149,179,179,195,195,215,228,239,239,256,256,355,355,374,391,65,65,65],"floor_reached":21,"playtime":605,"items_purged":["Strike_P"],"score":183,"play_id":"a3ae52b3-4e88-4664-b2d3-efb2f4e94188","local_time":"20201221085641","is_ascension_mode":false,"campfire_choices":[{"data":"Eruption","floor":7.0,"key":"SMITH"},{"data":"Alpha","floor":13.0,"key":"SMITH"},{"floor":15.0,"key":"REST"}],"circlet_count":0,"master_deck":["Strike_P","Strike_P","Defend_P","Defend_P","Defend_P","Defend_P","Eruption+1","Vigilance","BowlingBash","SashWhip","Alpha+1","Consecrate","Tantrum","ClearTheMind","Weave","DeceiveReality","Judgement","FearNoEvil"],"relics":["Philosopher\u0027s Stone","GoldenEye","Gremlin Horn","VioletLotus","Molten Egg 2"],"acts_visited":[],"potions_floor_usage":[],"damage_taken":[{"damage":1.0,"enemies":"Jaw Worm","floor":1.0,"turns":5.0},{"damage":1.0,"enemies":"Small Slimes","floor":2.0,"turns":3.0},{"damage":29.0,"enemies":"Lagavulin","floor":6.0,"turns":9.0},{"damage":0.0,"enemies":"2 Louse","floor":8.0,"turns":2.0},{"damage":5.0,"enemies":"Blue Slaver","floor":10.0,"turns":3.0},{"damage":1.0,"enemies":"Red Slaver","floor":11.0,"turns":4.0},{"damage":0.0,"enemies":"Lots of Slimes","floor":12.0,"turns":2.0},{"damage":6.0,"enemies":"Looter","floor":14.0,"turns":5.0},{"damage":31.0,"enemies":"Hexaghost","floor":16.0,"turns":9.0},{"damage":26.0,"enemies":"Chosen","floor":18.0,"turns":5.0},{"damage":35.0,"enemies":"3 Byrds","floor":19.0,"turns":4.0},{"damage":0,"enemies":"3 Cultists","floor":21,"turns":2}],"seed_played":"-6526604850156519105","potions_obtained":[{"floor":2.0,"key":"Explosive Potion"},{"floor":10.0,"key":"BlessingOfTheForge"},{"floor":12.0,"key":"StancePotion"},{"floor":14.0,"key":"Fruit Juice"},{"floor":19,"key":"ColorlessPotion"}],"is_trial":false,"path_per_floor":["M","M","?","?","?","E","R","M","T","M","M","M","R","M","R","B",null,"M","M","$","M"],"character_chosen":"WATCHER","items_purchased":["Molten Egg 2"],"campfire_rested":1,"item_purchase_floors":[20],"current_hp_per_floor":[71,70,70,70,59,30,30,30,30,25,24,24,24,23,46,15,77,51,16,16,16,16],"gold":65,"neow_bonus":"BOSS_RELIC","is_daily":false,"chose_seed":false,"campfire_upgraded":2,"win_rate":0.0,"timestamp":1608508601,"path_taken":["M","M","?","?","?","E","R","M","T","M","M","M","R","M","R","BOSS","M","M","$","M"],"items_purchased_type":["Relic"],"build_version":"2020-12-13","purchased_purges":1,"victory":false,"max_hp_per_floor":[72,72,72,72,72,72,72,72,72,72,72,72,72,77,77,77,77,77,77,77,77,77],"card_choices":[{"not_picked":["PathToVictory","Protect"],"picked":"BowlingBash","floor":1.0},{"not_picked":["CrushJoints","Pray"],"picked":"SashWhip","floor":2.0},{"not_picked":["Protect","Blasphemy"],"picked":"Alpha","floor":6.0},{"not_picked":["Protect","FlurryOfBlows"],"picked":"Consecrate","floor":8.0},{"not_picked":["JustLucky","WreathOfFlame"],"picked":"Tantrum","floor":10.0},{"not_picked":["SashWhip","Conclude"],"picked":"ClearTheMind","floor":11.0},{"not_picked":["ClearTheMind","Scrawl"],"picked":"Weave","floor":12.0},{"not_picked":["WindmillStrike","Perseverance"],"picked":"DeceiveReality","floor":14.0},{"not_picked":["Scrawl","ConjureBlade"],"picked":"Judgement","floor":16.0},{"not_picked":["Protect","Fasting2"],"picked":"FearNoEvil","floor":18.0},{"not_picked":["SashWhip","Halt+1","ClearTheMind"],"picked":"SKIP","floor":19}],"player_experience":307024,"relics_obtained":[{"floor":6.0,"key":"GoldenEye"},{"floor":9.0,"key":"Gremlin Horn"}],"event_choices":[{"cards_removed":["Strike_P"],"damage_healed":0.0,"max_hp_gain":0.0,"max_hp_loss":0.0,"gold_gain":0.0,"event_name":"The Cleric","player_choice":"Card Removal","floor":3.0,"gold_loss":50.0,"damage_taken":0.0},{"damage_healed":0.0,"max_hp_gain":0.0,"max_hp_loss":0.0,"gold_gain":0.0,"event_name":"Liars Game","player_choice":"Ignored","floor":4.0,"gold_loss":0.0,"damage_taken":0.0},{"damage_healed":0.0,"max_hp_gain":0.0,"max_hp_loss":0.0,"gold_gain":75.0,"event_name":"World of Goop","player_choice":"Gather Gold","floor":5.0,"gold_loss":0.0,"damage_taken":11.0}],"is_beta":false,"boss_relics":[{"not_picked":["Empty Cage","SlaversCollar"],"picked":"VioletLotus"}],"items_purged_floors":[20],"is_endless":false,"potions_floor_spawned":[2,10,12,14,19],"killed_by":"3 Cultists","ascension_level":0}}