{"host":"3jpwrwmmgyabjceh","time":1608497289,"event":{"mods":["AchievementEnabler","BaseMod","Colored Map","Colored Powertips","Highlight Path","Minty Spire (QoL Compilation)","StSLib"],"gold_per_floor":[119,137,155,170,182,182,207,234,258,433,433,286,304,338,338,338,338],"floor_reached":16,"playtime":666,"items_purged":["Strike_R"],"score":134,"play_id":"c32cec9c-9ff2-4b43-bc60-77977b2cfa3c","local_time":"20201220234809","is_ascension_mode":true,"campfire_choices":[{"floor":6.0,"key":"REST"},{"floor":11,"key":"REST"},{"data":"Bash","floor":15,"key":"SMITH"}],"circlet_count":0,"master_deck":["Strike_R","Strike_R","Strike_R","Strike_R","Defend_R","Defend_R","Defend_R","Defend_R","Bash+1","Pommel Strike","Heavy Blade","Cleave","Whirlwind","Doubt","Shrug It Off","Pommel Strike"],"relics":["Burning Blood","Nunchaku","Lizard Tail","Odd Mushroom","Regal Pillow","Oddly Smooth Stone"],"acts_visited":["Exordium"],"potions_floor_usage":[7],"damage_taken":[{"damage":18.0,"enemies":"Jaw Worm","floor":1.0,"turns":4.0},{"damage":2.0,"enemies":"2 Louse","floor":2.0,"turns":2.0},{"damage":6.0,"enemies":"Cultist","floor":3.0,"turns":4.0},{"damage":26.0,"enemies":"Lots of Slimes","floor":4.0,"turns":5.0},{"damage":10.0,"enemies":"Exordium Thugs","floor":5.0,"turns":5.0},{"damage":66,"enemies":"Lagavulin","floor":7,"turns":9},{"damage":21,"enemies":"The Mushroom Lair","floor":8,"turns":3},{"damage":14,"enemies":"Blue Slaver","floor":13,"turns":5},{"damage":18,"enemies":"Gremlin Nob","floor":14,"turns":4},{"damage":59,"enemies":"Slime Boss","floor":16,"turns":7}],"seed_played":"5646335222526179545","potions_obtained":[{"floor":4.0,"key":"EssenceOfSteel"},{"floor":5.0,"key":"SneckoOil"}],"is_trial":false,"path_per_floor":["M","M","M","M","M","R","E","?","T","?","R","$","M","E","R","B"],"character_chosen":"IRONCLAD","items_purchased":["Shrug It Off","Pommel Strike"],"campfire_rested":2,"item_purchase_floors":[12,12],"current_hp_per_floor":[68,72,72,52,48,72,12,37,37,37,76,76,68,56,56,0,0],"gold":338,"neow_bonus":"RANDOM_COMMON_RELIC","is_daily":false,"chose_seed":false,"campfire_upgraded":1,"win_rate":0.0,"timestamp":1608497289,"path_taken":["M","M","M","M","M","R","E","?","T","?","R","$","M","E","R","BOSS"],"items_purchased_type":["Card","Card"],"build_version":"2020-12-13","purchased_purges":1,"victory":false,"max_hp_per_floor":[80,80,80,80,80,80,80,80,80,80,80,80,80,80,80,80,80],"card_choices":[{"not_picked":["True Grit","Wild Strike"],"picked":"Pommel Strike","floor":1.0},{"not_picked":["Anger","Iron Wave"],"picked":"Heavy Blade","floor":2.0},{"not_picked":["Sever Soul","Reckless Charge","Anger"],"picked":"SKIP","floor":3.0},{"not_picked":["Headbutt","Reckless Charge"],"picked":"Cleave","floor":4.0},{"not_picked":["Clash","Clothesline","Cleave"],"picked":"SKIP","floor":5.0},{"not_picked":["Battle Trance","Brutality"],"picked":"Whirlwind","floor":7},{"not_picked":["Armaments","Warcry","Havoc"],"picked":"SKIP","floor":13},{"not_picked":["Blood for Blood","Fiend Fire","Fire Breathing"],"picked":"SKIP","floor":14}],"player_experience":237368,"relics_obtained":[{"floor":7,"key":"Lizard Tail"},{"floor":8,"key":"Odd Mushroom"},{"floor":9,"key":"Regal Pillow"},{"floor":14,"key":"Oddly Smooth Stone"}],"event_choices":[{"damage_healed":0,"gold_gain":0,"player_choice":"Fought Mushrooms","damage_taken":0,"max_hp_gain":0,"max_hp_loss":0,"event_name":"Mushrooms","floor":8,"gold_loss":0},{"damage_healed":0,"gold_gain":175,"player_choice":"AGREE","damage_taken":0,"max_hp_gain":0,"max_hp_loss":0,"event_name":"Liars Game","floor":10,"gold_loss":0,"cards_obtained":["Doubt"]}],"is_beta":false,"boss_relics":[],"items_purged_floors":[12],"is_endless":false,"potions_floor_spawned":[4,5],"killed_by":"Slime Boss","ascension_level":4}}