{"host":"4evnc443c98ww2zl","time":1608431726,"event":{"mods":["BaseMod","Better Third Choice","Hermit","Koishi","Minty Spire (QoL Compilation)","Remilia??????","Robot Space Explorer","StSLib","The Administrix","The Animator","The Bug Knight","The Cursed","TheSwordswoman"],"gold_per_floor":[10,23,43,43,53,64,64,64,64,99,5,30,30,59,59,163,163,180,37,37,57,76,101,101,116,142,174,174,188,204,215,215,315,315,332,345,691,704,720,720,748,848,895,913,196,196,116,116,116,116,116],"floor_reached":50,"playtime":5466,"items_purged":["RobotSpaceExplorer:Defend","RobotSpaceExplorer:Defend"],"score":674,"play_id":"8ef4660a-b625-4790-8ceb-4d7949443f92","local_time":"20201219203526","is_ascension_mode":false,"campfire_choices":[{"data":"RobotSpaceExplorer:MiniDrones","floor":7,"key":"SMITH"},{"data":"RobotSpaceExplorer:MiniDrones","floor":13,"key":"SMITH"},{"data":"RobotSpaceExplorer:MiniDrones","floor":15,"key":"SMITH"},{"data":"RobotSpaceExplorer:MiniLasers","floor":24,"key":"SMITH"},{"data":"RobotSpaceExplorer:FreezeRay","floor":28,"key":"SMITH"},{"floor":32,"key":"REST"},{"data":"RobotSpaceExplorer:MiniDrones","floor":40,"key":"SMITH"},{"floor":46,"key":"REST"},{"floor":49,"key":"REST"}],"circlet_count":0,"master_deck":["RobotSpaceExplorer:Strike","RobotSpaceExplorer:Strike","RobotSpaceExplorer:Strike","RobotSpaceExplorer:Strike","RobotSpaceExplorer:Defend+1","RobotSpaceExplorer:Scan","RobotSpaceExplorer:MiniLasers+1","RobotSpaceExplorer:MiniDrones+1","RobotSpaceExplorer:GlueShot+1","RobotSpaceExplorer:MiniDrones+1","RobotSpaceExplorer:MetalStrike","RobotSpaceExplorer:FreezeRay+1","Dramatic Entrance","RobotSpaceExplorer:MiniDrones+1","RobotSpaceExplorer:ScrapMissile","RobotSpaceExplorer:TrailblazerForm","RobotSpaceExplorer:MetalStrike","Pride","RobotSpaceExplorer:PowerGlove","RobotSpaceExplorer:Probe+1","RobotSpaceExplorer:MiniBoosters+1","RobotSpaceExplorer:GlueShot+1","RobotSpaceExplorer:ScrapShield+1","RobotSpaceExplorer:Smokescreen+1","RobotSpaceExplorer:Multitool","RobotSpaceExplorer:MiniDrones+1","RobotSpaceExplorer:ImprovisedAttack+1","RobotSpaceExplorer:ScrapMissile+1","RobotSpaceExplorer:MetalStrike","RobotSpaceExplorer:DualCore+1","RobotSpaceExplorer:Exploration+1","RobotSpaceExplorer:ScrapMissile+1","Trip+1","Blind+1","RobotSpaceExplorer:Ammunition+1"],"relics":["RobotSpaceExplorer:TurboCore","Gambling Chip","Sundial","Bag of Marbles","Torii","Odd Mushroom","RobotSpaceExplorer:SearchSpecs","Lantern","GreatHeart","Toxic Egg 2","Bag of Preparation","Bottled Flame","Old Coin","The Courier","Sling","RobotSpaceExplorer:ClockworkSextant","Happy Flower","War Paint"],"acts_visited":["Exordium","TheCity","TheBeyond"],"potions_floor_usage":[10,14,16,18,22,23,31,33,37,50],"damage_taken":[{"damage":3,"enemies":"Small Slimes","floor":1,"turns":3},{"damage":0,"enemies":"Cultist","floor":2,"turns":3},{"damage":1,"enemies":"2 Louse","floor":3,"turns":3},{"damage":0,"enemies":"Blue Slaver","floor":5,"turns":5},{"damage":0,"enemies":"Large Slime","floor":6,"turns":7},{"damage":9,"enemies":"3 Sentries","floor":10,"turns":7},{"damage":22,"enemies":"Lagavulin","floor":12,"turns":8},{"damage":0,"enemies":"The Mushroom Lair","floor":14,"turns":1},{"damage":36,"enemies":"The Guardian","floor":16,"turns":14},{"damage":1,"enemies":"Shell Parasite","floor":18,"turns":3},{"damage":1,"enemies":"Chosen","floor":21,"turns":6},{"damage":21,"enemies":"Shelled Parasite and Fungi","floor":22,"turns":5},{"damage":19,"enemies":"Book of Stabbing","floor":23,"turns":7},{"damage":3,"enemies":"Snake Plant","floor":25,"turns":4},{"damage":0,"enemies":"Gremlin Leader","floor":27,"turns":6},{"damage":15,"enemies":"Snecko","floor":29,"turns":8},{"damage":0,"enemies":"Cultist and Chosen","floor":30,"turns":4},{"damage":0,"enemies":"Centurion and Healer","floor":31,"turns":2},{"damage":0,"enemies":"Champ","floor":33,"turns":13},{"damage":1,"enemies":"3 Darklings","floor":35,"turns":4},{"damage":0,"enemies":"Orb Walker","floor":36,"turns":4},{"damage":12,"enemies":"2 Orb Walkers","floor":37,"turns":4},{"damage":13,"enemies":"3 Darklings","floor":38,"turns":4},{"damage":0,"enemies":"Jaw Worm Horde","floor":39,"turns":1},{"damage":37,"enemies":"HollowMod:StalkingDevout","floor":41,"turns":6},{"damage":0,"enemies":"Spire Growth","floor":44,"turns":4},{"damage":73,"enemies":"Awakened One","floor":50,"turns":8}],"seed_played":"8046651914546130429","potions_obtained":[{"floor":2,"key":"LiquidBronze"},{"floor":4,"key":"Regen Potion"},{"floor":4,"key":"DistilledChaos"},{"floor":10,"key":"Explosive Potion"},{"floor":16,"key":"RobotSpaceExplorer:PlasmaFlask"},{"floor":21,"key":"Fire Potion"},{"floor":25,"key":"FearPotion"},{"floor":30,"key":"Dexterity Potion"},{"floor":31,"key":"Fruit Juice"},{"floor":35,"key":"PowerPotion"},{"floor":41,"key":"Strength Potion"},{"floor":44,"key":"Explosive Potion"}],"is_trial":false,"path_per_floor":["M","M","M","?","M","M","R","?","T","E","$","E","R","?","R","B",null,"M","$","?","M","M","E","R","M","T","E","R","M","M","M","R","B",null,"M","M","?","M","M","R","E","?","T","M","$","R","$","?","R","B"],"character_chosen":"RobotSpaceExplorer","items_purchased":["Dramatic Entrance","Lantern","Trip+1","Blind+1","Sling","RobotSpaceExplorer:ClockworkSextant","RobotSpaceExplorer:Ammunition+1","Happy Flower","War Paint"],"campfire_rested":3,"item_purchase_floors":[11,19,45,45,45,45,45,45,45],"current_hp_per_floor":[72,72,71,71,71,71,71,76,76,67,67,45,45,45,45,9,80,79,79,79,78,57,53,53,50,50,50,50,35,35,40,65,65,85,84,84,72,59,59,59,22,22,22,22,22,47,47,47,72,0,0],"gold":116,"neow_bonus":"ONE_RARE_RELIC","is_daily":false,"chose_seed":false,"campfire_upgraded":6,"win_rate":0.0,"timestamp":1608431726,"path_taken":["M","M","M","?","M","?","R","?","T","E","$","E","R","?","R","BOSS","M","$","?","M","M","E","R","M","T","E","R","M","M","M","R","BOSS","M","M","?","M","M","R","E","?","T","?","$","R","?","?","R","BOSS"],"items_purchased_type":["Card","Relic","Card","Card","Relic","Relic","Card","Relic","Relic"],"build_version":"2020-12-13","purchased_purges":2,"victory":false,"max_hp_per_floor":[75,75,75,75,75,75,75,80,80,80,80,80,80,80,80,80,80,80,80,80,80,80,80,80,80,80,80,80,80,80,85,85,85,85,85,85,85,85,85,85,85,85,85,85,85,85,85,85,85,85,85],"card_choices":[{"not_picked":["RobotSpaceExplorer:RigExplosive","RobotSpaceExplorer:FrostMissile"],"picked":"RobotSpaceExplorer:MiniDrones","floor":1},{"not_picked":["RobotSpaceExplorer:GlueSpray","RobotSpaceExplorer:SurgingShield"],"picked":"RobotSpaceExplorer:GlueShot","floor":2},{"not_picked":["RobotSpaceExplorer:Calculate","RobotSpaceExplorer:MakeshiftVolley","RobotSpaceExplorer:Counterblock"],"picked":"SKIP","floor":3},{"not_picked":["RobotSpaceExplorer:Pulsar","RobotSpaceExplorer:MetalStrike"],"picked":"RobotSpaceExplorer:MiniDrones","floor":5},{"not_picked":["RobotSpaceExplorer:RigExplosive","RobotSpaceExplorer:PlasmaMissile"],"picked":"RobotSpaceExplorer:MetalStrike","floor":6},{"not_picked":["RobotSpaceExplorer:DoubleBlock","RobotSpaceExplorer:ShockKick"],"picked":"RobotSpaceExplorer:FreezeRay","floor":10},{"not_picked":["RobotSpaceExplorer:Explosion","RobotSpaceExplorer:ShockKick"],"picked":"RobotSpaceExplorer:MiniDrones","floor":12},{"not_picked":["RobotSpaceExplorer:FranticSearch","RobotSpaceExplorer:ImprovisedAttack"],"picked":"RobotSpaceExplorer:ScrapMissile","floor":14},{"not_picked":["RobotSpaceExplorer:Exploration","RobotSpaceExplorer:BlastShield"],"picked":"RobotSpaceExplorer:TrailblazerForm","floor":16},{"not_picked":["RobotSpaceExplorer:ExhaustFan","RobotSpaceExplorer:Counterblock"],"picked":"RobotSpaceExplorer:MetalStrike","floor":18},{"not_picked":["RobotSpaceExplorer:GlueShot","RobotSpaceExplorer:Counterblock"],"picked":"RobotSpaceExplorer:PowerGlove","floor":21},{"not_picked":["RobotSpaceExplorer:Counterblock+1","RobotSpaceExplorer:ExhaustFan+1","RobotSpaceExplorer:DoubleBlock"],"picked":"SKIP","floor":22},{"not_picked":["RobotSpaceExplorer:SurgingStrike+1","RobotSpaceExplorer:FranticSearch+1"],"picked":"RobotSpaceExplorer:Probe+1","floor":23},{"not_picked":["RobotSpaceExplorer:SurgingShield+1","RobotSpaceExplorer:FranticSearch+1"],"picked":"RobotSpaceExplorer:MiniBoosters+1","floor":25},{"not_picked":["RobotSpaceExplorer:IronShell+1","RobotSpaceExplorer:PlasmaMissile+1"],"picked":"RobotSpaceExplorer:GlueShot+1","floor":27},{"not_picked":["RobotSpaceExplorer:FranticSearch+1","RobotSpaceExplorer:Electroshield+1","RobotSpaceExplorer:SelfCleaning+1"],"picked":"SKIP","floor":29},{"not_picked":["RobotSpaceExplorer:MakeshiftVolley+1","RobotSpaceExplorer:FreezeRay"],"picked":"RobotSpaceExplorer:ScrapShield+1","floor":30},{"not_picked":["RobotSpaceExplorer:ShockMissile","RobotSpaceExplorer:SurgingShield+1"],"picked":"RobotSpaceExplorer:Smokescreen+1","floor":31},{"not_picked":["RobotSpaceExplorer:BlastShield+1","RobotSpaceExplorer:Comet+1"],"picked":"RobotSpaceExplorer:Multitool","floor":33},{"not_picked":["RobotSpaceExplorer:FrostMissile+1","RobotSpaceExplorer:Probe+1"],"picked":"RobotSpaceExplorer:MiniDrones","floor":35},{"not_picked":["RobotSpaceExplorer:ShockKick+1","RobotSpaceExplorer:Counterblock+1"],"picked":"RobotSpaceExplorer:ImprovisedAttack+1","floor":36},{"not_picked":["RobotSpaceExplorer:ScrapShield+1","RobotSpaceExplorer:SwiftStep+1"],"picked":"RobotSpaceExplorer:ScrapMissile+1","floor":37},{"not_picked":["RobotSpaceExplorer:SurgingShield+1","RobotSpaceExplorer:ShovelStrike"],"picked":"RobotSpaceExplorer:MetalStrike","floor":38},{"not_picked":["RobotSpaceExplorer:SelfCleaning+1","RobotSpaceExplorer:ShockKick"],"picked":"RobotSpaceExplorer:DualCore+1","floor":39},{"not_picked":["RobotSpaceExplorer:SlimeMissile+1","RobotSpaceExplorer:ShockKick"],"picked":"RobotSpaceExplorer:Exploration+1","floor":41},{"not_picked":["RobotSpaceExplorer:FreezingShield+1","RobotSpaceExplorer:FrostMissile"],"picked":"RobotSpaceExplorer:ScrapMissile+1","floor":44}],"player_experience":1057959,"relics_obtained":[{"floor":9,"key":"Sundial"},{"floor":10,"key":"Bag of Marbles"},{"floor":12,"key":"Torii"},{"floor":14,"key":"Odd Mushroom"},{"floor":23,"key":"Toxic Egg 2"},{"floor":26,"key":"Bag of Preparation"},{"floor":27,"key":"Bottled Flame"},{"floor":37,"key":"Old Coin"},{"floor":41,"key":"The Courier"}],"event_choices":[{"damage_healed":0,"gold_gain":0,"player_choice":"Got Potions","damage_taken":0,"max_hp_gain":0,"max_hp_loss":0,"event_name":"Lab","floor":4,"gold_loss":0},{"damage_healed":0,"gold_gain":0,"player_choice":"Donut","damage_taken":0,"max_hp_gain":5,"max_hp_loss":0,"event_name":"Big Fish","floor":8,"gold_loss":0},{"damage_healed":0,"gold_gain":0,"player_choice":"Fought Mushrooms","damage_taken":0,"max_hp_gain":0,"max_hp_loss":0,"event_name":"Mushrooms","floor":14,"gold_loss":0},{"damage_healed":0,"gold_gain":0,"player_choice":"Fight","damage_taken":0,"max_hp_gain":0,"max_hp_loss":0,"event_name":"Mysterious Sphere","floor":37,"gold_loss":0},{"damage_healed":0,"gold_gain":100,"player_choice":"Pray","damage_taken":0,"max_hp_gain":0,"max_hp_loss":0,"event_name":"Golden Shrine","floor":42,"gold_loss":0}],"is_beta":false,"boss_relics":[{"not_picked":["Velvet Choker","Calling Bell"],"picked":"RobotSpaceExplorer:SearchSpecs"},{"not_picked":["SlaversCollar","RobotSpaceExplorer:Reprocessor"],"picked":"RobotSpaceExplorer:TurboCore"}],"items_purged_floors":[45,47],"is_endless":false,"potions_floor_spawned":[2,5,6,10,16,21,25,30,31,35,41,44],"killed_by":"Awakened One","ascension_level":0}}