{"host":"newqdrzxfhh2im9e","time":1608451035,"event":{"mods":["AchievementEnabler","BaseMod","BetterRewards","Block Reminder","Colored Map","Jorbs\u0027s Wanderer Trilogy","Minty Spire (QoL Compilation)","Rare Cards Sparkle","Shop Mod","StSLib"],"gold_per_floor":[112,112,187,187,207,207,242,242,316,28,48,77,9,26,26,123,123,139,158,158,158,177,177,194,194,194,43,75,92,117,127,127,224,224,244,262,281,43,53,87,0,0,0,0,49,49,49,67,67,67,67],"floor_reached":50,"playtime":1724,"items_purged":[],"score":597,"play_id":"cbc59e02-0530-4ff7-8cbb-435c38cfcee4","local_time":"20201219235715","is_ascension_mode":true,"campfire_choices":[{"floor":6.0,"key":"REST"},{"data":"Double Energy","floor":8.0,"key":"SMITH"},{"floor":15.0,"key":"REST"},{"data":"Creative AI","floor":23.0,"key":"SMITH"},{"data":"Self Repair","floor":25.0,"key":"SMITH"},{"floor":32.0,"key":"REST"},{"floor":42.0,"key":"REST"},{"floor":44,"key":"REST"},{"floor":47,"key":"REST"},{"data":"Echo Form","floor":49,"key":"SMITH"}],"circlet_count":0,"master_deck":["Strike_B+1","Strike_B","Defend_B","Defend_B","Defend_B+1","Zap","Dualcast","Melter+1","Double Energy+1","Sweeping Beam","Thunder Strike","Sunder","Static Discharge","Creative AI+1","Go for the Eyes+1","Genetic Algorithm+1","Storm+1","Double Energy+1","Self Repair+1","Glacier","Force Field","Biased Cognition","Conserve Battery","Aggregate","Echo Form+1","Electrodynamics","Recycle+1","Steam+1","Aggregate+1","Capacitor+1","Consume+1","Heatsinks+1","Swift Strike","Defragment"],"relics":["Cracked Core","NeowsBlessing","Smiling Mask","Sundial","Blood Vial","Bronze Scales","Anchor","Astrolabe","Dream Catcher","Lee\u0027s Waffle","Lantern","Juzu Bracelet","Nuclear Battery","Bottled Flame","Ice Cream","Red Mask","Shuriken","Peace Pipe"],"acts_visited":["Exordium","TheCity","TheBeyond"],"potions_floor_usage":[45],"damage_taken":[{"damage":0.0,"enemies":"Small Slimes","floor":1.0,"turns":1.0},{"damage":0.0,"enemies":"2 Louse","floor":5.0,"turns":1.0},{"damage":0.0,"enemies":"Lagavulin","floor":7.0,"turns":1.0},{"damage":6.0,"enemies":"Jaw Worm","floor":11.0,"turns":2.0},{"damage":28.0,"enemies":"Gremlin Nob","floor":12.0,"turns":4.0},{"damage":0.0,"enemies":"3 Louse","floor":14.0,"turns":2.0},{"damage":35.0,"enemies":"Hexaghost","floor":16.0,"turns":5.0},{"damage":0.0,"enemies":"Spheric Guardian","floor":18.0,"turns":1.0},{"damage":10.0,"enemies":"2 Thieves","floor":19.0,"turns":2.0},{"damage":13.0,"enemies":"Sentry and Sphere","floor":22.0,"turns":3.0},{"damage":15.0,"enemies":"Snake Plant","floor":24.0,"turns":4.0},{"damage":18.0,"enemies":"Book of Stabbing","floor":28.0,"turns":6.0},{"damage":0.0,"enemies":"Cultist and Chosen","floor":29.0,"turns":4.0},{"damage":22.0,"enemies":"Slavers","floor":30.0,"turns":4.0},{"damage":20.0,"enemies":"Shelled Parasite and Fungi","floor":31.0,"turns":4.0},{"damage":16.0,"enemies":"Champ","floor":33.0,"turns":8.0},{"damage":18.0,"enemies":"3 Darklings","floor":35.0,"turns":3.0},{"damage":0.0,"enemies":"Orb Walker","floor":36.0,"turns":3.0},{"damage":41.0,"enemies":"Writhing Mass","floor":37.0,"turns":6.0},{"damage":38.0,"enemies":"4 Shapes","floor":39.0,"turns":3.0},{"damage":13.0,"enemies":"Reptomancer","floor":40.0,"turns":6.0},{"damage":45,"enemies":"2 Orb Walkers","floor":45,"turns":5},{"damage":9,"enemies":"Spire Growth","floor":48,"turns":5},{"damage":81,"enemies":"Awakened One","floor":50,"turns":4}],"seed_played":"6850157746585021007","potions_obtained":[{"floor":5.0,"key":"Fruit Juice"},{"floor":7.0,"key":"SneckoOil"},{"floor":16.0,"key":"Fire Potion"},{"floor":24.0,"key":"AttackPotion"},{"floor":28.0,"key":"SteroidPotion"},{"floor":29.0,"key":"FearPotion"},{"floor":36.0,"key":"Explosive Potion"},{"floor":39.0,"key":"ColorlessPotion"},{"floor":40.0,"key":"SkillPotion"}],"is_trial":false,"path_per_floor":["M","?","?","?","M","R","E","R","T","$","M","E","$","M","R","B",null,"M","M","?","?","M","R","M","R","T","$","E","M","E","M","R","B",null,"M","M","M","$","M","E","?","R","T","R","?","?","R","M","R","B"],"character_chosen":"DEFECT","items_purchased":["Blood Vial","Bronze Scales","Sunder","Lee\u0027s Waffle","Bottled Flame"],"campfire_rested":6,"item_purchase_floors":[10,10,13,27,38],"current_hp_per_floor":[75,75,64,49,49,76,76,76,76,76,72,46,46,48,72,39,80,80,70,55,55,51,51,45,45,45,92,84,92,70,72,92,86,92,84,92,61,61,25,24,24,51,51,78,45,45,72,75,75,0,0],"gold":67,"neow_bonus":"THREE_ENEMY_KILL","is_daily":false,"chose_seed":false,"campfire_upgraded":4,"win_rate":0.0,"timestamp":1608451035,"path_taken":["M","?","?","?","M","R","E","R","T","$","M","E","$","M","R","BOSS","M","M","?","?","M","R","M","R","T","$","E","M","E","M","R","BOSS","M","M","M","$","M","E","?","R","T","R","?","?","R","M","R","BOSS"],"items_purchased_type":["Relic","Relic","Card","Relic","Relic"],"build_version":"2020-12-13","purchased_purges":0,"victory":false,"max_hp_per_floor":[75,75,75,75,75,80,80,80,80,80,80,80,80,80,80,80,80,80,80,85,85,85,85,85,85,85,92,92,92,92,92,92,92,92,92,92,92,92,92,92,92,92,92,92,92,92,92,92,92,92,92],"card_choices":[{"not_picked":["Turbo","Conserve Battery"],"picked":"Melter","floor":1.0},{"not_picked":["Leap","Turbo","Cold Snap"],"picked":"SKIP","floor":5.0},{"not_picked":["Darkness","Glacier"],"picked":"Double Energy","floor":7.0},{"not_picked":["Streamline","Double Energy"],"picked":"Sweeping Beam","floor":11.0},{"not_picked":["Streamline","Sweeping Beam"],"picked":"Thunder Strike","floor":12.0},{"not_picked":["Sweeping Beam","Barrage"],"picked":"Static Discharge","floor":14.0},{"not_picked":["Meteor Strike","Fission"],"picked":"Creative AI","floor":16.0},{"not_picked":["Turbo","Sweeping Beam"],"picked":"Double Energy+1","floor":18.0},{"not_picked":["Rip and Tear","Sweeping Beam"],"picked":"Self Repair","floor":19.0},{"not_picked":["Steam","Steam Power+1"],"picked":"Glacier","floor":22.0},{"not_picked":["Rebound","Redo"],"picked":"Force Field","floor":24.0},{"not_picked":["Static Discharge","Force Field+1"],"picked":"Biased Cognition","floor":28.0},{"not_picked":["Redo","Hologram"],"picked":"Conserve Battery","floor":29.0},{"not_picked":["Auto Shields","Barrage"],"picked":"Aggregate","floor":30.0},{"not_picked":["Melter","Barrage","Cold Snap"],"picked":"SKIP","floor":31.0},{"not_picked":["Ball Lightning+1","Gash"],"picked":"Echo Form","floor":32.0},{"not_picked":["Meteor Strike","All For One"],"picked":"Electrodynamics","floor":33.0},{"not_picked":["Compile Driver+1","Coolheaded+1"],"picked":"Recycle+1","floor":35.0},{"not_picked":["Scrape","Compile Driver"],"picked":"Steam+1","floor":36.0},{"not_picked":["White Noise","Redo+1"],"picked":"Aggregate+1","floor":37.0},{"not_picked":["Hologram+1","Go for the Eyes+1"],"picked":"Capacitor+1","floor":39.0},{"not_picked":["Sweeping Beam+1","Coolheaded"],"picked":"Consume+1","floor":40.0},{"not_picked":["Genetic Algorithm+1","Capacitor"],"picked":"Heatsinks+1","floor":44},{"not_picked":["PanicButton","Deep Breath"],"picked":"Swift Strike","floor":46},{"not_picked":["Aggregate+1","Gash"],"picked":"Defragment","floor":48}],"player_experience":615585,"relics_obtained":[{"floor":7.0,"key":"Smiling Mask"},{"floor":9.0,"key":"Sundial"},{"floor":12.0,"key":"Anchor"},{"floor":26.0,"key":"Dream Catcher"},{"floor":28.0,"key":"Lantern"},{"floor":30.0,"key":"Juzu Bracelet"},{"floor":40.0,"key":"Ice Cream"},{"floor":43.0,"key":"Shuriken"},{"floor":45,"key":"Peace Pipe"}],"event_choices":[{"damage_healed":0.0,"max_hp_gain":0.0,"max_hp_loss":0.0,"gold_gain":0.0,"event_name":"Living Wall","player_choice":"Grow","floor":2.0,"gold_loss":0.0,"damage_taken":0.0,"cards_upgraded":["Melter"]},{"damage_healed":0.0,"max_hp_gain":0.0,"max_hp_loss":0.0,"gold_gain":75.0,"event_name":"World of Goop","player_choice":"Gather Gold","floor":3.0,"gold_loss":0.0,"damage_taken":11.0},{"damage_healed":0.0,"max_hp_gain":0.0,"max_hp_loss":0.0,"gold_gain":0.0,"event_name":"Shining Light","player_choice":"Entered Light","floor":4.0,"gold_loss":0.0,"damage_taken":15.0,"cards_upgraded":["Defend_B","Strike_B"]},{"damage_healed":0.0,"max_hp_gain":5.0,"max_hp_loss":0.0,"gold_gain":0.0,"event_name":"Forgotten Altar","player_choice":"Shed Blood","floor":20.0,"gold_loss":0.0,"damage_taken":20.0},{"damage_healed":0.0,"max_hp_gain":0.0,"max_hp_loss":0.0,"gold_gain":0.0,"event_name":"Vampires","player_choice":"Ignored","floor":21.0,"gold_loss":0.0,"damage_taken":0.0},{"damage_healed":0.0,"max_hp_gain":0.0,"max_hp_loss":0.0,"gold_gain":0.0,"event_name":"Tomb of Lord Red Mask","player_choice":"Paid","floor":41.0,"gold_loss":87.0,"damage_taken":0.0,"relics_obtained":["Red Mask"]},{"damage_healed":0,"gold_gain":0,"player_choice":"Fight","damage_taken":0,"max_hp_gain":0,"max_hp_loss":0,"event_name":"Mysterious Sphere","floor":45,"gold_loss":0},{"damage_healed":0,"gold_gain":0,"player_choice":"Memory 1","damage_taken":0,"max_hp_gain":0,"max_hp_loss":0,"event_name":"SensoryStone","floor":46,"gold_loss":0}],"is_beta":false,"boss_relics":[{"not_picked":["FrozenCore","Velvet Choker"],"picked":"Astrolabe"},{"not_picked":["Philosopher\u0027s Stone","Black Star"],"picked":"Nuclear Battery"}],"items_purged_floors":[],"is_endless":false,"potions_floor_spawned":[5,7,16,24,28,29,36,37,39,40],"killed_by":"Awakened One","ascension_level":1}}