{"host":"cuki0l1gmktphd86","time":1608455765,"event":{"mods":["ATMod(阿瑾Mod)","BaseMod","Challenge The Spire","Downfall","Luminous","Minty Spire (QoL Compilation)","MostiFishMod","StSLib","The Alterego","noobMod","【东方二次创作】八云紫mod","【角色mod】十八桐人","【遗物Mod】死灵法师NEW","【遗物卡牌】REMEMod"],"gold_per_floor":[117,132,132,132,148,148,173,187,211,229,15,90,90,115,115,215,215,226,226,226,93,106,26,26,26,26,61,61,88,88,121,121,222,222,237,250,268,288,162,162,177,194,194,212,237,287,103,113,113,113],"floor_reached":51,"playtime":1705,"items_purged":["Strike_W","Defend_W"],"score":920,"play_id":"c65b392a-272a-4dc0-82c5-bd5084ccba3e","local_time":"20201220171605","is_ascension_mode":false,"campfire_choices":[{"data":"Bone_Armory","floor":6,"key":"SMITH"},{"data":"Time_Jump","floor":15,"key":"SMITH"},{"data":"Negative_Energy_Bomb","floor":24,"key":"SMITH"},{"data":"Negative_Energy_Mist","floor":28,"key":"SMITH"},{"data":"PosionBreak","floor":30,"key":"SMITH"},{"data":"Summon_Undead_Army","floor":32,"key":"SMITH"},{"data":"Epidemicn","floor":40,"key":"SMITH"},{"data":"Skeleton_Dragon","floor":49,"key":"SMITH"}],"circlet_count":0,"master_deck":["Strike_W","Strike_W","Strike_W","Defend_W","Defend_W","Defend_W","Negative_Energy_Arrows","Bone_Wall","AT_DrawKnifeCut","Time_Jump+1","Hellfire","Bone_Armory+1","Kotodama","Necrotic_Claws","Negative_Energy_Sphere","Life_Tap+1","Summon_Undead+1","Reap_The_Weak+1","Toxic_Smoke_Screen","Negative_Energy_Bomb+1","Blood_Is_Power","Negative_Energy_Mist+1","finger_Of_Death","Summon_Undead_Army+1","Shackles_Of_Pain","Bone_Armor+1","PosionBreak+1","Negative_Energy_Sphere","Summon_Death_Knight","Acid_Javelin","Necrotic_Claws+1","Negative_Energy_Javelin","PosionRing+1","Epidemicn+1","PosionWeak","finger_Of_Death+1","Skeleton_Dragon+1","Epidemicm","Slay_Living","Blood_Hammer","Bone_Spikes+1"],"relics":["Vampire_Amulet","ice","AT_ATBox","REME_ComplimentaryCards","DaveBox","NeowsBlessing","Question Card","Toy Ornithopter","Dream Catcher","AT_SeraphEmbrace","GodSword3","ImportantClient","ShadowXiaoBlade","REME_LimitBreaker","Orichalcum","AT_RedNoBalance","Ancient Tea Set","Eternal Feather","REME_DuelDisc","PreservedInsect","CaptainsWheel","War Paint"],"acts_visited":["Exordium","TheCity","TheBeyond"],"potions_floor_usage":[],"damage_taken":[{"damage":0,"enemies":"Cultist","floor":1,"turns":1},{"damage":0,"enemies":"Jaw Worm","floor":2,"turns":1},{"damage":0,"enemies":"Small Slimes","floor":5,"turns":1},{"damage":23,"enemies":"Gremlin Nob","floor":7,"turns":4},{"damage":10,"enemies":"Looter","floor":8,"turns":2},{"damage":6,"enemies":"Exordium Thugs","floor":10,"turns":3},{"damage":15,"enemies":"3 Sentries","floor":14,"turns":7},{"damage":18,"enemies":"Slime Boss","floor":16,"turns":9},{"damage":4,"enemies":"Chosen","floor":18,"turns":2},{"damage":19,"enemies":"Shell Parasite","floor":22,"turns":4},{"damage":7,"enemies":"REME_1_Revenger","floor":27,"turns":3},{"damage":41,"enemies":"Gremlin Leader","floor":29,"turns":5},{"damage":0,"enemies":"Book of Stabbing","floor":31,"turns":1},{"damage":2,"enemies":"Collector","floor":33,"turns":3},{"damage":0,"enemies":"Orb Walker","floor":35,"turns":2},{"damage":16,"enemies":"3 Shapes","floor":36,"turns":4},{"damage":16,"enemies":"Transient","floor":37,"turns":5},{"damage":12,"enemies":"4 Shapes","floor":38,"turns":1},{"damage":2,"enemies":"3 Darklings","floor":41,"turns":2},{"damage":14,"enemies":"Spire Growth","floor":42,"turns":2},{"damage":2,"enemies":"Sphere and 2 Shapes","floor":44,"turns":3},{"damage":16,"enemies":"Reptomancer","floor":45,"turns":3},{"damage":9,"enemies":"Mind Bloom Boss Battle","floor":46,"turns":3},{"damage":15,"enemies":"4 Shapes","floor":48,"turns":2},{"damage":0,"enemies":"Donu and Deca","floor":50,"turns":2}],"seed_played":"5462589642080565009","potions_obtained":[{"floor":2,"key":"Guardian:BlockOnCardUsePotion"},{"floor":4,"key":"SneckoOil"},{"floor":4,"key":"Fire Potion"}],"is_trial":false,"path_per_floor":["M","M","?","?","M","R","E","M","T","M","$","?","?","E","R","B",null,"M","?","?","$","M","$","R","?","T","E","R","E","R","E","R","B",null,"M","M","M","M","$","R","M","M","T","M","E","?","$","M","R","B",null],"character_chosen":"NECROMANCER","items_purchased":["Summon_Undead","Reap_The_Weak","finger_Of_Death","Summon_Undead_Army","Epidemicn","Blood_Hammer","War Paint"],"campfire_rested":0,"item_purchase_floors":[11,11,21,21,39,47,47],"current_hp_per_floor":[75,75,57,57,57,57,34,24,24,18,18,7,7,67,67,49,84,80,80,80,80,61,61,61,61,61,54,54,103,103,51,66,64,107,107,91,87,75,75,93,91,77,77,75,59,50,50,35,59,59],"gold":113,"neow_bonus":"THREE_ENEMY_KILL","is_daily":false,"chose_seed":false,"campfire_upgraded":8,"win_rate":0.0,"timestamp":1608455765,"path_taken":["M","?","?","?","?","R","E","M","T","M","?","?","?","E","R","BOSS","M","?","?","$","?","$","R","?","T","E","R","E","R","E","R","BOSS","M","M","M","M","$","R","M","M","T","M","E","?","$","M","R","BOSS"],"items_purchased_type":["Card","Card","Card","Card","Card","Card","Relic"],"build_version":"2020-12-13","purchased_purges":2,"victory":true,"max_hp_per_floor":[75,75,75,75,75,75,75,75,75,75,75,75,75,81,81,84,84,86,86,86,86,91,91,91,91,91,94,94,103,103,103,103,107,107,108,112,117,121,121,121,123,124,124,126,129,133,133,137,137,139],"card_choices":[{"not_picked":["Thousand_Bone_Knives","Negative_Energy_Mist"],"picked":"Hellfire","floor":1},{"not_picked":["finger_Of_Death","Negative_Energy_Javelin","Negative_Energy_Burst"],"picked":"Bone_Armory","floor":2},{"not_picked":["Life_Drain","Shade_Step","Violent_Necrosis"],"picked":"Kotodama","floor":5},{"not_picked":["OverdoomLine","LuckyCard","Blood_Is_Power"],"picked":"Necrotic_Claws","floor":7},{"not_picked":["Bone_Armory","LuckyCard","Blood_Curse"],"picked":"Negative_Energy_Sphere","floor":8},{"not_picked":["Blood_Shield","Posionadd","Bone_Armory"],"picked":"Life_Tap","floor":10},{"not_picked":["Blood_for_Blood","Blood_Whip","OverdoomLine"],"picked":"Toxic_Smoke_Screen","floor":14},{"not_picked":["WallConcept","Blood_Hammer","Epidemicn"],"picked":"Negative_Energy_Bomb","floor":16},{"not_picked":["PosionRing","Bone_Shift+1","Blood_Shield+1"],"picked":"Blood_Is_Power","floor":18},{"not_picked":["Siphon_Strength","Scare","Blood_Whip"],"picked":"Shackles_Of_Pain","floor":22},{"not_picked":["Acid_Javelin+1","Life_Drain+1","Bone_Armory"],"picked":"Bone_Armor+1","floor":27},{"not_picked":["Vampiric_Strike","Stop_Heart+1","Thousand_Bone_Knives+1"],"picked":"PosionBreak","floor":29},{"not_picked":["Plague_Bolt+1","Bone_Spikes","Scare"],"picked":"Negative_Energy_Sphere","floor":31},{"not_picked":["Blood_Magic","Epidemicm","Blood_Wake"],"picked":"Summon_Death_Knight","floor":33},{"not_picked":["OverdoomLine+1","ZombiePosion+1","Negative_Energy_Javelin+1"],"picked":"Acid_Javelin","floor":35},{"not_picked":["finger_Of_Death","Uncharnel+1","Blood_Whip"],"picked":"Necrotic_Claws+1","floor":36},{"not_picked":["Life_Tap","PosionWeak","Toxic_Smoke_Screen"],"picked":"Negative_Energy_Javelin","floor":37},{"not_picked":["Bone_Armory+1","PosionArmor","Toxic_Smoke_Screen+1"],"picked":"PosionRing+1","floor":38},{"not_picked":["Epidemicn","Negative_Energy_Sphere+1","PosionArmor+1"],"picked":"PosionWeak","floor":41},{"not_picked":["PosionWeak+1","Negative_Energy_Sphere+1","Bone_Armor+1"],"picked":"finger_Of_Death+1","floor":42},{"not_picked":["Plague_Bolt+1","Negative_Energy_Javelin+1","Bone_Armor+1"],"picked":"Skeleton_Dragon","floor":44},{"not_picked":["Acid_Javelin+1","finger_Of_Death","Blood_Curse+1"],"picked":"Epidemicm","floor":45},{"not_picked":["Shackles_Of_Pain+1","Toxic_Smoke_Screen","Bone_Armory+1"],"picked":"Slay_Living","floor":46},{"not_picked":["PosionRing","Acid_Javelin","Stop_Heart+1"],"picked":"Bone_Spikes+1","floor":48}],"player_experience":37941,"relics_obtained":[{"floor":1,"key":"Question Card"},{"floor":7,"key":"Dream Catcher"},{"floor":9,"key":"AT_ArchangelStaff"},{"floor":14,"key":"GodSword3"},{"floor":16,"key":"ImportantClient"},{"floor":26,"key":"Orichalcum"},{"floor":27,"key":"AT_SilverBalance"},{"floor":29,"key":"Ancient Tea Set"},{"floor":31,"key":"Eternal Feather"},{"floor":45,"key":"PreservedInsect"},{"floor":46,"key":"CaptainsWheel"}],"event_choices":[{"damage_healed":0,"gold_gain":0,"player_choice":"Success","damage_taken":18,"relics_obtained":["Toy Ornithopter"],"max_hp_gain":0,"max_hp_loss":0,"event_name":"Scrap Ooze","floor":3,"gold_loss":0},{"damage_healed":0,"gold_gain":0,"player_choice":"Got Potions","damage_taken":0,"max_hp_gain":0,"max_hp_loss":0,"event_name":"Lab","floor":4,"gold_loss":0},{"damage_healed":0,"gold_gain":75,"player_choice":"Gather Gold","damage_taken":11,"max_hp_gain":0,"max_hp_loss":0,"event_name":"World of Goop","floor":12,"gold_loss":0},{"damage_healed":0,"gold_gain":0,"player_choice":"Grow","damage_taken":0,"max_hp_gain":0,"max_hp_loss":0,"event_name":"Living Wall","floor":13,"gold_loss":0,"cards_upgraded":["Reap_The_Weak"]},{"damage_healed":0,"gold_gain":0,"player_choice":"Read","damage_taken":0,"max_hp_gain":0,"max_hp_loss":0,"event_name":"The Library","floor":19,"gold_loss":0,"cards_obtained":["Negative_Energy_Mist"]},{"damage_healed":0,"gold_gain":0,"player_choice":"Bought 0 Potions","damage_taken":0,"max_hp_gain":0,"max_hp_loss":0,"event_name":"The Woman in Blue","floor":20,"gold_loss":0},{"damage_healed":0,"gold_gain":0,"player_choice":"Opened","damage_taken":0,"relics_obtained":["REME_LimitBreaker"],"max_hp_gain":0,"max_hp_loss":0,"event_name":"The Mausoleum","floor":25,"gold_loss":0},{"damage_healed":0,"gold_gain":0,"player_choice":"Fight","damage_taken":0,"max_hp_gain":0,"max_hp_loss":0,"event_name":"MindBloom","floor":46,"gold_loss":0}],"is_beta":false,"boss_relics":[{"not_picked":["MoonlightInvasionPlan","xbg"],"picked":"ShadowXiaoBlade"},{"not_picked":["Snecko Eye","AddBug"],"picked":"REME_DuelDisc"}],"items_purged_floors":[21,23],"is_endless":false,"potions_floor_spawned":[2,5,16,18,31,38,41,42,45,48],"ascension_level":0}}