{"host":"mqhvlr3kpxebko0t","time":1608462362,"event":{"mods":["AchievementEnabler","BaseMod","Colored Map","Colored Powertips","Keyboard Shortcuts","Minty Spire (QoL Compilation)","StSLib","SuperFastMode"],"gold_per_floor":[113,113,113,38,38,63,75,75,102,25,51,69,144,178,178,256,256,266,282,135,135,149,149,149],"floor_reached":23,"playtime":378,"items_purged":["Strike_B"],"score":406,"play_id":"772065bb-5914-47b1-babc-f39b5677601e","local_time":"20201220200602","is_ascension_mode":true,"campfire_choices":[{"data":"Defragment","floor":8,"key":"SMITH"},{"data":"Coolheaded","floor":15,"key":"SMITH"}],"circlet_count":0,"master_deck":["AscendersBane","Strike_B","Strike_B+1","Defend_B+1","Defend_B","Defend_B","Defend_B","Zap+1","Dualcast+1","Defragment+1","All For One","Coolheaded+1","Gash","Chill","Capacitor","Gash","Core Surge","Consume+1","Self Repair"],"relics":["Cracked Core","NeowsBlessing","War Paint","Gremlin Horn","MealTicket","Singing Bowl","Pen Nib","Black Star","Enchiridion"],"acts_visited":["Exordium","TheCity"],"potions_floor_usage":[14,22],"damage_taken":[{"damage":0,"enemies":"Small Slimes","floor":1,"turns":1},{"damage":0,"enemies":"Lagavulin","floor":6,"turns":1},{"damage":0,"enemies":"2 Louse","floor":7,"turns":1},{"damage":18,"enemies":"Gremlin Nob","floor":11,"turns":3},{"damage":0,"enemies":"Cultist","floor":12,"turns":3},{"damage":7,"enemies":"Lagavulin","floor":14,"turns":5},{"damage":4,"enemies":"The Guardian","floor":16,"turns":10},{"damage":3,"enemies":"Spheric Guardian","floor":18,"turns":3},{"damage":38,"enemies":"Shell Parasite","floor":19,"turns":6},{"damage":5,"enemies":"Chosen and Byrds","floor":22,"turns":5},{"damage":26,"enemies":"Book of Stabbing","floor":23,"turns":6}],"seed_played":"-1913431874945863723","potions_obtained":[{"floor":11,"key":"Energy Potion"},{"floor":12,"key":"DistilledChaos"},{"floor":16,"key":"Strength Potion"}],"is_trial":false,"path_per_floor":["M","?","?","?","?","E","M","R","T","$","E","M","?","E","R","B",null,"M","M","$","?","M","E"],"character_chosen":"DEFECT","items_purchased":["Coolheaded","Gash","Self Repair"],"campfire_rested":0,"item_purchase_floors":[10,10,20],"current_hp_per_floor":[64,43,48,48,48,48,48,48,48,63,45,45,34,27,27,23,63,60,24,39,18,22,0,0],"gold":149,"neow_bonus":"THREE_ENEMY_KILL","is_daily":false,"chose_seed":false,"campfire_upgraded":2,"win_rate":0.0,"timestamp":1608462362,"path_taken":["M","?","?","?","?","E","?","R","T","$","E","M","?","E","R","BOSS","M","M","$","?","M","E"],"items_purchased_type":["Card","Card","Card"],"build_version":"2020-12-13","purchased_purges":1,"victory":false,"max_hp_per_floor":[71,71,76,76,76,76,76,76,76,76,76,76,76,76,76,76,76,76,78,78,78,80,80,80],"card_choices":[{"not_picked":["Steam","Stack","Force Field"],"picked":"SKIP","floor":1},{"not_picked":["Barrage","Sweeping Beam"],"picked":"Defragment","floor":6},{"not_picked":["Reinforced Body","Steam Power"],"picked":"All For One","floor":7},{"not_picked":["Steam","Sweeping Beam"],"picked":"Chill","floor":11},{"not_picked":["Cold Snap","Reinforced Body"],"picked":"Capacitor","floor":12},{"not_picked":["Steam","Sweeping Beam"],"picked":"Gash","floor":14},{"not_picked":["Hyperbeam","Seek"],"picked":"Core Surge","floor":16},{"not_picked":["Doom and Gloom","Conserve Battery"],"picked":"Consume+1","floor":18},{"not_picked":["Beam Cell","Sunder","Genetic Algorithm"],"picked":"Singing Bowl","floor":19},{"not_picked":["Streamline","Redo","Cold Snap"],"picked":"Singing Bowl","floor":22}],"player_experience":662018,"relics_obtained":[{"floor":5,"key":"War Paint"},{"floor":6,"key":"Gremlin Horn"},{"floor":9,"key":"MealTicket"},{"floor":11,"key":"Singing Bowl"},{"floor":14,"key":"Pen Nib"},{"floor":21,"key":"Enchiridion"}],"event_choices":[{"damage_healed":0,"gold_gain":0,"player_choice":"Entered Light","damage_taken":21,"max_hp_gain":0,"max_hp_loss":0,"event_name":"Shining Light","floor":2,"gold_loss":0,"cards_upgraded":["Zap","Strike_B"]},{"damage_healed":0,"gold_gain":0,"player_choice":"Donut","damage_taken":0,"max_hp_gain":5,"max_hp_loss":0,"event_name":"Big Fish","floor":3,"gold_loss":0},{"cards_removed":["Strike_B"],"damage_healed":0,"gold_gain":0,"player_choice":"Card Removal","damage_taken":0,"max_hp_gain":0,"max_hp_loss":0,"event_name":"The Cleric","floor":4,"gold_loss":75},{"damage_healed":0,"gold_gain":0,"player_choice":"Relic","damage_taken":0,"max_hp_gain":0,"max_hp_loss":0,"event_name":"Wheel of Change","floor":5,"gold_loss":0},{"damage_healed":0,"gold_gain":75,"player_choice":"Gather Gold","damage_taken":11,"max_hp_gain":0,"max_hp_loss":0,"event_name":"World of Goop","floor":13,"gold_loss":0},{"damage_healed":0,"gold_gain":0,"player_choice":"Obtained Book","damage_taken":21,"max_hp_gain":0,"max_hp_loss":0,"event_name":"Cursed Tome","floor":21,"gold_loss":0}],"is_beta":false,"boss_relics":[{"not_picked":["Snecko Eye","Fusion Hammer"],"picked":"Black Star"}],"items_purged_floors":[20],"is_endless":false,"potions_floor_spawned":[11,12,16,18],"killed_by":"Book of Stabbing","ascension_level":15}}