{"host":"swphzoo6hmc78epl","time":1608437370,"event":{"mods":["BaseMod","Highlight Path","Minty Spire (QoL Compilation)","Quick Restart"],"gold_per_floor":[110,128,143,153,153,153,163,179,179,198,198,198,198,214,214,337,337,361,286,286,310,34,34,59,59,59],"floor_reached":25,"playtime":932,"items_purged":["Strike_G","Strike_G"],"score":227,"play_id":"78409bd0-c4f4-43ec-9451-1f26a3662fa5","local_time":"20201219230930","is_ascension_mode":true,"campfire_choices":[{"data":"Dagger Spray","floor":6,"key":"SMITH"},{"data":"Backflip","floor":12,"key":"SMITH"},{"data":"Deadly Poison","floor":15,"key":"SMITH"},{"data":"Dodge and Roll","floor":23,"key":"SMITH"}],"circlet_count":0,"master_deck":["Strike_G+1","Defend_G","Defend_G","Defend_G","Defend_G","Defend_G","Survivor+1","Neutralize","Deadly Poison+1","Dagger Spray+1","Predator","Backflip+1","Leg Sweep","Deadly Poison","Flying Knee","Deadly Poison","After Image","Bouncing Flask","Cloak And Dagger+1","Dodge and Roll+1","Crippling Poison+1"],"relics":["Ring of the Snake","NeowsBlessing","Pantograph","Golden Idol","Philosopher\u0027s Stone","Medical Kit"],"acts_visited":["Exordium","TheCity"],"potions_floor_usage":[14,16,21,24],"damage_taken":[{"damage":0,"enemies":"Small Slimes","floor":1,"turns":1},{"damage":0,"enemies":"2 Louse","floor":2,"turns":1},{"damage":0,"enemies":"Cultist","floor":3,"turns":1},{"damage":17,"enemies":"Lots of Slimes","floor":4,"turns":5},{"damage":1,"enemies":"Blue Slaver","floor":7,"turns":3},{"damage":0,"enemies":"2 Fungi Beasts","floor":8,"turns":3},{"damage":8,"enemies":"Exordium Thugs","floor":10,"turns":5},{"damage":0,"enemies":"3 Louse","floor":14,"turns":2},{"damage":8,"enemies":"Hexaghost","floor":16,"turns":9},{"damage":5,"enemies":"Shell Parasite","floor":18,"turns":5},{"damage":25,"enemies":"3 Byrds","floor":21,"turns":5},{"damage":16,"enemies":"Centurion and Healer","floor":24,"turns":6},{"damage":26,"enemies":"Gremlin Leader","floor":25,"turns":4}],"seed_played":"-3587396117898940368","potions_obtained":[{"floor":1,"key":"Poison Potion"},{"floor":8,"key":"CultistPotion"},{"floor":10,"key":"DistilledChaos"},{"floor":16,"key":"EssenceOfSteel"},{"floor":18,"key":"Dexterity Potion"}],"is_trial":false,"path_per_floor":["M","M","M","M","?","R","M","M","T","M","?","R","?","M","R","B",null,"M","$","?","M","$","R","M","E"],"character_chosen":"THE_SILENT","items_purchased":["Medical Kit","Dodge and Roll"],"campfire_rested":0,"item_purchase_floors":[22,22],"current_hp_per_floor":[70,70,70,53,53,53,52,52,52,44,27,27,13,13,13,30,70,65,65,65,40,40,40,24,0,0],"gold":59,"neow_bonus":"THREE_ENEMY_KILL","is_daily":false,"chose_seed":false,"campfire_upgraded":4,"win_rate":0.0,"timestamp":1608437370,"path_taken":["M","M","M","M","?","R","M","M","T","M","?","R","?","M","R","BOSS","M","$","?","M","?","R","?","E"],"items_purchased_type":["Relic","Card"],"build_version":"2020-12-13","purchased_purges":2,"victory":false,"max_hp_per_floor":[70,70,70,70,70,70,70,70,70,70,70,70,70,70,70,70,70,70,70,70,70,70,70,70,70,70],"card_choices":[{"not_picked":["Distraction","Crippling Poison"],"picked":"Deadly Poison","floor":1},{"not_picked":["Riddle With Holes","Outmaneuver"],"picked":"Dagger Spray","floor":2},{"not_picked":["Dodge and Roll","Caltrops"],"picked":"Predator","floor":3},{"not_picked":["PiercingWail","Blade Dance"],"picked":"Backflip","floor":4},{"not_picked":["Masterful Stab","Eviscerate"],"picked":"Leg Sweep","floor":7},{"not_picked":["Dagger Spray","Underhanded Strike"],"picked":"Deadly Poison","floor":8},{"not_picked":["Backflip","Sucker Punch"],"picked":"Flying Knee","floor":10},{"not_picked":["Backstab","Distraction"],"picked":"Deadly Poison","floor":14},{"not_picked":["Adrenaline","Storm of Steel"],"picked":"After Image","floor":16},{"not_picked":["Dagger Throw","Poisoned Stab"],"picked":"Bouncing Flask","floor":18},{"not_picked":["Prepared","Dagger Throw"],"picked":"Cloak And Dagger+1","floor":21},{"not_picked":["Acrobatics","Dodge and Roll"],"picked":"Crippling Poison+1","floor":24}],"player_experience":753401,"relics_obtained":[{"floor":9,"key":"Pantograph"}],"event_choices":[{"cards_removed":["Strike_G"],"damage_healed":0,"gold_gain":0,"player_choice":"Forget","damage_taken":0,"max_hp_gain":0,"max_hp_loss":0,"event_name":"Living Wall","floor":5,"gold_loss":0},{"damage_healed":0,"gold_gain":0,"player_choice":"Take Damage","damage_taken":17,"relics_obtained":["Golden Idol"],"max_hp_gain":0,"max_hp_loss":0,"event_name":"Golden Idol","floor":11,"gold_loss":0},{"damage_healed":0,"gold_gain":0,"player_choice":"Entered Light","damage_taken":14,"max_hp_gain":0,"max_hp_loss":0,"event_name":"Shining Light","floor":13,"gold_loss":0,"cards_upgraded":["Strike_G","Survivor"]},{"cards_removed":["Strike_G"],"damage_healed":0,"gold_gain":0,"player_choice":"Offered Basic","damage_taken":0,"max_hp_gain":0,"max_hp_loss":0,"event_name":"Bonfire Elementals","floor":20,"gold_loss":0}],"is_beta":false,"boss_relics":[{"not_picked":["Snecko Eye","Runic Pyramid"],"picked":"Philosopher\u0027s Stone"}],"items_purged_floors":[19,22],"is_endless":false,"potions_floor_spawned":[1,8,10,16,18],"killed_by":"Gremlin Leader","ascension_level":3}}