{"host":"g1wmg2w41xhsnw8g","time":1608428710,"event":{"mods":["2.2 Compatiblity","Act Like it!","BaseMod","Better Altar","Better Match","Better Note","Better Sensory Stone","Better Skull","Better Third Choice","BetterRewards","Booster Modes","CapriCore","Colored Map","Colored Powertips","Curses Come First","Defuse TimeMaze Blight","Displayed Cursed Tome","Friendly Minions","GifTheSpireLib","Googly Eyes","Hubris","Infinite Spire","Minty Spire (QoL Compilation)","Red Circlet Mod","Relic Sorter","SCP261 Mod","Shop Mod","Spicy Shops","StSLib","The Marked","The Sage","Transform Curses","Wandering Minibosses","????"],"gold_per_floor":[116,116,128,53,72,97,97,127,127,159,159,8,8,34,34,34,34],"floor_reached":16,"playtime":645,"items_purged":[],"score":210,"play_id":"dc1bcb69-f68a-4873-a044-f07b07727a44","local_time":"20201219204510","daily_mods":["SealedDeck","Specialized","Heirloom","Elite Swarm"],"is_ascension_mode":true,"campfire_choices":[{"data":"theMarked:SummonStrength","floor":7,"key":"SMITH"},{"data":"hubris:DuctTapeCard","floor":11,"key":"SMITH"},{"data":"theMarked:BindingBlade","floor":15,"key":"SMITH"}],"circlet_count":0,"master_deck":["theMarked:Defy","theMarked:Defy","theMarked:Defy","theMarked:Defy","theMarked:Defy","theMarked:WardOff","theMarked:BanishingStrike","theMarked:RepellingDischarge","theMarked:HeightenedSenses","theMarked:GodGivenPower","theMarked:ParalyzingBlade","theMarked:Opportunist","theMarked:FavorableWinds","theMarked:TakeOffHeels","theMarked:EnhancedHearing","theMarked:Improvise","theMarked:ChainLightning","theMarked:SummonStrength+1","theMarked:EternalStudent","hubris:DuctTapeCard+2","theMarked:DispelDoubt","theMarked:BindingBlade+1"],"relics":["theMarked:ArtifactOfAir","infinitespire:Joker Card","Bird Faced Urn","HornCleat","hubris:DuctTape","Regal Pillow","MerchantsRug","CultistMask","Lantern"],"acts_visited":["Exordium"],"potions_floor_usage":[6,10,10],"damage_taken":[{"damage":1,"enemies":"Jaw Worm","floor":1,"turns":3},{"damage":0,"enemies":"2 Louse","floor":3,"turns":1},{"damage":4,"enemies":"Cultist","floor":5,"turns":3},{"damage":12,"enemies":"3 Sentries","floor":6,"turns":3},{"damage":27,"enemies":"Lagavulin","floor":8,"turns":3},{"damage":0,"enemies":"3 Sentries","floor":10,"turns":1},{"damage":0,"enemies":"Gremlin Nob","floor":14,"turns":3},{"damage":41,"enemies":"The Guardian","floor":16,"turns":4}],"seed_played":"-1677986602995964723","potions_obtained":[{"floor":3,"key":"PowerPotion"},{"floor":6,"key":"Explosive Potion"},{"floor":8,"key":"PowerPotion"}],"is_trial":true,"path_per_floor":["M","?","M","?","M","E","R","E","T","E","R","$","?","E","R","B"],"character_chosen":"THE_DEFAULT","items_purchased":["MerchantsRug"],"campfire_rested":0,"item_purchase_floors":[12],"current_hp_per_floor":[69,69,69,69,65,53,53,30,30,32,32,32,32,32,32,0,0],"gold":34,"neow_bonus":"","is_daily":false,"chose_seed":false,"campfire_upgraded":3,"win_rate":0.0,"timestamp":1608428710,"path_taken":["M","?","M","?","?","E","R","E","T","E","R","$","?","E","R","BOSS"],"items_purchased_type":["Relic"],"build_version":"2020-12-13","purchased_purges":0,"victory":false,"max_hp_per_floor":[70,70,70,70,70,70,70,70,70,70,70,70,70,70,70,70,70],"card_choices":[{"not_picked":["theMarked:WardOff","theMarked:ChainLightning"],"picked":"theMarked:EnhancedHearing","floor":1},{"not_picked":["theMarked:ResourceFulStrike","theMarked:ShockingTouch"],"picked":"theMarked:Improvise","floor":3},{"not_picked":["Forethought+1","Blind+1"],"picked":"Enlightenment+1","floor":4},{"not_picked":["theMarked:WardOff","theMarked:Panic"],"picked":"theMarked:ChainLightning","floor":5},{"not_picked":["theMarked:Levitate","theMarked:ChannelForce"],"picked":"theMarked:SummonStrength","floor":6},{"not_picked":["theMarked:ChannelForce","theMarked:DispelDoubt"],"picked":"theMarked:EternalStudent","floor":8},{"not_picked":["theMarked:MuscleMemory","theMarked:SuspiciousRaven"],"picked":"theMarked:DispelDoubt","floor":10},{"not_picked":["theMarked:MuscleMemory","theMarked:DispelDoubt"],"picked":"theMarked:BindingBlade","floor":14}],"player_experience":935503,"relics_obtained":[{"floor":6,"key":"Bird Faced Urn"},{"floor":8,"key":"HornCleat"},{"floor":9,"key":"hubris:DuctTape"},{"floor":10,"key":"Regal Pillow"},{"floor":14,"key":"Lantern"}],"event_choices":[{"damage_healed":0,"gold_gain":0,"player_choice":"2","damage_taken":0,"max_hp_gain":0,"max_hp_loss":0,"event_name":"betterMatch:BetterMatch","floor":4,"gold_loss":0,"cards_obtained":["betterMatch:ColorlessUncommonCard"]},{"damage_healed":0,"gold_gain":0,"player_choice":"Trade","damage_taken":0,"relics_obtained":["CultistMask"],"max_hp_gain":0,"max_hp_loss":0,"event_name":"FaceTrader","floor":13,"gold_loss":0}],"is_beta":false,"boss_relics":[],"items_purged_floors":[],"is_endless":false,"potions_floor_spawned":[3,6,8],"killed_by":"The Guardian","ascension_level":1}}