{"host":"sabve5zmqufxyc5o","time":1608464735,"event":{"mods":["2.2 Compatiblity","AchievementEnabler","Act Like it!","BaseMod","Block Reminder","Colored Map","Colored Powertips","DeckTracker","KOR Keyword Fix","Keyboard Shortcuts","Minty Spire (QoL Compilation)","Quick Restart","Rare Cards Sparkle","Relic Stats","StSLib","SuperFastMode"],"gold_per_floor":[18,31,44,64,78,111,130,130,130,5,5,19,44,61,61,137,137,157,157,157,157,173,183,183,202,202,202,216,227,142,42,42,116,166,177,188,188,206,223,223,256,256,256,131,150,162,162,162,162,162,162,162],"floor_reached":51,"playtime":2375,"items_purged":["Strike_B","Defend_B","Shame"],"score":1315,"play_id":"98dbd204-9e84-47d8-be52-e85eb688127a","local_time":"20201220204535","is_ascension_mode":true,"campfire_choices":[{"floor":8.0,"key":"REST"},{"data":"Zap","floor":11.0,"key":"SMITH"},{"data":"Loop","floor":15.0,"key":"SMITH"},{"floor":24.0,"key":"REST"},{"floor":27.0,"key":"REST"},{"data":"Creative AI","floor":32.0,"key":"SMITH"},{"floor":40.0,"key":"REST"},{"data":"Fusion","floor":42.0,"key":"SMITH"},{"floor":47.0,"key":"RECALL"},{"floor":49.0,"key":"REST"}],"circlet_count":0,"master_deck":["AscendersBane","Defend_B","Defend_B","Zap+1","Dualcast","Beam Cell","Sunder","Loop+1","Gash","Glacier+1","Compile Driver","Barrage","Reinforced Body","Cold Snap","Biased Cognition","Gash","Creative AI+1","Reboot","Cold Snap","Turbo","Defragment","Reboot","Coolheaded","Coolheaded","Defragment","White Noise","Blizzard+1","Fusion+1","BootSequence+1"],"relics":["Cracked Core","Bird Faced Urn","Pear","Cursed Key","Symbiotic Virus","Tiny House","Art of War"],"acts_visited":["Exordium","TheCity","TheBeyond"],"potions_floor_usage":[50],"damage_taken":[{"damage":1.0,"enemies":"Cultist","floor":1.0,"turns":4.0},{"damage":6.0,"enemies":"Jaw Worm","floor":2.0,"turns":5.0},{"damage":0.0,"enemies":"2 Louse","floor":3.0,"turns":3.0},{"damage":16.0,"enemies":"Exordium Wildlife","floor":4.0,"turns":3.0},{"damage":6.0,"enemies":"2 Fungi Beasts","floor":5.0,"turns":4.0},{"damage":8.0,"enemies":"Gremlin Nob","floor":6.0,"turns":3.0},{"damage":4.0,"enemies":"3 Louse","floor":7.0,"turns":3.0},{"damage":2.0,"enemies":"Lots of Slimes","floor":12.0,"turns":5.0},{"damage":12.0,"enemies":"Lagavulin","floor":13.0,"turns":5.0},{"damage":0.0,"enemies":"Looter","floor":14.0,"turns":4.0},{"damage":12.0,"enemies":"The Guardian","floor":16.0,"turns":12.0},{"damage":25.0,"enemies":"Shell Parasite","floor":18.0,"turns":8.0},{"damage":23.0,"enemies":"2 Thieves","floor":22.0,"turns":3.0},{"damage":3.0,"enemies":"Centurion and Healer","floor":23.0,"turns":7.0},{"damage":33.0,"enemies":"Snake Plant","floor":25.0,"turns":4.0},{"damage":12.0,"enemies":"Snecko","floor":28.0,"turns":6.0},{"damage":19.0,"enemies":"Centurion and Healer","floor":29.0,"turns":10.0},{"damage":48.0,"enemies":"Automaton","floor":33.0,"turns":12.0},{"damage":11.0,"enemies":"Orb Walker","floor":35.0,"turns":4.0},{"damage":11.0,"enemies":"3 Shapes","floor":36.0,"turns":2.0},{"damage":20.0,"enemies":"Jaw Worm Horde","floor":38.0,"turns":6.0},{"damage":50.0,"enemies":"Transient","floor":39.0,"turns":6.0},{"damage":54.0,"enemies":"Reptomancer","floor":41.0,"turns":12.0},{"damage":30.0,"enemies":"Sphere and 2 Shapes","floor":45.0,"turns":5.0},{"damage":29.0,"enemies":"Jaw Worm Horde","floor":46.0,"turns":7.0},{"damage":77,"enemies":"Time Eater","floor":50,"turns":19},{"damage":23,"enemies":"Awakened One","floor":51,"turns":2}],"seed_played":"1018852387740156720","potions_obtained":[{"floor":3.0,"key":"Energy Potion"},{"floor":4.0,"key":"GamblersBrew"},{"floor":6.0,"key":"ColorlessPotion"},{"floor":12.0,"key":"SteroidPotion"},{"floor":18.0,"key":"Fruit Juice"},{"floor":22.0,"key":"AttackPotion"},{"floor":28.0,"key":"Strength Potion"},{"floor":33.0,"key":"Fire Potion"},{"floor":34.0,"key":"Ancient Potion"},{"floor":36.0,"key":"Ancient Potion"},{"floor":41.0,"key":"Fire Potion"},{"floor":46.0,"key":"LiquidMemories"}],"is_trial":false,"path_per_floor":["M","M","M","M","M","E","M","R","T","$","R","M","E","M","R","B",null,"M","?","?","?","M","M","R","M","T","R","M","M","?","$","R","B",null,"M","M","?","M","M","R","E","R","T","$","M","M","R","?","R","B","B"],"character_chosen":"DEFECT","items_purchased":["Compile Driver"],"campfire_rested":5,"item_purchase_floors":[10],"current_hp_per_floor":[63,57,57,41,35,27,23,44,54,54,54,54,44,46,46,36,70,52,27,27,27,10,21,48,25,25,52,56,59,59,59,59,33,82,81,76,76,70,36,64,40,40,40,40,26,19,19,19,47,20,0,0],"gold":162,"neow_bonus":"REMOVE_TWO","is_daily":false,"chose_seed":false,"campfire_upgraded":4,"win_rate":0.0,"timestamp":1608464735,"path_taken":["M","M","?","M","?","E","M","R","T","$","R","M","E","M","R","BOSS","M","?","?","?","M","?","R","M","T","R","M","M","?","$","R","BOSS","M","M","?","?","M","R","E","R","T","$","M","M","R","?","R","BOSS","BOSS"],"items_purchased_type":["Card"],"build_version":"2020-12-13","purchased_purges":3,"victory":false,"max_hp_per_floor":[71,71,71,71,71,71,71,71,81,81,81,81,81,81,81,81,81,86,91,91,91,91,91,91,91,91,91,91,91,91,91,91,91,96,96,96,96,96,96,96,96,96,96,96,96,96,96,96,96,96,96,96],"relic_stats":{"counters":[27,162],"Bird Faced Urn":[266],"Art of War":[12],"Cursed Key":1,"obtain_stats":[{"Pear":9,"Tiny House":34,"Bird Faced Urn":6,"Art of War":41,"Cracked Core":0,"Cursed Key":17,"Symbiotic Virus":30},{"Pear":7,"Tiny House":18,"Bird Faced Urn":6,"Art of War":23,"Cracked Core":0,"Cursed Key":11,"Symbiotic Virus":17},{"Pear":25,"Tiny House":99,"Bird Faced Urn":22,"Art of War":129,"Cracked Core":0,"Cursed Key":51,"Symbiotic Virus":88}]},"card_choices":[{"not_picked":["Undo","Hologram"],"picked":"Beam Cell","floor":1.0},{"not_picked":["Steam","Static Discharge"],"picked":"Sunder","floor":2.0},{"not_picked":["Chaos","Melter","Storm"],"picked":"SKIP","floor":3.0},{"not_picked":["Sunder","Streamline"],"picked":"Loop","floor":4.0},{"not_picked":["Go for the Eyes","Streamline"],"picked":"Gash","floor":5.0},{"not_picked":["Hyperbeam","Reprogram"],"picked":"Glacier","floor":6.0},{"not_picked":["Tempest","Beam Cell","Sweeping Beam"],"picked":"SKIP","floor":7.0},{"not_picked":["Double Energy","Heatsinks"],"picked":"Barrage","floor":12.0},{"not_picked":["Stack","Aggregate"],"picked":"Reinforced Body","floor":13.0},{"not_picked":["Streamline","FTL"],"picked":"Cold Snap","floor":14.0},{"not_picked":["Multi-Cast","Buffer"],"picked":"Biased Cognition","floor":16.0},{"not_picked":["Hologram+1","Rebound","Go for the Eyes"],"picked":"SKIP","floor":18.0},{"not_picked":["Leap","Hello World","Redo"],"picked":"SKIP","floor":22.0},{"not_picked":["Force Field","Beam Cell"],"picked":"Cold Snap","floor":23.0},{"not_picked":["Rebound","Static Discharge"],"picked":"Turbo","floor":25.0},{"not_picked":["Compile Driver","Conserve Battery"],"picked":"Defragment","floor":28.0},{"not_picked":["Auto Shields","Conserve Battery","Double Energy"],"picked":"SKIP","floor":29.0},{"not_picked":["Multi-Cast","Meteor Strike"],"picked":"Reboot","floor":33.0},{"not_picked":["Streamline","Tempest"],"picked":"Coolheaded","floor":35.0},{"not_picked":["Cold Snap","Ball Lightning"],"picked":"Coolheaded","floor":36.0},{"not_picked":["Recycle+1","Conserve Battery"],"picked":"White Noise","floor":38.0},{"not_picked":["Amplify","Turbo"],"picked":"Blizzard+1","floor":39.0},{"not_picked":["Ball Lightning","Static Discharge+1"],"picked":"Fusion","floor":41.0},{"not_picked":["Sweeping Beam","Doom and Gloom","Ball Lightning"],"picked":"SKIP","floor":45.0},{"not_picked":["Barrage","Streamline"],"picked":"BootSequence+1","floor":46.0}],"player_experience":792013,"relics_obtained":[{"floor":6.0,"key":"Bird Faced Urn"},{"floor":9.0,"key":"Pear"},{"floor":41.0,"key":"Art of War"}],"event_choices":[{"damage_healed":0.0,"max_hp_gain":5.0,"max_hp_loss":0.0,"gold_gain":0.0,"event_name":"Forgotten Altar","player_choice":"Shed Blood","floor":19.0,"gold_loss":0.0,"damage_taken":30.0},{"damage_healed":0.0,"max_hp_gain":0.0,"max_hp_loss":0.0,"gold_gain":0.0,"event_name":"The Library","player_choice":"Read","floor":20.0,"gold_loss":0.0,"damage_taken":0.0,"cards_obtained":["Gash"]},{"damage_healed":0.0,"max_hp_gain":0.0,"max_hp_loss":0.0,"gold_gain":0.0,"cards_transformed":["Strike_B","Defend_B"],"event_name":"Drug Dealer","player_choice":"Became Test Subject","floor":21.0,"gold_loss":0.0,"damage_taken":0.0,"cards_obtained":["Creative AI","Reboot"]},{"damage_healed":0.0,"max_hp_gain":0.0,"max_hp_loss":0.0,"gold_gain":0.0,"event_name":"Addict","player_choice":"Obtained Relic","floor":30.0,"gold_loss":85.0,"damage_taken":0.0,"relics_obtained":["Symbiotic Virus"]},{"damage_healed":0.0,"max_hp_gain":0.0,"max_hp_loss":0.0,"gold_gain":0.0,"event_name":"Duplicator","player_choice":"Copied","floor":37.0,"gold_loss":0.0,"damage_taken":0.0,"cards_obtained":["Defragment"]},{"damage_healed":0.0,"max_hp_gain":0.0,"max_hp_loss":0.0,"gold_gain":0.0,"event_name":"SecretPortal","player_choice":"Ignored","floor":48.0,"gold_loss":0.0,"damage_taken":0.0}],"is_beta":false,"boss_relics":[{"not_picked":["Fusion Hammer","Busted Crown"],"picked":"Cursed Key"},{"not_picked":["Philosopher\u0027s Stone","SacredBark"],"picked":"Tiny House"}],"items_purged_floors":[10,31,44],"is_endless":false,"potions_floor_spawned":[3,4,6,12,18,22,28,33,36,41,46],"killed_by":"Awakened One","ascension_level":20}}