{"host":"z7h0k8blg7jrnodm","time":1608466463,"event":{"mods":["BaseMod","Challenge The Spire","Colored Map","Colored Powertips","Custom Start","Downfall","Key Reminder","Minty Spire (QoL Compilation)","Quick Restart","Random Character Button","Relic Stats","StSLib","SuperFastMode","Unceasing Turn Reminder"],"gold_per_floor":[99,109,109,123,33,33,56,84,84,112,127,137,212,280,309,321,321],"floor_reached":16,"playtime":470,"items_purged":["Slimebound:Strike_Slimebound"],"score":141,"play_id":"90ba9a1a-17d5-440b-93fb-de47395a172e","local_time":"20201220141423","is_ascension_mode":true,"campfire_choices":[{"data":"Slimebound:Split","floor":1,"key":"SMITH"},{"data":"Slimebound:ViciousTackle","floor":3,"key":"SMITH"},{"data":"Slimebound:Schlurp","floor":6,"key":"SMITH"}],"circlet_count":0,"master_deck":["Slimebound:Strike_Slimebound","Slimebound:Strike_Slimebound","Slimebound:Tackle","Slimebound:Defend_Slimebound","Slimebound:Defend_Slimebound","Slimebound:Defend_Slimebound","Slimebound:Defend_Slimebound","Slimebound:Split+1","Slimebound:CorrosiveSpit","Slimebound:ViciousTackle+1","Slimebound:Schlurp+1","Slimebound:LeechingTouch","Slimebound:LevelUp","Slimebound:GoopSpray","Slimebound:LevelUp"],"relics":["Slimebound:AbsorbEndCombat","Bag of Preparation","Matryoshka","Gremlin Horn","MawBank","Kunai"],"acts_visited":["Exordium"],"potions_floor_usage":[16,16],"damage_taken":[{"damage":12,"enemies":"Cultist","floor":2,"turns":3},{"damage":3,"enemies":"2 Louse","floor":4,"turns":2},{"damage":9,"enemies":"downfall:FleeingMerchant","floor":5,"turns":4},{"damage":22,"enemies":"3 Sentries","floor":8,"turns":6},{"damage":19,"enemies":"Lagavulin","floor":10,"turns":5},{"damage":9,"enemies":"Jaw Worm","floor":11,"turns":3},{"damage":11,"enemies":"Lots of Slimes","floor":12,"turns":3},{"damage":11,"enemies":"Red Slaver","floor":15,"turns":4},{"damage":49,"enemies":"downfall:Defect","floor":16,"turns":5}],"seed_played":"2618761276709589422","potions_obtained":[{"floor":2,"key":"PowerPotion"},{"floor":8,"key":"ColorlessPotion"},{"floor":10,"key":"ColorlessPotion"},{"floor":11,"key":"Weak Potion"}],"is_trial":false,"path_per_floor":["R","M","R","M","$","R","T","E","?","E","M","M","?","T","M","B"],"character_chosen":"SLIMEBOUND","items_purchased":[],"campfire_rested":0,"item_purchase_floors":[],"current_hp_per_floor":[54,54,54,51,54,54,54,42,47,40,43,44,44,44,43,0,0],"gold":321,"neow_bonus":"TWENTY_PERCENT_HP_BONUS","is_daily":false,"chose_seed":false,"campfire_upgraded":3,"win_rate":0.0,"timestamp":1608466463,"path_taken":["R","M","R","M","$","R","T","E","?","E","M","M","?","?","M","BOSS"],"items_purchased_type":[],"build_version":"2020-12-13","purchased_purges":1,"victory":false,"max_hp_per_floor":[72,72,72,72,72,72,72,72,77,77,77,77,77,77,77,77,77],"relic_stats":{"Gremlin Horn":[4,4],"counters":[9,33],"Bag of Preparation":[12],"Kunai":[1],"MawBank":24,"obtain_stats":[{"Matryoshka":8,"Gremlin Horn":10,"Slimebound:AbsorbEndCombat":0,"Bag of Preparation":7,"Kunai":14,"MawBank":14},{"Matryoshka":4,"Gremlin Horn":5,"Slimebound:AbsorbEndCombat":0,"Bag of Preparation":3,"Kunai":7,"MawBank":7},{"Matryoshka":15,"Gremlin Horn":20,"Slimebound:AbsorbEndCombat":0,"Bag of Preparation":9,"Kunai":25,"MawBank":25}]},"card_choices":[{"not_picked":["Slimebound:RollThrough","Slimebound:FinishingTackle"],"picked":"Slimebound:ViciousTackle","floor":2},{"not_picked":["Slimebound:FinishingTackle","Slimebound:RollThrough"],"picked":"Slimebound:Schlurp","floor":4},{"not_picked":["Slimebound:LevelUp","Slimebound:FlameTackle"],"picked":"Slimebound:LeechingTouch","floor":5},{"not_picked":["Slimebound:DisruptingSlam","Slimebound:FinishingTackle","Slimebound:PressTheAttack"],"picked":"SKIP","floor":8},{"not_picked":["Slimebound:GoopTackle","Slimebound:SpikyOuterGoop"],"picked":"Slimebound:LevelUp","floor":10},{"not_picked":["Slimebound:FirmFortitude","Slimebound:ItLooksTasty","Slimebound:PressTheAttack"],"picked":"SKIP","floor":11},{"not_picked":["Slimebound:SplitBruiser","Slimebound:ViciousTackle"],"picked":"Slimebound:GoopSpray","floor":12},{"not_picked":["Slimebound:HauntingLick","Slimebound:RollThrough"],"picked":"Slimebound:LevelUp","floor":15}],"player_experience":292056,"relics_obtained":[{"floor":7,"key":"Bag of Preparation"},{"floor":8,"key":"Matryoshka"},{"floor":10,"key":"Gremlin Horn"},{"floor":14,"key":"MawBank"},{"floor":14,"key":"Kunai"}],"event_choices":[{"damage_healed":0,"gold_gain":0,"player_choice":"Donut","damage_taken":0,"max_hp_gain":5,"max_hp_loss":0,"event_name":"Big Fish","floor":9,"gold_loss":0}],"is_beta":false,"boss_relics":[],"items_purged_floors":[5],"is_endless":false,"potions_floor_spawned":[2,8,10,11,12],"killed_by":"downfall:Defect","ascension_level":1}}