{"host":"lgr0ufi017x11auv","time":1608478275,"event":{"mods":["AchievementEnabler","BaseMod","Better Match","Better Third Choice","BetterRewards","Colored Map","Colored Powertips","Downfall","Hubris","Infinite Spire","Minty Spire (QoL Compilation)","Permanent Neow","Quick Restart","Rare Cards Sparkle","Relic Stats","Replay The Spire","Shade Mod","Shop Mod","Spicy Shops","StSLib","The Blue Laboratory","The Death Knight","The Dragon Tamer","The Necromancer","vexMod"],"gold_per_floor":[112,187,37,37,54,86,86,86,113,125,157,157,171,183,183,283,283,293,312,312,329,329,329,329,329],"floor_reached":23,"playtime":926,"items_purged":[],"score":201,"play_id":"157c9f70-5546-4ae3-b1c6-824d9e9185ba","local_time":"20201220163115","is_ascension_mode":false,"metric_token":1619,"campfire_choices":[{"floor":8,"key":"REST"},{"data":"DTMod:FlameSlash","floor":12,"key":"SMITH"},{"floor":15,"key":"REST"},{"data":"DTMod:HeadStart","floor":23,"key":"SMITH"}],"dtmod_dragon_data":[45,50,1,-1,8,0],"circlet_count":0,"master_deck":["DTMod:Strike","DTMod:DoubleHit","DTMod:TargetDefense+1","DTMod:TargetDefense+1","DTMod:TargetDefense","DTMod:TargetDefense","DTMod:SwitchingTactic","DTMod:ExcessFootwork","DTMod:BreakAttack","DTMod:MasterPlan","Thunderclap","DTMod:FlameSlash+1","DTMod:QuickFly","DTMod:HeadStart+1"],"relics":["m_GuardianBlood","Membership Card","hubris:Towel","War Paint","infinitespire:Cubic Diamond","ReplayTheSpireMod:TigerMarble","Blood Vial","Snecko Eye"],"acts_visited":["Exordium","TheCity"],"potions_floor_usage":[16],"damage_taken":[{"damage":0,"enemies":"Jaw Worm","floor":1,"turns":4},{"damage":0,"enemies":"2 Louse","floor":5,"turns":3},{"damage":15,"enemies":"Lagavulin","floor":6,"turns":8},{"damage":0,"enemies":"Small Slimes","floor":10,"turns":2},{"damage":15,"enemies":"3 Sentries","floor":11,"turns":15},{"damage":6,"enemies":"3 Louse","floor":13,"turns":2},{"damage":9,"enemies":"Looter","floor":14,"turns":3},{"damage":10,"enemies":"Slime Boss","floor":16,"turns":6},{"damage":0,"enemies":"3 Byrds","floor":18,"turns":4},{"damage":1,"enemies":"Shell Parasite","floor":19,"turns":3},{"damage":0,"enemies":"Cultist and Chosen","floor":21,"turns":5}],"seed_played":"-67952379350442258","potions_obtained":[{"floor":5,"key":"blueLaboratory:HummingbirdPotion"},{"floor":10,"key":"sneckomod:MuddlingPotion"},{"floor":14,"key":"EssenceOfSteel"}],"is_trial":false,"path_per_floor":["M","?","$","?","M","E","?","R","T","M","E","R","M","M","R","B",null,"M","M","?","M","?","R"],"character_chosen":"THE_DT","items_purchased":["Membership Card"],"campfire_rested":2,"item_purchase_floors":[3],"current_hp_per_floor":[45,34,34,34,34,19,19,32,32,38,29,29,31,34,45,41,45,45,45,45,45,45,45,45,45],"gold":329,"neow_bonus":"TRANSFORM_CARD","is_daily":false,"chose_seed":false,"campfire_upgraded":2,"win_rate":0.0,"timestamp":1608478275,"path_taken":["M","?","$","?","M","E","?","R","T","?","E","R","M","M","R","BOSS","M","M","?","M","?","R"],"items_purchased_type":["Relic"],"build_version":"2020-12-13","purchased_purges":0,"victory":false,"max_hp_per_floor":[45,45,45,45,45,45,45,45,45,45,45,45,45,45,45,45,45,45,45,45,45,45,45,45,45],"relic_stats":{"Blood Vial":4,"counters":[11,55],"Snecko Eye":[18,25,24,18],"War Paint":["DTMod:TargetDefense","DTMod:TargetDefense"],"obtain_stats":[{"Blood Vial":11,"DTMod:PactStone":0,"Snecko Eye":17,"infinitespire:Cubic Diamond":7,"ReplayTheSpireMod:TigerMarble":9,"Membership Card":3,"hubris:Towel":4,"War Paint":6,"m_GuardianBlood":7},{"Blood Vial":5,"DTMod:PactStone":0,"Snecko Eye":8,"infinitespire:Cubic Diamond":3,"ReplayTheSpireMod:TigerMarble":3,"Membership Card":1,"hubris:Towel":1,"War Paint":3,"m_GuardianBlood":3},{"Blood Vial":32,"DTMod:PactStone":0,"Snecko Eye":43,"infinitespire:Cubic Diamond":15,"ReplayTheSpireMod:TigerMarble":15,"Membership Card":4,"hubris:Towel":4,"War Paint":15,"m_GuardianBlood":15}]},"card_choices":[{"not_picked":["DTMod:BizarreTactic","DTMod:HeatWave"],"picked":"DTMod:BreakAttack","floor":1},{"not_picked":["DTMod:ShadowImage","DTMod:BurningEnergy","DTMod:Shift"],"picked":"SKIP","floor":5},{"not_picked":["DTMod:Cover","DTMod:RepeatStrike"],"picked":"DTMod:MasterPlan","floor":6},{"not_picked":["Guardian:FloatingOrbs","DTMod:Weaken"],"picked":"Thunderclap","floor":10},{"not_picked":["DTMod:Feint","DTMod:MagiciansMark"],"picked":"DTMod:FlameSlash","floor":11},{"not_picked":["Guardian:WalkerClaw","DTMod:BlazingStrike"],"picked":"DTMod:QuickFly","floor":13},{"not_picked":["Inflame","DTMod:RecklessFlurry","DTMod:InvisibleFlame"],"picked":"SKIP","floor":14},{"not_picked":["Limit Break","Guardian:WeakpointTargeting"],"picked":"DTMod:HeadStart","floor":16},{"not_picked":["DTMod:QuickFly","DTMod:Threaten+1","DTMod:BlazingStrike+1"],"picked":"SKIP","floor":18},{"not_picked":["DTMod:DeepFocus","DTMod:Threaten","DTMod:LowKick"],"picked":"SKIP","floor":19},{"not_picked":["DTMod:Training","DTMod:EchoTactic","DTMod:ComboAttack"],"picked":"SKIP","floor":21}],"player_experience":268383,"relics_obtained":[{"floor":6,"key":"War Paint"},{"floor":9,"key":"ReplayTheSpireMod:TigerMarble"},{"floor":11,"key":"Blood Vial"}],"event_choices":[{"damage_healed":0,"gold_gain":75,"player_choice":"Gold","damage_taken":11,"max_hp_gain":0,"max_hp_loss":0,"event_name":"betterThird:BetterGoop","floor":2,"gold_loss":0},{"cards_removed":["DTMod:Strike"],"damage_healed":0,"gold_gain":0,"player_choice":"Elegance","damage_taken":0,"max_hp_gain":0,"max_hp_loss":0,"event_name":"betterThird:BetterWriting","floor":22,"gold_loss":0}],"is_beta":false,"boss_relics":[{"not_picked":["hubris:CrackedHourglass","Velvet Choker"],"picked":"Snecko Eye"}],"items_purged_floors":[],"is_endless":false,"potions_floor_spawned":[5,10,14],"ascension_level":0}}