{"host":"Kdaddybrian","time":1608494607,"event":{"mods":["AchievementEnabler","BaseMod","Bestiary","Colored Powertips","Minty Spire (QoL Compilation)","Potion Indicator Mod","Quick Restart","Rare Cards Sparkle","Relic Stats","StSLib","Uncapped"],"gold_per_floor":[116,129,145,320,340,340,59,91,139,139,139,173,173,199,199,300,300,319,319,319],"floor_reached":19,"playtime":673,"items_purged":["Doubt"],"score":278,"play_id":"200704d1-4fc2-4439-a023-dd655101f394","local_time":"20201220150327","is_ascension_mode":true,"campfire_choices":[{"data":"Defragment","floor":6,"key":"SMITH"},{"floor":10,"key":"REST"},{"data":"Loop","floor":13,"key":"SMITH"},{"data":"Doom and Gloom","floor":15,"key":"SMITH"}],"circlet_count":0,"master_deck":["AscendersBane","Strike_B","Strike_B","Strike_B","Strike_B","Defend_B","Defend_B","Defend_B","Defend_B","Zap","Dualcast","Self Repair","Sweeping Beam","Defragment+1","Barrage","Doom and Gloom+1","Loop+1","Barrage","Machine Learning","Leap","Echo Form","Conserve Battery"],"relics":["Cracked Core","Oddly Smooth Stone","Mercury Hourglass","Toy Ornithopter","Orichalcum","Ginger","Tiny Chest","Runic Pyramid"],"acts_visited":["Exordium","TheCity"],"potions_floor_usage":[14,14,18],"damage_taken":[{"damage":0,"enemies":"Small Slimes","floor":1,"turns":3},{"damage":2,"enemies":"Jaw Worm","floor":2,"turns":4},{"damage":0,"enemies":"Cultist","floor":3,"turns":3},{"damage":12,"enemies":"Exordium Wildlife","floor":5,"turns":3},{"damage":28,"enemies":"Lagavulin","floor":8,"turns":6},{"damage":16,"enemies":"Gremlin Nob","floor":12,"turns":4},{"damage":28,"enemies":"Lagavulin","floor":14,"turns":6},{"damage":32,"enemies":"Slime Boss","floor":16,"turns":6},{"damage":32,"enemies":"3 Byrds","floor":18,"turns":4},{"damage":36,"enemies":"Masked Bandits","floor":19,"turns":2}],"seed_played":"-4135800509058177733","potions_obtained":[{"floor":1,"key":"SpeedPotion"},{"floor":12,"key":"Energy Potion"}],"is_trial":false,"path_per_floor":["M","M","M","?","M","R","$","E","T","R","?","E","R","E","R","B",null,"M","?"],"character_chosen":"DEFECT","items_purchased":["Doom and Gloom","Loop","PowerPotion"],"campfire_rested":1,"item_purchase_floors":[7,7,7],"current_hp_per_floor":[68,73,73,73,68,68,68,47,47,69,57,48,48,37,37,12,59,32,0,0],"gold":319,"neow_bonus":"RANDOM_COMMON_RELIC","is_daily":false,"chose_seed":false,"campfire_upgraded":3,"win_rate":0.0,"timestamp":1608494607,"path_taken":["M","M","M","?","M","R","$","E","T","R","?","E","R","E","R","BOSS","M","?"],"items_purchased_type":["Card","Card","Potion"],"build_version":"2020-12-18","purchased_purges":1,"victory":false,"max_hp_per_floor":[75,75,75,75,75,75,75,75,75,75,75,75,75,75,75,75,75,75,75,75],"relic_stats":{"counters":[10,40],"Tiny Chest":0,"Ginger":[2],"Orichalcum":[60],"obtain_stats":[{"Oddly Smooth Stone":0,"Tiny Chest":14,"Ginger":12,"Orichalcum":11,"Cracked Core":0,"Toy Ornithopter":9,"Mercury Hourglass":8,"Runic Pyramid":17},{"Oddly Smooth Stone":0,"Tiny Chest":7,"Ginger":6,"Orichalcum":5,"Cracked Core":0,"Toy Ornithopter":5,"Mercury Hourglass":5,"Runic Pyramid":8},{"Oddly Smooth Stone":0,"Tiny Chest":29,"Ginger":23,"Orichalcum":19,"Cracked Core":0,"Toy Ornithopter":19,"Mercury Hourglass":19,"Runic Pyramid":35}],"Toy Ornithopter":15,"Mercury Hourglass":[102]},"card_choices":[{"not_picked":["Turbo","Hologram"],"picked":"Self Repair","floor":1},{"not_picked":["Cold Snap","Melter"],"picked":"Sweeping Beam","floor":2},{"not_picked":["Turbo","FTL"],"picked":"Defragment","floor":3},{"not_picked":["Heatsinks","Cold Snap"],"picked":"Barrage","floor":5},{"not_picked":["Turbo","Streamline"],"picked":"Barrage","floor":8},{"not_picked":["Stack","Leap"],"picked":"Machine Learning","floor":12},{"not_picked":["Fusion","FTL"],"picked":"Leap","floor":14},{"not_picked":["Amplify","Fission"],"picked":"Echo Form","floor":16},{"not_picked":["Ball Lightning","Lockon"],"picked":"Conserve Battery","floor":18}],"player_experience":2883395,"relics_obtained":[{"floor":8,"key":"Mercury Hourglass"},{"floor":9,"key":"Toy Ornithopter"},{"floor":12,"key":"Ginger"},{"floor":14,"key":"Tiny Chest"}],"event_choices":[{"damage_healed":0,"gold_gain":175,"player_choice":"AGREE","damage_taken":0,"max_hp_gain":0,"max_hp_loss":0,"event_name":"Liars Game","floor":4,"gold_loss":0,"cards_obtained":["Doubt"]},{"damage_healed":0,"gold_gain":0,"player_choice":"Success","damage_taken":12,"relics_obtained":["Orichalcum"],"max_hp_gain":0,"max_hp_loss":0,"event_name":"Scrap Ooze","floor":11,"gold_loss":0},{"damage_healed":0,"gold_gain":0,"player_choice":"Fought Bandits","damage_taken":0,"max_hp_gain":0,"max_hp_loss":0,"event_name":"Masked Bandits","floor":19,"gold_loss":0}],"is_beta":true,"boss_relics":[{"not_picked":["Black Star","Runic Dome"],"picked":"Runic Pyramid"}],"items_purged_floors":[7],"is_endless":false,"potions_floor_spawned":[1,12],"killed_by":"Masked Bandits","ascension_level":10}}