{"host":"fv1zmt2tayuouyhf","time":1608486129,"event":{"mods":["Aspiration","BaseMod","BetterRewards","Colored Map","Colored Powertips","Custom Start","DeckTracker","Downfall","Googly Eyes","Highlight Path","Hubris","Infinite Spire","Minty Spire (QoL Compilation)","Quick Restart","Random Character Button","Relic Sorter","Replay The Spire","StSLib","SuperFastMode","Synergy Search","The Bug Knight","The Cursed","The Disciple","The Hierophant","The Jungle","The Runesmith"],"gold_per_floor":[112,112,124,136,152,183,200,375,375,387,387,387,406,331,331,433,433,452,602,619,631,631,631],"floor_reached":22,"playtime":1507,"items_purged":["Doubt","Defend_R"],"score":190,"play_id":"24353b10-9c98-45eb-8dab-e121cc27038d","local_time":"20201220184209","is_ascension_mode":false,"campfire_choices":[{"data":"Flex","floor":12,"key":"SMITH"}],"circlet_count":0,"master_deck":["Strike_R","Strike_R","Strike_R","Strike_R","Strike_R","Defend_R","Defend_R","Bash","Rage","Rage","Pommel Strike","Replay:Undeath\u0027s Touch","Metallicize","Cleave+1","Flex+1","Disarm","Juggernaut","Normality","Replay:Undeath\u0027s Touch+1"],"relics":["Burning Blood","NeowsBlessing","infinitespire:Beetle Shell","Durian","Black Star","ReplayTheSpireMod:CursedCoin"],"acts_visited":["Exordium","TheCity"],"potions_floor_usage":[6,16,16,20],"damage_taken":[{"damage":0,"enemies":"Jaw Worm","floor":1,"turns":1},{"damage":0,"enemies":"Cultist","floor":3,"turns":1},{"damage":0,"enemies":"2 Louse","floor":4,"turns":1},{"damage":15,"enemies":"Exordium Thugs","floor":5,"turns":6},{"damage":33,"enemies":"3 Sentries","floor":6,"turns":10},{"damage":0,"enemies":"Red Slaver","floor":7,"turns":4},{"damage":8,"enemies":"Large Slime","floor":10,"turns":5},{"damage":1,"enemies":"Exordium Wildlife","floor":13,"turns":5},{"damage":35,"enemies":"Fading Forest","floor":16,"turns":11},{"damage":13,"enemies":"Chosen","floor":18,"turns":5},{"damage":35,"enemies":"Spheric Guardian","floor":20,"turns":6},{"damage":48,"enemies":"3 Cultists","floor":21,"turns":6},{"damage":13,"enemies":"Centurion and Healer","floor":22,"turns":6}],"seed_played":"4452933919305067972","potions_obtained":[{"floor":1,"key":"SkillPotion"},{"floor":10,"key":"FearPotion"},{"floor":13,"key":"ColorlessPotion"},{"floor":18,"key":"Adrenaline Potion"}],"is_trial":false,"path_per_floor":["M","?","M","M","M","E","M","?","T","M","?","R","M","$","R_BF","B",null,"M","AVR","M","M","M"],"character_chosen":"IRONCLAD","items_purchased":[],"campfire_rested":0,"item_purchase_floors":[],"current_hp_per_floor":[80,72,78,80,71,44,50,50,55,53,53,53,58,58,58,41,85,78,78,49,7,0,0],"gold":631,"neow_bonus":"THREE_ENEMY_KILL","is_daily":false,"chose_seed":false,"campfire_upgraded":1,"win_rate":0.0,"timestamp":1608486129,"path_taken":["M","?","M","?","M","E","?","?","T","M","?","R","M","$","R_BF","BOSS","M","AVR","M","M","M"],"items_purchased_type":[],"build_version":"2020-12-13","purchased_purges":2,"victory":false,"max_hp_per_floor":[80,80,80,80,80,80,80,80,85,85,85,85,85,85,85,85,85,85,85,85,85,85,85],"card_choices":[{"not_picked":["Armaments","Twin Strike"],"picked":"Rage","floor":1},{"not_picked":["Headbutt","ReplayTheSpireMod:Strike From Hell"],"picked":"Rage","floor":3},{"not_picked":["Perfected Strike","Uppercut"],"picked":"Pommel Strike","floor":4},{"not_picked":["Run Through","Infernal Blade"],"picked":"Replay:Undeath\u0027s Touch","floor":5},{"not_picked":["hubris:CleavingFinish","True Grit"],"picked":"Metallicize","floor":6},{"not_picked":["Heavy Blade","Dropkick"],"picked":"Cleave","floor":7},{"not_picked":["Body Slam","Reckless Charge"],"picked":"Flex","floor":10},{"not_picked":["Iron Wave","Clash","Anger"],"picked":"SKIP","floor":13},{"not_picked":["Double Tap","Brutality"],"picked":"Juggernaut","floor":16},{"not_picked":["Clothesline","ReplayTheSpireMod:Strike From Hell","Dropkick"],"picked":"SKIP","floor":18},{"not_picked":["Hemokinesis","Flex+1"],"picked":"Replay:Undeath\u0027s Touch+1","floor":20},{"not_picked":["Clothesline","Disarm","Perfected Strike"],"picked":"SKIP","floor":21}],"player_experience":6320,"relics_obtained":[{"floor":6,"key":"infinitespire:Beetle Shell"},{"floor":9,"key":"Durian"}],"event_choices":[{"damage_healed":0,"gold_gain":0,"player_choice":"Damaged","damage_taken":8,"max_hp_gain":0,"max_hp_loss":0,"event_name":"Wheel of Change","floor":2,"gold_loss":0},{"damage_healed":0,"gold_gain":175,"player_choice":"AGREE","damage_taken":0,"max_hp_gain":0,"max_hp_loss":0,"event_name":"Liars Game","floor":8,"gold_loss":0,"cards_obtained":["Doubt"]}],"is_beta":false,"boss_relics":[{"not_picked":["Philosopher\u0027s Stone","hubris:RunicObelisk"],"picked":"Black Star"}],"items_purged_floors":[14,19],"is_endless":false,"potions_floor_spawned":[1,10,13,18],"killed_by":"Centurion and Healer","ascension_level":0}}