{"host":"cejauax78at8p0kw","time":1608458144,"event":{"mods":["2.2 Compatiblity","AlwaysNeverKeys","BaseMod","Better Silent Start","Colored Map","Disable Question Mark Monsters","Energized Spire","GifTheSpireLib","Gold Saver","Minty Spire (QoL Compilation)","Permanent Neow","Rare Cards Sparkle","Remove Card Discount Mod","Spicy Shops","StSLib","Stuff the Spire","SuperFastMode"],"gold_per_floor":[967,363,375,387,403,403,422,422,422,440,455,484,500,532,532,637,637,655,104,114,128,143,143,176,196,196,196,411,411,437,457,457,552,552,565,615,627,218,233,233,233,233,233,252,8,23,39,54,54,54,54,54,36,62,62],"floor_reached":56,"playtime":1958,"items_purged":["Strike_R","Strike_R","Strike_R","Strike_R","Normality","Defend_R","Defend_R"],"score":1748,"play_id":"bc4b1c69-7735-46a7-991b-4218c234f93c","local_time":"20201220015544","is_ascension_mode":true,"campfire_choices":[{"data":"Armaments","floor":6,"key":"SMITH"},{"data":"Carnage","floor":8,"key":"SMITH"},{"data":"Fire Breathing","floor":15,"key":"SMITH"},{"data":"Metallicize","floor":23,"key":"SMITH"},{"data":"Berserk","floor":27,"key":"SMITH"},{"data":"Evolve","floor":29,"key":"SMITH"},{"floor":32,"key":"REST"},{"data":"Metallicize","floor":40,"key":"SMITH"},{"data":"Shockwave","floor":42,"key":"SMITH"},{"data":"Metallicize","floor":49,"key":"SMITH"},{"data":"Inflame","floor":52,"key":"SMITH"}],"circlet_count":0,"master_deck":["AscendersBane","Defend_R","Defend_R","Bash","Carnage+1","Fire Breathing+1","Armaments+1","Wild Strike","Cleave","Feed","Evolve+1","Intimidate","Burning Pact","Battle Trance","Immolate","CurseOfTheBell","Flame Barrier","Cleave+1","Wild Strike","Metallicize+1","Berserk+1","Shockwave+1","Shrug It Off+1","Combust+1","Offering","Inflame+1","Metallicize+1","Metallicize+1","Pommel Strike+1","Power Through","Dual Wield+1"],"relics":["Burning Blood","StuffTheSpire:Gunfinga","Bird Faced Urn","Bronze Scales","Darkstone Periapt","Art of War","StuffTheSpire:DarkSteelAnvil","Calling Bell","Blood Vial","StuffTheSpire:SapphireSignet","Charon\u0027s Ashes","Anchor","Bottled Tornado","ClockworkSouvenir","Matryoshka","Smiling Mask","StuffTheSpire:Barrel","Old Coin","Akabeko","Velvet Choker","Calipers","Membership Card","StuffTheSpire:Experiment12","Gremlin Horn","Sundial","Eternal Feather","Bottled Lightning","Bag of Preparation","StuffTheSpire:Tea","Centennial Puzzle"],"acts_visited":["Exordium","TheCity","TheBeyond","TheEnding"],"potions_floor_usage":[16,33,50,55],"damage_taken":[{"damage":1.0,"enemies":"Cultist","floor":1.0,"turns":4.0},{"damage":7,"enemies":"Jaw Worm","floor":3,"turns":2},{"damage":0,"enemies":"Small Slimes","floor":4,"turns":3},{"damage":9,"enemies":"3 Louse","floor":5,"turns":2},{"damage":23,"enemies":"Exordium Thugs","floor":7,"turns":2},{"damage":8,"enemies":"Blue Slaver","floor":10,"turns":2},{"damage":6,"enemies":"Looter","floor":11,"turns":3},{"damage":5,"enemies":"Gremlin Nob","floor":12,"turns":3},{"damage":0,"enemies":"Exordium Wildlife","floor":13,"turns":3},{"damage":30,"enemies":"3 Sentries","floor":14,"turns":5},{"damage":50,"enemies":"The Guardian","floor":16,"turns":8},{"damage":20,"enemies":"2 Thieves","floor":18,"turns":3},{"damage":6,"enemies":"Spheric Guardian","floor":20,"turns":3},{"damage":21,"enemies":"Snake Plant","floor":21,"turns":3},{"damage":14,"enemies":"Centurion and Healer","floor":22,"turns":4},{"damage":10,"enemies":"Gremlin Leader","floor":24,"turns":5},{"damage":13,"enemies":"Snecko","floor":25,"turns":5},{"damage":36,"enemies":"Slavers","floor":30,"turns":3},{"damage":19,"enemies":"Snake Plant","floor":31,"turns":3},{"damage":68,"enemies":"Automaton","floor":33,"turns":8},{"damage":2,"enemies":"Orb Walker","floor":35,"turns":3},{"damage":0,"enemies":"Mind Bloom Boss Battle","floor":36,"turns":3},{"damage":28,"enemies":"3 Darklings","floor":37,"turns":4},{"damage":21,"enemies":"Spire Growth","floor":39,"turns":4},{"damage":0,"enemies":"4 Shapes","floor":44,"turns":1},{"damage":6,"enemies":"Maw","floor":46,"turns":5},{"damage":25,"enemies":"Transient","floor":47,"turns":5},{"damage":6,"enemies":"4 Shapes","floor":48,"turns":2},{"damage":63,"enemies":"Donu and Deca","floor":50,"turns":6},{"damage":49,"enemies":"Shield and Spear","floor":54,"turns":5},{"damage":66,"enemies":"The Heart","floor":55,"turns":9}],"seed_played":"-3171930206872956025","potions_obtained":[{"floor":1.0,"key":"HeartOfIron"},{"floor":4,"key":"Regen Potion"},{"floor":20,"key":"Explosive Potion"},{"floor":25,"key":"BloodPotion"},{"floor":33,"key":"ElixirPotion"},{"floor":36,"key":"Energy Potion"},{"floor":44,"key":"Ancient Potion"},{"floor":46,"key":"BloodPotion"},{"floor":54,"key":"EssenceOfSteel"}],"is_trial":false,"path_per_floor":["M","$","M","M","M","R","M","R","T","M","M","E","M","E","R","B",null,"M","$","M","M","M","R","E","M","T","R","?","R","E","M","R","B",null,"M","?","M","$","M","R","?","R","T","M","$","M","M","M","R","B",null,"R","$","E","B",null],"character_chosen":"IRONCLAD","items_purchased":["Fire Breathing","Armaments","Wild Strike","StuffTheSpire:Gunfinga","Bird Faced Urn","Bronze Scales","Anchor","Bottled Tornado","ClockworkSouvenir","Inflame","Membership Card","StuffTheSpire:Experiment12","Gremlin Horn","Sundial","Metallicize","Bag of Preparation","StuffTheSpire:Tea","Power Through"],"campfire_rested":1,"item_purchase_floors":[2,2,2,2,2,2,19,19,19,38,38,38,38,38,45,45,45,53],"current_hp_per_floor":[77,77,78,80,77,77,66,66,66,64,66,67,75,58,58,33,80,68,68,76,68,66,66,70,73,73,73,73,73,49,49,78,47,86,99,99,77,83,82,82,82,82,82,97,97,110,105,113,113,69,104,116,116,91,57],"gold":62,"neow_bonus":"TRANSFORM_CARD","is_daily":false,"chose_seed":false,"campfire_upgraded":10,"win_rate":0.0,"timestamp":1608458144,"path_taken":["M","$","M","M","M","R","M","R","T","M","M","E","?","E","R","BOSS","M","$","M","M","M","R","E","M","T","R","?","R","E","M","R","BOSS","M","?","M","$","M","R","?","R","T","M","$","M","?","M","R","BOSS","R","$","E","BOSS"],"items_purchased_type":["Card","Card","Card","Relic","Relic","Relic","Relic","Relic","Relic","Card","Relic","Relic","Relic","Relic","Card","Relic","Relic","Card"],"build_version":"2020-12-13","purchased_purges":7,"victory":true,"max_hp_per_floor":[80,80,80,80,80,80,84,84,84,84,84,84,84,87,87,87,93,93,93,93,96,96,96,96,96,96,96,96,96,96,99,99,99,99,99,99,99,105,105,105,105,105,105,110,110,110,110,113,113,116,116,116,116,116,116],"card_choices":[{"not_picked":["StuffTheSpire:Pyroclast","Havoc","Rampage"],"picked":"SKIP","floor":1.0},{"not_picked":["Warcry","Anger","StuffTheSpire:Slingshot"],"picked":"SKIP","floor":3},{"not_picked":["StuffTheSpire:Slingshot","Perfected Strike"],"picked":"Cleave","floor":4},{"not_picked":["Flame Barrier","Iron Wave"],"picked":"Feed","floor":5},{"not_picked":["StuffTheSpire:RockThrow","Dropkick","Clothesline"],"picked":"SKIP","floor":7},{"not_picked":["True Grit","Body Slam"],"picked":"Evolve","floor":10},{"not_picked":["Heavy Blade","Sever Soul","Sword Boomerang"],"picked":"SKIP","floor":11},{"not_picked":["Flex","Dark Embrace"],"picked":"Intimidate","floor":12},{"not_picked":["StuffTheSpire:Incineration","Flex"],"picked":"Burning Pact","floor":13},{"not_picked":["Clothesline","StuffTheSpire:BloodClot"],"picked":"Battle Trance","floor":14},{"not_picked":["Offering","Bludgeon"],"picked":"Immolate","floor":16},{"not_picked":["Flex","Battle Trance"],"picked":"Flame Barrier","floor":18},{"not_picked":["StuffTheSpire:Slingshot","Sever Soul"],"picked":"Cleave+1","floor":20},{"not_picked":["Perfected Strike+1","Pommel Strike"],"picked":"Wild Strike","floor":21},{"not_picked":["Shrug It Off","Rampage"],"picked":"Metallicize","floor":22},{"not_picked":["StuffTheSpire:RockThrow","Perfected Strike"],"picked":"Berserk","floor":24},{"not_picked":["Thunderclap+1","Second Wind"],"picked":"Shockwave","floor":25},{"not_picked":["StuffTheSpire:Slingshot","Burning Pact"],"picked":"Shrug It Off+1","floor":30},{"not_picked":["StuffTheSpire:RockThrow","Sever Soul"],"picked":"Combust+1","floor":31},{"not_picked":["Corruption","StuffTheSpire:TitanForm"],"picked":"Offering","floor":33},{"not_picked":["Thunderclap+1","Iron Wave+1","Wild Strike"],"picked":"SKIP","floor":35},{"not_picked":["Heavy Blade","Sword Boomerang","Flex+1"],"picked":"SKIP","floor":37},{"not_picked":["Iron Wave+1","Pummel+1"],"picked":"Metallicize","floor":39},{"not_picked":["Body Slam","Hemokinesis","StuffTheSpire:BloodClot+1"],"picked":"SKIP","floor":44},{"not_picked":["StuffTheSpire:Incineration","StuffTheSpire:BloodClot","StuffTheSpire:Slingshot"],"picked":"SKIP","floor":46},{"not_picked":["StuffTheSpire:TitanForm","Cleave+1"],"picked":"Pommel Strike+1","floor":47},{"not_picked":["StuffTheSpire:Slingshot+1","Warcry","Flex+1"],"picked":"SKIP","floor":48},{"not_picked":["Perfected Strike","Sentinel"],"picked":"Dual Wield+1","floor":54}],"player_experience":801307,"relics_obtained":[{"floor":9,"key":"Darkstone Periapt"},{"floor":12,"key":"Art of War"},{"floor":14,"key":"StuffTheSpire:DarkSteelAnvil"},{"floor":17,"key":"Blood Vial"},{"floor":17,"key":"StuffTheSpire:SapphireSignet"},{"floor":17,"key":"Charon\u0027s Ashes"},{"floor":24,"key":"Matryoshka"},{"floor":26,"key":"Smiling Mask"},{"floor":26,"key":"StuffTheSpire:Barrel"},{"floor":30,"key":"Akabeko"},{"floor":36,"key":"Calipers"},{"floor":43,"key":"Eternal Feather"},{"floor":43,"key":"Bottled Lightning"},{"floor":54,"key":"Centennial Puzzle"}],"event_choices":[{"damage_healed":0,"gold_gain":0,"player_choice":"Obtained Relic","damage_taken":0,"relics_obtained":["Old Coin"],"max_hp_gain":0,"max_hp_loss":0,"event_name":"Addict","floor":28,"gold_loss":85},{"damage_healed":0,"gold_gain":0,"player_choice":"Fight","damage_taken":0,"max_hp_gain":0,"max_hp_loss":0,"event_name":"MindBloom","floor":36,"gold_loss":0},{"damage_healed":0,"gold_gain":0,"player_choice":"Ignored","damage_taken":0,"max_hp_gain":0,"max_hp_loss":0,"event_name":"NoteForYourself","floor":41,"gold_loss":0}],"is_beta":false,"boss_relics":[{"not_picked":["energizedSpire:SpiderWeb","energizedSpire:OgreHead"],"picked":"Calling Bell"},{"not_picked":["Coffee Dripper","Black Star"],"picked":"Velvet Choker"}],"items_purged_floors":[2,2,2,19,38,38,45],"is_endless":false,"potions_floor_spawned":[1,4,10,13,14,20,25,30,33,36,44,46,47,48,54],"ascension_level":10}}