{"host":"gbop6m4qugddaz18","time":1608498483,"event":{"mods":["2.2 Compatiblity","BaseMod","Better Third Choice","Block Reminder","Downfall","GifTheSpireLib","Highlight Path","Minty Spire (QoL Compilation)","Replay The Spire","StSLib"],"gold_per_floor":[99,160,160,160,160,191,191,226,226,261,278,292,292,310,328,430,430,430,445,445,474,45,71,71,71,102,102,102,117,133,133,153,252,302,302,316,329,378,408,408,454,471,497,497,53,3,13,27,43,43],"floor_reached":51,"playtime":15337,"items_purged":["CommonCold","Parasite"],"score":1058,"play_id":"9650fa2a-b17c-4ad8-bbc9-f71e27a45afb","local_time":"20201220160803","is_ascension_mode":true,"campfire_choices":[{"data":"Neutralize","floor":1.0,"key":"SMITH"},{"data":"Poisoned Stab","floor":4.0,"key":"SMITH"},{"data":"Survivor","floor":9.0,"key":"SMITH"},{"data":"Caltrops","floor":18,"key":"SMITH"},{"data":"Sucker Punch","floor":20,"key":"SMITH"},{"data":"Pain","floor":25,"key":"PURGE"},{"floor":27,"key":"REST"},{"data":"Caltrops","floor":35,"key":"SMITH"},{"floor":40,"key":"REST"},{"data":"Writhe","floor":44,"key":"PURGE"}],"circlet_count":0,"master_deck":["Strike_G","Strike_G","Strike_G+1","Strike_G","Defend_G","Defend_G","Defend_G","Defend_G","Survivor+1","Neutralize+1","Poisoned Stab+1","Calculated Gamble+1","Corpse Explosion+1","Acrobatics+1","Caltrops+1","Sucker Punch+1","Draining Mist+1","Dodge and Roll+1","Adrenaline+1","Replay:Bag of Tricks+1","Backflip+1","Caltrops+1","Prepared+1","Poisoned Stab","Caltrops","Bane","Acrobatics+1","Deadly Poison+1","Bane+1","Toxin Wave+1","RitualDagger+1","After Image","A Thousand Cuts","Slice","Poisoned Stab+1","Bane","Sucker Punch+1","Slice","Slice+1","Deflect+1","Swift Strike","Master of Strategy+1","Well Laid Plans+1","Deadly Poison+1","Bouncing Flask+1","Prepared+1","Reflex+1","Tactician+1","Backflip+1","Footwork","Footwork","Noxious Fumes"],"relics":["Ring of the Snake","downfall:HeartsMalice","Toxic Egg 2","Replay:Mystery Machine","Peace Pipe","Pondfish Scales","Pocketwatch","Cursed Key","Quantum Egg","Matryoshka","Oddly Smooth Stone","Ninja Scroll","The Courier","ReplayTheSpireMod:Shallot","Mummified Hand","Tiny House","Mango","MealTicket","Replay:Rubber Ducky","Snake Skull","Nunchaku","HandDrill"],"acts_visited":["Exordium","TheCity","TheBeyond"],"potions_floor_usage":[33,33,36,42,50,50,50],"damage_taken":[{"damage":0.0,"enemies":"Jaw Worm","floor":5.0,"turns":1.0},{"damage":0.0,"enemies":"3 Sentries","floor":6.0,"turns":1.0},{"damage":0.0,"enemies":"Lagavulin","floor":8.0,"turns":1.0},{"damage":20.0,"enemies":"Gremlin Nob","floor":10.0,"turns":4.0},{"damage":0.0,"enemies":"Small Slimes","floor":11.0,"turns":3.0},{"damage":2.0,"enemies":"2 Louse","floor":12.0,"turns":3.0},{"damage":19.0,"enemies":"Exordium Thugs","floor":14.0,"turns":3.0},{"damage":13.0,"enemies":"Exordium Wildlife","floor":15.0,"turns":3.0},{"damage":4.0,"enemies":"Hexaghost","floor":16.0,"turns":9.0},{"damage":4,"enemies":"Spheric Guardian","floor":19,"turns":4},{"damage":14,"enemies":"Gremlin Leader","floor":21,"turns":5},{"damage":0,"enemies":"downfall:FleeingMerchant","floor":22,"turns":4},{"damage":2,"enemies":"Slavers","floor":23,"turns":3},{"damage":17,"enemies":"Book of Stabbing","floor":26,"turns":4},{"damage":0,"enemies":"Chosen","floor":29,"turns":3},{"damage":0,"enemies":"Centurion and Healer","floor":30,"turns":2},{"damage":1,"enemies":"Snake Plant","floor":32,"turns":3},{"damage":4,"enemies":"downfall:Defect","floor":33,"turns":6},{"damage":0,"enemies":"Orb Walker","floor":36,"turns":3},{"damage":2,"enemies":"3 Darklings","floor":37,"turns":3},{"damage":23,"enemies":"2 Orb Walkers","floor":38,"turns":5},{"damage":12,"enemies":"R_Hoarder","floor":39,"turns":7},{"damage":7,"enemies":"Writhing Mass","floor":42,"turns":4},{"damage":23,"enemies":"Reptomancer","floor":43,"turns":5},{"damage":0,"enemies":"downfall:FleeingMerchant","floor":45,"turns":4},{"damage":0,"enemies":"downfall:FleeingMerchant","floor":46,"turns":2},{"damage":2,"enemies":"Sphere and 2 Shapes","floor":47,"turns":4},{"damage":2,"enemies":"3 Darklings","floor":48,"turns":3},{"damage":6,"enemies":"4 Shapes","floor":49,"turns":2},{"damage":0,"enemies":"downfall:Watcher","floor":50,"turns":4}],"seed_played":"-958275183911739940","potions_obtained":[{"floor":2.0,"key":"Block Potion"},{"floor":10.0,"key":"PowerPotion"},{"floor":11.0,"key":"SteroidPotion"},{"floor":14.0,"key":"SpeedPotion"},{"floor":15.0,"key":"sneckomod:MuddlingPotion"},{"floor":19,"key":"BlessingOfTheForge"},{"floor":23,"key":"Elixir"},{"floor":31,"key":"CultistPotion"},{"floor":33,"key":"Strength Potion"},{"floor":34,"key":"Block Potion"},{"floor":39,"key":"SkillPotion"},{"floor":42,"key":"SteroidPotion"},{"floor":47,"key":"LifebloodPotion"}],"is_trial":false,"path_per_floor":["R","?","?","R","M","E","T","E","R","E","M","M","?","M","M","B",null,"R","M","R","E","$","E","T","R","E","R","?","M","M","?","M","B",null,"R","M","M","?","E","R","T","M","E","R","$","$","M","M","M","B",null],"character_chosen":"THE_SILENT","items_purchased":["Poisoned Stab","Matryoshka","Caltrops","Bane","HandDrill","Deflect+1","Swift Strike","Master of Strategy+1","Deadly Poison+1","Bouncing Flask+1","Prepared+1","Reflex+1","Tactician+1","Backflip+1"],"campfire_rested":2,"item_purchase_floors":[22,22,22,22,45,45,45,45,46,46,46,46,46,46],"current_hp_per_floor":[70,70,70,70,70,70,70,70,70,50,50,48,48,29,16,12,70,70,66,66,52,52,50,50,50,33,54,54,54,54,54,53,49,75,75,75,73,64,52,78,78,71,48,48,63,78,76,74,68,68],"gold":43,"neow_bonus":"THREE_ENEMY_KILL","is_daily":false,"chose_seed":false,"campfire_upgraded":6,"win_rate":0.0,"timestamp":1608498483,"path_taken":["R","?","?","R","M","E","T","E","R","E","M","?","?","M","M","BOSS","R","?","R","E","$","E","T","R","E","R","?","M","M","?","M","BOSS","R","M","M","?","E","R","T","M","E","R","?","$","M","?","M","BOSS"],"items_purchased_type":["Card","Relic","Card","Card","Relic","Card","Card","Card","Card","Card","Card","Card","Card","Card"],"build_version":"2020-12-13","purchased_purges":2,"victory":true,"max_hp_per_floor":[70,70,70,70,70,70,70,70,70,70,70,70,70,70,70,70,70,70,70,70,70,70,70,70,70,70,70,70,70,70,70,70,70,75,75,75,75,89,89,89,89,89,89,89,89,86,86,86,86,86],"card_choices":[{"not_picked":["Backflip+1","Eviscerate"],"picked":"Poisoned Stab","floor":2.0},{"not_picked":["Cloak And Dagger+1","Dagger Throw","Hidden Blade+1"],"picked":"SKIP","floor":5.0},{"not_picked":["Toxin Wave+1","Setup+1"],"picked":"Corpse Explosion+1","floor":6.0},{"not_picked":["Dagger Throw","ReplayTheSpireMod:Shiv Toss+1"],"picked":"Acrobatics+1","floor":8.0},{"not_picked":["Leg Sweep+1","Accuracy"],"picked":"Caltrops","floor":10.0},{"not_picked":["Finisher","Quick Slash"],"picked":"Sucker Punch","floor":11.0},{"not_picked":["Flechettes","Blade Dance+1"],"picked":"Draining Mist+1","floor":12.0},{"not_picked":["Bouncing Flask+1","ReplayTheSpireMod:Tripwire+1"],"picked":"Dodge and Roll+1","floor":14.0},{"not_picked":["Dagger Spray","Backflip+1"],"picked":"Adrenaline+1","floor":15.0},{"not_picked":["ReplayTheSpireMod:From All Sides","Wraith Form v2"],"picked":"Replay:Bag of Tricks+1","floor":16.0},{"not_picked":["Dagger Spray","Outmaneuver+1"],"picked":"Backflip+1","floor":19},{"not_picked":["Flying Knee+1","Predator+1"],"picked":"Caltrops","floor":21},{"not_picked":["Hidden Blade+1","Dagger Throw"],"picked":"Prepared+1","floor":22},{"not_picked":["All Out Attack","ReplayTheSpireMod:Tripwire+1"],"picked":"Acrobatics+1","floor":23},{"not_picked":["Cloak And Dagger+1","Wraith Form v2"],"picked":"Deadly Poison+1","floor":26},{"not_picked":["Prepared+1","Slice"],"picked":"Bane+1","floor":29},{"not_picked":["Flying Knee","Draining Mist+1"],"picked":"Toxin Wave+1","floor":30},{"not_picked":["Dagger Throw","Flying Knee"],"picked":"After Image","floor":32},{"not_picked":["Atom Bomb","Doppelganger+1"],"picked":"A Thousand Cuts","floor":33},{"not_picked":["Underhanded Strike","Outmaneuver+1"],"picked":"Slice","floor":34},{"not_picked":["Dagger Throw+1","Outmaneuver+1"],"picked":"Poisoned Stab+1","floor":36},{"not_picked":["Flying Knee+1","Poison Darts+1"],"picked":"Bane","floor":37},{"not_picked":["Blade Dance+1","Hidden Blade+1"],"picked":"Sucker Punch+1","floor":38},{"not_picked":["Outmaneuver+1","ReplayTheSpireMod:The Works+1","Venomology+1"],"picked":"SKIP","floor":39},{"not_picked":["Eviscerate","Predator"],"picked":"Slice","floor":42},{"not_picked":["Underhanded Strike","Sucker Punch+1"],"picked":"Slice+1","floor":43},{"not_picked":["Skewer","ReplayTheSpireMod:From All Sides","Infinite Blades+1"],"picked":"SKIP","floor":45},{"not_picked":["Bullet Time+1","Masterful Stab+1"],"picked":"Well Laid Plans+1","floor":46},{"not_picked":["Slice+1","ReplayTheSpireMod:Tripwire+1"],"picked":"Footwork","floor":47},{"not_picked":["Dagger Throw+1","Sucker Punch"],"picked":"Footwork","floor":48},{"not_picked":["Quick Slash","Predator"],"picked":"Noxious Fumes","floor":49}],"player_experience":488934,"relics_obtained":[{"floor":2.0,"key":"Toxic Egg 2"},{"floor":6.0,"key":"Replay:Mystery Machine"},{"floor":7.0,"key":"Peace Pipe"},{"floor":8.0,"key":"Pondfish Scales"},{"floor":10.0,"key":"Pocketwatch"},{"floor":21,"key":"Quantum Egg"},{"floor":23,"key":"Oddly Smooth Stone"},{"floor":24,"key":"Ninja Scroll"},{"floor":24,"key":"The Courier"},{"floor":26,"key":"ReplayTheSpireMod:Shallot"},{"floor":38,"key":"Mango"},{"floor":39,"key":"MealTicket"},{"floor":41,"key":"Replay:Rubber Ducky"},{"floor":41,"key":"Snake Skull"},{"floor":43,"key":"Nunchaku"}],"event_choices":[{"damage_healed":0.0,"max_hp_gain":0.0,"max_hp_loss":0.0,"gold_gain":0.0,"cards_transformed":["Strike_G"],"event_name":"Transmorgrifier","player_choice":"Transformed","floor":3.0,"gold_loss":0.0,"damage_taken":0.0,"cards_obtained":["Calculated Gamble"]},{"cards_removed":["Defend_G"],"damage_healed":0.0,"max_hp_gain":0.0,"max_hp_loss":0.0,"gold_gain":0.0,"event_name":"Wheel of Change","player_choice":"Card Removal","floor":13.0,"gold_loss":0.0,"damage_taken":0.0},{"damage_healed":0,"gold_gain":0,"player_choice":"Fight","damage_taken":0,"max_hp_gain":0,"max_hp_loss":0,"event_name":"Mysterious Sphere","floor":38,"gold_loss":0}],"is_beta":false,"boss_relics":[{"not_picked":["Sozu","SacredBark"],"picked":"Cursed Key"},{"not_picked":["Painkiller Herb","Ring of Chaos"],"picked":"Tiny House"}],"items_purged_floors":[45,46],"is_endless":false,"potions_floor_spawned":[10,11,14,15,19,23,29,30,33,39,42,47,49],"ascension_level":3}}