{"host":"wghdsg8ym2wc7ov9","time":1608423238,"event":{"mods":["AchievementEnabler","BaseMod","Better Altar","Better Note","Colored Map","Hermit","Highlight Path","Jorbs\u0027s Wanderer Trilogy","Minty Spire (QoL Compilation)","Random Character Button","Relic Stats","Shop Mod","StSLib","The Bug Knight","The Cursed","The Hierophant","The Servant 0.9.4"],"gold_per_floor":[119,1,14,31,49,49,59,87,87,104,133,133,144,157,157,157,157],"floor_reached":16,"playtime":2893,"items_purged":[],"score":106,"play_id":"00fe5fe5-e7cd-48e5-9de9-c1e76c3a0a6a","local_time":"20201219161358","is_ascension_mode":false,"campfire_choices":[{"data":"hermit:Midnight","floor":6.0,"key":"SMITH"},{"floor":12,"key":"REST"},{"floor":15,"key":"REST"}],"circlet_count":0,"master_deck":["hermit:Strike_Hermit","hermit:Strike_Hermit","hermit:Strike_Hermit","hermit:Strike_Hermit","hermit:Defend_Hermit","hermit:Defend_Hermit","hermit:Defend_Hermit","hermit:Defend_Hermit","hermit:Snapshot","hermit:Covet","hermit:Ricochet","hermit:HoleUp","hermit:ShadowCloak","hermit:LowProfile","hermit:Midnight+1","hermit:Deadeye","hermit:TakeCover","hermit:Snipe","hermit:Dive","hermit:Snipe","hermit:GoldenBullet+1","hermit:Cheat","hermit:GoldenBullet+1"],"relics":["hermit:Momento","Odd Mushroom","CaptainsWheel","Molten Egg 2"],"acts_visited":["Exordium"],"potions_floor_usage":[8,11,11,14,16,16],"damage_taken":[{"damage":0.0,"enemies":"Cultist","floor":1.0,"turns":3.0},{"damage":8.0,"enemies":"2 Louse","floor":3.0,"turns":3.0},{"damage":1.0,"enemies":"Jaw Worm","floor":4.0,"turns":3.0},{"damage":5.0,"enemies":"2 Fungi Beasts","floor":5.0,"turns":4.0},{"damage":12,"enemies":"Lots of Slimes","floor":7,"turns":5},{"damage":20,"enemies":"The Mushroom Lair","floor":8,"turns":6},{"damage":0,"enemies":"Blue Slaver","floor":10,"turns":4},{"damage":25,"enemies":"Lagavulin","floor":11,"turns":11},{"damage":0,"enemies":"Large Slime","floor":13,"turns":7},{"damage":12,"enemies":"Exordium Thugs","floor":14,"turns":3},{"damage":39,"enemies":"Slime Boss","floor":16,"turns":11}],"seed_played":"-5249381190013185494","potions_obtained":[{"floor":4.0,"key":"EssenceOfSteel"},{"floor":5.0,"key":"ColorlessPotion"},{"floor":8,"key":"SteroidPotion"},{"floor":10,"key":"Energy Potion"},{"floor":13,"key":"DistilledChaos"},{"floor":14,"key":"PowerPotion"}],"is_trial":false,"path_per_floor":["M","$","M","M","M","R","M","?","T","M","E","R","M","M","R","B"],"character_chosen":"HERMIT","items_purchased":["hermit:ShadowCloak","hermit:LowProfile"],"campfire_rested":2,"item_purchase_floors":[2,2],"current_hp_per_floor":[75,75,67,66,61,61,49,29,29,29,4,26,26,14,36,0,0],"gold":157,"neow_bonus":"THREE_CARDS","is_daily":false,"chose_seed":false,"campfire_upgraded":1,"win_rate":0.0,"timestamp":1608423238,"path_taken":["M","?","M","M","M","R","M","?","T","M","E","R","M","M","R","BOSS"],"items_purchased_type":["Card","Card"],"build_version":"2020-12-13","purchased_purges":0,"victory":false,"max_hp_per_floor":[75,75,75,75,75,75,75,75,75,75,75,75,75,75,75,75,75],"relic_stats":{"counters":[11,60],"obtain_stats":[{"CaptainsWheel":9,"Molten Egg 2":11,"Odd Mushroom":8,"hermit:Momento":0},{"CaptainsWheel":6,"Molten Egg 2":8,"Odd Mushroom":6,"hermit:Momento":0},{"CaptainsWheel":24,"Molten Egg 2":39,"Odd Mushroom":24,"hermit:Momento":0}]},"card_choices":[{"not_picked":["hermit:CursedWeapon","hermit:Brawl"],"picked":"hermit:Ricochet","floor":0.0},{"not_picked":["hermit:Glare","hermit:Ricochet"],"picked":"hermit:HoleUp","floor":1.0},{"not_picked":["hermit:Desperado","hermit:NoHoldsBarred"],"picked":"hermit:Midnight","floor":3.0},{"not_picked":["hermit:NoHoldsBarred","hermit:HighCaliber"],"picked":"hermit:Deadeye","floor":4.0},{"not_picked":["hermit:WideOpen","hermit:Glare"],"picked":"hermit:TakeCover","floor":5.0},{"not_picked":["hermit:Desperado","hermit:HighCaliber"],"picked":"hermit:Snipe","floor":7},{"not_picked":["hermit:Desperado","hermit:LuckOfTheDraw"],"picked":"hermit:Dive","floor":8},{"not_picked":["hermit:Glare","hermit:Desperado"],"picked":"hermit:Snipe","floor":10},{"not_picked":["hermit:Combo","hermit:EyeOfTheStorm"],"picked":"hermit:GoldenBullet+1","floor":11},{"not_picked":["hermit:Virtue","hermit:Dive"],"picked":"hermit:Cheat","floor":13},{"not_picked":["hermit:HighCaliber+1","hermit:Misfire+1"],"picked":"hermit:GoldenBullet+1","floor":14}],"player_experience":439486,"relics_obtained":[{"floor":8,"key":"Odd Mushroom"},{"floor":9,"key":"CaptainsWheel"},{"floor":11,"key":"Molten Egg 2"}],"event_choices":[{"damage_healed":0,"gold_gain":0,"player_choice":"Fought Mushrooms","damage_taken":0,"max_hp_gain":0,"max_hp_loss":0,"event_name":"Mushrooms","floor":8,"gold_loss":0}],"is_beta":false,"boss_relics":[],"items_purged_floors":[],"is_endless":false,"potions_floor_spawned":[4,5,8,10,13,14],"killed_by":"Slime Boss","ascension_level":0}}