{"host":"uwh382mre4waz4ff","time":1608439222,"event":{"mods":["AchievementEnabler","BaseMod","Better Note","Better Third Choice","BetterRewards","Highlight Path","HololiveMod","Minty Spire (QoL Compilation)","Shop Mod","StSLib"],"gold_per_floor":[10,29,29,42,58,84,84,102,102,102,377,409,428,465,465,564,564,590,606,637,652,668,668,703,331,331,331,347,677,689,715,715,791,791,807,821,842,288,307,307,339,339,339,369,369,403,421,450,450,450,450,450,54,86,88,88],"floor_reached":55,"playtime":5513,"items_purged":["Regret","Hololive_Defend"],"score":2343,"play_id":"a53114e8-f354-4c9d-af75-32e76994ae5a","local_time":"20201220124022","is_ascension_mode":true,"campfire_choices":[{"data":"Hololive_CallUsadaPekora","floor":7,"key":"SMITH"},{"data":"Hololive_CallShiroganeNoel","floor":10,"key":"SMITH"},{"data":"Hololive_CallUruhaRushia","floor":15,"key":"SMITH"},{"data":"Hololive_CallUsadaPekora","floor":23,"key":"SMITH"},{"data":"Hololive_CallAkiRosenthal","floor":32,"key":"SMITH"},{"floor":40,"key":"RECALL"},{"data":"1","floor":42,"key":"LIFT"},{"data":"2","floor":45,"key":"LIFT"},{"data":"3","floor":49,"key":"LIFT"},{"data":"Hololive_CocoNews","floor":52,"key":"SMITH"}],"circlet_count":0,"master_deck":["AscendersBane","Hololive_CallHoushouMarine","Hololive_CallShiroganeNoel+1","Hololive_CallUruhaRushia+1","Hololive_CallShiranuiFlare","Hololive_CallUsadaPekora+1","Hololive_StrengthChampion","Hololive_CallUsadaPekora+1","Hololive_CallManoAloe","Hololive_CallYuzukiChoco","Hololive_DurableLive","Hololive_CallSpadeEcho","Hololive_CallAZKi","Hololive_CallShirakamiFubuki","Hololive_CocoNews","Hololive_Rebirth","Hololive_StrengthChampion","Hololive_CallKiryuuCoco","Hololive_CallRosalyn+1","Hololive_CallShishiroBotan","Hololive_CallRoboco","Hololive_CallTsunomakiWatame","Hololive_CocoNews+1","Hololive_CallOkamiMio","Hololive_Nanodesu","Hololive_CallAkiRosenthal+1","Hololive_CallYukihanaLamy","Hololive_CallShiroganeNoel","Hololive_CocoNews","Hololive_ScarfAndHalo","Hololive_CallTokoyamiTowa","Hololive_Thief","Hololive_CallMoonaHoshinova+1","Hololive_BringToTrial","Hololive_CallRoboco","Hololive_Spy","Hololive_CallTokoyamiTowa+1","Hololive_CallNakiriAyame+1","Hololive_CallTokoyamiTowa+1","Hololive_CallAiraniIofifteen+1","Hololive_CallAZKi+1","Hololive_Spy","Hololive_CocoNews"],"relics":["Hololive_TheStar","Lizard Tail","Nunchaku","Gremlin Horn","Calipers","Hololive_Finger","MawBank","Du-Vu Doll","Girya","Sozu","MerchantsRug","Pocketwatch","Hololive_LightStick","Darkstone Periapt","Frozen Egg 2","Blood Vial","Potion Belt","Oddly Smooth Stone","Boot","Lantern"],"acts_visited":["TheCity","TheBeyond","TheEnding"],"potions_floor_usage":[5,39,39],"damage_taken":[{"damage":0,"enemies":"Small Slimes","floor":1,"turns":3},{"damage":0,"enemies":"Cultist","floor":2,"turns":3},{"damage":0,"enemies":"Jaw Worm","floor":4,"turns":2},{"damage":15,"enemies":"Exordium Thugs","floor":5,"turns":6},{"damage":0,"enemies":"Lagavulin","floor":6,"turns":4},{"damage":0,"enemies":"2 Fungi Beasts","floor":8,"turns":3},{"damage":0,"enemies":"3 Sentries","floor":12,"turns":3},{"damage":0,"enemies":"3 Louse","floor":13,"turns":1},{"damage":0,"enemies":"Lagavulin","floor":14,"turns":4},{"damage":0,"enemies":"The Guardian","floor":16,"turns":6},{"damage":0,"enemies":"3 Byrds","floor":18,"turns":4},{"damage":0,"enemies":"2 Thieves","floor":19,"turns":2},{"damage":0,"enemies":"Centurion and Healer","floor":20,"turns":4},{"damage":0,"enemies":"Snake Plant","floor":21,"turns":4},{"damage":0,"enemies":"Cultist and Chosen","floor":22,"turns":3},{"damage":0,"enemies":"Gremlin Leader","floor":24,"turns":6},{"damage":0,"enemies":"Centurion and Healer","floor":28,"turns":2},{"damage":0,"enemies":"Slavers","floor":29,"turns":3},{"damage":0,"enemies":"Snecko","floor":30,"turns":3},{"damage":0,"enemies":"Gremlin Leader","floor":31,"turns":5},{"damage":0,"enemies":"Automaton","floor":33,"turns":8},{"damage":0,"enemies":"3 Shapes","floor":35,"turns":3},{"damage":0,"enemies":"3 Darklings","floor":36,"turns":3},{"damage":0,"enemies":"Spire Growth","floor":37,"turns":3},{"damage":15,"enemies":"Jaw Worm Horde","floor":39,"turns":4},{"damage":0,"enemies":"Nemesis","floor":41,"turns":5},{"damage":0,"enemies":"Reptomancer","floor":44,"turns":3},{"damage":0,"enemies":"Nemesis","floor":46,"turns":5},{"damage":0,"enemies":"4 Shapes","floor":47,"turns":2},{"damage":0,"enemies":"Giant Head","floor":48,"turns":5},{"damage":0,"enemies":"Donu and Deca","floor":50,"turns":5},{"damage":0,"enemies":"Shield and Spear","floor":54,"turns":3},{"damage":61,"enemies":"The Heart","floor":55,"turns":6}],"seed_played":"1442446269125843799","potions_obtained":[{"floor":2,"key":"SpeedPotion"},{"floor":5,"key":"Fruit Juice"},{"floor":6,"key":"CultistPotion"},{"floor":12,"key":"AttackPotion"},{"floor":16,"key":"DistilledChaos"}],"is_trial":false,"path_per_floor":["M","M","?","M","M","E","R","M","T","R","?","E","M","E","R","B",null,"M","M","M","M","M","R","E","$","T","?","M","E","M","E","R","B",null,"M","M","M","$","M","R","E","R","T","E","R","E","M","E","R","B",null,"R","$","E","B"],"character_chosen":"Hololive_HololiveCharacter","items_purchased":["Hololive_CocoNews","Du-Vu Doll","Hololive_BringToTrial","MerchantsRug","Pocketwatch","Hololive_CallAZKi+1","Oddly Smooth Stone","Boot","Hololive_Spy"],"campfire_rested":0,"item_purchase_floors":[25,25,38,38,38,53,53,53,53],"current_hp_per_floor":[27,27,27,27,17,17,17,17,17,17,17,17,17,17,17,17,31,31,31,31,31,31,31,31,31,31,31,31,31,31,31,31,31,34,34,34,34,34,19,19,19,19,19,19,19,19,21,23,23,25,33,33,33,35,0,0],"gold":88,"neow_bonus":"ONE_RARE_RELIC","is_daily":false,"chose_seed":false,"campfire_upgraded":6,"win_rate":0.0,"timestamp":1608439222,"path_taken":["M","M","?","M","?","E","R","M","T","R","?","E","M","E","R","BOSS","M","M","M","M","M","R","E","$","T","?","M","E","M","E","R","BOSS","M","M","M","$","M","R","E","R","T","E","R","E","M","E","R","BOSS","R","$","E","BOSS"],"items_purchased_type":["Card","Relic","Card","Relic","Relic","Card","Relic","Relic","Card"],"build_version":"2020-12-13","purchased_purges":2,"victory":false,"max_hp_per_floor":[30,30,30,30,35,35,35,35,35,35,35,35,35,35,35,35,35,35,35,35,35,35,35,35,35,35,35,35,35,35,35,35,35,35,35,35,35,35,35,35,35,35,35,35,35,35,35,35,35,35,35,35,35,35,35,35],"card_choices":[{"not_picked":["Hololive_Breathe","Hololive_Sequa","Hololive_Rebound","Hololive_FlyingPonyTail"],"picked":"SKIP","floor":1},{"not_picked":["Hololive_Psychosis","Hololive_HuntDinosaur","Hololive_Sequa"],"picked":"Hololive_CallUsadaPekora","floor":2},{"not_picked":["Hololive_Yoholoon","Hololive_OvertimeWork","Hololive_FlyingPonyTail"],"picked":"Hololive_CallManoAloe","floor":4},{"not_picked":["Hololive_LuckPotion","Hololive_CallMinatoAqua","Hololive_Rebound"],"picked":"Hololive_CallYuzukiChoco","floor":5},{"not_picked":["Hololive_StrengthChampion","Hololive_SummonFox","Hololive_Drill"],"picked":"Hololive_DurableLive","floor":6},{"not_picked":["Hololive_Sequa","Hololive_LuckPotion","Hololive_OvertimeWork"],"picked":"Hololive_CallSpadeEcho","floor":8},{"not_picked":["Hololive_BringToTrial","Hololive_Psychosis","Hololive_Trident"],"picked":"Hololive_CallAZKi","floor":12},{"not_picked":["Hololive_RevenueBasedLive","Hololive_CocoNews","Hololive_ILoveYou"],"picked":"Hololive_CallShirakamiFubuki","floor":13},{"not_picked":["Hololive_OvertimeWork","Hololive_ASMR","Hololive_Rebound"],"picked":"Hololive_CocoNews","floor":14},{"not_picked":["Hololive_ScarfAndHalo","Hololive_DiamondStrike","Hololive_HighAtkLowDef"],"picked":"Hololive_Rebirth","floor":16},{"not_picked":["Hololive_SummonFox","Hololive_Breathe","Hololive_Drill"],"picked":"Hololive_StrengthChampion","floor":18},{"not_picked":["Hololive_Drill","Hololive_DevilCharm","Hololive_Trident"],"picked":"Hololive_CallKiryuuCoco","floor":19},{"not_picked":["Hololive_StrengthChampion","Hololive_Breathe","Hololive_RevenueBasedLive"],"picked":"Hololive_CallRosalyn+1","floor":20},{"not_picked":["Hololive_OvertimeWork","Hololive_Breathe","Hololive_Nanodesu"],"picked":"Hololive_CallShishiroBotan","floor":21},{"not_picked":["Hololive_CallShiranuiFlare","Hololive_Trident","Hololive_CocoNews"],"picked":"Hololive_CallRoboco","floor":22},{"not_picked":["Hololive_BringToTrial","Hololive_Sequa","Hololive_StrengthChampion"],"picked":"Hololive_CallTsunomakiWatame","floor":24},{"not_picked":["Hololive_CallMinatoAqua","Hololive_RevenueBasedLive","Hololive_StrengthChampion+1"],"picked":"Hololive_CallAkiRosenthal","floor":28},{"not_picked":["Hololive_Sequa","Hololive_MaximGun","Hololive_StrengthChampion"],"picked":"Hololive_CallYukihanaLamy","floor":29},{"not_picked":["Hololive_HuntDinosaur","Hololive_Breathe","Hololive_SoulCatcher"],"picked":"Hololive_CallShiroganeNoel","floor":30},{"not_picked":["Hololive_HuntDinosaur","Hololive_Trident","Hololive_Breathe"],"picked":"Hololive_CocoNews","floor":31},{"not_picked":["Hololive_OpenUp","Hololive_WolfAndLamb","Hololive_ASMR"],"picked":"Hololive_ScarfAndHalo","floor":33},{"not_picked":["Hololive_OvertimeWork","Hololive_SummonFox","Hololive_CallYukihanaLamy+1"],"picked":"Hololive_CallTokoyamiTowa","floor":35},{"not_picked":["Hololive_SoulCatcher+1","Hololive_Trident","Hololive_Breathe"],"picked":"Hololive_Thief","floor":36},{"not_picked":["Hololive_CallMomosuzuNene","Hololive_CallAkiRosenthal","Hololive_Sequa"],"picked":"Hololive_CallMoonaHoshinova+1","floor":37},{"not_picked":["Hololive_HuntDinosaur","Hololive_Breathe","Hololive_OvertimeWork"],"picked":"Hololive_CallRoboco","floor":39},{"not_picked":["Hololive_Trident","Hololive_CocoNews+1","Hololive_OvertimeWork"],"picked":"Hololive_Spy","floor":41},{"not_picked":["Hololive_BeCareful","Hololive_CandyCastle","Hololive_LuckPotion"],"picked":"Hololive_CallTokoyamiTowa+1","floor":44},{"not_picked":["Hololive_Breathe+1","Hololive_CocoNews+1","Hololive_LuckPotion+1"],"picked":"Hololive_CallNakiriAyame+1","floor":46},{"not_picked":["Hololive_FlyingPonyTail","Hololive_Thief","Hololive_StrengthChampion"],"picked":"Hololive_CallTokoyamiTowa+1","floor":47},{"not_picked":["Hololive_Sequa","Hololive_Psychosis","Hololive_StrengthChampion"],"picked":"Hololive_CallAiraniIofifteen+1","floor":48},{"not_picked":["Hololive_Recruit","Hololive_Psychosis+1","Hololive_RevenueBasedLive"],"picked":"Hololive_CocoNews","floor":54}],"player_experience":141451,"relics_obtained":[{"floor":6,"key":"Nunchaku"},{"floor":9,"key":"Gremlin Horn"},{"floor":12,"key":"Calipers"},{"floor":14,"key":"White Beast Statue"},{"floor":24,"key":"MawBank"},{"floor":29,"key":"Old Coin"},{"floor":31,"key":"Girya"},{"floor":41,"key":"Hololive_LightStick"},{"floor":43,"key":"Darkstone Periapt"},{"floor":44,"key":"Frozen Egg 2"},{"floor":46,"key":"Blood Vial"},{"floor":48,"key":"Potion Belt"},{"floor":54,"key":"Lantern"}],"event_choices":[{"cards_removed":["Hololive_Strike"],"damage_healed":0,"gold_gain":0,"player_choice":"Purged","damage_taken":0,"max_hp_gain":0,"max_hp_loss":0,"event_name":"Purifier","floor":3,"gold_loss":0},{"damage_healed":0,"gold_gain":275,"player_choice":"Desecrate","damage_taken":0,"max_hp_gain":0,"max_hp_loss":0,"event_name":"Golden Shrine","floor":11,"gold_loss":0,"cards_obtained":["Regret"]},{"damage_healed":0,"gold_gain":0,"cards_transformed":["Hololive_Strike","Hololive_Defend"],"player_choice":"Became Test Subject","damage_taken":0,"max_hp_gain":0,"max_hp_loss":0,"event_name":"Drug Dealer","floor":27,"gold_loss":0,"cards_obtained":["Hololive_CallOkamiMio","Hololive_Nanodesu"]}],"is_beta":false,"boss_relics":[{"not_picked":["SlaversCollar","Tiny House"],"picked":"Hololive_Finger"},{"not_picked":["Calling Bell","Philosopher\u0027s Stone"],"picked":"Sozu"}],"items_purged_floors":[25,38],"is_endless":false,"potions_floor_spawned":[2,5,6,12,14,16,18,19,20,21,22,24,28,29,30,31,33,35,36,37,41,54],"killed_by":"The Heart","ascension_level":15}}