{"host":"q89ui3xtee35wkxq","time":1608487256,"event":{"mods":["Act Like it!","BaseMod","BetterRewards","Colored Map","Colored Powertips","Custom Start","Minty Spire (QoL Compilation)","Rare Cards Sparkle","Shop Mod","Swap Starting Deck Mod"],"gold_per_floor":[113,132,150,150,150,177,177,9,9,43,43,68,85,105,105,201,201,216,226,27,41,58,58,58,72,72,72,84,84,84],"floor_reached":29,"playtime":2849,"items_purged":[],"score":539,"play_id":"1be19acd-c1b3-4c16-8405-88e33d74bdfd","local_time":"20201220210056","is_ascension_mode":true,"campfire_choices":[{"data":"Night Terror","floor":7.0,"key":"SMITH"},{"data":"Apotheosis","floor":11.0,"key":"SMITH"},{"data":"Acrobatics","floor":15.0,"key":"SMITH"},{"floor":27,"key":"RECALL"}],"circlet_count":0,"master_deck":["Underhanded Strike","Underhanded Strike","Underhanded Strike","Eviscerate","Acrobatics+1","Backflip","Backflip","Backflip","Backflip","Prepared+1","All Out Attack","Escape Plan","Night Terror+1","Apotheosis+1","A Thousand Cuts+1","Blade Dance+1","PiercingWail+1","Cloak And Dagger+1","Footwork+1","Blade Dance+1","Burst+1"],"relics":["Ring of the Snake","swapstartingdeckmod:DeadBlossom","NlothsMask","Tingsha","Frozen Egg 2","Toxic Egg 2","SacredBark","Pantograph"],"acts_visited":["Exordium","TheCity"],"potions_floor_usage":[21,22,23,23,23,23],"damage_taken":[{"damage":0.0,"enemies":"Small Slimes","floor":1.0,"turns":1.0},{"damage":0.0,"enemies":"2 Louse","floor":2.0,"turns":2.0},{"damage":0.0,"enemies":"Cultist","floor":3.0,"turns":1.0},{"damage":0.0,"enemies":"Gremlin Nob","floor":6.0,"turns":1.0},{"damage":0.0,"enemies":"Lagavulin","floor":10.0,"turns":3.0},{"damage":0.0,"enemies":"Gremlin Nob","floor":12.0,"turns":2.0},{"damage":9.0,"enemies":"2 Fungi Beasts","floor":13.0,"turns":2.0},{"damage":7.0,"enemies":"Lots of Slimes","floor":14.0,"turns":2.0},{"damage":3.0,"enemies":"The Guardian","floor":16.0,"turns":6.0},{"damage":0.0,"enemies":"3 Byrds","floor":18.0,"turns":1.0},{"damage":36.0,"enemies":"2 Thieves","floor":19.0,"turns":3.0},{"damage":0,"enemies":"3 Cultists","floor":21,"turns":2},{"damage":7,"enemies":"Centurion and Healer","floor":22,"turns":4},{"damage":0,"enemies":"Slavers","floor":23,"turns":1},{"damage":0,"enemies":"Sentry and Sphere","floor":25,"turns":6},{"damage":16,"enemies":"Shelled Parasite and Fungi","floor":28,"turns":4},{"damage":44,"enemies":"Book of Stabbing","floor":29,"turns":5}],"seed_played":"-7334686340765373791","potions_obtained":[{"floor":1.0,"key":"Weak Potion"},{"floor":12.0,"key":"Regen Potion"},{"floor":13.0,"key":"Weak Potion"},{"floor":14.0,"key":"GamblersBrew"},{"floor":16.0,"key":"Energy Potion"},{"floor":19.0,"key":"SteroidPotion"},{"floor":22,"key":"EntropicBrew"}],"is_trial":false,"path_per_floor":["M","M","M","?","?","E","R","$","T","E","R","E","M","M","R","B",null,"M","M","$","M","M","E","?","M","T","R","M","E"],"character_chosen":"THE_SILENT","items_purchased":["Apotheosis","Footwork+1","DistilledChaos","Strength Potion"],"campfire_rested":0,"item_purchase_floors":[8,20,20,20],"current_hp_per_floor":[63,63,63,63,63,63,63,63,63,63,63,63,54,47,47,44,54,54,18,18,18,11,11,56,56,56,56,40,0,0],"gold":84,"neow_bonus":"","is_daily":false,"chose_seed":false,"campfire_upgraded":3,"win_rate":0.0,"timestamp":1608487256,"path_taken":["M","M","M","?","?","E","R","$","T","E","R","E","M","?","R","BOSS","M","M","$","M","M","E","?","M","T","R","M","E"],"items_purchased_type":["Card","Card","Potion","Potion"],"build_version":"2020-12-13","purchased_purges":0,"victory":false,"max_hp_per_floor":[70,70,70,70,70,70,70,70,70,70,70,70,70,70,70,70,70,70,70,70,70,70,70,80,80,80,80,80,80,80],"card_choices":[{"not_picked":["Poisoned Stab","Leg Sweep"],"picked":"All Out Attack","floor":1.0},{"not_picked":["Dodge and Roll","Flechettes"],"picked":"Escape Plan","floor":2.0},{"not_picked":["Deadly Poison","Backflip","Endless Agony"],"picked":"SKIP","floor":3.0},{"not_picked":["Backstab","Infinite Blades"],"picked":"Night Terror","floor":6.0},{"not_picked":["Predator","Acrobatics","Deadly Poison"],"picked":"SKIP","floor":10.0},{"not_picked":["Underhanded Strike","Choke"],"picked":"A Thousand Cuts+1","floor":12.0},{"not_picked":["Deflect+1","Acrobatics+1"],"picked":"Blade Dance+1","floor":13.0},{"not_picked":["All Out Attack","Backflip+1"],"picked":"PiercingWail+1","floor":14.0},{"not_picked":["Bullet Time+1","Storm of Steel+1"],"picked":"Wraith Form v2+1","floor":16.0},{"not_picked":["Backflip+1","Blur+1"],"picked":"Cloak And Dagger+1","floor":18.0},{"not_picked":["Flechettes","Crippling Poison+1","Terror+1"],"picked":"SKIP","floor":19.0},{"not_picked":["Underhanded Strike","PiercingWail+1"],"picked":"Blade Dance+1","floor":21},{"not_picked":["Slice","Predator","Quick Slash"],"picked":"SKIP","floor":22},{"not_picked":["Blade Dance+1","PiercingWail+1"],"picked":"Burst+1","floor":25},{"not_picked":["Heel Hook+1","Noxious Fumes+1","Dagger Spray"],"picked":"SKIP","floor":28}],"player_experience":494271,"relics_obtained":[{"floor":6.0,"key":"Tingsha"},{"floor":10.0,"key":"Frozen Egg 2"},{"floor":12.0,"key":"Toxic Egg 2"},{"floor":26,"key":"Pantograph"}],"event_choices":[{"damage_healed":0.0,"max_hp_gain":0.0,"max_hp_loss":0.0,"gold_gain":0.0,"event_name":"Living Wall","player_choice":"Grow","floor":4.0,"gold_loss":0.0,"damage_taken":0.0,"cards_upgraded":["Prepared"]},{"damage_healed":0.0,"max_hp_gain":0.0,"max_hp_loss":0.0,"gold_gain":0.0,"event_name":"FaceTrader","player_choice":"Trade","floor":5.0,"gold_loss":0.0,"damage_taken":0.0,"relics_obtained":["NlothsMask"]},{"cards_removed":["Wraith Form v2"],"damage_healed":59,"gold_gain":0,"player_choice":"Offered Rare","damage_taken":0,"max_hp_gain":10,"max_hp_loss":0,"event_name":"Bonfire Elementals","floor":24,"gold_loss":0}],"is_beta":false,"boss_relics":[{"not_picked":["Velvet Choker","Tiny House"],"picked":"SacredBark"}],"items_purged_floors":[],"is_endless":false,"potions_floor_spawned":[1,12,13,14,16,19,22],"killed_by":"Book of Stabbing","ascension_level":8}}