{"host":"ix2a18c4ohfsrslv","time":1608492692,"event":{"mods":["BaseMod","Better Third Choice","Downfall","Halation","Marisa????????","Minty Spire (QoL Compilation)","Replay The Spire","StSLib","The Bladedancer","The Blue Laboratory"],"gold_per_floor":[99,117,133,133,160,10,37,72,222,254,304,375,412,439,461,568,580,592,614,551,563,183,196,196,219,253,103,103,117,80,96,115,210,210,210,62,81,81,231,286,286,319,319,346,105,66,84,84,94,94,94],"floor_reached":50,"playtime":2998,"items_purged":["champ:Strike","hexamod:Haunted","Shame"],"score":818,"play_id":"beb897c3-17b3-4d2c-8aba-920e8715375e","local_time":"20201220113132","is_ascension_mode":true,"campfire_choices":[{"data":"champ:Taunt","floor":1.0,"key":"SMITH"},{"data":"champ:BerserkerStyle","floor":4,"key":"SMITH"},{"floor":18,"key":"RECALL"},{"data":"champ:Encircle","floor":20,"key":"SMITH"},{"data":"champ:BerserkerStyle","floor":27,"key":"SMITH"},{"data":"champ:RageSigil","floor":35,"key":"SMITH"},{"data":"champ:FanOfKnives","floor":38,"key":"SMITH"},{"data":"Looming Evil","floor":43,"key":"SMITH"}],"circlet_count":0,"master_deck":["champ:Strike+1","champ:Strike","champ:Strike","champ:Defend","champ:Defend","champ:Defend","champ:Defend","champ:Execute","champ:Taunt+1","champ:CheapShot","champ:FanOfKnives+1","champ:BerserkerStyle+1","champ:Encircle+1","champ:BerserkersShout","champ:EndlessRage+1","champ:GladiatorsShout","Slimebound:Icky","champ:SwordThrow+1","champ:RecklessLeap","champ:BerserkerStyle+1","hexamod:Haunted","champ:SteelEdge+1","champ:RageSigil+1","champ:StanceDance+1","champ:CalledShot+1","CommonCold","champ:FocusedBerserking+1","champ:RageSigil+1","champ:RageSigil+1","ReplayTheSpireMod:Restless Dread","champ:PerfectForm+1","Guardian:Aged","champ:Haymaker","sneckomod:Bewildered","champ:FocusedBerserking+1","champ:BerserkerStyle+1"],"relics":["champ:ChampionCrown","Incense Burner","Regal Pillow","Mercury Hourglass","Strawberry","ReplayTheSpireMod:Ring of Challenge","Ring of Greed","Golden Egg","champ:DefensiveTrainingManual","champ:ChampionCrownUpgraded","downfall:HeartBlessingRed","Juzu Bracelet","Pen Nib","downfall:HeartBlessingGreen","downfall:HeartBlessingBlue","ChewingGum","Lantern","CatCart","Molten Egg 2","halation:PrussianBluePaint","halation:KoshaPiece","Chameleon Ring"],"acts_visited":["Exordium","TheCity","TheBeyond"],"potions_floor_usage":[16,16,22,26,26,33,33,50,50],"damage_taken":[{"damage":5.0,"enemies":"Cultist","floor":2.0,"turns":4.0},{"damage":7,"enemies":"Jaw Worm","floor":3,"turns":4},{"damage":28,"enemies":"Replay:BlueRogue","floor":5,"turns":6},{"damage":20,"enemies":"downfall:FleeingMerchant","floor":6,"turns":5},{"damage":42,"enemies":"Gremlin Nob","floor":8,"turns":4},{"damage":54,"enemies":"Lagavulin","floor":10,"turns":5},{"damage":25,"enemies":"Small Slimes","floor":12,"turns":3},{"damage":24,"enemies":"Red Slaver","floor":14,"turns":4},{"damage":19,"enemies":"Lots of Slimes","floor":15,"turns":2},{"damage":22,"enemies":"downfall:Watcher","floor":16,"turns":4},{"damage":26,"enemies":"Spheric Guardian","floor":19,"turns":3},{"damage":73,"enemies":"downfall:FleeingMerchant","floor":22,"turns":5},{"damage":36,"enemies":"Snake Plant","floor":23,"turns":4},{"damage":0,"enemies":"downfall:FleeingMerchant","floor":25,"turns":1},{"damage":41,"enemies":"Gremlin Leader","floor":26,"turns":4},{"damage":70,"enemies":"Shelled Parasite and Fungi","floor":29,"turns":5},{"damage":59,"enemies":"Cultist and Chosen","floor":31,"turns":2},{"damage":55,"enemies":"Snake Plant","floor":32,"turns":2},{"damage":86,"enemies":"downfall:Defect","floor":33,"turns":4},{"damage":29,"enemies":"Orb Walker","floor":37,"turns":2},{"damage":101,"enemies":"Orin","floor":40,"turns":7},{"damage":107,"enemies":"Giant Head","floor":42,"turns":5},{"damage":109,"enemies":"Nemesis","floor":44,"turns":3},{"damage":81,"enemies":"3 Darklings","floor":47,"turns":3},{"damage":88,"enemies":"Spire Growth","floor":49,"turns":4},{"damage":182,"enemies":"downfall:Silent","floor":50,"turns":6}],"seed_played":"5014697061858972917","potions_obtained":[{"floor":8,"key":"blueLaboratory:Moonshine"},{"floor":12,"key":"Strength Potion"},{"floor":14,"key":"Swift Potion"},{"floor":16,"key":"champ:TechniquePotion"},{"floor":28,"key":"Strength Potion"},{"floor":28,"key":"blueLaboratory:EmptyBottle"},{"floor":28,"key":"FairyPotion"},{"floor":37,"key":"LiquidBronze"},{"floor":47,"key":"blueLaboratory:RememoryPotion"}],"is_trial":false,"path_per_floor":["R","M","M","R","E","$","T","E","?","E","?","M","T","M","M","B",null,"R","M","R","?","$","M","T","$","E","R","?","M","$","M","M","B",null,"R","$","M","R","?","?","T","E","R","E","?","$","M","$","M","B"],"character_chosen":"THE_CHAMP","items_purchased":["champ:EndlessRage+1","champ:CalledShot","Juzu Bracelet","PowerPotion","Fruit Juice","champ:FocusedBerserking","champ:RageSigil","Lantern","Chameleon Ring","champ:FocusedBerserking"],"campfire_rested":0,"item_purchase_floors":[6,22,22,22,25,25,30,36,45,46],"current_hp_per_floor":[90,90,88,88,80,80,80,65,65,62,62,58,58,61,53,75,97,97,95,95,90,97,97,97,97,102,112,112,90,90,112,98,112,112,112,112,112,112,112,98,98,112,112,112,112,112,99,99,77,0,0],"gold":94,"neow_bonus":"ONE_RANDOM_RARE_CARD","is_daily":false,"chose_seed":false,"campfire_upgraded":7,"win_rate":0.0,"timestamp":1608492692,"path_taken":["R","?","M","R","E","$","T","E","?","E","?","M","?","?","M","BOSS","R","M","R","?","$","M","T","$","E","R","?","M","$","M","M","BOSS","R","?","M","R","?","?","T","E","R","E","?","$","M","$","M","BOSS"],"items_purchased_type":["Card","Card","Relic","Potion","Potion","Card","Card","Relic","Relic","Card"],"build_version":"2020-12-13","purchased_purges":3,"victory":false,"max_hp_per_floor":[90,90,90,90,90,90,90,90,90,97,97,97,97,97,97,97,97,97,97,97,97,97,97,97,97,102,112,112,112,112,112,112,112,112,112,112,112,112,112,112,112,112,112,112,112,112,112,112,112,112,112],"card_choices":[{"not_picked":["champ:Shatter","champ:PerfectedStrike"],"picked":"champ:FanOfKnives","floor":2.0},{"not_picked":["champ:PerfectedStrike","champ:TornadoPunch"],"picked":"champ:BerserkerStyle","floor":3},{"not_picked":["champ:RisingSlash","champ:HeartStrike"],"picked":"champ:Encircle","floor":5},{"not_picked":["champ:DefensiveShout","champ:ShieldSigil"],"picked":"champ:BerserkersShout","floor":6},{"not_picked":["champ:Control","champ:CrookedStrike"],"picked":"champ:GladiatorsShout","floor":8},{"not_picked":["champ:Circumvent","champ:FanOfKnives","champ:GutPunch"],"picked":"SKIP","floor":10},{"not_picked":["champ:RapidStrikes","champ:FlashCut"],"picked":"champ:SwordThrow","floor":12},{"not_picked":["champ:FanOfKnives","champ:PerfectedStrike"],"picked":"champ:RecklessLeap","floor":14},{"not_picked":["champ:StanceDance","champ:FanOfKnives"],"picked":"champ:BerserkerStyle","floor":15},{"not_picked":["champ:LastStand","champ:IgnorePain"],"picked":"champ:SteelEdge","floor":16},{"not_picked":["champ:BladeFlurry","champ:EnragedBash"],"picked":"champ:RageSigil","floor":19},{"not_picked":["champ:DefensiveStyle","champ:GladiatorsShout"],"picked":"champ:StanceDance","floor":22},{"not_picked":["champ:FaceSlap","champ:FocusedGladiator+1","champ:SteelEdge"],"picked":"SKIP","floor":23},{"not_picked":["champ:SwordSigil+1","champ:Duel","champ:TornadoPunch"],"picked":"SKIP","floor":25},{"not_picked":["champ:Balance","champ:SkillfulDodge+1","champ:FocusedGladiator"],"picked":"SKIP","floor":26},{"not_picked":["champ:FlashCut","champ:Duel+1","champ:BringItOn"],"picked":"SKIP","floor":29},{"not_picked":["champ:Backstep+1","champ:DefensiveStyle+1","champ:Riposte"],"picked":"SKIP","floor":31},{"not_picked":["champ:SwordSigil+1","champ:Backstep+1","champ:DefensiveStyle"],"picked":"SKIP","floor":32},{"not_picked":["champ:SwordThrow","champ:EnchantShield"],"picked":"champ:PerfectForm","floor":33},{"not_picked":["champ:ArenaPreparation","champ:GladiatorsShout","champ:ShieldWall+1"],"picked":"SKIP","floor":37},{"not_picked":["champ:Control+1","champ:TornadoPunch"],"picked":"champ:Haymaker","floor":40},{"not_picked":["champ:FlashCut+1","champ:Backstep+1","champ:FanOfKnives+1"],"picked":"SKIP","floor":42},{"not_picked":["champ:FocusedDefense","champ:ArenaPreparation+1","champ:LastStand"],"picked":"SKIP","floor":44},{"not_picked":["champ:Encircle+1","champ:BladeFlurry+1"],"picked":"champ:BerserkerStyle+1","floor":47},{"not_picked":["champ:Circumvent","champ:CrookedStrike+1","champ:HeartStrike+1"],"picked":"SKIP","floor":49}],"player_experience":80252,"relics_obtained":[{"floor":5,"key":"Incense Burner"},{"floor":7,"key":"Regal Pillow"},{"floor":8,"key":"Mercury Hourglass"},{"floor":10,"key":"Strawberry"},{"floor":11,"key":"ReplayTheSpireMod:Ring of Challenge"},{"floor":11,"key":"Ring of Greed"},{"floor":11,"key":"Golden Egg"},{"floor":11,"key":"MawBank"},{"floor":13,"key":"champ:DefensiveTrainingManual"},{"floor":26,"key":"Pen Nib"},{"floor":40,"key":"CatCart"},{"floor":41,"key":"Molten Egg 2"},{"floor":42,"key":"halation:PrussianBluePaint"},{"floor":44,"key":"halation:KoshaPiece"}],"event_choices":[{"damage_healed":0,"gold_gain":0,"player_choice":"Got Potions","damage_taken":0,"max_hp_gain":0,"max_hp_loss":0,"event_name":"Lab","floor":28,"gold_loss":0},{"damage_healed":0,"gold_gain":0,"player_choice":"Fight","damage_taken":0,"max_hp_gain":0,"max_hp_loss":0,"event_name":"OrinTheCat","floor":40,"gold_loss":0}],"is_beta":false,"boss_relics":[{"not_picked":["Astrolabe","Empty Cage"],"picked":"champ:ChampionCrownUpgraded"},{"not_picked":["Replay:Wanted Poster","ReplayTheSpireMod:DimensionalGlitch"],"picked":"ChewingGum"}],"items_purged_floors":[6,22,25],"is_endless":false,"potions_floor_spawned":[8,12,14,16,29,31,32,37,47,49],"killed_by":"downfall:Silent","ascension_level":4}}