{"host":"8u7tvcybuv0u72fd","time":1608446731,"event":{"mods":["BaseMod","BetterRewards","Colored Map","Colored Powertips","Minty Spire (QoL Compilation)","Quick Restart","Shop Mod"],"gold_per_floor":[55,74,74,74,95,130,153,153,153,153,177,29,104,128,128,254,254,267,214,233,253,276,307,307,325,325,325,338,338,362,362,362,463,463,478,528,88,88,103,103,128,143,143,170,170,170,184,204,204,204],"floor_reached":51,"playtime":3066,"items_purged":["Strike_R","Injury"],"score":956,"play_id":"ef0001bf-45cf-4314-8600-d3d30240dfc2","local_time":"20201220014531","is_ascension_mode":false,"campfire_choices":[{"data":"Defend_R","floor":8.0,"key":"SMITH"},{"data":"Defend_R","floor":10.0,"key":"SMITH"},{"data":"Shrug It Off","floor":15.0,"key":"SMITH"},{"data":"Offering","floor":24.0,"key":"SMITH"},{"floor":27.0,"key":"REST"},{"data":"Defend_R","floor":29.0,"key":"SMITH"},{"data":"Defend_R","floor":32.0,"key":"SMITH"},{"floor":40,"key":"RECALL"},{"floor":46,"key":"REST"},{"floor":49,"key":"REST"}],"circlet_count":0,"master_deck":["Strike_R+1","Strike_R+1","Strike_R","Strike_R+1","Defend_R+1","Defend_R+1","Defend_R+1","Defend_R+1","Bash+1","Headbutt+1","Trip+1","Cleave+1","Body Slam+1","Sword Boomerang+1","Shrug It Off+1","Clash+1","Offering+1","Immolate+1","Flex+1","Rampage+1","Iron Wave+1","Madness","Madness","Dropkick+1","Entrench+1","Metallicize+1"],"relics":["Burning Blood","Singing Bowl","Molten Egg 2","Bloody Idol","Calipers","SacredBark","StoneCalendar","Dream Catcher","Ornamental Fan","Fusion Hammer","Bird Faced Urn","MerchantsRug","Bottled Lightning","Frozen Egg 2","Mercury Hourglass","Charon\u0027s Ashes"],"acts_visited":["Exordium","TheCity","TheBeyond"],"potions_floor_usage":[33,50,50,50],"damage_taken":[{"damage":0.0,"enemies":"Cultist","floor":1.0,"turns":2.0},{"damage":0.0,"enemies":"Small Slimes","floor":2.0,"turns":3.0},{"damage":0.0,"enemies":"2 Louse","floor":5.0,"turns":1.0},{"damage":17.0,"enemies":"Gremlin Nob","floor":6.0,"turns":4.0},{"damage":0.0,"enemies":"2 Fungi Beasts","floor":7.0,"turns":1.0},{"damage":8.0,"enemies":"Red Slaver","floor":11.0,"turns":2.0},{"damage":8.0,"enemies":"Gremlin Gang","floor":14.0,"turns":3.0},{"damage":55.0,"enemies":"Hexaghost","floor":16.0,"turns":9.0},{"damage":1.0,"enemies":"3 Byrds","floor":18.0,"turns":4.0},{"damage":8.0,"enemies":"Shell Parasite","floor":20.0,"turns":3.0},{"damage":26.0,"enemies":"Centurion and Healer","floor":21.0,"turns":6.0},{"damage":11.0,"enemies":"Chosen and Byrds","floor":22.0,"turns":3.0},{"damage":17.0,"enemies":"Slavers","floor":23.0,"turns":3.0},{"damage":9.0,"enemies":"Shelled Parasite and Fungi","floor":25.0,"turns":3.0},{"damage":20.0,"enemies":"Snecko","floor":28.0,"turns":5.0},{"damage":6.0,"enemies":"Centurion and Healer","floor":30.0,"turns":5.0},{"damage":111,"enemies":"Champ","floor":33,"turns":11},{"damage":6,"enemies":"3 Darklings","floor":35,"turns":2},{"damage":15,"enemies":"Mind Bloom Boss Battle","floor":36,"turns":5},{"damage":6,"enemies":"3 Shapes","floor":39,"turns":3},{"damage":24,"enemies":"Nemesis","floor":41,"turns":5},{"damage":6,"enemies":"Jaw Worm Horde","floor":42,"turns":2},{"damage":38,"enemies":"Giant Head","floor":44,"turns":7},{"damage":11,"enemies":"Spire Growth","floor":47,"turns":2},{"damage":6,"enemies":"Transient","floor":48,"turns":5},{"damage":61,"enemies":"Donu and Deca","floor":50,"turns":9}],"seed_played":"-7406545305507596935","potions_obtained":[{"floor":5.0,"key":"PowerPotion"},{"floor":6.0,"key":"Explosive Potion"},{"floor":7.0,"key":"BloodPotion"},{"floor":14.0,"key":"BlessingOfTheForge"},{"floor":18.0,"key":"HeartOfIron"},{"floor":21.0,"key":"Explosive Potion"},{"floor":41,"key":"Fire Potion"},{"floor":42,"key":"Dexterity Potion"},{"floor":47,"key":"Weak Potion"}],"is_trial":false,"path_per_floor":["M","M","?","?","M","E","M","R","T","R","M","$","?","M","R","B",null,"M","?","M","M","M","E","R","M","T","R","M","R","M","?","R","B",null,"M","?","$","?","M","R","E","M","T","E","?","R","M","M","R","B",null],"character_chosen":"IRONCLAD","items_purchased":["Singing Bowl","Molten Egg 2","Whetstone","Headbutt+1","Trip","BloodPotion","Lee\u0027s Waffle","MerchantsRug","Bottled Lightning","BlessingOfTheForge"],"campfire_rested":3,"item_purchase_floors":[0,0,0,0,0,0,12,37,37,37],"current_hp_per_floor":[48,54,38,54,62,53,59,59,59,59,57,91,80,80,80,33,95,95,95,95,75,72,63,63,62,62,94,82,82,84,84,84,27,109,109,107,111,111,113,113,102,107,107,80,66,100,102,107,117,64],"gold":204,"neow_bonus":"","is_daily":false,"chose_seed":false,"campfire_upgraded":6,"win_rate":0.0,"timestamp":1608446731,"path_taken":["M","M","?","?","M","E","M","R","T","R","M","$","?","M","R","BOSS","M","?","M","M","M","E","R","?","T","R","?","R","M","?","R","BOSS","M","?","$","?","M","R","E","?","T","E","?","R","M","M","R","BOSS"],"items_purchased_type":["Relic","Relic","Relic","Card","Card","Potion","Relic","Relic","Relic","Potion"],"build_version":"2020-12-13","purchased_purges":2,"victory":true,"max_hp_per_floor":[80,80,80,80,82,84,84,84,84,84,84,91,91,93,93,95,95,95,95,97,97,99,101,101,103,103,105,107,107,109,109,109,109,109,109,111,111,111,113,113,115,115,115,115,115,115,117,117,117,117],"card_choices":[{"not_picked":["Clash+1","Rupture"],"picked":"Cleave+1","floor":1.0},{"not_picked":["Dark Embrace","Shrug It Off"],"picked":"Body Slam+1","floor":2.0},{"not_picked":["Cleave+1","Havoc","Fire Breathing"],"picked":"Singing Bowl","floor":5.0},{"not_picked":["Clothesline+1","Sentinel","True Grit"],"picked":"Singing Bowl","floor":6.0},{"not_picked":["Disarm","Immolate+1"],"picked":"Sword Boomerang+1","floor":7.0},{"not_picked":["Flex","Infernal Blade"],"picked":"Shrug It Off","floor":11.0},{"not_picked":["Cleave+1","Whirlwind+1","Shockwave"],"picked":"Singing Bowl","floor":14.0},{"not_picked":["Corruption","Exhume","Brutality"],"picked":"Singing Bowl","floor":16.0},{"not_picked":["Power Through","Twin Strike+1"],"picked":"Clash+1","floor":18.0},{"not_picked":["Evolve","Cleave+1","Intimidate"],"picked":"Singing Bowl","floor":20.0},{"not_picked":["Armaments","Thunderclap+1"],"picked":"Offering","floor":21.0},{"not_picked":["Sword Boomerang+1","Shrug It Off+1","Clash+1"],"picked":"Singing Bowl","floor":22.0},{"not_picked":["Ghostly Armor","Pummel+1","Dark Embrace"],"picked":"Singing Bowl","floor":23.0},{"not_picked":["Ghostly Armor","Inflame","Carnage+1"],"picked":"Singing Bowl","floor":25.0},{"not_picked":["Hemokinesis+1","True Grit","Rupture"],"picked":"Singing Bowl","floor":27.0},{"not_picked":["Perfected Strike+1","Wild Strike+1","Pummel+1"],"picked":"Singing Bowl","floor":28.0},{"not_picked":["Thunderclap+1","Carnage+1","Spot Weakness"],"picked":"Singing Bowl","floor":30.0},{"not_picked":["Limit Break","Offering"],"picked":"Immolate+1","floor":33},{"not_picked":["Headbutt+1","Evolve"],"picked":"Flex+1","floor":35},{"not_picked":["Shrug It Off","Clothesline+1","Armaments"],"picked":"Singing Bowl","floor":36},{"not_picked":["Clothesline+1","Searing Blow+1","Warcry+1"],"picked":"Singing Bowl","floor":39},{"not_picked":["Flame Barrier","Flex+1","Carnage+1"],"picked":"Singing Bowl","floor":41},{"not_picked":["Shockwave+1","Cleave+1"],"picked":"Rampage+1","floor":42},{"not_picked":["Shockwave+1","Combust+1"],"picked":"Iron Wave+1","floor":44},{"not_picked":["Ghostly Armor","Armaments+1"],"picked":"Dropkick+1","floor":46},{"not_picked":["Seeing Red","Searing Blow+1","Pommel Strike+1"],"picked":"Singing Bowl","floor":47},{"not_picked":["Sentinel+1","Burning Pact+1"],"picked":"Entrench+1","floor":48},{"not_picked":["Sword Boomerang+1","Havoc+1"],"picked":"Metallicize+1","floor":49}],"player_experience":1190479,"relics_obtained":[{"floor":6.0,"key":"Unceasing Top"},{"floor":9.0,"key":"Calipers"},{"floor":23.0,"key":"Dream Catcher"},{"floor":26.0,"key":"Ornamental Fan"},{"floor":36,"key":"Bird Faced Urn"},{"floor":41,"key":"Frozen Egg 2"},{"floor":43,"key":"Mercury Hourglass"},{"floor":44,"key":"Charon\u0027s Ashes"}],"event_choices":[{"damage_healed":0.0,"max_hp_gain":0.0,"max_hp_loss":0.0,"gold_gain":0.0,"event_name":"Shining Light","player_choice":"Entered Light","floor":3.0,"gold_loss":0.0,"damage_taken":16.0,"cards_upgraded":["Strike_R","Trip"]},{"damage_healed":0.0,"max_hp_gain":0.0,"max_hp_loss":0.0,"gold_gain":0.0,"event_name":"Golden Idol","player_choice":"Take Wound","floor":4.0,"gold_loss":0.0,"damage_taken":0.0,"relics_obtained":["Golden Idol"],"cards_obtained":["Injury"]},{"damage_healed":0.0,"max_hp_gain":0.0,"max_hp_loss":0.0,"gold_gain":75.0,"event_name":"World of Goop","player_choice":"Gather Gold","floor":13.0,"gold_loss":0.0,"damage_taken":11.0},{"damage_healed":0.0,"max_hp_gain":0.0,"max_hp_loss":0.0,"gold_gain":0.0,"event_name":"WeMeetAgain","player_choice":"Paid Gold","floor":19.0,"gold_loss":53.0,"damage_taken":0.0,"relics_obtained":["StoneCalendar"]},{"damage_healed":0.0,"max_hp_gain":0.0,"max_hp_loss":0.0,"gold_gain":0.0,"event_name":"Forgotten Altar","player_choice":"Gave Idol","floor":31.0,"relics_lost":["Golden Idol"],"gold_loss":0.0,"damage_taken":0.0,"relics_obtained":["Bloody Idol"]},{"damage_healed":0,"gold_gain":0,"player_choice":"Fight","damage_taken":0,"max_hp_gain":0,"max_hp_loss":0,"event_name":"MindBloom","floor":36,"gold_loss":0},{"damage_healed":0,"gold_gain":0,"player_choice":"Forge","damage_taken":0,"max_hp_gain":0,"max_hp_loss":0,"event_name":"Accursed Blacksmith","floor":38,"gold_loss":0,"cards_upgraded":["Strike_R"]},{"damage_healed":0,"gold_gain":0,"player_choice":"Embrace Madness","damage_taken":14,"max_hp_gain":0,"max_hp_loss":0,"event_name":"Winding Halls","floor":45,"gold_loss":0,"cards_obtained":["Madness","Madness"]}],"is_beta":false,"boss_relics":[{"not_picked":["Sozu","Snecko Eye"],"picked":"SacredBark"},{"not_picked":["Coffee Dripper","Tiny House"],"picked":"Fusion Hammer"}],"items_purged_floors":[0,37],"is_endless":false,"potions_floor_spawned":[5,6,7,14,18,21,22,41,42,47],"ascension_level":0}}