{"host":"h5acbxt0wmjo1kpm","time":1608457673,"event":{"mods":["2.2 Compatiblity","Act Like it!","AlwaysNeverKeys","Aspiration","Bartender","BaseMod","Better Third Choice","Colored Map","Downfall","Elementarium","Gensokyo","GifTheSpireLib","Hallownest","Marisa????????","Minty Spire (QoL Compilation)","Permanent Neow","Potionbrewer","Relic Filter","Replay The Spire","Robot Space Explorer","RumiaBox-????????","Shade Mod","Spicy Shops","StSLib","The Blackbeard","The Dragon Tamer","The Forsaken","The Gatherer","The Problem Sleuth","The Servant 0.9.4","Wandering Minibosses","vexMod"],"gold_per_floor":[99,133,133,163,179,179,205,227,227,23,23,55,55,55,79,186,186,186,186,186,34,66,102,170,242,250,585,360,1114,1114,1152,1180,1297,1297,1297,1339,1360,1455,1471,872,919,919,919,960,983,1030,483,483,538,670],"floor_reached":51,"playtime":4251,"items_purged":["Doubt","sneckomod:UnknownClassBREWER_CYAN_COLOR","sneckomod:Unknown","ReplayTheSpireMod:Splinters","Reflex"],"score":1365,"play_id":"7f7af739-b887-4a08-b3e3-376f8789660a","local_time":"20201220014753","is_ascension_mode":true,"campfire_choices":[{"data":"Crow Ritual","floor":9.0,"key":"SMITH"},{"data":"sneckomod:Nope","floor":18.0,"key":"SMITH"},{"data":"sneckomod:UnknownRarePower","floor":35,"key":"SMITH"},{"data":"sneckomod:SoulDraw","floor":42,"key":"SMITH"}],"circlet_count":0,"master_deck":["AscendersBane","sneckomod:Strike+1","sneckomod:Defend","sneckomod:Defend","sneckomod:TailWhip","sneckomod:SnekBite","sneckomod:WideSting+1","sneckomod:UnknownExhaust+1","sneckomod:TrashToTreasure+1","Crow Ritual+1","sneckomod:UnknownUncommonPower+1","sneckomod:Nope+1","sneckomod:UnknownColorless+1","Crow Ritual+1","sneckomod:SoulDraw+1","sneckomod:SerpentMind+1","Dagger Spray","Concentrate","Crow Ritual+1","sneckomod:WideSting","sneckomod:SoulDraw+1","sneckomod:UnknownRarePower+1","sneckomod:UnknownVulnerable","sneckomod:DangerNoodle+1","Pommel Strike+1","True Grit+1","sneckomod:UnknownBlock+1","sneckomod:SlitherStrike","sneckomod:UnknownExhaust+1","Demon Form"],"relics":["sneckomod:SneckoSoul","NeowsBlessing","Replay:Towering Pillar of Hats","Pet Ghost","Replay:Bandana","Onion Ring","vexMod:ImprovementManual","Cleaning_Rag","theForsaken:Lifeblossom","ReplayFunnel","ReplayTheSpireMod:Shallot","sneckomod:LoadedDie","Old Coin","wanderingMiniBosses:MasterThiefsPresence","aspiration:IroncladSkillbook","InkBottle","Guide Book","aspiration:ChemicalBlood","Oddly Smooth Stone","Hallownest:KingsIdolRelic","SSSystem","Replay:Wax Seal","ClockworkSouvenir","Orichalcum"],"acts_visited":["Hallownest:Greenpath","Elementarium:Elementarium","Hallownest:KingdomsEdge"],"potions_floor_usage":[27,31,37,44,44,44,44,44,46,50,50],"damage_taken":[{"damage":0.0,"enemies":"Hallownest:eliteMossKnight","floor":2.0,"turns":1.0},{"damage":0.0,"enemies":"Hallownest:eliteCrystalGuardian","floor":4.0,"turns":1.0},{"damage":0.0,"enemies":"Hallownest:2_Tiktiks_and_1_Crawlid","floor":5.0,"turns":1.0},{"damage":18.0,"enemies":"Hallownest:monsterHuskGuard","floor":8.0,"turns":5.0},{"damage":0.0,"enemies":"downfall:FleeingMerchant","floor":10.0,"turns":6.0},{"damage":3.0,"enemies":"2_ Uuma","floor":12.0,"turns":4.0},{"damage":10.0,"enemies":"Hallownest:1_Ooma_and_2_Uuma","floor":15.0,"turns":4.0},{"damage":35.0,"enemies":"downfall:Ironclad","floor":16.0,"turns":9.0},{"damage":0.0,"enemies":"downfall:FleeingMerchant","floor":21.0,"turns":4.0},{"damage":17.0,"enemies":"Elementarium:2_ELEMENTALS","floor":22.0,"turns":3.0},{"damage":12.0,"enemies":"Elementarium:FIRE_NOBILITY","floor":23.0,"turns":3.0},{"damage":24.0,"enemies":"Elementarium:ElementalPortal","floor":25.0,"turns":5.0},{"damage":0.0,"enemies":"Elementarium:VoidCorruption","floor":26.0,"turns":6.0},{"damage":3,"enemies":"Elementarium:WarGolem","floor":27,"turns":3},{"damage":11,"enemies":"Elementarium:RubyGolem","floor":29,"turns":6},{"damage":4,"enemies":"Elementarium:CYCLONE_AND_ORB_OF_FIRE","floor":31,"turns":3},{"damage":11,"enemies":"Elementarium:STONE_GOLEMS","floor":32,"turns":4},{"damage":0,"enemies":"downfall:Silent","floor":33,"turns":2},{"damage":4,"enemies":"Hallownest:eliteHiveKnight","floor":36,"turns":4},{"damage":0,"enemies":"Hallownest:3_Siblings","floor":37,"turns":4},{"damage":24,"enemies":"Hallownest:2_Littles","floor":39,"turns":5},{"damage":7,"enemies":"Hallownest:eliteCollector","floor":44,"turns":9},{"damage":10,"enemies":"Hallownest:Slobbering_and_Violent","floor":45,"turns":4},{"damage":0,"enemies":"Hallownest:Shield_Sturdy","floor":46,"turns":2},{"damage":23,"enemies":"Hallownest:2_Wandering_and_1_Horned","floor":49,"turns":3},{"damage":0,"enemies":"downfall:Defect","floor":50,"turns":3}],"seed_played":"8176455338311777724","potions_obtained":[{"floor":3.0,"key":"FairyPotion"},{"floor":4.0,"key":"SkillPotion"},{"floor":5.0,"key":"Milkshake"},{"floor":15.0,"key":"AttackPotion"},{"floor":22.0,"key":"sneckomod:OffclassReductionPotion"},{"floor":26.0,"key":"potionbrewer:CleansingPotion"},{"floor":27,"key":"AttackPotion"},{"floor":32,"key":"potionbrewer:NoxiousPotion"},{"floor":36,"key":"Milkshake"},{"floor":37,"key":"sneckomod:OffclassReductionPotion"}],"is_trial":false,"path_per_floor":["R_BF","E","?","E","M","?","T","M","R","$","?","M","?","T","M","B",null,"R","?","?","$","M","E","T","E","M","E","$","M","?","M","M","B",null,"R","E","M","?","M","$","T","R","?","E","M","M","$","?","M","B",null],"character_chosen":"THE_SNECKO","items_purchased":["Crow Ritual","Cleaning_Rag","theForsaken:Lifeblossom","Guide Book","aspiration:ChemicalBlood","Oddly Smooth Stone","Replay:Wax Seal","ClockworkSouvenir","sneckomod:UnknownExhaust+1","Orichalcum"],"campfire_rested":0,"item_purchase_floors":[10,21,21,40,40,40,47,47,47,47],"current_hp_per_floor":[82,82,82,83,83,84,84,66,66,67,58,55,55,55,45,10,73,73,73,73,73,61,54,54,37,44,46,46,41,41,42,37,40,82,82,88,96,97,80,80,80,80,80,87,87,94,95,93,74,93],"gold":670,"neow_bonus":"THREE_ENEMY_KILL","is_daily":false,"chose_seed":false,"campfire_upgraded":4,"win_rate":0.0,"timestamp":1608457673,"path_taken":["R_BF","E","?","E","M","?","T","M","R","?","?","M","?","?","M","BOSS","R","?","?","$","M","E","T","E","M","E","?","M","?","M","M","BOSS","R","E","M","?","M","$","T","R","?","E","M","M","$","?","M","BOSS"],"items_purchased_type":["Card","Relic","Relic","Relic","Relic","Relic","Relic","Relic","Card","Relic"],"build_version":"2020-12-13","purchased_purges":5,"victory":true,"max_hp_per_floor":[91,91,91,92,92,93,93,93,93,94,94,94,94,94,94,94,94,94,94,94,94,94,94,94,95,96,96,96,96,96,96,96,96,96,96,96,96,97,97,97,97,97,97,97,97,97,98,93,93,93],"card_choices":[{"not_picked":["sneckomod:UnknownClassSLIMEBOUND","sneckomod:Unknown1Cost"],"picked":"sneckomod:WideSting","floor":2.0},{"not_picked":["sneckomod:DefensiveFlair","sneckomod:UnknownCommonSkill"],"picked":"sneckomod:UnknownExhaust","floor":4.0},{"not_picked":["sneckomod:QuickMove","sneckomod:UnknownCommonSkill"],"picked":"sneckomod:TrashToTreasure","floor":5.0},{"not_picked":["Trip","expansioncontent:YouAreMine"],"picked":"Crow Ritual","floor":6.0},{"not_picked":["sneckomod:UnknownClassUrban Legend","sneckomod:UnknownStrike"],"picked":"sneckomod:UnknownUncommonPower","floor":6.0},{"not_picked":["sneckomod:CheapStock","sneckomod:QuickMove"],"picked":"sneckomod:Nope","floor":8.0},{"not_picked":["sneckomod:WideSting","sneckomod:SoulRoll"],"picked":"sneckomod:UnknownColorless","floor":10.0},{"not_picked":["sneckomod:Unknown1Cost","sneckomod:UnknownClassUrban Legend","sneckomod:UnknownCommonAttack"],"picked":"SKIP","floor":12.0},{"not_picked":["sneckomod:CheapStock","sneckomod:UnknownClassMARISA_COLOR"],"picked":"sneckomod:SoulDraw","floor":15.0},{"not_picked":["sneckomod:Transmogrify","sneckomod:SoulExchange"],"picked":"sneckomod:SerpentMind","floor":16.0},{"not_picked":["sneckomod:UnknownClassRED+1","sneckomod:Unknown1Cost"],"picked":"sneckomod:WideSting","floor":21.0},{"not_picked":["sneckomod:RainOfDice+1","sneckomod:UnknownVulnerable","sneckomod:DefensiveFlair"],"picked":"SKIP","floor":22.0},{"not_picked":["sneckomod:Unknown1Cost","sneckomod:QuickBite+1"],"picked":"sneckomod:SoulDraw+1","floor":23.0},{"not_picked":["sneckomod:SoulDraw","sneckomod:UnknownClassMARISA_DERIVATIONS"],"picked":"sneckomod:UnknownRarePower","floor":25.0},{"not_picked":["sneckomod:SoulRoll","sneckomod:UnknownVulnerable","sneckomod:UnknownClassMARISA_DERIVATIONS+1"],"picked":"SKIP","floor":26.0},{"not_picked":["sneckomod:SoulRoll","sneckomod:UnknownClassMARISA_DERIVATIONS+1"],"picked":"sneckomod:UnknownVulnerable","floor":26.0},{"not_picked":["sneckomod:UnknownClassSILVER+1","sneckomod:UnknownClassGATHERER_LIME","sneckomod:MixItUp"],"picked":"SKIP","floor":27},{"not_picked":["sneckomod:UnknownCommonSkill+1","sneckomod:TrashToTreasure","sneckomod:QuickMove"],"picked":"SKIP","floor":29},{"not_picked":["sneckomod:SoulDraw","sneckomod:UnknownClassGUARDIAN","sneckomod:QuickMove"],"picked":"SKIP","floor":31},{"not_picked":["sneckomod:UnknownWeak+1","sneckomod:UnknownClassTHE_CHAMP_GRAY","sneckomod:UnknownEthereal"],"picked":"SKIP","floor":32},{"not_picked":["sneckomod:UnlimitedRolls","sneckomod:MorePower"],"picked":"sneckomod:DangerNoodle","floor":33},{"not_picked":["sneckomod:UnknownClassROBOT_ORANGE_COLOR+1","sneckomod:DiceCrush","sneckomod:SoulRoll+1"],"picked":"Pommel Strike+1","floor":36},{"not_picked":["Massacre","sneckomod:DiceCrush+1","sneckomod:Unknown2Cost+1","sneckomod:UnknownClassGUARDIAN+1"],"picked":"SKIP","floor":37},{"not_picked":["Infernal Blade+1","Feel No Pain","sneckomod:DiceBlock+1"],"picked":"True Grit+1","floor":38},{"not_picked":["sneckomod:Transmogrify","sneckomod:UnknownClassTHE_CHAMP_GRAY","Wild Strike"],"picked":"sneckomod:UnknownBlock+1","floor":38},{"not_picked":["sneckomod:UnknownClassPURPLE+1","Headbutt+1","sneckomod:UnknownVulnerable+1"],"picked":"sneckomod:SlitherStrike","floor":39},{"not_picked":["Perfected Strike+1","sneckomod:DiceBoulder+1","ReplayTheSpireMod:Strike From Hell","Anger+1"],"picked":"SKIP","floor":44},{"not_picked":["Clothesline","sneckomod:DiceCrush","Twin Strike","sneckomod:QuickMove"],"picked":"SKIP","floor":45},{"not_picked":["Headbutt+1","Cleave+1","Immolate","Body Slam"],"picked":"SKIP","floor":46},{"not_picked":["Bloodletting","Heavy Blade","Anger","sneckomod:DiceCrush"],"picked":"SKIP","floor":49},{"not_picked":["Replay:Many Hands","sneckomod:MorePower","sneckomod:Unknown3Cost"],"picked":"Demon Form","floor":50}],"player_experience":2288753,"relics_obtained":[{"floor":2.0,"key":"Replay:Towering Pillar of Hats"},{"floor":4.0,"key":"Pet Ghost"},{"floor":7.0,"key":"Replay:Bandana"},{"floor":14.0,"key":"Onion Ring"},{"floor":23.0,"key":"ReplayFunnel"},{"floor":24.0,"key":"ReplayTheSpireMod:Shallot"},{"floor":25.0,"key":"sneckomod:LoadedDie"},{"floor":27,"key":"Old Coin"},{"floor":29,"key":"wanderingMiniBosses:MasterThiefsPresence"},{"floor":36,"key":"InkBottle"},{"floor":44,"key":"SSSystem"}],"event_choices":[{"damage_healed":0.0,"max_hp_gain":0.0,"max_hp_loss":0.0,"gold_gain":0.0,"event_name":"Elementarium:VoidShrine","player_choice":"Embrace","floor":20.0,"gold_loss":0.0,"damage_taken":0.0,"cards_obtained":["Doubt","Crow Ritual"]}],"is_beta":false,"boss_relics":[{"not_picked":["Black Star","aspiration:ServantSkillbook"],"picked":"vexMod:ImprovementManual"},{"not_picked":["vexMod:EndlessSickness","theForsaken:PaleLantern"],"picked":"aspiration:IroncladSkillbook"}],"items_purged_floors":[21,28,28,40,47],"is_endless":false,"potions_floor_spawned":[4,5,15,22,26,27,36,37],"ascension_level":11}}