{"host":"3ghjvsatr2fxka2l","time":1608435023,"event":{"mods":["AchievementEnabler","Act Like it!","Aspiration","BaseMod","Better Third Choice","Better Vampires","BetterRewards","Clawfect","Colored Powertips","Conspire","Curses Come First","Defuse TimeMaze Blight","Displayed Cursed Tome","Energized Spire","Gold Saver","Grow up Mod","Hallownest","Hubris","Infinite Spire","Lobotomy","Marked Mod","Minty Spire (QoL Compilation)","Quick Restart","Replay The Spire","SacredBarkPlus","StSLib","The Blue Laboratory","The Bug Knight","Transform Curses","Uncapped","Waifu the Spire","Wandering Minibosses","vexMod","??????REMEMod"],"gold_per_floor":[437,92,92,115,126,30,30,50,50,70,70,70,70,81,81,184,850,868,878,897,914,864,864,880,880,880,880,880,880,915,915,915,1034,1034,1072,992,992,812,849,849,865,880,959,998,998,1061,1061,1107,1107,1224],"floor_reached":51,"playtime":3718,"items_purged":["HollowMod:NailStrikeStart","HollowMod:NailStrikeStart"],"score":544,"play_id":"3aeef5b7-ab57-4dcf-b258-f32056c95839","local_time":"20201219193023","is_ascension_mode":false,"campfire_choices":[{"data":"HollowMod:CycloneSlash","floor":7,"key":"SMITH"},{"data":"Doppelganger","floor":15,"key":"SMITH"},{"data":"Replay:Dark Deal","floor":23,"key":"SMITH"},{"data":"infinitespire:Menacing","floor":25,"key":"SMITH"},{"data":"HollowMod:ChannelNail","floor":27,"key":"SMITH"},{"data":"HollowMod:FocusHealStart","floor":29,"key":"SMITH"},{"data":"HollowMod:SoulMaster","floor":32,"key":"SMITH"},{"data":"HollowMod:SlysStrikes","floor":40,"key":"SMITH"},{"data":"HollowMod:HuntersJournal","floor":45,"key":"SMITH"},{"data":"Hallownest:attackMasterDashSlash","floor":49,"key":"SMITH"}],"circlet_count":0,"master_deck":["HollowMod:NailStrikeStart","HollowMod:NailStrikeStart","HollowMod:NailStrikeStart","HollowMod:QuickDashStart","HollowMod:QuickDashStart","HollowMod:QuickDashStart","HollowMod:QuickDashStart","HollowMod:FocusHealStart+1","HollowMod:PogoStrike","Doppelganger+1","Porccubus","HollowMod:CycloneSlash+1","HollowMod:ChannelNail+1","infinitespire:Menacing+1","FairyFestival","HollowMod:SoulMaster+1","BlueStar","NakedNest","Secret Weapon","Replay:Dark Deal+1","HollowMod:SlysStrikes+1","VoidDream","HollowMod:Weaversong","Hallownest:attackMasterDashSlash+1","HollowMod:HuntersJournal+1","HollowMod:CycloneSlash+1","BigBird","HollowMod:SoulStrike","DreamingCurrent","HollowMod:SoulStrike+1","HollowMod:theNailsmith","Funeral"],"relics":["HollowMod:VesselMask","REME_ComplimentaryCards","CogitoBucket","HollowMod:LumaflyLanternRelic","aspiration:ChemicalBlood","infinitespire:WardingShard","Hallownest:DreamNailRelic","vexMod:RockOfEvil","HellTrain","ReplayTheSpireMod:ShopPack","energizedSpire:HugeHouse","Replay:Bandana","Red Mask","SlaversCollar","Hallownest:BeastSealRelic","Hallownest:StagBellRelic1","BehaviorAdjustment","infinitespire:EmpoweringShard","vexMod:InvisibilityCloak","Gremlin Horn"],"acts_visited":["Exordium","Hallownest:Greenpath","Hallownest:CityofTears"],"potions_floor_usage":[16,16,19,19,20,30,30,33,39],"damage_taken":[{"damage":17,"enemies":"Hallownest:2_Tiktiks_and_1_Crawlid","floor":1,"turns":4},{"damage":4,"enemies":"Hallownest:2_MossCreeps","floor":5,"turns":3},{"damage":5,"enemies":"Hallownest:2_Baldur","floor":8,"turns":3},{"damage":8,"enemies":"Hallownest:Wandering_and_Horned","floor":10,"turns":3},{"damage":13,"enemies":"Hallownest:MossCreep_and_Mosskin","floor":14,"turns":4},{"damage":169,"enemies":"Hallownest:BossHornet","floor":16,"turns":7},{"damage":40,"enemies":"Hallownest:2_Mistakes","floor":18,"turns":4},{"damage":81,"enemies":"Hallownest:Guard_and_Sentry","floor":19,"turns":6},{"damage":111,"enemies":"Hallownest:3_Mistakes","floor":20,"turns":5},{"damage":72,"enemies":"Hallownest:2_Flukemon","floor":21,"turns":5},{"damage":48,"enemies":"Hallownest:Warrior_and_Youth","floor":24,"turns":3},{"damage":79,"enemies":"Hallownest:2_Husk_Sentries","floor":30,"turns":5},{"damage":77,"enemies":"Hallownest:BossGrimm","floor":33,"turns":5},{"damage":144,"enemies":"Hallownest:3_Siblings","floor":35,"turns":6},{"damage":68,"enemies":"Hallownest:Shield_Heavy","floor":39,"turns":6},{"damage":0,"enemies":"Hallownest:Shield_Sturdy","floor":41,"turns":1},{"damage":0,"enemies":"Hallownest:2_Great","floor":42,"turns":1},{"damage":72,"enemies":"Hallownest:Xero_Hu_Marmu","floor":44,"turns":5},{"damage":54,"enemies":"Hallownest:eliteCollector","floor":46,"turns":5},{"damage":35,"enemies":"Hallownest:monsterPrimalAspid","floor":48,"turns":3},{"damage":32,"enemies":"Hallownest:BossGreyPrinceZote","floor":50,"turns":2}],"seed_played":"4455290049064983209","potions_obtained":[{"floor":5,"key":"AttackPotion"},{"floor":16,"key":"blueLaboratory:BottleOfVodka"},{"floor":16,"key":"blueLaboratory:PyrophylliteBrew"},{"floor":18,"key":"Strength Potion"},{"floor":39,"key":"blueLaboratory:HummingbirdPotion"},{"floor":44,"key":"blueLaboratory:PhilterOfMotion"},{"floor":48,"key":"FearPotion"},{"floor":48,"key":"blueLaboratory:RecallPotion"}],"is_trial":false,"path_per_floor":["M","$","?","T","M","$","R","M","T","M","$","?","?","M","R","B",null,"M","M","M","M","AVR","R","M","R","T","R","?","R","M","?","R","B",null,"M","?","?","?","M","R","M","M","T","M","R","E","AVR","M","R","B",null],"character_chosen":"THE_BUGKNIGHT","items_purchased":["HollowMod:LumaflyLanternRelic","HollowMod:ChannelNail","PowerPotion","FairyPotion"],"campfire_rested":0,"item_purchase_floors":[2,2,2,6],"current_hp_per_floor":[78,88,71,81,87,97,107,114,124,129,139,149,159,171,181,35,255,234,175,82,24,34,44,103,113,123,133,143,153,253,263,273,211,420,296,306,316,326,277,287,297,307,317,276,286,269,279,256,266,250],"gold":1224,"neow_bonus":"","is_daily":false,"chose_seed":false,"campfire_upgraded":10,"win_rate":0.0,"timestamp":1608435023,"path_taken":["M","$","?","?","M","?","R","?","T","M","?","?","?","M","R","BOSS","M","M","M","M","AVR","R","M","R","T","R","?","R","M","?","R","BOSS","M","?","?","?","M","R","M","M","T","M","R","E","AVR","M","R","BOSS"],"items_purchased_type":["Relic","Card","Potion","Potion"],"build_version":"2020-12-13","purchased_purges":2,"victory":true,"max_hp_per_floor":[95,105,115,125,135,145,155,165,175,185,195,205,215,225,235,245,255,265,275,285,295,300,310,320,330,340,350,360,370,380,390,400,410,420,430,440,450,460,470,480,490,500,510,520,530,540,550,560,570,580],"card_choices":[{"not_picked":["Wellcheers","CherryBlossoms","HappyTeddy"],"picked":"Singing Bowl","floor":1},{"not_picked":["OldLady","Scorched"],"picked":"Porccubus","floor":1},{"not_picked":["HollowMod:VengefulSpirit","HollowMod:GoodIntentions"],"picked":"HollowMod:CycloneSlash","floor":1},{"not_picked":["infinitespire:SealOfDarkness+","ReplayTheSpireMod:Black Plague"],"picked":"infinitespire:Menacing","floor":3},{"not_picked":["CrumblingArmor","Rudolta","Woodsman"],"picked":"Singing Bowl","floor":5},{"not_picked":["PunishingBird","QueenOfHatred"],"picked":"FairyFestival","floor":5},{"not_picked":["HollowMod:SharpenedNail","HollowMod:DescendingDark","HollowMod:CoiledNail"],"picked":"SKIP","floor":5},{"not_picked":["Freischutz","Rudolta","LaLuna"],"picked":"Singing Bowl","floor":8},{"not_picked":["HollowMod:CoiledNail","HollowMod:DashSlash","HollowMod:CycloneSlash"],"picked":"SKIP","floor":8},{"not_picked":["Bloodbath","BeautyBeast","SingingMachine"],"picked":"Singing Bowl","floor":10},{"not_picked":["HollowMod:HowlingWraiths","HollowMod:SiblingsShadow","HollowMod:NewGlowingWomb"],"picked":"SKIP","floor":10},{"not_picked":["CherryBlossoms","SpiderBud","Laetitia"],"picked":"Singing Bowl","floor":14},{"not_picked":["HollowMod:DescendingDark","HollowMod:BrokenVessel","HollowMod:HeavyBlow"],"picked":"SKIP","floor":14},{"not_picked":["LittleHelper","CrumblingArmor","OSAHOGD"],"picked":"Singing Bowl","floor":16},{"not_picked":["HollowMod:Hiveblood","HollowMod:HornetsHelp"],"picked":"HollowMod:SoulMaster","floor":16},{"not_picked":["CrumblingArmor","GreedKing","ShyLook"],"picked":"Singing Bowl","floor":18},{"not_picked":["HollowMod:LifebloodCocoon","HollowMod:HeavyBlow","HollowMod:AbyssShriek"],"picked":"SKIP","floor":18},{"not_picked":["Freischutz","LittlePrince","RedShoes"],"picked":"Singing Bowl","floor":19},{"not_picked":["UniverseFragment","LaLuna"],"picked":"BlueStar","floor":19},{"not_picked":["HollowMod:NewJinnsSoul","HollowMod:HowlingWraiths+1","HollowMod:SiblingsSouls"],"picked":"SKIP","floor":19},{"not_picked":["CrumblingArmor","WallGazer","MeatLantern"],"picked":"Singing Bowl","floor":20},{"not_picked":["LongBird","BeautyBeast"],"picked":"NakedNest","floor":20},{"not_picked":["HollowMod:BaldurShell+1","HollowMod:SharpenedNail","HollowMod:WraithStrike+1"],"picked":"SKIP","floor":20},{"not_picked":["OldLady","LongBird"],"picked":"Yin","floor":21},{"not_picked":["HollowMod:ShapeofUnn","HollowMod:GoodIntentions","HollowMod:WraithStrike"],"picked":"SKIP","floor":21},{"not_picked":["HandOfGreed","Midas Touch"],"picked":"ReplayTheSpireMod:Necrogeddon","floor":22},{"not_picked":["ReplayTheSpireMod:Brewmster","Secret Technique"],"picked":"Secret Weapon","floor":22},{"not_picked":["HollowMod:ShapeofUnn","HollowMod:NewJinnsSoul","HollowMod:TaintedHusks+1"],"picked":"SKIP","floor":24},{"not_picked":["Alriune","MeltingLove","QueenOfHatred"],"picked":"Singing Bowl","floor":30},{"not_picked":["HollowMod:GoodIntentions","HollowMod:VengefulVoid+1","HollowMod:SoulEater"],"picked":"SKIP","floor":30},{"not_picked":["HollowMod:theNailsmith","HollowMod:ZotesMagnificence"],"picked":"HollowMod:SlysStrikes","floor":33},{"not_picked":["PunishingBird","GalaxyChild"],"picked":"VoidDream","floor":33},{"not_picked":["HollowMod:CornifersMapStart+1","HollowMod:ShadowDash"],"picked":"HollowMod:Weaversong","floor":35},{"not_picked":["ShyLook","OldLady","LaLuna"],"picked":"Singing Bowl","floor":35},{"not_picked":["Mercenary","Scarecrow","LittleHelper"],"picked":"Singing Bowl","floor":39},{"not_picked":["HollowMod:AbyssShriek","HollowMod:InfectedAttack+1","HollowMod:ShapeofUnn+1"],"picked":"SKIP","floor":39},{"not_picked":["RedShoes","WallGazer","PunishingBird"],"picked":"Singing Bowl","floor":41},{"not_picked":["HollowMod:DoubleDash+1","HollowMod:RecoilStrike+1"],"picked":"HollowMod:HuntersJournal","floor":41},{"not_picked":["HollowMod:SiblingsShadow+1","HollowMod:HeavyBlow+1"],"picked":"HollowMod:CycloneSlash+1","floor":42},{"not_picked":["BeautyBeast","FieryBird"],"picked":"BigBird","floor":42},{"not_picked":["HollowMod:MawleksShell+1","HollowMod:TaintedHusks"],"picked":"HollowMod:SoulStrike","floor":44},{"not_picked":["Laetitia","BeautyBeast","QueenBee"],"picked":"Singing Bowl","floor":44},{"not_picked":["LaLuna","PlagueDoctor"],"picked":"DreamingCurrent","floor":44},{"not_picked":["LittlePrince","Laetitia","GalaxyChild"],"picked":"Singing Bowl","floor":46},{"not_picked":["HollowMod:TaintedHusks","HollowMod:Grubsong","HollowMod:QuirrelsAssistance+1"],"picked":"SKIP","floor":46},{"not_picked":["HollowMod:NewJinnsSoul","HollowMod:GoodIntentions"],"picked":"HollowMod:SoulStrike+1","floor":48},{"not_picked":["LittlePrince","GalaxyChild","LongBird"],"picked":"Singing Bowl","floor":48},{"not_picked":["HollowMod:ZotesMagnificence","HollowMod:MidwifesHunger"],"picked":"HollowMod:theNailsmith","floor":50},{"not_picked":["HeroicMonk","GreedKing"],"picked":"Funeral","floor":50}],"player_experience":231488,"relics_obtained":[{"floor":4,"key":"aspiration:ChemicalBlood"},{"floor":9,"key":"infinitespire:WardingShard"},{"floor":26,"key":"Replay:Bandana"},{"floor":43,"key":"infinitespire:EmpoweringShard"},{"floor":46,"key":"vexMod:InvisibilityCloak"}],"event_choices":[],"is_beta":false,"boss_relics":[{"not_picked":["energizedSpire:EnergizedDie","energizedSpire:DeadBattery"],"picked":"vexMod:RockOfEvil"},{"not_picked":["vexMod:DeviousBotling","Runic Dome"],"picked":"SlaversCollar"}],"items_purged_floors":[22,47],"is_endless":false,"potions_floor_spawned":[5,8,10,16,19,24,39,44,48,50],"ascension_level":0}}