{"host":"r5cycnjhcbwgkpkf","time":1608437850,"event":{"mods":["2.2 Compatiblity","AchievementEnabler","BaseMod","Bestiary","Better Match","Better Note","Better Skull","Better Third Choice","BetterRewards","Colored Map","Colored Powertips","Googly Eyes","Hermit","Infinite Spire","Minty Spire (QoL Compilation)","Replay The Spire","Spicy Shops","StSLib","The Servant 0.9.4"],"gold_per_floor":[111,111,123,123,138,138,172,172,172,216,216,231,231,256,256,350,350,369,383,383,398,398,398],"floor_reached":22,"playtime":915,"items_purged":[],"score":548,"play_id":"a9f00f39-39ed-41a6-9e36-d5afd8c17de8","local_time":"20201219201730","is_ascension_mode":true,"campfire_choices":[{"data":"Sword Boomerang","floor":6.0,"key":"SMITH"},{"data":"Cleave","floor":11.0,"key":"SMITH"},{"data":"Twin Strike","floor":13.0,"key":"SMITH"},{"floor":15.0,"key":"REST"}],"circlet_count":0,"master_deck":["AscendersBane","Strike_R","Strike_R","Strike_R","Strike_R","Strike_R","Defend_R","Defend_R","Defend_R","Defend_R","Bash+1","Sword Boomerang+1","Twin Strike+1","Metallicize","Injury","Cleave+1","Dropkick","Demon Form","Headbutt+1"],"relics":["Burning Blood","Vajra","Eternal Feather","Sling","infinitespire:CheckeredPen","Golden Idol","Matryoshka","Ooze Armor","Art of War"],"acts_visited":["Exordium","TheCity"],"potions_floor_usage":[22],"damage_taken":[{"damage":0.0,"enemies":"Small Slimes","floor":1.0,"turns":2.0},{"damage":12.0,"enemies":"Jaw Worm","floor":3.0,"turns":2.0},{"damage":8.0,"enemies":"2 Louse","floor":5.0,"turns":3.0},{"damage":13.0,"enemies":"Gremlin Nob","floor":7.0,"turns":3.0},{"damage":20.0,"enemies":"3 Sentries","floor":10.0,"turns":6.0},{"damage":11.0,"enemies":"Blue Slaver","floor":12.0,"turns":3.0},{"damage":31.0,"enemies":"Exordium Wildlife","floor":14.0,"turns":4.0},{"damage":49.0,"enemies":"Slime Boss","floor":16.0,"turns":11.0},{"damage":21,"enemies":"2 Thieves","floor":18,"turns":4},{"damage":15,"enemies":"Spheric Guardian","floor":19,"turns":4},{"damage":28,"enemies":"Snecko","floor":21,"turns":4},{"damage":14,"enemies":"Centurion and Healer","floor":22,"turns":1}],"seed_played":"6697178655027478408","potions_obtained":[{"floor":1.0,"key":"Energy Potion"},{"floor":10.0,"key":"ColorlessPotion"},{"floor":16.0,"key":"SteroidPotion"}],"is_trial":false,"path_per_floor":["M","$","M","?","M","R","E","?","T","E","R","M","R","M","R","B",null,"M","M","AVR","M","M"],"character_chosen":"IRONCLAD","items_purchased":["Vajra","Eternal Feather","Sword Boomerang","Sling","Strength Potion"],"campfire_rested":1,"item_purchase_floors":[0,0,0,0,0],"current_hp_per_floor":[58,58,52,52,50,56,49,49,49,35,44,39,48,23,54,11,59,44,35,35,13,0,0],"gold":398,"neow_bonus":"","is_daily":false,"chose_seed":false,"campfire_upgraded":3,"win_rate":0.0,"timestamp":1608437850,"path_taken":["M","$","M","?","M","R","E","?","T","E","R","M","R","M","R","BOSS","M","M","AVR","M","M"],"items_purchased_type":["Relic","Relic","Card","Relic","Potion"],"build_version":"2020-12-13","purchased_purges":0,"victory":false,"max_hp_per_floor":[75,75,75,75,75,75,75,75,75,75,75,75,75,75,75,75,75,75,75,75,75,75,75],"card_choices":[{"not_picked":["Combust","Thunderclap"],"picked":"Twin Strike","floor":1.0},{"not_picked":["Anger","Evolve","Thunderclap"],"picked":"SKIP","floor":3.0},{"not_picked":["Pommel Strike","Feel No Pain","Corruption"],"picked":"SKIP","floor":5.0},{"not_picked":["Seeing Red","Disarm"],"picked":"Metallicize","floor":7.0},{"not_picked":["Seeing Red","Offering"],"picked":"Cleave","floor":10.0},{"not_picked":["Armaments","Anger","True Grit"],"picked":"SKIP","floor":12.0},{"not_picked":["Flex","Clothesline"],"picked":"Dropkick","floor":14.0},{"not_picked":["Feed","Impervious"],"picked":"Demon Form","floor":16.0},{"not_picked":["Hemokinesis","Wild Strike+1","Havoc+1"],"picked":"SKIP","floor":18},{"not_picked":["Clothesline","Heavy Blade"],"picked":"Headbutt+1","floor":19},{"not_picked":["Flex","Fire Breathing","Havoc"],"picked":"SKIP","floor":21}],"player_experience":409651,"relics_obtained":[{"floor":7.0,"key":"infinitespire:CheckeredPen"},{"floor":9.0,"key":"Matryoshka"}],"event_choices":[{"damage_healed":0.0,"max_hp_gain":0.0,"max_hp_loss":0.0,"gold_gain":0.0,"event_name":"Golden Idol","player_choice":"Take Wound","floor":8.0,"gold_loss":0.0,"damage_taken":0.0,"relics_obtained":["Golden Idol"],"cards_obtained":["Injury"]}],"is_beta":false,"boss_relics":[{"not_picked":["Runic Dome","Fusion Hammer"],"picked":"Ooze Armor"}],"items_purged_floors":[],"is_endless":false,"potions_floor_spawned":[1,5,10,16,18,19],"killed_by":"Centurion and Healer","ascension_level":17}}