{"host":"21h5e52imz35vo8g","time":1608444821,"event":{"mods":["AchievementEnabler","BaseMod","Colored Map","Colored Powertips","Googly Eyes","Minty Spire (QoL Compilation)","Quick Restart","Rare Cards Sparkle","Replay The Spire","StSLib"],"gold_per_floor":[111,59,9,28,203,237,247,247,272,288,288,320,330,355,355,458,458,471,243,243,255,255,255,255,255],"floor_reached":24,"playtime":1227,"items_purged":["Defend_G"],"score":287,"play_id":"0c15513f-6331-4b79-b139-cce9de4634bd","local_time":"20201220141341","is_ascension_mode":true,"campfire_choices":[{"floor":15,"key":"REST"},{"data":"Draining Mist","floor":23,"key":"SMITH"}],"circlet_count":0,"master_deck":["Strike_G","Strike_G","Strike_G","Defend_G","Defend_G","Defend_G","Survivor","Neutralize","Quick Slash+1","Blade Dance+1","Replay:Bag of Tricks+1","Cloak And Dagger","Adrenaline+1","Draining Mist+1"],"relics":["Ring of the Snake","NeowsBlessing","ReplayFunnel","Blood Vial","Ornamental Fan","Golden Egg","Empty Cage","Guide Book"],"acts_visited":["Exordium","TheCity"],"potions_floor_usage":[12,16,16],"damage_taken":[{"damage":0,"enemies":"Small Slimes","floor":1,"turns":1},{"damage":0,"enemies":"2 Louse","floor":4,"turns":1},{"damage":0,"enemies":"Gremlin Nob","floor":6,"turns":1},{"damage":0,"enemies":"Cultist","floor":7,"turns":3},{"damage":34,"enemies":"Lots of Slimes","floor":10,"turns":5},{"damage":23,"enemies":"Lagavulin","floor":12,"turns":6},{"damage":0,"enemies":"Blue Slaver","floor":13,"turns":3},{"damage":17,"enemies":"3 Sentries","floor":14,"turns":9},{"damage":5,"enemies":"Hexaghost","floor":16,"turns":11},{"damage":18,"enemies":"Spheric Guardian","floor":18,"turns":7},{"damage":5,"enemies":"2 Thieves","floor":21,"turns":4},{"damage":0,"enemies":"Slavers","floor":24,"turns":1}],"seed_played":"-1315200849335505739","potions_obtained":[{"floor":6,"key":"Swift Potion"},{"floor":7,"key":"Fruit Juice"},{"floor":10,"key":"Energy Potion"},{"floor":14,"key":"SkillPotion"},{"floor":16,"key":"Dexterity Potion"},{"floor":21,"key":"Adrenaline Potion"}],"is_trial":false,"path_per_floor":["M","$","?","M","?","E","M","?","T","M","?","E","M","E","R","B",null,"M","$","?","M","?","R","E"],"character_chosen":"THE_SILENT","items_purchased":["Blade Dance","Guide Book"],"campfire_rested":1,"item_purchase_floors":[2,19],"current_hp_per_floor":[70,70,70,70,70,70,70,70,70,36,36,20,22,7,29,26,75,57,57,57,54,54,54,56,56],"gold":255,"neow_bonus":"THREE_ENEMY_KILL","is_daily":false,"chose_seed":false,"campfire_upgraded":1,"win_rate":0.0,"timestamp":1608444821,"path_taken":["M","$","?","M","?","E","M","?","T","M","?","E","?","E","R","BOSS","M","?","?","M","?","R","E"],"items_purchased_type":["Card","Relic"],"build_version":"2020-12-13","purchased_purges":1,"victory":false,"max_hp_per_floor":[70,70,70,70,70,70,70,70,70,70,70,75,75,75,75,75,75,75,75,75,75,75,75,75,75],"card_choices":[{"not_picked":["Slice","PiercingWail"],"picked":"Quick Slash","floor":1},{"not_picked":["Setup","Flying Knee","Fluid Movement"],"picked":"SKIP","floor":4},{"not_picked":["Doppelganger","Flying Knee","Prepared"],"picked":"SKIP","floor":6},{"not_picked":["PiercingWail","Dagger Throw"],"picked":"Replay:Bag of Tricks","floor":7},{"not_picked":["ReplayTheSpireMod:The Works","Footwork","Setup"],"picked":"SKIP","floor":10},{"not_picked":["Caltrops","Acrobatics"],"picked":"Cloak And Dagger","floor":12},{"not_picked":["Backstab","Cloak And Dagger","Sucker Punch"],"picked":"SKIP","floor":13},{"not_picked":["Endless Agony","Concentrate","Bouncing Flask"],"picked":"SKIP","floor":14},{"not_picked":["Malaise","Tools of the Trade"],"picked":"Adrenaline","floor":16},{"not_picked":["Sneak Up+1","Prepared","Deadly Poison"],"picked":"SKIP","floor":18},{"not_picked":["Dagger Spray","Flying Knee","Poisoned Stab"],"picked":"SKIP","floor":21}],"player_experience":296767,"relics_obtained":[{"floor":6,"key":"ReplayFunnel"},{"floor":9,"key":"Blood Vial"},{"floor":12,"key":"Ornamental Fan"},{"floor":14,"key":"Golden Egg"}],"event_choices":[{"cards_removed":["Strike_G"],"damage_healed":0,"gold_gain":0,"player_choice":"Card Removal","damage_taken":0,"max_hp_gain":0,"max_hp_loss":0,"event_name":"The Cleric","floor":3,"gold_loss":50},{"damage_healed":0,"gold_gain":175,"player_choice":"AGREE","damage_taken":0,"max_hp_gain":0,"max_hp_loss":0,"event_name":"Liars Game","floor":5,"gold_loss":0,"cards_obtained":["Doubt"]},{"cards_removed":["Doubt"],"damage_healed":0,"gold_gain":0,"player_choice":"Forget","damage_taken":0,"max_hp_gain":0,"max_hp_loss":0,"event_name":"Living Wall","floor":8,"gold_loss":0},{"damage_healed":0,"gold_gain":0,"player_choice":"Forge","damage_taken":0,"max_hp_gain":0,"max_hp_loss":0,"event_name":"Accursed Blacksmith","floor":11,"gold_loss":0,"cards_upgraded":["Replay:Bag of Tricks"]},{"damage_healed":0,"gold_gain":0,"player_choice":"Ignored","damage_taken":0,"max_hp_gain":0,"max_hp_loss":0,"event_name":"Ghosts","floor":20,"gold_loss":0},{"damage_healed":0,"gold_gain":0,"player_choice":"Read","damage_taken":0,"max_hp_gain":0,"max_hp_loss":0,"event_name":"The Library","floor":22,"gold_loss":0,"cards_obtained":["Draining Mist"]}],"is_beta":false,"boss_relics":[{"not_picked":["Honey Jar","Snecko Scales"],"picked":"Empty Cage"}],"items_purged_floors":[19],"is_endless":false,"potions_floor_spawned":[6,7,10,14,16,21],"killed_by":"Slavers","ascension_level":4}}