{"host":"jx3f6ezc0g3s9edc","time":1608429533,"event":{"mods":["AchievementEnabler","BaseMod","Bestiary","Colored Map","Highlight Path","Minty Spire (QoL Compilation)","StSLib"],"gold_per_floor":[110,180,180,180,193,193,193,243,243,243,293,293,68,96,105,235,235,250,259,259,214,214],"floor_reached":21,"playtime":1048,"items_purged":[],"score":229,"play_id":"79f25a32-c5f4-4a04-86a4-d66cb53cbdc9","local_time":"20201219205853","is_ascension_mode":true,"campfire_choices":[{"floor":6,"key":"REST"},{"floor":10,"key":"REST"},{"floor":15,"key":"REST"}],"circlet_count":0,"master_deck":["Strike_B","Defend_B+1","Defend_B","Defend_B","Zap","Dualcast+1","Creative AI+1","Stack+1","Double Energy+1","Streamline","Leap","All For One","Static Discharge","Apotheosis","Beam Cell","Hologram","Defragment","Necronomicurse"],"relics":["Astrolabe","Golden Idol","CeramicFish","Strawberry","Kunai","Dream Catcher","Black Star","Necronomicon","Regal Pillow"],"acts_visited":["Exordium","TheCity"],"potions_floor_usage":[],"damage_taken":[{"damage":20,"enemies":"Jaw Worm","floor":1,"turns":7},{"damage":7,"enemies":"2 Louse","floor":5,"turns":3},{"damage":25,"enemies":"3 Sentries","floor":8,"turns":8},{"damage":15,"enemies":"Lagavulin","floor":11,"turns":8},{"damage":1,"enemies":"Small Slimes","floor":14,"turns":4},{"damage":43,"enemies":"Hexaghost","floor":16,"turns":6},{"damage":30,"enemies":"Chosen","floor":18,"turns":6},{"damage":18,"enemies":"2 Thieves","floor":21,"turns":2}],"seed_played":"4189474897103525407","potions_obtained":[{"floor":8,"key":"DistilledChaos"},{"floor":11,"key":"AttackPotion"},{"floor":14,"key":"SteroidPotion"},{"floor":16,"key":"FocusPotion"}],"is_trial":false,"path_per_floor":["M","?","?","?","M","R","?","E","T","R","E","?","$","M","R","B",null,"M","?","?","M"],"character_chosen":"DEFECT","items_purchased":["Apotheosis","Beam Cell"],"campfire_rested":3,"item_purchase_floors":[13,13],"current_hp_per_floor":[55,55,55,41,34,54,47,29,29,51,36,36,36,35,57,14,61,31,15,15,0,0],"gold":214,"neow_bonus":"BOSS_RELIC","is_daily":false,"chose_seed":false,"campfire_upgraded":0,"win_rate":0.0,"timestamp":1608429533,"path_taken":["M","?","?","?","M","R","?","E","T","R","E","?","$","M","R","BOSS","M","?","?","M"],"items_purchased_type":["Card","Card"],"build_version":"2020-12-13","purchased_purges":0,"victory":false,"max_hp_per_floor":[75,75,69,69,69,69,69,76,76,76,76,76,76,76,76,76,76,76,76,76,76,76],"card_choices":[{"not_picked":["Conserve Battery","Ball Lightning"],"picked":"Streamline","floor":1},{"not_picked":["Hologram","Reinforced Body"],"picked":"Leap","floor":5},{"not_picked":["Heatsinks","Turbo"],"picked":"All For One","floor":8},{"not_picked":["Fission","Turbo"],"picked":"Static Discharge","floor":11},{"not_picked":["Leap","Aggregate"],"picked":"Hologram","floor":14},{"not_picked":["Steam","Compile Driver"],"picked":"Defragment","floor":15},{"not_picked":["Beam Cell","Double Energy","Rebound"],"picked":"SKIP","floor":18}],"player_experience":696532,"relics_obtained":[{"floor":8,"key":"Strawberry"},{"floor":9,"key":"Kunai"},{"floor":11,"key":"Dream Catcher"},{"floor":19,"key":"Necronomicon"}],"event_choices":[{"damage_healed":0,"gold_gain":70,"player_choice":"Gained Gold","damage_taken":0,"max_hp_gain":0,"max_hp_loss":0,"event_name":"Golden Wing","floor":2,"gold_loss":0},{"damage_healed":0,"gold_gain":0,"player_choice":"Lose Max HP","damage_taken":0,"relics_obtained":["Golden Idol"],"max_hp_gain":0,"max_hp_loss":6,"event_name":"Golden Idol","floor":3,"gold_loss":0},{"damage_healed":0,"gold_gain":0,"player_choice":"Entered Light","damage_taken":14,"max_hp_gain":0,"max_hp_loss":0,"event_name":"Shining Light","floor":4,"gold_loss":0,"cards_upgraded":["Dualcast","Defend_B"]},{"damage_healed":0,"gold_gain":0,"player_choice":"Success","damage_taken":7,"relics_obtained":["CeramicFish"],"max_hp_gain":0,"max_hp_loss":0,"event_name":"Scrap Ooze","floor":7,"gold_loss":0},{"cards_removed":["Strike_B"],"damage_healed":0,"gold_gain":0,"player_choice":"Forget","damage_taken":0,"max_hp_gain":0,"max_hp_loss":0,"event_name":"Living Wall","floor":12,"gold_loss":0},{"damage_healed":0,"gold_gain":0,"player_choice":"Obtained Book","damage_taken":16,"max_hp_gain":0,"max_hp_loss":0,"event_name":"Cursed Tome","floor":19,"gold_loss":0},{"damage_healed":0,"gold_gain":0,"player_choice":"Gave Potion","damage_taken":0,"relics_obtained":["Regal Pillow"],"max_hp_gain":0,"max_hp_loss":0,"event_name":"WeMeetAgain","floor":20,"gold_loss":0}],"is_beta":false,"boss_relics":[{"not_picked":["Coffee Dripper","Runic Pyramid"],"picked":"Black Star"}],"items_purged_floors":[],"is_endless":false,"potions_floor_spawned":[8,11,14,16,18],"killed_by":"2 Thieves","ascension_level":5}}