{"host":"3c27c697js19kaoo","time":1608448964,"event":{"mods":["Aspiration","BaseMod","CapriCore","Dota2Spire","Hermit","Minty Spire (QoL Compilation)","Quick Restart","Remilia£®¿Ÿ√◊¿Ú—«£©","Replay The Spire","Robot Space Explorer","Spicy Shops","StSLib","The Alterego","The Cursed","The Runesmith","The Servant 0.9.4","vexMod","°æ“≈ŒÔø®≈∆°øREMEMod"],"gold_per_floor":[112,112,122,102,112,141,171,197,197,197,197,232,39,39,39,144,144,163,163,191,73,73,107,107,122,204,216,248,248,306,337,337,449,449,472,494,494,505,522,579,579,611,611,150,350,350,380,404,404,431,431,431,46,83,101,101],"floor_reached":55,"playtime":2284,"items_purged":[],"score":690,"play_id":"7eadac72-a853-48af-b39c-b48955872400","local_time":"20201220152244","is_ascension_mode":true,"campfire_choices":[{"floor":10,"key":"RECALL"},{"data":"Corruption","floor":24,"key":"SMITH"},{"data":"Juggernaut","floor":29,"key":"SMITH"},{"data":"ReplayTheSpireMod:Strike From Hell","floor":32,"key":"SMITH"},{"data":"Infernal Blade","floor":41,"key":"SMITH"},{"floor":49,"key":"REST"},{"data":"ReplayTheSpireMod:Faulty Equipment","floor":52,"key":"SMITH"}],"circlet_count":0,"master_deck":["Strike_R+1","Strike_R+1","Strike_R+1","Strike_R+1","Strike_R+1","Defend_R+1","Defend_R+1","Defend_R+1","Defend_R+1","hermit:GoldenBullet+1","Rampage","Sword Boomerang","Carnage","Double Tap+1","Armaments","Pommel Strike","Corruption+1","AbeCurse","Feel No Pain","REME_FearOfPain","J.A.X.","Twin Strike","Juggernaut+1","Metallicize","Infernal Blade+1","ReplayTheSpireMod:Strike From Hell+1","Offering+1","ReplayTheSpireMod:Muscle Training+1","Armaments+1","Burning Pact+1","Burning Pact+1","Dark Embrace","Finesse+1","Twin Strike+1"],"relics":["Burning Blood","REME_ComplimentaryCards","NeowsBlessing","Whetstone","Dota2Spire:Butterfly","aspiration:HatOfInfinitePower","Gambling Chip","aspiration:Nostalgia","TheCursedMod:BlackMagic101","Abe\u0027s Treasure","Red Mask","vexMod:PlasmaPancake","ReplayTheSpireMod:Shallot","REME_ArchaeologicalTools","REME_DemonsWealth","Toxic Egg 2","REME_HourglassOfDeath","Nunchaku","Strange Spoon","Vajra","Ring of Chaos","Dota2Spire:OrchidMalevolence","Dota2Spire:MaskOfMadness","Bag of Marbles"],"acts_visited":["Exordium","TheCity","TheBeyond","TheEnding"],"potions_floor_usage":[8,31,33,50,50,55],"damage_taken":[{"damage":0,"enemies":"Jaw Worm","floor":1,"turns":1},{"damage":0,"enemies":"Small Slimes","floor":3,"turns":1},{"damage":0,"enemies":"Cultist","floor":5,"turns":2},{"damage":14,"enemies":"Gremlin Nob","floor":6,"turns":3},{"damage":9,"enemies":"3 Sentries","floor":8,"turns":6},{"damage":11,"enemies":"Lagavulin","floor":12,"turns":4},{"damage":44,"enemies":"The Guardian","floor":16,"turns":9},{"damage":0,"enemies":"Chosen","floor":18,"turns":3},{"damage":0,"enemies":"Masked Bandits","floor":20,"turns":3},{"damage":11,"enemies":"Book of Stabbing","floor":23,"turns":4},{"damage":0,"enemies":"2 Thieves","floor":25,"turns":2},{"damage":0,"enemies":"Centurion and Healer","floor":27,"turns":3},{"damage":27,"enemies":"Gremlin Leader","floor":28,"turns":5},{"damage":3,"enemies":"Cultist and Chosen","floor":30,"turns":3},{"damage":13,"enemies":"Snake Plant","floor":31,"turns":3},{"damage":55,"enemies":"Automaton","floor":33,"turns":7},{"damage":12,"enemies":"3 Darklings","floor":35,"turns":4},{"damage":6,"enemies":"3 Shapes","floor":36,"turns":4},{"damage":0,"enemies":"Jaw Worm Horde","floor":38,"turns":1},{"damage":13,"enemies":"Maw","floor":39,"turns":5},{"damage":9,"enemies":"R_Hoarder","floor":40,"turns":4},{"damage":10,"enemies":"Reptomancer","floor":42,"turns":4},{"damage":28,"enemies":"Spire Growth","floor":47,"turns":3},{"damage":18,"enemies":"Jaw Worm Horde","floor":48,"turns":3},{"damage":47,"enemies":"Replay:Hell Engine","floor":50,"turns":6},{"damage":36,"enemies":"Shield and Spear","floor":54,"turns":4},{"damage":88,"enemies":"The Heart","floor":55,"turns":3}],"seed_played":"1984772051108106468","potions_obtained":[{"floor":1,"key":"PowerPotion"},{"floor":4,"key":"Milkshake"},{"floor":12,"key":"Languid Potion"},{"floor":16,"key":"Swift Potion"},{"floor":30,"key":"Regen Potion"},{"floor":31,"key":"Block Potion"},{"floor":36,"key":"EssenceOfSteel"},{"floor":54,"key":"SpeedPotion"}],"is_trial":false,"path_per_floor":["M","?","M","?","M","E","?","E","T","R","?","E","$","?","R","B",null,"M","?","?","$","?","E","R","M","T","M","E","R","M","M","R","B",null,"M","M","?","M","M","E","R","E","T","$","?","?","M","M","R","B",null,"R","$","E","B"],"character_chosen":"IRONCLAD","items_purchased":["aspiration:Nostalgia","Armaments","REME_FearOfPain","vexMod:PlasmaPancake","Strange Spoon","Dark Embrace","Vajra","Dota2Spire:OrchidMalevolence","Dota2Spire:MaskOfMadness"],"campfire_rested":1,"item_purchase_floors":[13,13,21,21,44,44,44,53,53],"current_hp_per_floor":[80,80,80,80,80,72,72,69,69,69,69,64,64,72,72,34,80,80,80,80,86,86,81,81,86,92,92,71,71,74,72,72,23,92,86,86,86,92,85,82,82,78,78,78,78,78,56,44,71,30,92,92,92,62,0,0],"gold":101,"neow_bonus":"THREE_ENEMY_KILL","is_daily":false,"chose_seed":false,"campfire_upgraded":5,"win_rate":0.0,"timestamp":1608448964,"path_taken":["M","?","M","?","?","E","?","E","T","R","?","E","$","?","R","BOSS","M","?","?","$","?","E","R","M","T","M","E","R","M","?","R","BOSS","M","M","?","M","M","E","R","E","T","?","?","?","M","M","R","BOSS","R","$","E","BOSS"],"items_purchased_type":["Relic","Card","Card","Relic","Relic","Card","Relic","Relic","Relic"],"build_version":"2020-12-13","purchased_purges":0,"victory":false,"max_hp_per_floor":[80,80,80,80,80,80,80,80,80,80,80,80,80,80,80,80,80,80,80,80,86,86,86,86,86,92,92,92,92,92,92,92,92,92,92,92,92,92,92,92,92,92,92,92,92,92,92,92,92,92,92,92,92,92,92,92],"card_choices":[{"not_picked":["Twin Strike","Clash"],"picked":"Rampage","floor":1},{"not_picked":["ReplayReversal","ReplayTheSpireMod:Strike From Hell"],"picked":"Sword Boomerang","floor":3},{"not_picked":["True Grit","Body Slam"],"picked":"Feel No Pain","floor":5},{"not_picked":["Shrug It Off","True Grit","Massacre"],"picked":"SKIP","floor":6},{"not_picked":["Rage","Replay:Undeath\u0027s Touch"],"picked":"Carnage","floor":8},{"not_picked":["Wild Strike","Pummel","Ghostly Armor"],"picked":"SKIP","floor":12},{"not_picked":["Juggernaut","Demon Form"],"picked":"Corruption","floor":16},{"not_picked":["Clothesline","Thunderclap"],"picked":"Feel No Pain","floor":18},{"not_picked":["Blood for Blood","Run Through"],"picked":"Twin Strike","floor":23},{"not_picked":["Inflame","Twin Strike+1"],"picked":"Juggernaut","floor":25},{"not_picked":["Clothesline+1","Massacre"],"picked":"Metallicize","floor":27},{"not_picked":["Rupture","Sword Boomerang+1","True Grit"],"picked":"SKIP","floor":28},{"not_picked":["Replay:Undeath\u0027s Touch","Thunderclap"],"picked":"Infernal Blade","floor":30},{"not_picked":["Burning Pact","Sword Boomerang"],"picked":"ReplayTheSpireMod:Strike From Hell","floor":31},{"not_picked":["Corruption","REME_ACTH"],"picked":"Offering","floor":33},{"not_picked":["Life Link","Infernal Blade","ReplayTheSpireMod:Restless Dread"],"picked":"ReplayTheSpireMod:Muscle Training+1","floor":35},{"not_picked":["Second Wind","Disarm+1","Headbutt","Delirium"],"picked":"SKIP","floor":36},{"not_picked":["Shrug It Off","Combust","Languid"],"picked":"Armaments+1","floor":38},{"not_picked":["Cleave+1","Clash","vexMod:UltimateCard"],"picked":"Burning Pact+1","floor":39},{"not_picked":["Cleave","Ghostly Armor+1","Clumsy"],"picked":"Burning Pact+1","floor":40},{"not_picked":["Wild Strike","Pummel","Rage+1","ReplayTheSpireMod:Restless Dread"],"picked":"SKIP","floor":42},{"not_picked":["PanicButton+1","Panacea+1"],"picked":"Finesse+1","floor":46},{"not_picked":["Pommel Strike","Twin Strike","Inflame","Decay"],"picked":"SKIP","floor":47},{"not_picked":["Flex+1","Carnage+1","Replay:Many Hands+1","Looming Evil"],"picked":"SKIP","floor":48},{"not_picked":["Carnage","Iron Wave+1","Spreading Infection"],"picked":"Twin Strike+1","floor":54}],"player_experience":155129,"relics_obtained":[{"floor":6,"key":"Whetstone"},{"floor":8,"key":"aspiration:HatOfInfinitePower"},{"floor":12,"key":"Gambling Chip"},{"floor":20,"key":"Red Mask"},{"floor":23,"key":"ReplayTheSpireMod:Shallot"},{"floor":26,"key":"vexMod:BerryBomb"},{"floor":28,"key":"REME_ArchaeologicalTools"},{"floor":40,"key":"Toxic Egg 2"},{"floor":42,"key":"REME_HourglassOfDeath"},{"floor":43,"key":"Nunchaku"},{"floor":45,"key":"Ring of Chaos"},{"floor":54,"key":"Bag of Marbles"}],"event_choices":[{"damage_healed":0,"gold_gain":0,"player_choice":"Grow","damage_taken":0,"max_hp_gain":0,"max_hp_loss":0,"event_name":"Living Wall","floor":2,"gold_loss":0,"cards_upgraded":["hermit:GoldenBullet"]},{"damage_healed":0,"gold_gain":0,"player_choice":"Bought 1 Potion","damage_taken":0,"max_hp_gain":0,"max_hp_loss":0,"event_name":"The Woman in Blue","floor":4,"gold_loss":0},{"damage_healed":0,"gold_gain":30,"player_choice":"Searched \u00273\u0027 times","damage_taken":0,"relics_obtained":["Dota2Spire:Butterfly"],"max_hp_gain":0,"max_hp_loss":0,"event_name":"Dead Adventurer","floor":7,"gold_loss":0},{"damage_healed":0,"gold_gain":0,"player_choice":"Simplicity","damage_taken":0,"max_hp_gain":0,"max_hp_loss":0,"event_name":"Back to Basics","floor":19,"gold_loss":0,"cards_upgraded":["Strike_R","Strike_R","Strike_R","Defend_R","Defend_R","Defend_R","Defend_R"]},{"damage_healed":0,"gold_gain":0,"player_choice":"Fought Bandits","damage_taken":0,"max_hp_gain":0,"max_hp_loss":0,"event_name":"Masked Bandits","floor":20,"gold_loss":0},{"damage_healed":0,"gold_gain":0,"player_choice":"Obtain J.A.X.","damage_taken":0,"max_hp_gain":0,"max_hp_loss":0,"event_name":"Drug Dealer","floor":22,"gold_loss":0,"cards_obtained":["J.A.X."]},{"damage_healed":0,"gold_gain":0,"player_choice":"Forge","damage_taken":0,"max_hp_gain":0,"max_hp_loss":0,"event_name":"Accursed Blacksmith","floor":37,"gold_loss":0,"cards_upgraded":["Offering"]},{"damage_healed":0,"gold_gain":0,"player_choice":"Memory 1","damage_taken":0,"max_hp_gain":0,"max_hp_loss":0,"event_name":"SensoryStone","floor":46,"gold_loss":0}],"is_beta":false,"boss_relics":[{"not_picked":["vexMod:MysteryBossChallenge","vexMod:FluxCapacitor"],"picked":"Abe\u0027s Treasure"},{"not_picked":["Coffee Dripper","Kintsugi"],"picked":"REME_DemonsWealth"}],"items_purged_floors":[],"is_endless":false,"potions_floor_spawned":[1,12,16,27,30,31,36,38,48,54],"killed_by":"The Heart","ascension_level":1}}