{"host":"cccop0r9ue4xv1s4","time":1608491871,"event":{"mods":["AchievementEnabler","BaseMod","Downfall","Marisa¡]Ãú«B¡@Å]²z¨F¡^","Minty Spire (QoL Compilation)","Quick Restart","Shop Mod","StSLib","SuperFastMode","The Servant 0.9.4"],"gold_per_floor":[111,129,143,93,107,107,107,32,32,32,32,45,60,72,72,174,174,186,267,286,286,286,286,298,298,298,147,166,180,180,279,279,279,279],"floor_reached":33,"playtime":677,"items_purged":["Defend_R","Defend_R"],"score":314,"play_id":"769fb53a-ab43-486c-a654-a9b26550de79","local_time":"20201221031751","is_ascension_mode":false,"campfire_choices":[{"data":"Bash","floor":6,"key":"SMITH"},{"data":"Flex","floor":15,"key":"SMITH"},{"floor":23,"key":"REST"},{"data":"Feed","floor":25,"key":"SMITH"},{"floor":30,"key":"REST"},{"data":"Battle Trance","floor":32,"key":"SMITH"}],"circlet_count":0,"master_deck":["Strike_R","Strike_R","Strike_R","Strike_R","Strike_R","Bash+1","Flex+1","Clash","Battle Trance+1","Feed+1"],"relics":["Burning Blood"],"acts_visited":["Exordium","TheCity"],"potions_floor_usage":[16,18,28,28],"damage_taken":[{"damage":1,"enemies":"2 Louse","floor":1,"turns":3},{"damage":5,"enemies":"Small Slimes","floor":2,"turns":4},{"damage":1,"enemies":"Cultist","floor":3,"turns":4},{"damage":11,"enemies":"Blue Slaver","floor":5,"turns":4},{"damage":7,"enemies":"3 Louse","floor":12,"turns":3},{"damage":16,"enemies":"2 Fungi Beasts","floor":13,"turns":3},{"damage":10,"enemies":"Looter","floor":14,"turns":2},{"damage":0,"enemies":"Slime Boss","floor":16,"turns":5},{"damage":13,"enemies":"3 Byrds","floor":18,"turns":4},{"damage":32,"enemies":"2 Thieves","floor":20,"turns":4},{"damage":18,"enemies":"Snecko","floor":24,"turns":4},{"damage":0,"enemies":"Sentry and Sphere","floor":28,"turns":2},{"damage":33,"enemies":"3 Cultists","floor":29,"turns":5},{"damage":74,"enemies":"Automaton","floor":33,"turns":6}],"seed_played":"-8293989678665443736","potions_obtained":[{"floor":12,"key":"Swift Potion"},{"floor":13,"key":"SteroidPotion"},{"floor":14,"key":"Explosive Potion"},{"floor":20,"key":"Fire Potion"},{"floor":28,"key":"Fire Potion"},{"floor":29,"key":"champ:CounterPotion"}],"is_trial":false,"path_per_floor":["M","M","M","?","M","R","?","$","T","?","$","M","M","M","R","B",null,"M","T","M","?","?","R","M","R","T","$","M","M","R","?","R","B"],"character_chosen":"IRONCLAD","items_purchased":["SteroidPotion"],"campfire_rested":2,"item_purchase_floors":[27],"current_hp_per_floor":[80,80,80,80,75,75,68,68,68,68,68,67,57,53,53,59,80,76,76,53,36,36,63,51,51,51,51,61,38,67,67,67,0,0],"gold":279,"neow_bonus":"THREE_CARDS","is_daily":false,"chose_seed":false,"campfire_upgraded":4,"win_rate":0.0,"timestamp":1608491871,"path_taken":["M","M","M","?","M","R","?","$","T","?","$","M","M","M","R","BOSS","M","?","M","?","?","R","M","R","T","$","M","M","R","?","R","BOSS"],"items_purchased_type":["Potion"],"build_version":"2020-12-13","purchased_purges":2,"victory":false,"max_hp_per_floor":[80,80,80,80,80,80,80,80,80,80,80,80,80,80,80,80,80,83,83,86,91,91,91,91,91,91,91,95,99,99,99,99,99,99],"card_choices":[{"not_picked":["Clash","True Grit"],"picked":"Flex","floor":1},{"not_picked":["Anger","Uppercut","Headbutt"],"picked":"SKIP","floor":2},{"not_picked":["Inflame","Havoc","Carnage"],"picked":"SKIP","floor":3},{"not_picked":["Carnage","Sword Boomerang"],"picked":"Clash","floor":5},{"not_picked":["Thunderclap","Searing Blow","Warcry"],"picked":"SKIP","floor":12},{"not_picked":["Shrug It Off","Twin Strike"],"picked":"Battle Trance","floor":13},{"not_picked":["Havoc","Corruption","Battle Trance"],"picked":"SKIP","floor":14},{"not_picked":["Juggernaut","Bludgeon"],"picked":"Feed","floor":16},{"not_picked":["Shrug It Off+1","Flex","Hemokinesis+1"],"picked":"SKIP","floor":18},{"not_picked":["Combust","Spot Weakness+1","Sever Soul+1"],"picked":"SKIP","floor":20},{"not_picked":["Twin Strike","True Grit+1","Whirlwind"],"picked":"SKIP","floor":24},{"not_picked":["Burning Pact","Infernal Blade","Iron Wave"],"picked":"SKIP","floor":28},{"not_picked":["Pommel Strike+1","Limit Break","Burning Pact+1"],"picked":"SKIP","floor":29}],"player_experience":285366,"relics_obtained":[],"event_choices":[{"cards_removed":["Defend_R"],"damage_healed":0,"gold_gain":0,"player_choice":"Card Removal","damage_taken":0,"max_hp_gain":0,"max_hp_loss":0,"event_name":"The Cleric","floor":4,"gold_loss":50},{"cards_removed":["Defend_R"],"damage_healed":0,"gold_gain":0,"player_choice":"Card Removal","damage_taken":7,"max_hp_gain":0,"max_hp_loss":0,"event_name":"Golden Wing","floor":7,"gold_loss":0},{"damage_healed":0,"gold_gain":0,"player_choice":"Ignored","damage_taken":0,"max_hp_gain":0,"max_hp_loss":0,"event_name":"NoteForYourself","floor":10,"gold_loss":0},{"damage_healed":0,"gold_gain":0,"player_choice":"Shed Blood","damage_taken":22,"max_hp_gain":5,"max_hp_loss":0,"event_name":"Forgotten Altar","floor":21,"gold_loss":0},{"damage_healed":0,"gold_gain":0,"player_choice":"Ignored","damage_taken":0,"max_hp_gain":0,"max_hp_loss":0,"event_name":"Cursed Tome","floor":22,"gold_loss":0},{"damage_healed":0,"gold_gain":99,"player_choice":"Stole From Cult","damage_taken":0,"max_hp_gain":0,"max_hp_loss":0,"event_name":"Nest","floor":31,"gold_loss":0}],"is_beta":false,"boss_relics":[{"not_picked":["Mark of Pain","Cursed Key","Sozu"]}],"items_purged_floors":[8,27],"is_endless":false,"potions_floor_spawned":[12,13,14,20,28,29],"killed_by":"Automaton","ascension_level":0}}