{"host":"qhn6g0owdgjb77rz","time":1608477722,"event":{"mods":["BaseMod","BetterRewards","Colored Map","Minty Spire (QoL Compilation)","Relic Sorter","StSLib","The Construct"],"gold_per_floor":[110,110,74,93,112,112,132,132,132,132,187,204,204,272,272,350,350,360,460,449,463,84,84,114,114,114,147,147,161,171,206,206,284,284,300,320,330,330,85,85,85,85],"floor_reached":41,"playtime":2767,"items_purged":["construct:Strike_Gold","construct:AttackMode"],"score":1223,"play_id":"37a588b4-c9a3-483b-ba8e-cdbdfcfc5534","local_time":"20201221002202","is_ascension_mode":true,"campfire_choices":[{"data":"construct:ModeShift","floor":6.0,"key":"SMITH"},{"data":"construct:ModeShift+1","floor":8.0,"key":"SMITH"},{"data":"construct:DefenseMode+1","floor":10.0,"key":"SMITH"},{"data":"construct:Hazardproof","floor":13.0,"key":"SMITH"},{"data":"construct:Hazardproof+1","floor":15.0,"key":"SMITH"},{"data":"construct:ClockworkEgg","floor":23.0,"key":"SMITH"},{"data":"construct:ClockworkEgg+1","floor":25.0,"key":"SMITH"},{"data":"construct:ClockworkEgg+2","floor":32.0,"key":"SMITH"},{"data":"construct:ClockworkEgg+3","floor":40.0,"key":"SMITH"}],"circlet_count":0,"master_deck":["AscendersBane","construct:Strike_Gold","construct:Strike_Gold","construct:Strike_Gold","construct:Strike_Gold","construct:Defend_Gold","construct:Defend_Gold","construct:Defend_Gold","construct:Defend_Gold","construct:Defend_Gold","construct:DefenseMode+2","construct:HammerDown","construct:ModeShift+2","construct:Hazardproof+2","construct:FlameCore","construct:GuardCore","construct:ClockworkEgg+4","construct:CripplingShot+1","construct:SweepLaser+1"],"relics":["construct:ClockworkPhoenix","Unceasing Top","FossilizedHelix","Mummified Hand","Velvet Choker","Omamori","PreservedInsect","Blood Vial","Blue Candle","construct:PurpleEmber","Nunchaku","Calling Bell","Art of War","Letter Opener","Torii","Bottled Lightning","ClockworkSouvenir"],"acts_visited":["Exordium","TheCity","TheBeyond"],"potions_floor_usage":[41],"damage_taken":[{"damage":12.0,"enemies":"Small Slimes","floor":1.0,"turns":4.0},{"damage":0.0,"enemies":"Cultist","floor":4.0,"turns":4.0},{"damage":2.0,"enemies":"2 Louse","floor":5.0,"turns":5.0},{"damage":26.0,"enemies":"Exordium Wildlife","floor":7.0,"turns":9.0},{"damage":12.0,"enemies":"3 Sentries","floor":11.0,"turns":10.0},{"damage":6.0,"enemies":"Gremlin Gang","floor":12.0,"turns":7.0},{"damage":0.0,"enemies":"The Guardian","floor":16.0,"turns":8.0},{"damage":0.0,"enemies":"Spheric Guardian","floor":18.0,"turns":5.0},{"damage":0.0,"enemies":"2 Thieves","floor":20.0,"turns":5.0},{"damage":6.0,"enemies":"Shelled Parasite and Fungi","floor":21.0,"turns":8.0},{"damage":27.0,"enemies":"Slavers","floor":24.0,"turns":5.0},{"damage":0.0,"enemies":"Book of Stabbing","floor":27.0,"turns":6.0},{"damage":0.0,"enemies":"Chosen and Byrds","floor":29.0,"turns":6.0},{"damage":10.0,"enemies":"3 Cultists","floor":30.0,"turns":6.0},{"damage":16.0,"enemies":"Slavers","floor":31.0,"turns":7.0},{"damage":0.0,"enemies":"Champ","floor":33.0,"turns":9.0},{"damage":22.0,"enemies":"3 Darklings","floor":35.0,"turns":8.0},{"damage":28.0,"enemies":"3 Shapes","floor":36.0,"turns":6.0},{"damage":0.0,"enemies":"Transient","floor":37.0,"turns":5.0},{"damage":35,"enemies":"Nemesis","floor":41,"turns":7}],"seed_played":"-6859210883461863814","potions_obtained":[{"floor":1.0,"key":"Strength Potion"},{"floor":4.0,"key":"DistilledChaos"},{"floor":12.0,"key":"SkillPotion"},{"floor":16.0,"key":"Explosive Potion"},{"floor":18.0,"key":"ColorlessPotion"},{"floor":20.0,"key":"Fruit Juice"},{"floor":28.0,"key":"Block Potion"},{"floor":30.0,"key":"DuplicationPotion"},{"floor":35.0,"key":"SpeedPotion"}],"is_trial":false,"path_per_floor":["M","?","$","M","M","R","M","R","T","R","?","M","R","T","R","B",null,"M","?","M","M","$","R","E","R","T","E","?","M","M","E","R","B",null,"M","M","M","T","$","R","E"],"character_chosen":"THE_CONSTRUCT_MOD","items_purchased":["construct:HammerDown","construct:ModeShift","construct:Hazardproof","Omamori","PreservedInsect","ClockworkSouvenir"],"campfire_rested":0,"item_purchase_floors":[0,0,3,22,22,39],"current_hp_per_floor":[65,65,65,65,63,63,37,37,37,37,25,19,19,19,19,19,69,69,69,74,68,68,68,41,41,41,43,43,45,37,23,23,25,74,54,28,30,30,30,30,0,0],"gold":85,"neow_bonus":"","is_daily":false,"chose_seed":false,"campfire_upgraded":9,"win_rate":0.0,"timestamp":1608477722,"path_taken":["M","?","?","M","?","R","M","R","T","R","?","M","R","?","R","BOSS","M","?","?","M","$","R","E","R","T","E","?","?","M","E","R","BOSS","M","M","?","?","$","R","E"],"items_purchased_type":["Card","Card","Card","Relic","Relic","Relic"],"build_version":"2020-12-13","purchased_purges":2,"victory":false,"max_hp_per_floor":[85,85,85,85,85,85,85,85,85,85,85,85,85,85,85,85,85,85,85,90,90,90,90,90,90,90,90,90,90,90,90,90,90,90,90,90,90,90,90,90,90,90],"card_choices":[{"not_picked":["construct:ElectricArmor","construct:SweepLaser","construct:ScrapCannon"],"picked":"SKIP","floor":1.0},{"not_picked":["construct:VentSteam","construct:FocusedBeam","construct:SuppressiveFire"],"picked":"SKIP","floor":4.0},{"not_picked":["construct:ForceCore","construct:SyphonStrike","construct:Isolate"],"picked":"SKIP","floor":5.0},{"not_picked":["construct:Construct_Overclock","construct:Analyze"],"picked":"construct:FlameCore","floor":7.0},{"not_picked":["construct:Stasis","construct:Anticipate"],"picked":"construct:GuardCore","floor":11.0},{"not_picked":["construct:Dampening","construct:ModeShift","construct:Versatility"],"picked":"SKIP","floor":12.0},{"not_picked":["construct:ShieldGenerator","construct:GoldenBullet"],"picked":"construct:ClockworkEgg","floor":16.0},{"not_picked":["construct:ShiftStrike","construct:Versatility","construct:Backup"],"picked":"SKIP","floor":18.0},{"not_picked":["construct:ShiftStrike","construct:Versatility","construct:Backup"],"picked":"SKIP","floor":18.0},{"not_picked":["construct:ClusterMines+1","construct:ScrapCannon+1","construct:ModeShift"],"picked":"SKIP","floor":20.0},{"not_picked":["construct:Failsafe","construct:UnbalancingBlast","construct:Impenetrable"],"picked":"SKIP","floor":21.0},{"not_picked":["construct:Anticipate","construct:FocusedBeam","construct:Versatility"],"picked":"SKIP","floor":24.0},{"not_picked":["construct:Reinforce","construct:FocusedBeam","construct:GoldenBullet"],"picked":"SKIP","floor":27.0},{"not_picked":["construct:Isolate","construct:Reinforce","construct:Versatility"],"picked":"SKIP","floor":29.0},{"not_picked":["construct:UnbalancingBlast","construct:SyphonStrike","construct:HeavyBolt"],"picked":"SKIP","floor":30.0},{"not_picked":["construct:MetalShell","construct:SyphonStrike"],"picked":"construct:CripplingShot+1","floor":31.0},{"not_picked":["construct:ForceCore","construct:PointDefense"],"picked":"construct:SweepLaser+1","floor":35.0},{"not_picked":["construct:ScrapCannon+1","construct:SaveState","construct:UnbalancingBlast"],"picked":"SKIP","floor":36.0},{"not_picked":["construct:Autoturret","construct:SaveState","construct:ShieldGenerator"],"picked":"SKIP","floor":37.0}],"player_experience":549307,"relics_obtained":[{"floor":9.0,"key":"Unceasing Top"},{"floor":11.0,"key":"FossilizedHelix"},{"floor":14.0,"key":"Mummified Hand"},{"floor":24.0,"key":"Blood Vial"},{"floor":26.0,"key":"Blue Candle"},{"floor":27.0,"key":"construct:PurpleEmber"},{"floor":31.0,"key":"Nunchaku"},{"floor":34.0,"key":"Art of War"},{"floor":34.0,"key":"Letter Opener"},{"floor":34.0,"key":"Torii"},{"floor":38.0,"key":"Bottled Lightning"}],"event_choices":[{"damage_healed":0.0,"max_hp_gain":0.0,"max_hp_loss":0.0,"gold_gain":0.0,"event_name":"Upgrade Shrine","player_choice":"Upgraded","floor":2.0,"gold_loss":0.0,"damage_taken":0.0,"cards_upgraded":["construct:DefenseMode"]},{"damage_healed":0.0,"max_hp_gain":0.0,"max_hp_loss":0.0,"gold_gain":0.0,"event_name":"Dead Adventurer","player_choice":"Searched \u00271\u0027 times","floor":11.0,"gold_loss":0.0,"damage_taken":0.0},{"damage_healed":0.0,"max_hp_gain":0.0,"max_hp_loss":0.0,"gold_gain":100.0,"event_name":"Golden Shrine","player_choice":"Pray","floor":19.0,"gold_loss":0.0,"damage_taken":0.0},{"damage_healed":0.0,"max_hp_gain":0.0,"max_hp_loss":0.0,"gold_gain":0.0,"event_name":"Lab","player_choice":"Got Potions","floor":28.0,"gold_loss":0.0,"damage_taken":0.0}],"is_beta":false,"boss_relics":[{"not_picked":["Tiny House","Fusion Hammer"],"picked":"Velvet Choker"},{"not_picked":["Runic Dome","Runic Pyramid"],"picked":"Calling Bell"}],"items_purged_floors":[22,39],"is_endless":false,"potions_floor_spawned":[1,4,12,16,18,20,29,30,33,35,36],"killed_by":"Nemesis","ascension_level":13}}