{"host":"an6uhul3yec8m0jh","time":1608444332,"event":{"mods":["ATMod(°¢èªMod)","Act Like it!","BaseMod","Colored Map","Colored Powertips","Gensokyo","Highlight Path","Minty Spire (QoL Compilation)","Quick Restart","StSLib","Waifu the Spire","noobMod"],"gold_per_floor":[117,117,117,217,228,258,258,276,276,276,290,290,52,70,70,168,168,185,195,195,445,460,486,586,586,657,657,673,805,825,837,837,1135,1135,1152,1152,630,630,643,643,772,772,772,317,336,351,371,124,124,324,324,324,20,251,351],"floor_reached":56,"playtime":4740,"items_purged":["Pain","Strike_G","Strike_G","Strike_G"],"score":2107,"play_id":"e7083ea0-8c46-4393-9112-49b5ed527a7f","local_time":"20201220140532","is_ascension_mode":true,"campfire_choices":[{"data":"AT_ArcaneSupremacy","floor":7.0,"key":"SMITH"},{"data":"Acrobatics","floor":15.0,"key":"SMITH"},{"data":"Tactician","floor":25.0,"key":"SMITH"},{"data":"AT_ShadowStep","floor":32.0,"key":"SMITH"},{"data":"Well Laid Plans","floor":40,"key":"SMITH"},{"data":"Burst","floor":42,"key":"SMITH"},{"floor":49,"key":"RECALL"},{"data":"Master of Strategy","floor":52,"key":"SMITH"}],"circlet_count":0,"master_deck":["AscendersBane","Strike_G","Defend_G","Defend_G","Defend_G","Defend_G","Defend_G","Survivor","Neutralize","AT_ArcaneSupremacy+1","Gensokyo:CrescentMoonSlash","AT_WindFlip","Acrobatics+1","Burst+1","After Image","Outmaneuver+1","Endless Agony","Gensokyo:SevenSchoolMysteries","Tactician+1","Acrobatics+1","AT_ShadowStep+1","AT_WomanClash+1","Well Laid Plans+1","Master of Strategy+1","AT_Desolate"],"relics":["ice","AT_ATBox","WristBlade","Gensokyo:LunaticRedEyes","Gremlin Horn","AT_TimeSand","Gensokyo:Justice","AT_TrinityForce","Singing Bowl","AT_TheCollector","Tough Bandages","Paper Crane","Mango","Busted Crown","TheAbacus","AT_Kusabimaru","Mummified Hand","Bottled Tornado","AT_BellowingDragoncrestRing","Medical Kit","AT_RedTearstoneRing"],"acts_visited":["Gensokyo:Gensokyo","Gensokyo:Gensokyoer","TheBeyond","TheEnding"],"potions_floor_usage":[41,55],"damage_taken":[{"damage":7.0,"enemies":"Gensokyo:3_Fairies","floor":1.0,"turns":5.0},{"damage":2.0,"enemies":"Gensokyo:Gryphon","floor":5.0,"turns":3.0},{"damage":33.0,"enemies":"Gensokyo:Aya","floor":6.0,"turns":7.0},{"damage":1.0,"enemies":"Gensokyo:Python","floor":8.0,"turns":4.0},{"damage":1.0,"enemies":"Gensokyo:3_Kodama","floor":11.0,"turns":1.0},{"damage":0.0,"enemies":"Gensokyo:Kitsune","floor":14.0,"turns":2.0},{"damage":6.0,"enemies":"Gensokyo:Kokoro","floor":16.0,"turns":10.0},{"damage":10.0,"enemies":"Gensokyo:CosmicMonolith","floor":18.0,"turns":4.0},{"damage":0.0,"enemies":"Gensokyo:Chomper","floor":19.0,"turns":4.0},{"damage":10.0,"enemies":"Gensokyo:Wraith","floor":22.0,"turns":3.0},{"damage":0.0,"enemies":"Gensokyo:Reisen","floor":23.0,"turns":5.0},{"damage":8.0,"enemies":"Gensokyo:Reisen","floor":24.0,"turns":4.0},{"damage":0.0,"enemies":"Gensokyo:Swordslinger","floor":28.0,"turns":3.0},{"damage":0.0,"enemies":"Gensokyo:Tenshi","floor":29.0,"turns":3.0},{"damage":0.0,"enemies":"Gensokyo:Monolith_and_Dog","floor":30.0,"turns":2.0},{"damage":0.0,"enemies":"Gensokyo:Wraith","floor":31.0,"turns":4.0},{"damage":16.0,"enemies":"Gensokyo:Eternal_Rivals","floor":33.0,"turns":7.0},{"damage":0.0,"enemies":"3 Shapes","floor":35.0,"turns":1.0},{"damage":0,"enemies":"Orb Walker","floor":39,"turns":3},{"damage":31,"enemies":"Nemesis","floor":41,"turns":3},{"damage":0,"enemies":"Transient","floor":45,"turns":2},{"damage":0,"enemies":"Jaw Worm Horde","floor":46,"turns":2},{"damage":0,"enemies":"Writhing Mass","floor":47,"turns":2},{"damage":12,"enemies":"Awakened One","floor":50,"turns":5},{"damage":6,"enemies":"Shield and Spear","floor":54,"turns":3},{"damage":1,"enemies":"The Heart","floor":55,"turns":4}],"seed_played":"-2853434339968182846","potions_obtained":[{"floor":6.0,"key":"AttackPotion"},{"floor":11.0,"key":"Fruit Juice"},{"floor":16.0,"key":"Fruit Juice"},{"floor":18.0,"key":"Strength Potion"},{"floor":22.0,"key":"Swift Potion"},{"floor":24.0,"key":"PowerPotion"},{"floor":30.0,"key":"LiquidMemories"},{"floor":41,"key":"GamblersBrew"}],"is_trial":false,"path_per_floor":["M","?","?","?","M","E","R","M","T","?","M","?","$","M","R","B",null,"M","M","?","?","M","E","?","R","T","?","M","E","M","M","R","B",null,"M","?","$","T","M","R","E","R","T","$","M","M","M","$","R","B",null,"R","$","E","B",null],"character_chosen":"THE_SILENT","items_purchased":["Burst","Well Laid Plans","TheAbacus","Master of Strategy","Bottled Tornado","AT_Desolate","AT_BellowingDragoncrestRing","Medical Kit"],"campfire_rested":0,"item_purchase_floors":[13,37,37,37,44,44,48,53],"current_hp_per_floor":[56,49,49,49,47,14,14,13,13,13,17,24,24,24,24,23,71,61,61,61,61,51,51,45,45,45,45,45,59,59,61,61,47,83,85,85,85,85,87,87,58,58,58,58,60,62,64,64,64,52,93,93,93,89,88],"gold":351,"neow_bonus":"BOSS_RELIC","is_daily":false,"chose_seed":false,"campfire_upgraded":7,"win_rate":0.0,"timestamp":1608444332,"path_taken":["M","?","?","?","M","E","R","M","T","?","M","?","$","M","R","BOSS","M","M","?","?","M","E","?","R","T","?","?","E","M","M","R","BOSS","M","?","$","?","M","R","E","R","T","$","M","M","M","$","R","BOSS","R","$","E","BOSS"],"items_purchased_type":["Card","Card","Relic","Card","Relic","Card","Relic","Relic"],"build_version":"2020-12-13","purchased_purges":4,"victory":true,"max_hp_per_floor":[70,70,70,70,70,70,70,70,70,70,75,82,82,82,82,87,87,87,87,79,75,75,75,77,77,77,77,77,91,91,93,93,95,95,97,97,97,97,99,99,101,101,101,101,103,105,107,107,107,107,107,107,107,109,109],"card_choices":[{"not_picked":["Prepared","Poisoned Stab","Dagger Throw"],"picked":"SKIP","floor":1.0},{"not_picked":["Dagger Spray","Crippling Poison"],"picked":"AT_WindFlip","floor":5.0},{"not_picked":["Prepared","Crippling Poison"],"picked":"Setup","floor":6.0},{"not_picked":["Footwork","Cloak And Dagger"],"picked":"Acrobatics","floor":8.0},{"not_picked":["AT_WindFlip","Crippling Poison","Bane"],"picked":"SKIP","floor":11.0},{"not_picked":["Deadly Poison","Prepared","Glass Knife"],"picked":"SKIP","floor":14.0},{"not_picked":["Malaise","Bullet Time"],"picked":"After Image","floor":16.0},{"not_picked":["Footwork","Slice"],"picked":"Outmaneuver+1","floor":18.0},{"not_picked":["Underhanded Strike","Finisher"],"picked":"Endless Agony","floor":19.0},{"not_picked":["Gensokyo:LittleGreenMen","Gensokyo:Doppelganger"],"picked":"Gensokyo:SevenSchoolMysteries","floor":20.0},{"not_picked":["Dagger Throw","Underhanded Strike","Leg Sweep+1"],"picked":"SKIP","floor":22.0},{"not_picked":["Finisher","Dash"],"picked":"Tactician","floor":23.0},{"not_picked":["Prepared","Deadly Poison","Deflect+1"],"picked":"Singing Bowl","floor":24.0},{"not_picked":["Bouncing Flask+1","Deflect"],"picked":"Acrobatics","floor":28.0},{"not_picked":["PiercingWail","Eviscerate+1"],"picked":"AT_ShadowStep","floor":29.0},{"not_picked":["Leg Sweep","Flechettes"],"picked":"AT_WomanClash+1","floor":30.0},{"not_picked":["Accuracy","Backstab","Prepared"],"picked":"Singing Bowl","floor":31.0},{"not_picked":["AT_MyraUnstableElement","Doppelganger","Night Terror"],"picked":"Singing Bowl","floor":33.0},{"not_picked":["Slice"],"picked":"Singing Bowl","floor":35.0},{"not_picked":["Infinite Blades"],"picked":"Singing Bowl","floor":39},{"not_picked":["Underhanded Strike+1"],"picked":"Singing Bowl","floor":41},{"not_picked":["Slice"],"picked":"Singing Bowl","floor":45},{"not_picked":["Choke+1"],"picked":"Singing Bowl","floor":46},{"not_picked":["Infinite Blades"],"picked":"Singing Bowl","floor":47},{"not_picked":["Bane"],"picked":"Singing Bowl","floor":54}],"player_experience":124675,"relics_obtained":[{"floor":6.0,"key":"Gremlin Horn"},{"floor":9.0,"key":"AT_TimeSand"},{"floor":23.0,"key":"Singing Bowl"},{"floor":24.0,"key":"AT_TheCollector"},{"floor":24.0,"key":"Tough Bandages"},{"floor":26.0,"key":"Paper Crane"},{"floor":29.0,"key":"Mango"},{"floor":41,"key":"AT_Kusabimaru"},{"floor":43,"key":"Mummified Hand"},{"floor":54,"key":"AT_RedTearstoneRing"}],"event_choices":[{"damage_healed":0.0,"max_hp_gain":0.0,"max_hp_loss":0.0,"gold_gain":0.0,"event_name":"Upgrade Shrine","player_choice":"Upgraded","floor":36.0,"gold_loss":0.0,"damage_taken":0.0,"cards_upgraded":["Acrobatics"]}],"is_beta":false,"boss_relics":[{"not_picked":["Velvet Choker","Philosopher\u0027s Stone"],"picked":"AT_TrinityForce"},{"not_picked":["Fusion Hammer","Tiny House"],"picked":"Busted Crown"}],"items_purged_floors":[13,37,44,53],"is_endless":false,"potions_floor_spawned":[6,11,16,18,22,24,30,31,41,46,47],"ascension_level":12}}