{"host":"mlb1cm5m7wv0ylk5","time":1608469938,"event":{"mods":["2.2 Compatiblity","AchievementEnabler","Act Like it!","BaseMod","Colored Powertips","Conspire","Downfall","Gensokyo","GifTheSpireLib","Hermit","Infinite Spire","KomeijiMod","Lobotomy","Minty Spire (QoL Compilation)","Pale of the Ancients","Remilia_Scarlet Moed（蕾米莉亚・斯卡雷特）3.3.5","Remilia（蕾米莉亚）","Replay The Spire","Shop Mod","Spicy Shops","StSLib","The Gatherer","The Jungle","The Mystic","The Showman","WarShipGirlsR/战舰少女R mod","[IsaacMod]以撒尖塔","vexMod","【东方二次创作】八云紫mod"],"gold_per_floor":[126,146,146,171,146,146,164,164,187,228,228],"floor_reached":10,"playtime":2117,"items_purged":[],"score":68,"play_id":"69a2c6b0-19d8-4697-8bc3-9c925bf9e38e","local_time":"20201220211218","is_ascension_mode":false,"campfire_choices":[{"data":"hermit:Snapshot","floor":6,"key":"SMITH"},{"floor":8,"key":"REST"}],"circlet_count":0,"master_deck":["hermit:Strike_Hermit","hermit:Strike_Hermit","hermit:Strike_Hermit","hermit:Strike_Hermit","hermit:Defend_Hermit","hermit:Defend_Hermit","hermit:Defend_Hermit","hermit:Snapshot+1","hermit:Covet","BettingIsNotGood","hermit:TrackingShot","hermit:Quickdraw","hermit:Enervate","hermit:Desperado","hermit:GoldenBullet","hermit:Virtue"],"relics":["hermit:Momento","HushsDoor","SteamSale","Bag of Preparation","Nunchaku"],"acts_visited":["Gensokyo:Gensokyo"],"potions_floor_usage":[],"damage_taken":[{"damage":10,"enemies":"Gensokyo:2_Kodama","floor":1,"turns":3},{"damage":0,"enemies":"Gensokyo:Python","floor":2,"turns":2},{"damage":10,"enemies":"Gensokyo:Gryphon","floor":4,"turns":3},{"damage":9,"enemies":"Gensokyo:Kitsune","floor":7,"turns":3},{"damage":58,"enemies":"Gensokyo:Mamizou","floor":10,"turns":10}],"seed_played":"-8667774055434169064","potions_obtained":[{"floor":1,"key":"BlessingOfTheForge"},{"floor":4,"key":"Strength Potion"},{"floor":7,"key":"EssenceOfSteel"},{"floor":10,"key":"Flashbang"}],"is_trial":false,"path_per_floor":["M","M","?","M","?","R","M","R","T","E"],"character_chosen":"HERMIT","items_purchased":[],"campfire_rested":1,"item_purchase_floors":[],"current_hp_per_floor":[65,65,65,55,55,55,51,73,73,15,15],"gold":228,"neow_bonus":"TRANSFORM_CARD","is_daily":false,"chose_seed":false,"campfire_upgraded":1,"win_rate":0.0,"timestamp":1608469938,"path_taken":["M","M","?","?","?","R","M","R","T","E"],"items_purchased_type":[],"build_version":"2020-12-13","purchased_purges":0,"victory":false,"max_hp_per_floor":[75,75,75,75,75,75,75,75,75,75,75],"card_choices":[{"not_picked":[],"picked":"BettingIsNotGood","floor":0},{"not_picked":["hermit:Coalescence","hermit:CalledShot"],"picked":"hermit:Quickdraw","floor":1},{"not_picked":["hermit:PistolWhip","hermit:BodyArmor"],"picked":"hermit:Enervate","floor":2},{"not_picked":["hermit:Malice","hermit:Coalescence"],"picked":"hermit:Desperado","floor":4},{"not_picked":["hermit:BigShot","hermit:Feint"],"picked":"hermit:GoldenBullet","floor":7},{"not_picked":["hermit:DeadOrAlive","hermit:Glare"],"picked":"hermit:Virtue","floor":10}],"player_experience":116440,"relics_obtained":[{"floor":9,"key":"Bag of Preparation"},{"floor":10,"key":"Nunchaku"}],"event_choices":[],"is_beta":false,"boss_relics":[],"items_purged_floors":[],"is_endless":false,"potions_floor_spawned":[1,4,7,10],"killed_by":"Gensokyo:Mamizou","ascension_level":0}}