{"host":"55l6gu6iqfv0egv0","time":1608481601,"event":{"mods":["Act Like it!","BaseMod","Hallownest","Lobotomy","LobotomyExtend","Luminous","Minty Spire (QoL Compilation)","Quick Restart","Relic Stats","StSLib","The Bug Knight","Youmu£®ªÍ∆«—˝√Œ£©"],"gold_per_floor":[118,118,130,145,195,195,221,221,221,255,255,70,101,111,111,210,210,221,221,21,36,52,78,78,94,170,170,203,221,221,236,236,236,236],"floor_reached":33,"playtime":1924,"items_purged":["HollowMod:LifebloodCocoon"],"score":305,"play_id":"913fbfea-0d20-43b2-badc-b60587efc094","local_time":"20201221002641","is_ascension_mode":false,"campfire_choices":[{"data":"HollowMod:FastStrike","floor":6.0,"key":"SMITH"},{"data":"HollowMod:DashSlash","floor":8.0,"key":"SMITH"},{"data":"HollowMod:CycloneSlash","floor":11.0,"key":"SMITH"},{"floor":15.0,"key":"REST"},{"data":"HollowMod:SlysStrikes","floor":24.0,"key":"SMITH"},{"floor":27.0,"key":"REST"},{"data":"HollowMod:RecoilStrike","floor":32.0,"key":"SMITH"}],"circlet_count":0,"master_deck":["HollowMod:NailStrikeStart","HollowMod:NailStrikeStart","HollowMod:NailStrikeStart","HollowMod:NailStrikeStart","HollowMod:QuickDashStart","HollowMod:QuickDashStart","HollowMod:QuickDashStart","HollowMod:QuickDashStart","HollowMod:FocusHealStart","HollowMod:PogoStrike","HollowMod:ZotesMagnificence+1","HollowMod:BaldurShell","HollowMod:FastStrike+1","HollowMod:SharpenedNail","HollowMod:DashSlash+1","HollowMod:CycloneSlash+1","HollowMod:CloakDash","HollowMod:ChannelNail","HollowMod:RecoilStrike+1","HollowMod:HornetsHelp","HollowMod:SlysStrikes+1","HollowMod:SoulSplash","HollowMod:GrimmsGift","HollowMod:ShapeofUnn+1","HollowMod:DesolateDive","HollowMod:SoulVessel+1","HollowMod:MonarchWings","HollowMod:BaldurShell+1"],"relics":["HollowMod:VesselMask","The Courier","Omamori","Regal Pillow","Membership Card","Blue Candle","Calling Bell","Nunchaku","Frozen Egg 2","Peace Pipe","Gremlin Horn","HollowMod:PaleOreRelic","Turnip","Letter Opener","HollowMod:StagPassRelic","Bottled Flame"],"acts_visited":["Hallownest:Greenpath","Hallownest:CityofTears"],"potions_floor_usage":[33,33],"damage_taken":[{"damage":0.0,"enemies":"Hallownest:2_Baldur","floor":1.0,"turns":3.0},{"damage":0.0,"enemies":"Hallownest:monsterHuskWarrior","floor":3.0,"turns":2.0},{"damage":1.0,"enemies":"Hallownest:2_MossCreeps","floor":4.0,"turns":5.0},{"damage":9.0,"enemies":"Hallownest:eliteCrystalGuardian","floor":7.0,"turns":3.0},{"damage":23.0,"enemies":"Hallownest:eliteMossKnight","floor":10.0,"turns":4.0},{"damage":15.0,"enemies":"Hallownest:eliteCrystalGuardian","floor":13.0,"turns":4.0},{"damage":2.0,"enemies":"Hallownest:2_Tiktiks_1_Baldur_1_Crawlid","floor":14.0,"turns":6.0},{"damage":69.0,"enemies":"Hallownest:BossBrokenVessel","floor":16.0,"turns":14.0},{"damage":0.0,"enemies":"Hallownest:Flukemon_and_Top","floor":18.0,"turns":5.0},{"damage":2.0,"enemies":"Hallownest:3_Youths","floor":21.0,"turns":6.0},{"damage":24.0,"enemies":"Hallownest:2_Husk_Sentries","floor":22.0,"turns":5.0},{"damage":4.0,"enemies":"Hallownest:Nosk","floor":23.0,"turns":8.0},{"damage":4.0,"enemies":"Hallownest:Warrior_and_Youth","floor":25.0,"turns":5.0},{"damage":13.0,"enemies":"Hallownest:eliteWatcherKnight","floor":28.0,"turns":9.0},{"damage":3.0,"enemies":"Hallownest:monsterShrumalOgre","floor":29.0,"turns":4.0},{"damage":24.0,"enemies":"Hallownest:monsterMisterMushroom","floor":31.0,"turns":7.0},{"damage":50,"enemies":"Hallownest:BossMantisLord","floor":33,"turns":8}],"seed_played":"-4225905999828924993","potions_obtained":[{"floor":3.0,"key":"ColorlessPotion"},{"floor":7.0,"key":"LiquidMemories"},{"floor":10.0,"key":"LiquidMemories"},{"floor":16.0,"key":"DuplicationPotion"},{"floor":18.0,"key":"SmokeBomb"},{"floor":21.0,"key":"Swift Potion"},{"floor":23.0,"key":"PowerPotion"},{"floor":25.0,"key":"DistilledChaos"},{"floor":29.0,"key":"ColorlessPotion"},{"floor":31.0,"key":"Dexterity Potion"}],"is_trial":false,"path_per_floor":["M","?","M","M","?","R","E","R","T","E","R","$","E","M","R","B",null,"M","?","$","M","M","E","R","M","T","R","E","M","T","M","R","B"],"character_chosen":"THE_BUGKNIGHT","items_purchased":["Membership Card","HollowMod:CloakDash","HollowMod:ChannelNail","HollowMod:RecoilStrike","Gremlin Horn","HollowMod:PaleOreRelic"],"campfire_rested":2,"item_purchase_floors":[12,12,12,12,20,20],"current_hp_per_floor":[75,75,75,75,75,75,66,66,66,49,49,49,34,38,75,6,75,75,75,75,75,51,47,47,43,43,75,72,74,74,50,50,0,0],"gold":236,"neow_bonus":"ONE_RANDOM_RARE_CARD","is_daily":false,"chose_seed":false,"campfire_upgraded":5,"win_rate":0.0,"timestamp":1608481601,"path_taken":["M","?","M","M","?","R","E","R","T","E","R","$","E","M","R","BOSS","M","?","$","M","M","E","R","M","T","R","E","M","?","?","R","BOSS"],"items_purchased_type":["Relic","Card","Card","Card","Relic","Relic"],"build_version":"2020-12-13","purchased_purges":1,"victory":false,"max_hp_per_floor":[75,75,75,75,75,75,75,75,75,75,75,75,75,75,75,75,75,75,75,75,75,75,75,75,75,75,75,75,75,75,75,75,75,75],"relic_stats":{"Peace Pipe":0,"Regal Pillow":25,"Nunchaku":[13],"Gremlin Horn":[6,6],"counters":[17,98],"Blue Candle":[0],"Turnip":[9],"Letter Opener":[15],"obtain_stats":[{"Regal Pillow":10,"Gremlin Horn":20,"Blue Candle":13,"HollowMod:VesselMask":0,"The Courier":7,"Omamori":9,"Letter Opener":26,"Frozen Egg 2":17,"HollowMod:StagPassRelic":28,"Calling Bell":17,"Peace Pipe":17,"Nunchaku":17,"Bottled Flame":30,"Turnip":23,"Membership Card":12,"HollowMod:PaleOreRelic":20},{"Regal Pillow":5,"Gremlin Horn":9,"Blue Candle":6,"HollowMod:VesselMask":0,"The Courier":4,"Omamori":4,"Letter Opener":13,"Frozen Egg 2":8,"HollowMod:StagPassRelic":14,"Calling Bell":8,"Peace Pipe":8,"Nunchaku":8,"Bottled Flame":15,"Turnip":12,"Membership Card":5,"HollowMod:PaleOreRelic":9},{"Regal Pillow":17,"Gremlin Horn":46,"Blue Candle":21,"HollowMod:VesselMask":0,"The Courier":13,"Omamori":13,"Letter Opener":70,"Frozen Egg 2":41,"HollowMod:StagPassRelic":79,"Calling Bell":41,"Peace Pipe":41,"Nunchaku":41,"Bottled Flame":83,"Turnip":65,"Membership Card":17,"HollowMod:PaleOreRelic":46}]},"card_choices":[{"not_picked":["HollowMod:ChannelNail","HollowMod:SiblingsShadow"],"picked":"HollowMod:BaldurShell","floor":1.0},{"not_picked":["HollowMod:HowlingWraiths","HollowMod:DreamGate"],"picked":"HollowMod:FastStrike","floor":3.0},{"not_picked":["HollowMod:HeavyBlow","HollowMod:TaintedHusks"],"picked":"HollowMod:SharpenedNail","floor":4.0},{"not_picked":["HollowMod:PerfectDash","HollowMod:InfectedCysts"],"picked":"HollowMod:DashSlash","floor":7.0},{"not_picked":["HollowMod:VengefulSpirit","HollowMod:SharpenedNail"],"picked":"HollowMod:CycloneSlash","floor":10.0},{"not_picked":["HollowMod:BrokenVessel","HollowMod:DreamGate"],"picked":"HollowMod:HornetsHelp","floor":13.0},{"not_picked":["HollowMod:VengefulVoid","HollowMod:SiblingsShadow"],"picked":"HollowMod:LifebloodCocoon","floor":14.0},{"not_picked":["HollowMod:LifebloodCore","HollowMod:NewInfectedGuardian"],"picked":"HollowMod:SlysStrikes","floor":16.0},{"not_picked":["HollowMod:InfectedAttack","HollowMod:WraithStrike"],"picked":"HollowMod:SoulSplash","floor":18.0},{"not_picked":["HollowMod:BlackTendrils","HollowMod:ShadowDash"],"picked":"HollowMod:GrimmsGift","floor":21.0},{"not_picked":["HollowMod:GoodIntentions","HollowMod:WraithStrike+1"],"picked":"HollowMod:ShapeofUnn+1","floor":22.0},{"not_picked":["HollowMod:TaintedHusks+1","HollowMod:CrystalDash+1"],"picked":"HollowMod:DesolateDive","floor":23.0},{"not_picked":["HollowMod:theNailsmith","HollowMod:NewJinnsSoul"],"picked":"HollowMod:SoulVessel+1","floor":25.0},{"not_picked":["HollowMod:RecoilStrike","HollowMod:SharpenedNail"],"picked":"HollowMod:MonarchWings","floor":28.0},{"not_picked":["HollowMod:FastStrike+1","HollowMod:AbyssShriek"],"picked":"HollowMod:BaldurShell+1","floor":29.0},{"not_picked":["HollowMod:LifebloodCocoon+1","HollowMod:HowlingWraiths","HollowMod:SharpenedNail"],"picked":"SKIP","floor":31.0}],"player_experience":231254,"relics_obtained":[{"floor":7.0,"key":"The Courier"},{"floor":9.0,"key":"Omamori"},{"floor":10.0,"key":"Regal Pillow"},{"floor":13.0,"key":"Blue Candle"},{"floor":17.0,"key":"Nunchaku"},{"floor":17.0,"key":"Frozen Egg 2"},{"floor":17.0,"key":"Peace Pipe"},{"floor":23.0,"key":"Turnip"},{"floor":26.0,"key":"Letter Opener"},{"floor":28.0,"key":"HollowMod:StagPassRelic"},{"floor":30.0,"key":"Bottled Flame"}],"event_choices":[],"is_beta":false,"boss_relics":[{"not_picked":["Cursed Key","Sozu"],"picked":"Calling Bell"}],"items_purged_floors":[20],"is_endless":false,"potions_floor_spawned":[3,7,10,16,18,21,23,25,29,31],"killed_by":"Hallownest:BossMantisLord","ascension_level":0}}