{"host":"lw874zp3en0pz6a7","time":1608443961,"event":{"mods":["Act Like it!","BaseMod","Downfall","Key Reminder","KinomotoSakuraMod(木之本樱)","LagranYue(拉格朗・月)","Luminous","Marisa（F雨　魔理沙）","Minty Spire (QoL Compilation)","Quick Restart","READ ME - Guardian Mod","Reimu（博丽灵梦）","Remilia（蕾米莉亚）","Replay The Spire","SIMod","SOS（斯巴达之子）","Shop Mod","StSLib","Td1madao Mod","The Administrix","The Bladedancer","The Bug Knight","The Construct","The Cursed","The Gatherer","The Runesmith","The Servant 0.9.4","WarShipGirlsR/战舰少女R mod","Youmu（魂魄妖梦）","[地精首领爬塔]The Maniac","vexMod"],"gold_per_floor":[110,110,3,20,30,30,46,65,65,93,93,126,126,144,144,240,240,252,265,285,296,221,221,251,251,251,251,284,284,284],"floor_reached":29,"playtime":1324,"items_purged":["Strike_S"],"score":396,"play_id":"79213ae1-1a02-4f6a-8cff-144a20ac7348","local_time":"20201220135921","is_ascension_mode":true,"campfire_choices":[{"data":"Defy","floor":6,"key":"SMITH"},{"data":"Defy","floor":11,"key":"SMITH"},{"data":"Luminosity","floor":13,"key":"SMITH"},{"data":"Spin","floor":15,"key":"SMITH"},{"data":"Unruled","floor":23,"key":"SMITH"},{"floor":25,"key":"RECALL"}],"circlet_count":0,"master_deck":["Defend_S+1","Defend_S","Defend_S","KidneyShot","Exchange","Defy+1","Unruled+1","SpecialFormula+1","Luminosity+1","Defy+1","Spin+1","FastForward","CurseOfTheBell","Bite","Bite","Bite","Bite","Bite","Sickly"],"relics":["Uniform","LagranYue:RandomDrawCardRelic","vexMod:ScavengeHelm","Bag of Marbles","Unceasing Top","Calling Bell","War Paint","construct:FoamFinger","Replay:Towering Pillar of Hats","keyreminder:keyreminder","Bag of Preparation"],"acts_visited":["Exordium","TheCity"],"potions_floor_usage":[10,12,16,16,16,19,21,24,24],"damage_taken":[{"damage":5,"enemies":"Small Slimes","floor":1,"turns":4},{"damage":4,"enemies":"Jaw Worm","floor":4,"turns":4},{"damage":1,"enemies":"Cultist","floor":5,"turns":5},{"damage":18,"enemies":"Exordium Thugs","floor":7,"turns":7},{"damage":6,"enemies":"Blue Slaver","floor":8,"turns":4},{"damage":24,"enemies":"Gremlin Nob","floor":10,"turns":5},{"damage":7,"enemies":"3 Sentries","floor":12,"turns":11},{"damage":2,"enemies":"3 Louse","floor":14,"turns":2},{"damage":1,"enemies":"Slime Boss","floor":16,"turns":6},{"damage":7,"enemies":"Chosen","floor":18,"turns":6},{"damage":16,"enemies":"Shell Parasite","floor":19,"turns":8},{"damage":3,"enemies":"Centurion and Healer","floor":20,"turns":9},{"damage":5,"enemies":"Snake Plant","floor":21,"turns":4},{"damage":22,"enemies":"Book of Stabbing","floor":24,"turns":6},{"damage":18,"enemies":"Gremlin Leader","floor":28,"turns":11}],"seed_played":"-1311621375011731168","potions_obtained":[{"floor":4,"key":"PowerPotion"},{"floor":8,"key":"SkillPotion"},{"floor":10,"key":"EntropicBrew"},{"floor":16,"key":"hexamod:EctoCoolerPotion"},{"floor":18,"key":"GamblersBrew"},{"floor":20,"key":"champ:CounterPotion"},{"floor":24,"key":"FearPotion"},{"floor":28,"key":"Guardian:BlockOnCardUsePotion"}],"is_trial":false,"path_per_floor":["M","?","$","M","M","R","M","M","T","E","R","E","R","M","R","B",null,"M","M","M","M","$","R","E","R","T","?","E","?"],"character_chosen":"THE_SERVANT","items_purchased":["SpecialFormula","Luminosity"],"campfire_rested":0,"item_purchase_floors":[3,3],"current_hp_per_floor":[54,54,54,55,59,59,46,45,45,26,26,24,24,27,27,31,57,58,49,54,57,57,57,43,43,43,43,42,42,42],"gold":284,"neow_bonus":"THREE_CARDS","is_daily":false,"chose_seed":false,"campfire_upgraded":5,"win_rate":0.0,"timestamp":1608443961,"path_taken":["M","?","?","M","M","R","M","?","T","E","R","E","R","M","R","BOSS","M","M","M","M","$","R","E","R","T","?","E","?"],"items_purchased_type":["Card","Card"],"build_version":"2020-12-13","purchased_purges":1,"victory":false,"max_hp_per_floor":[65,65,65,65,65,65,65,65,65,65,65,65,65,65,65,65,65,65,65,65,65,65,65,65,65,65,45,45,45,45],"card_choices":[{"not_picked":["RealityMarble","Unruled"],"picked":"Defy","floor":0},{"not_picked":["Alleviate","Replace"],"picked":"Unruled","floor":1},{"not_picked":["Potential","InstantArmor","Rewind"],"picked":"SKIP","floor":4},{"not_picked":["Replace","Snipe","Luminosity"],"picked":"SKIP","floor":5},{"not_picked":["ShatteredReality","Misdirection","Alleviate"],"picked":"SKIP","floor":7},{"not_picked":["Alleviate","FanOfKnives"],"picked":"Defy","floor":8},{"not_picked":["StarChef","Sunlight","Alleviate"],"picked":"SKIP","floor":10},{"not_picked":["Alleviate","Moonlight"],"picked":"Spin","floor":12},{"not_picked":["ShatteredReality","Spin","FastForward"],"picked":"SKIP","floor":14},{"not_picked":["ShatteredReality","Spin"],"picked":"FastForward","floor":14},{"not_picked":["InstantArmor","Snipe","Alleviate"],"picked":"SKIP","floor":18},{"not_picked":["Sabotage","ShatteredReality","Potential"],"picked":"SKIP","floor":19},{"not_picked":["Potential","RealityMarble+1","DualDimension"],"picked":"SKIP","floor":20},{"not_picked":["Snipe","StarChef","Ricochet"],"picked":"SKIP","floor":21},{"not_picked":["FastForward","Potential","TimeWarp+1"],"picked":"SKIP","floor":24},{"not_picked":["FastForward","Potential","TimeWarp+1"],"picked":"SKIP","floor":24},{"not_picked":["GearUp+1","Starlight","ReturningBlade"],"picked":"SKIP","floor":28}],"player_experience":278215,"relics_obtained":[{"floor":9,"key":"vexMod:ScavengeHelm"},{"floor":10,"key":"Bag of Marbles"},{"floor":12,"key":"Unceasing Top"},{"floor":17,"key":"War Paint"},{"floor":17,"key":"construct:FoamFinger"},{"floor":17,"key":"Replay:Towering Pillar of Hats"},{"floor":28,"key":"Bag of Preparation"}],"event_choices":[{"damage_healed":0,"gold_gain":0,"player_choice":"Became a vampire","damage_taken":0,"max_hp_gain":0,"max_hp_loss":20,"event_name":"Vampires","floor":27,"gold_loss":0,"cards_obtained":["Bite","Bite","Bite","Bite","Bite"]}],"is_beta":false,"boss_relics":[{"not_picked":["ReplayTheSpireMod:DimensionalGlitch","vexMod:EndlessSickness"],"picked":"Calling Bell"}],"items_purged_floors":[22],"is_endless":false,"potions_floor_spawned":[4,8,10,16,18,20,24,28],"ascension_level":7}}