{"host":"8fjsnt81u6xsmhji","time":1608450476,"event":{"mods":["BaseMod","Colored Powertips","Downfall","Glutton Mod","Minty Spire (QoL Compilation)","Quick Restart","Somnambulant","StSLib","The Bug Knight","The Construct","The Forsaken","The Hierophant","The Mystic"],"gold_per_floor":[99,132,132,57,57,77,104,134,59,93,78,78,92,92,111,209,209,209,222,222,233,233,243,243,258,293,218,231,231,248,136,152,252,252,252,170,187,537,554,570,596,696,307,307,307,322,333,333],"floor_reached":47,"playtime":3546,"items_purged":["construct:Strike_Gold"],"score":565,"play_id":"0a1d0054-59b6-4b6c-b1bc-a1f98b46ed72","local_time":"20201220014756","is_ascension_mode":true,"campfire_choices":[{"floor":1.0,"key":"RECALL"},{"floor":4.0,"key":"REST"},{"floor":9.0,"key":"REST"},{"data":"construct:Enhance","floor":18.0,"key":"SMITH"},{"data":"construct:Bunker","floor":22.0,"key":"SMITH"},{"floor":27.0,"key":"REST"},{"data":"construct:BatteryCore","floor":35,"key":"SMITH"},{"floor":44,"key":"REST"}],"circlet_count":0,"master_deck":["construct:Strike_Gold","construct:Strike_Gold","construct:Strike_Gold","construct:Strike_Gold","construct:Defend_Gold","construct:Defend_Gold","construct:Defend_Gold","construct:Defend_Gold","construct:Defend_Gold","construct:AttackMode","construct:DefenseMode","expansioncontent:GuardianWhirl","construct:CripplingShot","construct:Enhance+1","construct:Missile","construct:ChargeShot","construct:Bunker+1","construct:Backup+1","construct:Forcefield","construct:VentSteam+1","construct:ScrapCannon","construct:Isolate","construct:PowerUp","construct:BatteryCore+1","expansioncontent:TimeRipple","construct:ReactiveShield","construct:Antimatter","construct:BatteryAcid","expansioncontent:Corrupt","expansioncontent:Chronoboost"],"relics":["construct:Cogwheel","Unceasing Top","downfall:HeartBlessingRed","Juzu Bracelet","hexamod:BolsterEngine","downfall:HeartBlessingGreen","Omamori","Runic Pyramid","HollowMod:LifeEnderRelic","downfall:HeartBlessingBlue","WarpedTongs","construct:ClawGrip","Old Coin","Bag of Marbles","downfall:GremlinWheel","Vajra","Bottled Lightning"],"acts_visited":["Exordium","TheCity","TheBeyond"],"potions_floor_usage":[36,38,43,47,47,47],"damage_taken":[{"damage":45.0,"enemies":"Lagavulin","floor":2.0,"turns":8.0},{"damage":2.0,"enemies":"2 Louse","floor":6.0,"turns":3.0},{"damage":11.0,"enemies":"Gremlin Nob","floor":8.0,"turns":4.0},{"damage":13.0,"enemies":"Lagavulin","floor":10.0,"turns":7.0},{"damage":4.0,"enemies":"downfall:FleeingMerchant","floor":11.0,"turns":4.0},{"damage":0.0,"enemies":"Jaw Worm","floor":13.0,"turns":3.0},{"damage":0.0,"enemies":"Small Slimes","floor":15.0,"turns":2.0},{"damage":42.0,"enemies":"downfall:Silent","floor":16.0,"turns":20.0},{"damage":28.0,"enemies":"Spheric Guardian","floor":19.0,"turns":5.0},{"damage":0.0,"enemies":"Snecko","floor":21.0,"turns":5.0},{"damage":3.0,"enemies":"Centurion and Healer","floor":23.0,"turns":8.0},{"damage":11.0,"enemies":"Snake Plant","floor":25.0,"turns":7.0},{"damage":19.0,"enemies":"Slavers","floor":26.0,"turns":6.0},{"damage":0.0,"enemies":"Chosen and Byrds","floor":28.0,"turns":3.0},{"damage":0.0,"enemies":"Centurion and Healer","floor":30.0,"turns":9.0},{"damage":1,"enemies":"downfall:FleeingMerchant","floor":31,"turns":4},{"damage":37,"enemies":"Snake Plant","floor":32,"turns":5},{"damage":17,"enemies":"downfall:Ironclad","floor":33,"turns":8},{"damage":1,"enemies":"downfall:FleeingMerchant","floor":36,"turns":4},{"damage":7,"enemies":"Orb Walker","floor":37,"turns":3},{"damage":33,"enemies":"Mind Bloom Boss Battle","floor":38,"turns":7},{"damage":15,"enemies":"3 Darklings","floor":39,"turns":4},{"damage":15,"enemies":"Sphere and 2 Shapes","floor":40,"turns":7},{"damage":5,"enemies":"Sphere and 2 Shapes","floor":42,"turns":3},{"damage":0,"enemies":"downfall:FleeingMerchant","floor":43,"turns":3},{"damage":6,"enemies":"Spire Growth","floor":46,"turns":5},{"damage":47,"enemies":"3 Darklings","floor":47,"turns":6}],"seed_played":"-7415303103361992907","potions_obtained":[{"floor":2.0,"key":"BlessingOfTheForge"},{"floor":16.0,"key":"AttackPotion"},{"floor":21.0,"key":"Energy Potion"},{"floor":23.0,"key":"Energy Potion"},{"floor":28.0,"key":"LiquidMemories"},{"floor":32,"key":"Block Potion"},{"floor":38,"key":"SteroidPotion"},{"floor":42,"key":"SkillPotion"},{"floor":47,"key":"Dexterity Potion"}],"is_trial":false,"path_per_floor":["R","E","?","R","?","M","T","E","R","E","$","?","M","?","M","B",null,"R","M","?","M","R","M","T","M","E","R","M","?","M","$","M","B",null,"R","$","M","?","M","M","T","?","$","R","?","M","M"],"character_chosen":"THE_CONSTRUCT_MOD","items_purchased":["expansioncontent:TimeRipple","construct:ReactiveShield","expansioncontent:Corrupt","Vajra","Bottled Lightning","EntropicBrew"],"campfire_rested":4,"item_purchase_floors":[31,36,43,43,43,43],"current_hp_per_floor":[85,40,40,65,70,68,68,57,84,71,67,67,67,89,89,47,90,90,62,90,90,90,87,87,76,57,97,97,97,97,96,59,42,100,100,99,92,59,44,29,29,24,24,54,54,48,1,1],"gold":333,"neow_bonus":"RANDOM_COLORLESS","is_daily":false,"chose_seed":false,"campfire_upgraded":3,"win_rate":0.0,"timestamp":1608450476,"path_taken":["R","E","?","R","?","M","T","E","R","E","?","?","M","?","M","BOSS","R","M","?","M","R","M","T","M","E","R","M","?","M","?","M","BOSS","R","$","M","?","M","M","T","?","$","R","?","M","M"],"items_purchased_type":["Card","Card","Card","Relic","Relic","Potion"],"build_version":"2020-12-13","purchased_purges":1,"victory":false,"max_hp_per_floor":[85,85,85,85,90,90,90,90,90,90,90,90,90,90,90,90,90,90,90,90,90,90,90,90,90,90,100,100,100,100,100,100,100,100,100,100,100,100,100,100,100,100,100,100,100,100,100,100],"card_choices":[{"not_picked":["Good Instincts","expansioncontent:YouAreMine"],"picked":"expansioncontent:GuardianWhirl","floor":0.0},{"not_picked":["construct:HardReboot","construct:ScrapCannon"],"picked":"construct:CripplingShot","floor":2.0},{"not_picked":["construct:ClusterMines","construct:Analyze"],"picked":"construct:Enhance","floor":6.0},{"not_picked":["construct:Reinforce","construct:FocusedBeam"],"picked":"construct:Missile","floor":8.0},{"not_picked":["construct:ShiftStrike","construct:Boost","construct:ShiftGuard"],"picked":"SKIP","floor":10.0},{"not_picked":["construct:ShiftingStance","construct:Synchronize"],"picked":"construct:CripplingShot","floor":11.0},{"not_picked":["construct:FierceBash","construct:CripplingShot","construct:Autoturret"],"picked":"SKIP","floor":13.0},{"not_picked":["construct:Backfire","construct:Accumulate"],"picked":"construct:ChargeShot","floor":15.0},{"not_picked":["construct:PanicFire","construct:LongRangeLance"],"picked":"construct:Bunker","floor":16.0},{"not_picked":["construct:QuickAttack","construct:Backfire"],"picked":"construct:Backup+1","floor":19.0},{"not_picked":["construct:Impenetrable","construct:ScopeCore"],"picked":"construct:Forcefield","floor":21.0},{"not_picked":["construct:Analyze+1","construct:Backfire+1","construct:Accumulate"],"picked":"SKIP","floor":23.0},{"not_picked":["construct:SyphonStrike","construct:Anticipate+1"],"picked":"construct:VentSteam+1","floor":25.0},{"not_picked":["construct:Anticipate","construct:ShieldBurst"],"picked":"construct:ScrapCannon","floor":26.0},{"not_picked":["construct:HardReboot","construct:Autoturret"],"picked":"construct:Isolate","floor":28.0},{"not_picked":["construct:SweepLaser+1","construct:Isolate"],"picked":"construct:PowerUp","floor":30.0},{"not_picked":["construct:Autoturret","construct:ChargeShot+1"],"picked":"construct:BatteryCore","floor":31},{"not_picked":["construct:SyphonStrike","construct:Dampening","construct:SaveState"],"picked":"SKIP","floor":32},{"not_picked":["construct:HastyRepair","construct:Accumulate","construct:PointDefense+1"],"picked":"SKIP","floor":36},{"not_picked":["construct:HardReboot","construct:OneWayMirror+1"],"picked":"construct:Antimatter","floor":37},{"not_picked":["construct:ChargeShot","construct:SweepLaser"],"picked":"construct:BatteryAcid","floor":39},{"not_picked":["construct:Boost+1","construct:VentSteam","construct:ShiftStrike"],"picked":"SKIP","floor":40},{"not_picked":["construct:SyphonStrike","construct:ShiftStrike+1","construct:Boost"],"picked":"SKIP","floor":43},{"not_picked":["expansioncontent:DarkVoid","expansioncontent:ManipulateTime"],"picked":"expansioncontent:Chronoboost","floor":45},{"not_picked":["construct:HeavyBolt+1","construct:OmegaCannon+1","construct:SaveState"],"picked":"SKIP","floor":46},{"not_picked":["construct:Anticipate+1","construct:HeavyBolt","construct:Enhance"],"picked":"SKIP","floor":47}],"player_experience":595515,"relics_obtained":[{"floor":2.0,"key":"Unceasing Top"},{"floor":7.0,"key":"Juzu Bracelet"},{"floor":8.0,"key":"hexamod:BolsterEngine"},{"floor":10.0,"key":"Omamori"},{"floor":26.0,"key":"HollowMod:LifeEnderRelic"},{"floor":38,"key":"Old Coin"},{"floor":41,"key":"Bag of Marbles"},{"floor":42,"key":"downfall:GremlinWheel"}],"event_choices":[{"damage_healed":0.0,"max_hp_gain":5.0,"max_hp_loss":0.0,"gold_gain":0.0,"event_name":"Big Fish","player_choice":"Donut","floor":5.0,"gold_loss":0.0,"damage_taken":0.0},{"damage_healed":22.0,"max_hp_gain":0.0,"max_hp_loss":0.0,"gold_gain":0.0,"event_name":"Mushrooms","player_choice":"Healed and dodged fight","floor":14.0,"gold_loss":0.0,"damage_taken":0.0,"cards_obtained":["Parasite"]},{"cards_removed":["construct:CripplingShot"],"damage_healed":28.0,"max_hp_gain":0.0,"max_hp_loss":0.0,"gold_gain":0.0,"event_name":"Bonfire Elementals","player_choice":"Offered Uncommon","floor":20.0,"gold_loss":0.0,"damage_taken":0.0},{"damage_healed":0.0,"max_hp_gain":0.0,"max_hp_loss":0.0,"gold_gain":0.0,"event_name":"Accursed Blacksmith","player_choice":"Rummage","floor":29.0,"gold_loss":0.0,"damage_taken":0.0,"relics_obtained":["WarpedTongs"],"cards_obtained":["Pain"]}],"is_beta":false,"boss_relics":[{"not_picked":["Astrolabe","Snecko Eye"],"picked":"Runic Pyramid"},{"not_picked":["Fusion Hammer","Sozu"],"picked":"construct:ClawGrip"}],"items_purged_floors":[43],"is_endless":false,"potions_floor_spawned":[2,16,21,23,28,32,38,42,47],"killed_by":"3 Darklings","ascension_level":1}}