{"host":"8fjsnt81u6xsmhji","time":1608467052,"event":{"mods":["BaseMod","Colored Powertips","Downfall","Glutton Mod","Minty Spire (QoL Compilation)","Quick Restart","Somnambulant","StSLib","The Bug Knight","The Construct","The Forsaken","The Hierophant","The Mystic"],"gold_per_floor":[115,126,137,155,166,198,198,214,238,254,272,287,287,287,287,390,390,435,345,345],"floor_reached":19,"playtime":980,"items_purged":[],"score":193,"play_id":"6744eb35-91a1-4d62-aa09-46cdd17d2ca0","local_time":"20201220062412","is_ascension_mode":true,"campfire_choices":[{"floor":7,"key":"REST"},{"floor":15,"key":"REST"}],"circlet_count":0,"master_deck":["Strike_P","Strike_P","Strike_P","Defend_P","Defend_P","Defend_P","Eruption","Vigilance","expansioncontent:ManipulateTime","Crescendo","TalkToTheHand","Protect","MentalFortress","Collect","FlurryOfBlows","EmptyFist","FlurryOfBlows","Wish","Pain","Swivel+1","Meditate+1","FlurryOfBlows"],"relics":["PureWater","Dead Branch","Blood Vial","Eternal Feather","Astrolabe"],"acts_visited":["Exordium","TheCity"],"potions_floor_usage":[12],"damage_taken":[{"damage":0,"enemies":"Small Slimes","floor":1,"turns":3},{"damage":0,"enemies":"2 Louse","floor":2,"turns":3},{"damage":0,"enemies":"Cultist","floor":3,"turns":2},{"damage":5,"enemies":"2 Fungi Beasts","floor":4,"turns":6},{"damage":1,"enemies":"Looter","floor":5,"turns":4},{"damage":50,"enemies":"Lagavulin","floor":6,"turns":11},{"damage":8,"enemies":"Blue Slaver","floor":8,"turns":4},{"damage":12,"enemies":"2 Fungi Beasts","floor":10,"turns":3},{"damage":8,"enemies":"Exordium Wildlife","floor":11,"turns":4},{"damage":1,"enemies":"Looter","floor":12,"turns":3},{"damage":1,"enemies":"Slime Boss","floor":16,"turns":4},{"damage":31,"enemies":"Spheric Guardian","floor":18,"turns":6},{"damage":41,"enemies":"2 Thieves","floor":19,"turns":3}],"seed_played":"-4536543502957832595","potions_obtained":[{"floor":2,"key":"SteroidPotion"},{"floor":3,"key":"SmokeBomb"},{"floor":8,"key":"construct:ShiftPotion"},{"floor":10,"key":"BottledMiracle"}],"is_trial":false,"path_per_floor":["M","M","M","M","M","E","R","M","T","M","M","M","?","?","R","B",null,"M","M"],"character_chosen":"WATCHER","items_purchased":[],"campfire_rested":2,"item_purchase_floors":[],"current_hp_per_floor":[72,72,72,67,66,16,37,29,29,19,13,14,32,29,62,63,69,38,0,0],"gold":345,"neow_bonus":"RANDOM_COLORLESS","is_daily":false,"chose_seed":false,"campfire_upgraded":0,"win_rate":0.0,"timestamp":1608467052,"path_taken":["M","M","M","M","M","E","R","M","T","M","M","M","?","?","R","BOSS","M","M"],"items_purchased_type":[],"build_version":"2020-12-13","purchased_purges":0,"victory":false,"max_hp_per_floor":[72,72,72,72,72,72,72,72,72,72,72,72,72,72,72,72,69,69,69,69],"card_choices":[{"not_picked":["Impatience","Forethought"],"picked":"expansioncontent:ManipulateTime","floor":0},{"not_picked":["CutThroughFate","WaveOfTheHand"],"picked":"Crescendo","floor":1},{"not_picked":["Evaluate","Adaptation"],"picked":"TalkToTheHand","floor":2},{"not_picked":["Weave","SashWhip"],"picked":"Protect","floor":3},{"not_picked":["Protect","FlyingSleeves"],"picked":"MentalFortress","floor":4},{"not_picked":["Wallop","FollowUp"],"picked":"Collect","floor":5},{"not_picked":["EmptyMind","CutThroughFate"],"picked":"FlurryOfBlows","floor":6},{"not_picked":["BowlingBash","FlyingSleeves"],"picked":"EmptyFist","floor":8},{"not_picked":["SandsOfTime","SashWhip"],"picked":"FlurryOfBlows","floor":10},{"not_picked":["EmptyFist","CrushJoints","ClearTheMind"],"picked":"SKIP","floor":11},{"not_picked":["Meditate","FlurryOfBlows"],"picked":"Wish","floor":12},{"not_picked":["Wireheading","JustLucky"],"picked":"FlurryOfBlows","floor":18}],"player_experience":612129,"relics_obtained":[{"floor":6,"key":"Dead Branch"},{"floor":9,"key":"Blood Vial"}],"event_choices":[{"damage_healed":18,"gold_gain":0,"player_choice":"Healed and dodged fight","damage_taken":0,"max_hp_gain":0,"max_hp_loss":0,"event_name":"Mushrooms","floor":13,"gold_loss":0,"cards_obtained":["Parasite"]},{"damage_healed":0,"gold_gain":0,"player_choice":"Success","damage_taken":3,"relics_obtained":["Eternal Feather"],"max_hp_gain":0,"max_hp_loss":0,"event_name":"Scrap Ooze","floor":14,"gold_loss":0}],"is_beta":false,"boss_relics":[{"not_picked":["Fusion Hammer","Pandora\u0027s Box"],"picked":"Astrolabe"}],"items_purged_floors":[],"is_endless":false,"potions_floor_spawned":[2,3,8,10],"killed_by":"2 Thieves","ascension_level":2}}