{"host":"n4oa921u88t6jog9","time":1608429614,"event":{"mods":["AchievementEnabler","BaseMod","DeckTracker","Keyboard Shortcuts","Minty Spire (QoL Compilation)","Quick Restart","StSLib","SuperFastMode"],"gold_per_floor":[114,114,114,17,35,68,68,95,122,122,22,49,68,88,88,162,162,147,173,72,88,106,106,106,106,106],"floor_reached":25,"playtime":833,"items_purged":["Defend_R","Defend_R"],"score":415,"play_id":"323a6e87-b2b2-4ca8-8cae-6e35a789fa34","local_time":"20201220110014","is_ascension_mode":true,"campfire_choices":[{"data":"Shrug It Off","floor":7.0,"key":"SMITH"},{"data":"Strike_R","floor":10.0,"key":"PURGE"},{"data":"Entrench","floor":15.0,"key":"SMITH"},{"data":"Strike_R+1","floor":23.0,"key":"PURGE"}],"circlet_count":0,"master_deck":["AscendersBane","Strike_R+1","Defend_R","Defend_R","Bash","Wild Strike","Shrug It Off+1","Fire Breathing","Headbutt","Entrench+1","Pommel Strike","Offering","Barricade","Warcry+1"],"relics":["Burning Blood","NeowsBlessing","Whetstone","Peace Pipe","Vajra","Shuriken","Black Star","Red Mask","PreservedInsect"],"acts_visited":["Exordium","TheCity"],"potions_floor_usage":[],"damage_taken":[{"damage":0.0,"enemies":"Small Slimes","floor":1.0,"turns":1.0},{"damage":0.0,"enemies":"2 Louse","floor":5.0,"turns":1.0},{"damage":0.0,"enemies":"3 Sentries","floor":6.0,"turns":2.0},{"damage":24.0,"enemies":"Lagavulin","floor":8.0,"turns":6.0},{"damage":5.0,"enemies":"3 Sentries","floor":12.0,"turns":4.0},{"damage":0.0,"enemies":"Cultist","floor":13.0,"turns":2.0},{"damage":11.0,"enemies":"Looter","floor":14.0,"turns":2.0},{"damage":12.0,"enemies":"Slime Boss","floor":16.0,"turns":7.0},{"damage":23.0,"enemies":"2 Thieves","floor":18.0,"turns":4.0},{"damage":40.0,"enemies":"Masked Bandits","floor":19.0,"turns":5.0},{"damage":6.0,"enemies":"Chosen","floor":21.0,"turns":9.0},{"damage":7.0,"enemies":"Centurion and Healer","floor":22.0,"turns":14.0},{"damage":18,"enemies":"Snake Plant","floor":25,"turns":2}],"seed_played":"7095619135914504494","potions_obtained":[{"floor":6.0,"key":"Energy Potion"},{"floor":8.0,"key":"Fire Potion"},{"floor":13.0,"key":"HeartOfIron"}],"is_trial":false,"path_per_floor":["M","?","?","$","M","E","R","E","T","R","$","E","M","M","R","B",null,"M","?","?","M","M","R","?","M"],"character_chosen":"IRONCLAD","items_purchased":["Shrug It Off"],"campfire_rested":0,"item_purchase_floors":[4],"current_hp_per_floor":[74,67,67,67,73,75,75,57,57,57,57,58,64,59,59,53,70,53,19,19,19,18,18,18,0,0],"gold":106,"neow_bonus":"THREE_ENEMY_KILL","is_daily":false,"chose_seed":false,"campfire_upgraded":2,"win_rate":0.0,"timestamp":1608429614,"path_taken":["M","?","?","$","M","E","R","E","T","R","$","E","M","?","R","BOSS","M","?","?","M","?","R","?","M"],"items_purchased_type":["Card"],"build_version":"2020-12-13","purchased_purges":2,"victory":false,"max_hp_per_floor":[75,75,75,75,75,75,75,75,75,75,75,75,75,75,75,75,75,75,75,75,75,75,75,75,75,75],"card_choices":[{"not_picked":["Twin Strike","Dropkick"],"picked":"Wild Strike","floor":1.0},{"not_picked":["Iron Wave","Warcry"],"picked":"Fire Breathing","floor":5.0},{"not_picked":["Rampage","Clash"],"picked":"Headbutt","floor":6.0},{"not_picked":["Heavy Blade","Havoc"],"picked":"Entrench","floor":8.0},{"not_picked":["Hemokinesis","Burning Pact"],"picked":"Pommel Strike","floor":12.0},{"not_picked":["Seeing Red","Perfected Strike"],"picked":"Offering","floor":13.0},{"not_picked":["Thunderclap","Body Slam","Heavy Blade"],"picked":"SKIP","floor":14.0},{"not_picked":["Thunderclap","Body Slam","Heavy Blade"],"picked":"SKIP","floor":14.0},{"not_picked":["Demon Form","Double Tap"],"picked":"Barricade","floor":16.0},{"not_picked":["Shrug It Off","Perfected Strike","Armaments"],"picked":"SKIP","floor":18.0},{"not_picked":["Shrug It Off","Perfected Strike","Armaments"],"picked":"SKIP","floor":18.0},{"not_picked":["Shrug It Off","Intimidate"],"picked":"Warcry+1","floor":21.0},{"not_picked":["Anger","Iron Wave","Entrench"],"picked":"SKIP","floor":22.0}],"player_experience":351820,"relics_obtained":[{"floor":6.0,"key":"Whetstone"},{"floor":8.0,"key":"Peace Pipe"},{"floor":9.0,"key":"Vajra"},{"floor":12.0,"key":"Shuriken"},{"floor":19.0,"key":"Red Mask"}],"event_choices":[{"cards_removed":["Strike_R"],"damage_healed":0.0,"max_hp_gain":0.0,"max_hp_loss":0.0,"gold_gain":0.0,"event_name":"Golden Wing","player_choice":"Card Removal","floor":2.0,"gold_loss":0.0,"damage_taken":7.0},{"cards_removed":["Strike_R"],"damage_healed":0.0,"max_hp_gain":0.0,"max_hp_loss":0.0,"gold_gain":0.0,"event_name":"Bonfire Elementals","player_choice":"Offered Basic","floor":3.0,"gold_loss":0.0,"damage_taken":0.0},{"damage_healed":0.0,"max_hp_gain":0.0,"max_hp_loss":0.0,"gold_gain":0.0,"event_name":"Masked Bandits","player_choice":"Fought Bandits","floor":19.0,"gold_loss":0.0,"damage_taken":0.0},{"damage_healed":0.0,"max_hp_gain":0.0,"max_hp_loss":0.0,"gold_gain":0.0,"event_name":"WeMeetAgain","player_choice":"Paid Gold","floor":20.0,"gold_loss":101.0,"damage_taken":0.0,"relics_obtained":["PreservedInsect"]},{"damage_healed":0,"gold_gain":0,"player_choice":"Ignored","damage_taken":0,"max_hp_gain":0,"max_hp_loss":0,"event_name":"The Mausoleum","floor":24,"gold_loss":0}],"is_beta":false,"boss_relics":[{"not_picked":["Astrolabe","Velvet Choker"],"picked":"Black Star"}],"items_purged_floors":[4,11],"is_endless":false,"potions_floor_spawned":[6,8,13,14],"killed_by":"Snake Plant","ascension_level":14}}