{"host":"21h5e52imz35vo8g","time":1608443298,"event":{"mods":["AchievementEnabler","BaseMod","Colored Map","Colored Powertips","Googly Eyes","Minty Spire (QoL Compilation)","Quick Restart","Rare Cards Sparkle","Replay The Spire","StSLib"],"gold_per_floor":[112,62,79,4,4,39,39,68,68,85,85,85,102,102,102,102,102],"floor_reached":16,"playtime":2262,"items_purged":["Strike_G"],"score":160,"play_id":"590eecda-b7f1-4f77-be79-33f9b3f24c6c","local_time":"20201220134818","is_ascension_mode":true,"campfire_choices":[{"data":"Cloak And Dagger","floor":7,"key":"SMITH"},{"data":"Neutralize","floor":11,"key":"SMITH"},{"data":"Blade Dance","floor":15,"key":"SMITH"}],"circlet_count":0,"master_deck":["Strike_G","Strike_G","Strike_G","Defend_G","Defend_G","Defend_G","Defend_G","Survivor+1","Neutralize+1","Hidden Blade","Cloak And Dagger+1","Blade Dance+1"],"relics":["Ring of the Snake","NeowsBlessing","Mirror","Blood Vial","Anchor","Golden Egg"],"acts_visited":["Exordium"],"potions_floor_usage":[],"damage_taken":[{"damage":0,"enemies":"Small Slimes","floor":1,"turns":1},{"damage":0,"enemies":"2 Louse","floor":3,"turns":1},{"damage":0,"enemies":"Lagavulin","floor":6,"turns":1},{"damage":29,"enemies":"3 Sentries","floor":8,"turns":11},{"damage":1,"enemies":"Jaw Worm","floor":10,"turns":3},{"damage":0,"enemies":"2 Fungi Beasts","floor":13,"turns":3},{"damage":31,"enemies":"Hexaghost","floor":16,"turns":11}],"seed_played":"-7262788522485467749","potions_obtained":[{"floor":1,"key":"Adrenaline Potion"},{"floor":6,"key":"Adrenaline Potion"},{"floor":13,"key":"Swift Potion"}],"is_trial":false,"path_per_floor":["M","?","M","$","?","E","R","E","T","M","R","T","M","?","R","B"],"character_chosen":"THE_SILENT","items_purchased":[],"campfire_rested":0,"item_purchase_floors":[],"current_hp_per_floor":[70,70,70,70,70,70,70,41,41,42,42,42,44,44,44,15,15],"gold":102,"neow_bonus":"THREE_ENEMY_KILL","is_daily":false,"chose_seed":false,"campfire_upgraded":3,"win_rate":0.0,"timestamp":1608443298,"path_taken":["M","?","M","$","?","E","R","E","T","M","R","?","M","?","R","BOSS"],"items_purchased_type":[],"build_version":"2020-12-13","purchased_purges":1,"victory":false,"max_hp_per_floor":[70,70,70,70,70,70,70,70,70,70,70,70,70,70,70,70,70],"card_choices":[{"not_picked":["Riddle With Holes","ReplayTheSpireMod:Scrap Shanks"],"picked":"Hidden Blade","floor":1},{"not_picked":["Prepared","Replay:Poison Smokescreen","Dagger Throw"],"picked":"SKIP","floor":3},{"not_picked":["Hidden Blade","Adrenaline"],"picked":"Cloak And Dagger","floor":6},{"not_picked":["Underhanded Strike","Bane","Expertise"],"picked":"SKIP","floor":8},{"not_picked":["ReplayTheSpireMod:Exploit Weakness","Backflip","Quick Slash"],"picked":"SKIP","floor":10},{"not_picked":["Noxious Fumes","Hidden Blade"],"picked":"Blade Dance","floor":13}],"player_experience":296767,"relics_obtained":[{"floor":6,"key":"Mirror"},{"floor":8,"key":"Blood Vial"},{"floor":9,"key":"Anchor"},{"floor":12,"key":"Golden Egg"}],"event_choices":[{"cards_removed":["Defend_G"],"damage_healed":0,"gold_gain":0,"player_choice":"Card Removal","damage_taken":0,"max_hp_gain":0,"max_hp_loss":0,"event_name":"The Cleric","floor":2,"gold_loss":50},{"cards_removed":["Strike_G"],"damage_healed":0,"gold_gain":0,"player_choice":"Purged","damage_taken":0,"max_hp_gain":0,"max_hp_loss":0,"event_name":"Purifier","floor":14,"gold_loss":0}],"is_beta":false,"boss_relics":[],"items_purged_floors":[4],"is_endless":false,"potions_floor_spawned":[1,6,13],"killed_by":"Hexaghost","ascension_level":4}}