{"host":"k5dhp0bkccqfauyu","time":1608444287,"event":{"mods":["BaseMod","Better Note","Better Skull","Better Vampires","Colored Map","Colored Powertips","DeckTracker","Minty Spire (QoL Compilation)","Permanent Neow","StSLib","SuperFastMode"],"gold_per_floor":[118,135,152,1,16,16,46,64,88,103,118,146,146,161,161,232,232,246,246,258,258,268,268,293,293,320,334,334,334],"floor_reached":28,"playtime":1389,"items_purged":[],"score":508,"play_id":"ff17b977-044b-486c-9319-77cf3fbed5ae","local_time":"20201220170447","is_ascension_mode":true,"campfire_choices":[{"data":"Acrobatics","floor":6,"key":"SMITH"},{"floor":13,"key":"REST"},{"data":"Catalyst","floor":15,"key":"SMITH"},{"data":"Corpse Explosion","floor":23,"key":"SMITH"},{"floor":25,"key":"REST"}],"circlet_count":0,"master_deck":["AscendersBane","Strike_G","Strike_G","Defend_G","Defend_G","Defend_G","Defend_G","Survivor","Neutralize","Tactician","Setup","Acrobatics+1","Bouncing Flask","All Out Attack","Catalyst+1","Dagger Spray","Sucker Punch","Acrobatics","Calculated Gamble","After Image","Bouncing Flask","Corpse Explosion+1","PiercingWail","Deflect","Outmaneuver","Poisoned Stab+1","Catalyst"],"relics":["Ring of the Snake","Mango","Potion Belt","Happy Flower","Runic Dome","Omamori","Art of War"],"acts_visited":["Exordium","TheCity"],"potions_floor_usage":[7,7,12,16,22],"damage_taken":[{"damage":4,"enemies":"Jaw Worm","floor":1,"turns":7},{"damage":1,"enemies":"2 Louse","floor":2,"turns":3},{"damage":0,"enemies":"Cultist","floor":3,"turns":4},{"damage":6,"enemies":"Gremlin Gang","floor":5,"turns":2},{"damage":25,"enemies":"Lagavulin","floor":7,"turns":7},{"damage":2,"enemies":"2 Fungi Beasts","floor":8,"turns":3},{"damage":3,"enemies":"Looter","floor":10,"turns":4},{"damage":0,"enemies":"Lots of Slimes","floor":11,"turns":1},{"damage":27,"enemies":"3 Sentries","floor":12,"turns":3},{"damage":16,"enemies":"Exordium Wildlife","floor":14,"turns":3},{"damage":11,"enemies":"Hexaghost","floor":16,"turns":6},{"damage":23,"enemies":"2 Thieves","floor":18,"turns":3},{"damage":17,"enemies":"Shell Parasite","floor":20,"turns":5},{"damage":23,"enemies":"Shelled Parasite and Fungi","floor":22,"turns":7},{"damage":43,"enemies":"Book of Stabbing","floor":24,"turns":5},{"damage":18,"enemies":"Snecko","floor":27,"turns":4},{"damage":27,"enemies":"Slavers","floor":28,"turns":2}],"seed_played":"-3621755554910114770","potions_obtained":[{"floor":2,"key":"Regen Potion"},{"floor":5,"key":"Energy Potion"},{"floor":11,"key":"SkillPotion"},{"floor":12,"key":"LiquidBronze"},{"floor":18,"key":"BlessingOfTheForge"},{"floor":20,"key":"SpeedPotion"}],"is_trial":false,"path_per_floor":["M","M","M","$","M","R","E","M","T","M","M","E","R","M","R","B",null,"M","?","M","?","M","R","E","R","T","M","E"],"character_chosen":"THE_SILENT","items_purchased":["Corpse Explosion"],"campfire_rested":2,"item_purchase_floors":[4],"current_hp_per_floor":[55,54,54,54,48,48,50,48,48,45,45,18,40,24,24,13,59,36,36,19,84,61,61,18,43,43,25,0,0],"gold":334,"neow_bonus":"TRANSFORM_TWO_CARDS","is_daily":false,"chose_seed":false,"campfire_upgraded":3,"win_rate":0.0,"timestamp":1608444287,"path_taken":["M","M","M","$","M","R","E","M","T","M","M","E","R","M","R","BOSS","M","?","M","?","M","R","E","R","T","?","E"],"items_purchased_type":["Card"],"build_version":"2020-12-13","purchased_purges":0,"victory":false,"max_hp_per_floor":[60,60,60,60,60,60,74,74,74,74,74,74,74,74,74,74,74,74,74,74,84,84,84,84,84,84,84,84,84],"card_choices":[{"not_picked":["Prepared","Distraction"],"picked":"Acrobatics","floor":1},{"not_picked":["Terror","Choke"],"picked":"Bouncing Flask","floor":2},{"not_picked":["Footwork","Underhanded Strike"],"picked":"All Out Attack","floor":3},{"not_picked":["Riddle With Holes","Dagger Throw"],"picked":"Catalyst","floor":5},{"not_picked":["Tactician","Concentrate"],"picked":"Dagger Spray","floor":7},{"not_picked":["Slice","Blade Dance"],"picked":"Sucker Punch","floor":8},{"not_picked":["Heel Hook","Finisher"],"picked":"Acrobatics","floor":10},{"not_picked":["Quick Slash","Noxious Fumes"],"picked":"Calculated Gamble","floor":11},{"not_picked":["Accuracy","Calculated Gamble"],"picked":"After Image","floor":12},{"not_picked":["PiercingWail","Eviscerate"],"picked":"Bouncing Flask","floor":14},{"not_picked":["Grand Finale","After Image"],"picked":"Corpse Explosion","floor":16},{"not_picked":["Underhanded Strike","Setup"],"picked":"PiercingWail","floor":18},{"not_picked":["Slice","Bouncing Flask","Sucker Punch"],"picked":"SKIP","floor":20},{"not_picked":["Dagger Spray+1","Outmaneuver"],"picked":"Poisoned Stab+1","floor":22},{"not_picked":["Dagger Throw","Accuracy"],"picked":"Catalyst","floor":24},{"not_picked":["Deadly Poison","Outmaneuver","Underhanded Strike"],"picked":"SKIP","floor":27}],"player_experience":1795161,"relics_obtained":[{"floor":7,"key":"Mango"},{"floor":9,"key":"Potion Belt"},{"floor":12,"key":"Happy Flower"},{"floor":24,"key":"Omamori"},{"floor":26,"key":"Art of War"}],"event_choices":[{"damage_healed":0,"gold_gain":0,"cards_transformed":["Strike_G","Strike_G"],"player_choice":"Became Test Subject","damage_taken":0,"max_hp_gain":0,"max_hp_loss":0,"event_name":"Drug Dealer","floor":19,"gold_loss":0,"cards_obtained":["Deflect","Outmaneuver"]},{"cards_removed":["Corpse Explosion"],"damage_healed":55,"gold_gain":0,"player_choice":"Offered Rare","damage_taken":0,"max_hp_gain":10,"max_hp_loss":0,"event_name":"Bonfire Elementals","floor":21,"gold_loss":0}],"is_beta":false,"boss_relics":[{"not_picked":["Coffee Dripper","Calling Bell"],"picked":"Runic Dome"}],"items_purged_floors":[],"is_endless":false,"potions_floor_spawned":[2,5,11,12,18,20],"killed_by":"Slavers","ascension_level":20}}