{"host":"djfsqftupta9xgss","time":1608463606,"event":{"mods":["Act Like it!","BaseMod","Gensokyo","Minty Spire (QoL Compilation)","MostiFishMod","Replay The Spire","Spicy Shops","StSLib","TestMod"],"gold_per_floor":[111,111,111,111,127,127,160,177,177,177,177,196,230,27,27,99,99,112,131,12,30,30,62,62,97,97,132,132,132,52,63,63,138,138,154,154,181,244,264,264,296,256,256,285,301,335,335,350,350,350,350,350,350,175,200,200],"floor_reached":57,"playtime":2556,"items_purged":["Defend_G","Strike_G","Strike_G"],"score":3808,"play_id":"a08b7dc9-3fc5-4324-a9a1-3eecd8502a48","local_time":"20201220192646","is_ascension_mode":true,"campfire_choices":[{"floor":6.0,"key":"RECALL"},{"data":"Reflex","floor":10.0,"key":"SMITH"},{"data":"Phantasmal Killer","floor":15.0,"key":"SMITH"},{"data":"Acrobatics","floor":24.0,"key":"SMITH"},{"floor":32,"key":"DIG"},{"data":"Tactician","floor":40,"key":"SMITH"},{"data":"Calculated Gamble","floor":47,"key":"SMITH"},{"data":"Adrenaline","floor":49,"key":"SMITH"},{"data":"Grand Finale","floor":53,"key":"SMITH"}],"circlet_count":0,"master_deck":["AscendersBane","Strike_G+1","Defend_G","Survivor","Neutralize","Concentrate+1","Dodge and Roll+1","Reflex+1","Phantasmal Killer+1","Grand Finale+1","Tactician+1","Acrobatics+1","Backflip","Blur","Escape Plan","MostiFishMod:PerfectParry","Adrenaline+1","Calculated Gamble+1"],"relics":["Ring of the Snake","testmod-TestBox","GreenFoldingFan","testmod-ChristmasGift","NeowsBlessing","Question Card","testmod-ArcanaOfDestiny","Divine Protection","testmod-InfectionSource","Membership Card","ImportantClient","OneHitWonderSystem","OrangePellets","Blue Candle","Blood Vial","Vajra","DaveBox","Lizard Tail","Pondfish Scales","Coffee Dripper","Bag of Marbles","Pet Ghost","SynthV:C4","Eternal Feather","Darkstone Periapt","Juzu Bracelet","ClockworkSouvenir","testmod-BouquetWithThorns","Oddly Smooth Stone"],"acts_visited":["Exordium","TheCity","TheBeyond","TheEnding"],"potions_floor_usage":[33,33,33,33,45,50,50,50,50,50,50,50,50,54,56,56,56,56,56,56],"damage_taken":[{"damage":2.0,"enemies":"2 Louse","floor":1.0,"turns":1.0},{"damage":2.0,"enemies":"Jaw Worm","floor":5.0,"turns":1.0},{"damage":4.0,"enemies":"Lagavulin","floor":7.0,"turns":2.0},{"damage":9.0,"enemies":"Small Slimes","floor":8.0,"turns":4.0},{"damage":0.0,"enemies":"3 Louse","floor":12.0,"turns":2.0},{"damage":28.0,"enemies":"3 Sentries","floor":13.0,"turns":7.0},{"damage":10.0,"enemies":"Hexaghost","floor":16.0,"turns":6.0},{"damage":0.0,"enemies":"3 Byrds","floor":18.0,"turns":4.0},{"damage":0.0,"enemies":"Spheric Guardian","floor":19.0,"turns":2.0},{"damage":0.0,"enemies":"3 Cultists","floor":21.0,"turns":4.0},{"damage":0.0,"enemies":"Gremlin Leader","floor":23.0,"turns":4.0},{"damage":0.0,"enemies":"Replay:Snechameleon","floor":25.0,"turns":4.0},{"damage":0.0,"enemies":"Gremlin Leader","floor":27.0,"turns":5.0},{"damage":0,"enemies":"Cultist and Chosen","floor":31,"turns":5},{"damage":0,"enemies":"Collector","floor":33,"turns":5},{"damage":0,"enemies":"3 Darklings","floor":35,"turns":5},{"damage":0,"enemies":"3 Shapes","floor":39,"turns":2},{"damage":0,"enemies":"Reptomancer","floor":41,"turns":3},{"damage":0,"enemies":"Nemesis","floor":44,"turns":3},{"damage":0,"enemies":"Transient","floor":45,"turns":7},{"damage":0,"enemies":"Reptomancer","floor":46,"turns":3},{"damage":0,"enemies":"4 Shapes","floor":48,"turns":2},{"damage":0,"enemies":"Time Eater","floor":50,"turns":5},{"damage":0,"enemies":"Awakened One","floor":51,"turns":7},{"damage":0,"enemies":"Shield and Spear","floor":55,"turns":2},{"damage":0,"enemies":"The Heart","floor":56,"turns":4}],"seed_played":"7485649599203811104","potions_obtained":[{"floor":1.0,"key":"Swift Potion"},{"floor":13.0,"key":"testmod-SpacePotion"},{"floor":33,"key":"FairyPotion"}],"is_trial":false,"path_per_floor":["M","?","?","?","M","R","E","M","T","R","?","M","E","$","R","B",null,"M","M","$","M","?","E","R","E","T","E","?","?","$","M","R","B",null,"M","?","T","?","M","R","E","?","T","E","M","E","R","M","R","B","B",null,"R","$","E","B",null],"character_chosen":"THE_SILENT","items_purchased":["Membership Card","OrangePellets","testmod-SpacePotion","Acrobatics","ClockworkSouvenir","EntropicBrew","testmod-BouquetWithThorns"],"campfire_rested":0,"item_purchase_floors":[14,20,20,20,54,54,54],"current_hp_per_floor":[66,66,66,46,54,54,61,64,64,64,64,66,58,58,58,63,1,1,1,1,1,1,1,1,1,1,1,1,1,1,1,1,1,1,1,1,1,1,1,1,1,1,1,1,1,1,1,1,1,1,1,1,1,1,1,1],"gold":200,"neow_bonus":"THREE_ENEMY_KILL","is_daily":false,"chose_seed":false,"campfire_upgraded":7,"win_rate":0.0,"timestamp":1608463606,"path_taken":["M","?","?","?","M","R","E","M","T","R","?","M","E","$","R","BOSS","M","M","$","M","?","E","R","E","T","E","?","?","$","M","R","BOSS","M","?","?","?","M","R","E","?","T","E","?","E","R","M","R","BOSS","BOSS","R","$","E","BOSS"],"items_purchased_type":["Relic","Relic","Potion","Card","Relic","Potion","Relic"],"build_version":"2020-12-13","purchased_purges":3,"victory":true,"max_hp_per_floor":[66,66,66,66,66,66,66,66,66,66,66,66,66,66,66,66,1,1,1,1,1,1,1,1,1,1,1,1,1,1,1,1,1,1,1,1,1,1,1,1,1,1,1,1,1,1,1,1,1,1,1,1,1,1,1,1],"card_choices":[{"not_picked":["Endless Agony","Flying Knee"],"picked":"Concentrate","floor":1.0},{"not_picked":["MostiFishMod:ThornCasing","Underhanded Strike","Deadly Poison"],"picked":"Reflex","floor":5.0},{"not_picked":["Backstab","Outmaneuver","Sucker Punch"],"picked":"Phantasmal Killer","floor":7.0},{"not_picked":["Setup","Quick Slash","Cloak And Dagger","Prepared"],"picked":"SKIP","floor":8.0},{"not_picked":["Heel Hook","Deadly Poison","Distraction","MostiFishMod:InvigoratingSolution"],"picked":"SKIP","floor":12.0},{"not_picked":["MostiFishMod:ThornCasing","Dagger Spray","Prepared","Sucker Punch"],"picked":"SKIP","floor":13.0},{"not_picked":["Phantasmal Killer","A Thousand Cuts","MostiFishMod:UniGreen"],"picked":"Grand Finale","floor":16.0},{"not_picked":["Deadly Poison","Flechettes","Masterful Stab"],"picked":"Tactician","floor":18.0},{"not_picked":["Dodge and Roll","Slice","Concentrate","Distraction"],"picked":"SKIP","floor":19.0},{"not_picked":["Infinite Blades","Underhanded Strike","Backflip","Dagger Spray"],"picked":"SKIP","floor":21.0},{"not_picked":["Infinite Blades","Underhanded Strike","Dagger Spray"],"picked":"Backflip","floor":21.0},{"not_picked":["Slice+1","Outmaneuver","Prepared","Finisher"],"picked":"SKIP","floor":23.0},{"not_picked":["MostiFishMod:PerfectParry","MostiFishMod:FrostNova","Sucker Punch","Backflip"],"picked":"SKIP","floor":25.0},{"not_picked":["Acrobatics+1","Skewer","Backflip"],"picked":"Blur","floor":27.0},{"not_picked":["Underhanded Strike+1","Flechettes","Dagger Spray+1","Distraction"],"picked":"SKIP","floor":31},{"not_picked":["A Thousand Cuts","MostiFishMod:Confrontation","Grand Finale"],"picked":"Adrenaline","floor":33},{"not_picked":["Dagger Throw","Slice","Poisoned Stab+1","Flying Knee+1"],"picked":"SKIP","floor":35},{"not_picked":["Deadly Poison","MostiFishMod:PreservedThorns","Backstab","Bouncing Flask"],"picked":"SKIP","floor":39},{"not_picked":["Storm of Steel","Distraction+1","Slice"],"picked":"Calculated Gamble","floor":41},{"not_picked":["Cloak And Dagger","Dodge and Roll","Underhanded Strike","All Out Attack"],"picked":"SKIP","floor":44},{"not_picked":["Skewer","MostiFishMod:PreservedThorns","Sucker Punch+1","MostiFishMod:GrandStart"],"picked":"SKIP","floor":45},{"not_picked":["MostiFishMod:SpreadingSpore","Blade Dance","PiercingWail","Skewer"],"picked":"SKIP","floor":46},{"not_picked":["Expertise","PiercingWail","MostiFishMod:PerfectParry+1","Poisoned Stab"],"picked":"SKIP","floor":48},{"not_picked":["Dash","Dagger Throw","MostiFishMod:VineMother","Deflect"],"picked":"SKIP","floor":55}],"player_experience":323034,"relics_obtained":[{"floor":1.0,"key":"Question Card"},{"floor":7.0,"key":"testmod-ArcanaOfDestiny"},{"floor":9.0,"key":"Divine Protection"},{"floor":13.0,"key":"testmod-InfectionSource"},{"floor":16.0,"key":"ImportantClient"},{"floor":23.0,"key":"Blue Candle"},{"floor":25.0,"key":"Blood Vial"},{"floor":27.0,"key":"Vajra"},{"floor":32,"key":"Pondfish Scales"},{"floor":37,"key":"Bag of Marbles"},{"floor":38,"key":"Pet Ghost"},{"floor":41,"key":"SynthV:C4"},{"floor":43,"key":"Eternal Feather"},{"floor":44,"key":"Darkstone Periapt"},{"floor":46,"key":"Juzu Bracelet"},{"floor":55,"key":"Oddly Smooth Stone"}],"event_choices":[{"damage_healed":0.0,"max_hp_gain":0.0,"max_hp_loss":0.0,"gold_gain":0.0,"event_name":"Shining Light","player_choice":"Entered Light","floor":4.0,"gold_loss":0.0,"damage_taken":20.0,"cards_upgraded":["Concentrate","Strike_G"]},{"damage_healed":0.0,"max_hp_gain":0.0,"max_hp_loss":0.0,"gold_gain":0.0,"event_name":"Match and Keep!","player_choice":"0 cards matched","floor":11.0,"gold_loss":0.0,"damage_taken":0.0,"cards_obtained":[]},{"cards_removed":["Strike_G"],"damage_healed":0.0,"max_hp_gain":0.0,"max_hp_loss":0.0,"gold_gain":0.0,"event_name":"Back to Basics","player_choice":"Elegance","floor":22.0,"gold_loss":0.0,"damage_taken":0.0},{"damage_healed":0.0,"max_hp_gain":0.0,"max_hp_loss":0.0,"gold_gain":0.0,"cards_transformed":["Defend_G","Defend_G"],"event_name":"Drug Dealer","player_choice":"Became Test Subject","floor":28.0,"gold_loss":0.0,"damage_taken":0.0,"cards_obtained":["Escape Plan","MostiFishMod:PerfectParry"]},{"damage_healed":0.0,"max_hp_gain":0.0,"max_hp_loss":0.0,"gold_gain":0.0,"event_name":"给自己的盒子","player_choice":"Swap Relic","floor":29.0,"relics_lost":["DaveBox"],"gold_loss":0.0,"damage_taken":0.0,"relics_obtained":["DaveBox"]},{"damage_healed":0,"gold_gain":0,"player_choice":"Bought 3 Potions","damage_taken":0,"max_hp_gain":0,"max_hp_loss":0,"event_name":"The Woman in Blue","floor":42,"gold_loss":0}],"is_beta":false,"boss_relics":[{"not_picked":["testmod-Fanaticism","Ring of Chaos"],"picked":"OneHitWonderSystem"},{"not_picked":["Replay:Wanted Poster","Replay:Ancient Bell"],"picked":"Coffee Dripper"}],"items_purged_floors":[14,30,54],"is_endless":false,"potions_floor_spawned":[1,13,16,25,27,31,33,41],"ascension_level":20}}