{"host":"8l1xuphorofpdxlv","time":1608477398,"event":{"mods":["AchievementEnabler","BaseMod","DeckTracker","Minty Spire (QoL Compilation)","Quick Restart","SuperFastMode"],"gold_per_floor":[117,42,42,62,78,78,89,109,109,109,79,1,1,1,1,1,1],"floor_reached":16,"playtime":278,"items_purged":["Decay"],"score":104,"play_id":"9f1ea13e-9166-4f52-949e-a3aa9d6d2325","local_time":"20201221001638","is_ascension_mode":true,"campfire_choices":[{"data":"Dagger Spray","floor":6,"key":"SMITH"},{"floor":13,"key":"REST"},{"floor":15,"key":"REST"}],"circlet_count":0,"master_deck":["Strike_G","Strike_G","Strike_G","Strike_G","Strike_G","Defend_G","Defend_G","Defend_G","Defend_G","Defend_G","Survivor","Neutralize","Violence","Dagger Spray+1","Pain","PiercingWail","Infinite Blades","Dagger Throw","Backstab","Accuracy"],"relics":["Ring of the Snake","WarpedTongs","Matryoshka","Golden Idol"],"acts_visited":["Exordium"],"potions_floor_usage":[],"damage_taken":[{"damage":4,"enemies":"Small Slimes","floor":1,"turns":4},{"damage":4,"enemies":"Cultist","floor":4,"turns":5},{"damage":19,"enemies":"Jaw Worm","floor":5,"turns":4},{"damage":6,"enemies":"2 Fungi Beasts","floor":7,"turns":3},{"damage":31,"enemies":"Large Slime","floor":8,"turns":6},{"damage":1,"enemies":"Looter","floor":11,"turns":4},{"damage":0,"enemies":"Slime Boss","floor":16,"turns":1}],"seed_played":"6532014263016051302","potions_obtained":[{"floor":7,"key":"Weak Potion"},{"floor":8,"key":"Strength Potion"}],"is_trial":false,"path_per_floor":["M","$","?","M","M","R","M","M","T","?","M","$","R","?","R","B"],"character_chosen":"THE_SILENT","items_purchased":["Accuracy"],"campfire_rested":2,"item_purchase_floors":[12],"current_hp_per_floor":[66,66,66,62,43,43,37,6,6,6,5,5,26,9,30,30,30],"gold":1,"neow_bonus":"RANDOM_COLORLESS_2","is_daily":false,"chose_seed":false,"campfire_upgraded":1,"win_rate":0.0,"timestamp":1608477398,"path_taken":["M","$","?","M","?","R","M","M","T","?","M","$","R","?","R","BOSS"],"items_purchased_type":["Card"],"build_version":"2020-12-13","purchased_purges":1,"victory":false,"max_hp_per_floor":[70,70,70,70,70,70,70,70,70,70,70,70,70,70,70,70,70],"card_choices":[{"not_picked":["Chrysalis","HandOfGreed"],"picked":"Violence","floor":0},{"not_picked":["Dodge and Roll","Flying Knee"],"picked":"Dagger Spray","floor":1},{"not_picked":["Cloak And Dagger","Doppelganger"],"picked":"PiercingWail","floor":4},{"not_picked":["Sucker Punch","Concentrate","Cloak And Dagger"],"picked":"SKIP","floor":5},{"not_picked":["Eviscerate","Leg Sweep"],"picked":"Infinite Blades","floor":7},{"not_picked":["Outmaneuver","Predator"],"picked":"Dagger Throw","floor":8},{"not_picked":["Envenom","Dodge and Roll"],"picked":"Backstab","floor":11}],"player_experience":76739,"relics_obtained":[{"floor":9,"key":"Matryoshka"}],"event_choices":[{"damage_healed":0,"gold_gain":0,"player_choice":"Rummage","damage_taken":0,"relics_obtained":["WarpedTongs"],"max_hp_gain":0,"max_hp_loss":0,"event_name":"Accursed Blacksmith","floor":3,"gold_loss":0,"cards_obtained":["Pain"]},{"damage_healed":0,"gold_gain":0,"player_choice":"Ignored","damage_taken":0,"max_hp_gain":0,"max_hp_loss":0,"event_name":"Shining Light","floor":10,"gold_loss":0},{"damage_healed":0,"gold_gain":0,"player_choice":"Take Damage","damage_taken":17,"relics_obtained":["Golden Idol"],"max_hp_gain":0,"max_hp_loss":0,"event_name":"Golden Idol","floor":14,"gold_loss":0}],"is_beta":false,"boss_relics":[],"items_purged_floors":[2],"is_endless":false,"potions_floor_spawned":[7,8],"killed_by":"Slime Boss","ascension_level":3}}