{"host":"hgkb2zpbo2dcws21","time":1608449049,"event":{"mods":["AchievementEnabler","BaseMod","Colored Map","Colored Powertips","Custom Start","DeckTracker","KOR Keyword Fix","Minty Spire (QoL Compilation)","StSLib","SuperFastMode"],"gold_per_floor":[110,128,53,53,53,53,89,89,89,19,19,55,78,1,1,90,90,106,21,21,34,34,34,34,34],"floor_reached":24,"playtime":911,"items_purged":["Strike_P"],"score":383,"play_id":"778a5e0a-e07a-471c-bbf0-4442391fe79c","local_time":"20201220162409","is_ascension_mode":true,"campfire_choices":[{"data":"Eruption","floor":6.0,"key":"SMITH"},{"data":"Adaptation","floor":8.0,"key":"SMITH"},{"data":"MentalFortress","floor":15.0,"key":"SMITH"},{"data":"Vault","floor":23,"key":"SMITH"}],"circlet_count":0,"master_deck":["AscendersBane","Strike_P","Strike_P","Strike_P","Defend_P","Defend_P","Defend_P","Defend_P","Eruption+1","Vigilance","CrushJoints+1","FollowUp","Adaptation+1","Adaptation","MentalFortress+1","InnerPeace","Meditate","Vault+1","EmptyBody"],"relics":["PureWater","NeowsBlessing","Blue Candle","Golden Idol","Centennial Puzzle","Yang","Bag of Preparation","Philosopher\u0027s Stone","Thread and Needle"],"acts_visited":["Exordium","TheCity"],"potions_floor_usage":[],"damage_taken":[{"damage":0.0,"enemies":"2 Louse","floor":1.0,"turns":1.0},{"damage":0.0,"enemies":"Small Slimes","floor":2.0,"turns":2.0},{"damage":0.0,"enemies":"Lagavulin","floor":7.0,"turns":1.0},{"damage":15.0,"enemies":"3 Sentries","floor":12.0,"turns":6.0},{"damage":3.0,"enemies":"Jaw Worm","floor":13.0,"turns":2.0},{"damage":12.0,"enemies":"Hexaghost","floor":16.0,"turns":8.0},{"damage":0,"enemies":"Chosen","floor":18,"turns":5},{"damage":0,"enemies":"Spheric Guardian","floor":21,"turns":4},{"damage":8,"enemies":"Book of Stabbing","floor":24,"turns":4}],"seed_played":"9216960808887588093","potions_obtained":[{"floor":12.0,"key":"FearPotion"},{"floor":18,"key":"PowerPotion"}],"is_trial":false,"path_per_floor":["M","M","$","?","?","R","E","R","T","$","?","E","M","$","R","B",null,"M","?","?","M","?","R","E"],"character_chosen":"WATCHER","items_purchased":["Adaptation","Meditate"],"campfire_rested":0,"item_purchase_floors":[10,14],"current_hp_per_floor":[61,61,61,54,37,37,37,37,37,37,37,22,19,19,19,7,53,53,53,53,53,53,53,45,45],"gold":34,"neow_bonus":"THREE_ENEMY_KILL","is_daily":false,"chose_seed":false,"campfire_upgraded":4,"win_rate":0.0,"timestamp":1608449049,"path_taken":["M","M","$","?","?","R","E","R","T","?","?","E","M","$","R","BOSS","M","?","?","M","?","R","E"],"items_purchased_type":["Card","Card"],"build_version":"2020-12-13","purchased_purges":1,"victory":false,"max_hp_per_floor":[68,68,68,68,68,68,68,68,68,68,68,68,68,68,68,68,68,68,68,68,68,68,68,68,68],"card_choices":[{"not_picked":["EmptyBody","ReachHeaven"],"picked":"CrushJoints","floor":1.0},{"not_picked":["Evaluate","Study"],"picked":"FollowUp","floor":2.0},{"not_picked":["WaveOfTheHand","SashWhip"],"picked":"Adaptation","floor":7.0},{"not_picked":["DevaForm","Weave"],"picked":"MentalFortress","floor":12.0},{"not_picked":["WindmillStrike","WreathOfFlame"],"picked":"InnerPeace","floor":13.0},{"not_picked":["Omniscience","Ragnarok"],"picked":"Vault","floor":16.0},{"not_picked":["ClearTheMind","Prostrate"],"picked":"EmptyBody","floor":18},{"not_picked":["WindmillStrike","Meditate","Swivel"],"picked":"SKIP","floor":21}],"player_experience":1091941,"relics_obtained":[{"floor":7.0,"key":"Centennial Puzzle"},{"floor":9.0,"key":"Yang"},{"floor":12.0,"key":"Bag of Preparation"}],"event_choices":[{"damage_healed":0.0,"max_hp_gain":0.0,"max_hp_loss":0.0,"gold_gain":0.0,"event_name":"Scrap Ooze","player_choice":"Success","floor":4.0,"gold_loss":0.0,"damage_taken":7.0,"relics_obtained":["Blue Candle"]},{"damage_healed":0.0,"max_hp_gain":0.0,"max_hp_loss":0.0,"gold_gain":0.0,"event_name":"Golden Idol","player_choice":"Take Damage","floor":5.0,"gold_loss":0.0,"damage_taken":17.0,"relics_obtained":["Golden Idol"]},{"damage_healed":0.0,"max_hp_gain":0.0,"max_hp_loss":0.0,"gold_gain":0.0,"event_name":"Upgrade Shrine","player_choice":"Upgraded","floor":11.0,"gold_loss":0.0,"damage_taken":0.0,"cards_upgraded":["CrushJoints"]},{"damage_healed":0,"gold_gain":0,"player_choice":"Obtained Relic","damage_taken":0,"relics_obtained":["Thread and Needle"],"max_hp_gain":0,"max_hp_loss":0,"event_name":"Addict","floor":19,"gold_loss":85},{"damage_healed":0,"gold_gain":0,"player_choice":"Ignored","damage_taken":0,"max_hp_gain":0,"max_hp_loss":0,"event_name":"Vampires","floor":20,"gold_loss":0},{"damage_healed":0,"gold_gain":0,"player_choice":"Ignored","damage_taken":0,"max_hp_gain":0,"max_hp_loss":0,"event_name":"The Mausoleum","floor":22,"gold_loss":0}],"is_beta":false,"boss_relics":[{"not_picked":["Sozu","Ectoplasm"],"picked":"Philosopher\u0027s Stone"}],"items_purged_floors":[3],"is_endless":false,"potions_floor_spawned":[12,18],"killed_by":"Book of Stabbing","ascension_level":14}}