{"host":"27cnk69rbdk9vsnt","time":1608481919,"event":{"mods":["BaseMod","CatGirl Mod","Ekko","Energized Spire","JesterMod","Mimic Mod","Minty Spire (QoL Compilation)","Shade Mod","Shop Mod","StSLib","The Spell Scribe","Thieving Mod"],"gold_per_floor":[118,132,307,327,327,352,372,372,372,372,13,27,40,60,60,156,156,169,269,279,6,16,45,45,73,99,99,99,117,117,132,132,132,132],"floor_reached":33,"playtime":2072,"items_purged":[],"score":314,"play_id":"19a64a7f-30e6-4905-860a-85bec08095bd","local_time":"20201220173159","is_ascension_mode":false,"campfire_choices":[{"floor":8,"key":"REST"},{"floor":15,"key":"REST"},{"floor":24,"key":"REST"},{"floor":30,"key":"REST"},{"data":"jesterMod:Swiftness","floor":32,"key":"SMITH"}],"circlet_count":0,"master_deck":["jesterMod:Strike","jesterMod:Strike","jesterMod:Strike","jesterMod:Sickle+1","jesterMod:Defend","jesterMod:Defend","jesterMod:Defend","jesterMod:Defend","jesterMod:Dodge","jesterMod:Swiftness+1","jesterMod:Mending","jesterMod:DesperateStrike+1","jesterMod:Tinker+1","jesterMod:OblivionStrike+1","jesterMod:RecklessStrike+1","jesterMod:MudBall+1","jesterMod:Frustration+1","jesterMod:Haste","jesterMod:Pillage","jesterMod:TrickyDodge+1","jesterMod:Frenzy","Swift Strike+1","jesterMod:RecklessStrike+1","jesterMod:Exasperation","jesterMod:DaggerRain+1"],"relics":["jesterMod:JesterCap","Molten Egg 2","Sundial","Singing Bowl","OrangePellets","Lantern","energizedSpire:DeadBattery","Blood Vial","Boot","TungstenRod","PreservedInsect"],"acts_visited":["Exordium","TheCity"],"potions_floor_usage":[14,16,16,20,22,31],"damage_taken":[{"damage":0,"enemies":"Small Slimes","floor":1,"turns":3},{"damage":0,"enemies":"Jaw Worm","floor":2,"turns":5},{"damage":6,"enemies":"Cultist","floor":4,"turns":6},{"damage":44,"enemies":"3 Sentries","floor":6,"turns":15},{"damage":21,"enemies":"Lots of Slimes","floor":7,"turns":4},{"damage":10,"enemies":"3 Louse","floor":12,"turns":3},{"damage":0,"enemies":"Blue Slaver","floor":13,"turns":2},{"damage":7,"enemies":"Lots of Slimes","floor":14,"turns":3},{"damage":19,"enemies":"The Guardian","floor":16,"turns":12},{"damage":0,"enemies":"Chosen","floor":18,"turns":4},{"damage":3,"enemies":"Shell Parasite","floor":20,"turns":4},{"damage":24,"enemies":"Shelled Parasite and Fungi","floor":22,"turns":5},{"damage":44,"enemies":"Book of Stabbing","floor":23,"turns":6},{"damage":31,"enemies":"Slavers","floor":25,"turns":5},{"damage":16,"enemies":"3 Cultists","floor":29,"turns":5},{"damage":18,"enemies":"Chosen and Byrds","floor":31,"turns":5},{"damage":43,"enemies":"Collector","floor":33,"turns":3}],"seed_played":"4964991215125835705","potions_obtained":[{"floor":1,"key":"Block Potion"},{"floor":2,"key":"SmokeBomb"},{"floor":12,"key":"SteroidPotion"},{"floor":14,"key":"Fire Potion"},{"floor":16,"key":"LiquidBronze"},{"floor":18,"key":"BlessingOfTheForge"},{"floor":25,"key":"Dexterity Potion"},{"floor":29,"key":"Dexterity Potion"}],"is_trial":false,"path_per_floor":["M","M","?","M","T","E","M","R","T","?","$","M","M","M","R","B",null,"M","?","M","$","M","E","R","E","T","?","?","M","R","M","R","B"],"character_chosen":"THE_JESTER","items_purchased":["OrangePellets","Lantern","jesterMod:RecklessStrike+1","Blood Vial","jesterMod:Frenzy","Swift Strike+1"],"campfire_rested":4,"item_purchase_floors":[11,11,11,21,21,21],"current_hp_per_floor":[77,77,77,71,71,27,6,29,29,22,22,12,12,5,28,9,77,79,79,79,79,57,17,42,13,13,41,41,27,52,38,38,0,0],"gold":132,"neow_bonus":"TEN_PERCENT_HP_BONUS","is_daily":false,"chose_seed":false,"campfire_upgraded":1,"win_rate":0.0,"timestamp":1608481919,"path_taken":["M","M","?","M","?","E","?","R","T","?","$","M","M","M","R","BOSS","M","?","?","?","M","E","R","E","T","?","?","M","R","?","R","BOSS"],"items_purchased_type":["Relic","Relic","Card","Relic","Card","Card"],"build_version":"2020-12-13","purchased_purges":0,"victory":false,"max_hp_per_floor":[77,77,77,77,77,77,77,77,77,77,77,77,77,77,77,77,77,79,79,82,82,82,84,84,84,84,84,84,84,84,86,86,86,86],"card_choices":[{"not_picked":["jesterMod:FlameDance","jesterMod:RecklessStrike"],"picked":"jesterMod:Swiftness","floor":1},{"not_picked":["jesterMod:Precipitation","jesterMod:Tinker"],"picked":"jesterMod:Mending","floor":2},{"not_picked":["jesterMod:TrickyDodge","jesterMod:Rebuff"],"picked":"jesterMod:DesperateStrike","floor":4},{"not_picked":["jesterMod:Taunt","jesterMod:QuickStrike+1"],"picked":"jesterMod:Tinker+1","floor":6},{"not_picked":["jesterMod:Anticipation","jesterMod:Loot"],"picked":"jesterMod:OblivionStrike+1","floor":7},{"not_picked":["jesterMod:HitAndRun+1","jesterMod:Talion+1"],"picked":"jesterMod:MudBall+1","floor":12},{"not_picked":["jesterMod:Dilapidation+1","jesterMod:Flee"],"picked":"jesterMod:Frustration+1","floor":13},{"not_picked":["jesterMod:TrickyDodge","jesterMod:JackInTheBox+1"],"picked":"jesterMod:Haste","floor":14},{"not_picked":["jesterMod:ExperimentalTreatment","jesterMod:Trance+1"],"picked":"jesterMod:Pillage","floor":16},{"not_picked":["jesterMod:Frenzy","jesterMod:JackInTheBox+1","jesterMod:Patience"],"picked":"Singing Bowl","floor":18},{"not_picked":["jesterMod:SelfMockery","jesterMod:JackInTheBox+1"],"picked":"jesterMod:TrickyDodge+1","floor":20},{"not_picked":["jesterMod:SmokeScreen","jesterMod:Flee"],"picked":"jesterMod:RecklessStrike+1","floor":22},{"not_picked":["jesterMod:Arrythmia","jesterMod:BouncingKnife+1","jesterMod:DanceOfChaos+1"],"picked":"Singing Bowl","floor":23},{"not_picked":["jesterMod:Contradiction","jesterMod:ButterKnife+1"],"picked":"jesterMod:Exasperation","floor":25},{"not_picked":["jesterMod:Illness","jesterMod:Feint+1"],"picked":"jesterMod:DaggerRain+1","floor":29},{"not_picked":["jesterMod:DesperateStrike+1","jesterMod:HedgehogForm","jesterMod:TrickyDodge"],"picked":"Singing Bowl","floor":31}],"player_experience":463796,"relics_obtained":[{"floor":5,"key":"Molten Egg 2"},{"floor":6,"key":"Sundial"},{"floor":9,"key":"Singing Bowl"},{"floor":23,"key":"Boot"},{"floor":25,"key":"TungstenRod"},{"floor":26,"key":"PreservedInsect"}],"event_choices":[{"damage_healed":0,"gold_gain":175,"player_choice":"AGREE","damage_taken":0,"max_hp_gain":0,"max_hp_loss":0,"event_name":"Liars Game","floor":3,"gold_loss":0,"cards_obtained":["Doubt"]},{"cards_removed":["Doubt"],"damage_healed":0,"gold_gain":0,"player_choice":"Card Removal","damage_taken":7,"max_hp_gain":0,"max_hp_loss":0,"event_name":"Golden Wing","floor":10,"gold_loss":0},{"damage_healed":0,"gold_gain":100,"player_choice":"Pray","damage_taken":0,"max_hp_gain":0,"max_hp_loss":0,"event_name":"Golden Shrine","floor":19,"gold_loss":0},{"damage_healed":28,"gold_gain":0,"player_choice":"Heal","damage_taken":0,"max_hp_gain":0,"max_hp_loss":0,"event_name":"The Library","floor":27,"gold_loss":0},{"cards_removed":["jesterMod:Strike"],"damage_healed":0,"gold_gain":0,"player_choice":"Card Removal","damage_taken":0,"max_hp_gain":0,"max_hp_loss":0,"event_name":"Wheel of Change","floor":28,"gold_loss":0}],"is_beta":false,"boss_relics":[{"not_picked":["energizedSpire:NeverEndingSparkler","Sozu"],"picked":"energizedSpire:DeadBattery"}],"items_purged_floors":[],"is_endless":false,"potions_floor_spawned":[1,2,12,14,16,18,25,29],"killed_by":"Collector","ascension_level":0}}