{"host":"y0wkltgt9g64tmdy","time":1608441482,"event":{"mods":["BaseMod","Marisa£®ÏF”Í°°ƒß¿Ì…≥£©","Minty Spire (QoL Compilation)","Reimu£®≤©¿ˆ¡È√Œ£©","Remilia£®¿Ÿ√◊¿Ú—«£©","Replay The Spire","Shop Mod","StSLib","The Bug Knight","The Gatherer","Waifu the Spire","Youmu£®ªÍ∆«—˝√Œ£©","[µÿæ´ ◊¡Ï≈¿À˛]The Maniac"],"gold_per_floor":[116,131,142,142,153,184,184,218,244,262,277,296,307,307,307,405,405,415,415,433,450,469,469,482,482,482,482,582,582,582,615,615,713,713,730,749,749,749],"floor_reached":37,"playtime":2118,"items_purged":[],"score":477,"play_id":"633d0fad-1872-46ba-af87-0fc4ce172e6b","local_time":"20201220131802","is_ascension_mode":true,"campfire_choices":[{"floor":7.0,"key":"REST"},{"floor":15.0,"key":"REST"},{"floor":23.0,"key":"REST"},{"floor":25.0,"key":"REST"},{"floor":27.0,"key":"REST"}],"circlet_count":0,"master_deck":["Strike_MRS","Strike_MRS","Strike_MRS","Strike_MRS","Defend_MRS","Defend_MRS","Defend_MRS","Defend_MRS","MasterSpark","UpSweep","MilkyWay","AsteroidBelt","SporeBomb","Dramatic Entrance","EnergyFlow","IllusionStar","CasketOfStar","AsteroidBelt","GravityBeat","NonDirectionalLaser","6A","LuminesStrike","UltimateShortwave","6A+1","ShootingEcho","SuperPerseids+1","MilkyWay","PowerUp","BlazingStar","WitchLeyline","CollectingQuirk","EnergyFlow","Acceleration","GrandCross","Acceleration"],"relics":["MiniHakkero","Pet Ghost","Potion Belt","Busted Crown","Nloth\u0027s Gift","Prayer Wheel","Peace Pipe","Iron Hammer","ReplayTheSpireMod:Ring of Exchange","Enchiridion","Pantograph","SimpleLauncher"],"acts_visited":["Exordium","TheCity","TheBeyond"],"potions_floor_usage":[37],"damage_taken":[{"damage":0.0,"enemies":"Small Slimes","floor":1.0,"turns":2.0},{"damage":0.0,"enemies":"Cultist","floor":2.0,"turns":3.0},{"damage":0.0,"enemies":"2 Louse","floor":3.0,"turns":2.0},{"damage":15.0,"enemies":"Red Slaver","floor":5.0,"turns":4.0},{"damage":32.0,"enemies":"3 Sentries","floor":6.0,"turns":9.0},{"damage":21.0,"enemies":"HollowMod:MossKnight","floor":8.0,"turns":7.0},{"damage":5.0,"enemies":"Gremlin Gang","floor":10.0,"turns":3.0},{"damage":10.0,"enemies":"Looter","floor":11.0,"turns":3.0},{"damage":0.0,"enemies":"Large Slime","floor":12.0,"turns":7.0},{"damage":3.0,"enemies":"Lots of Slimes","floor":13.0,"turns":2.0},{"damage":24.0,"enemies":"The Guardian","floor":16.0,"turns":7.0},{"damage":0.0,"enemies":"Spheric Guardian","floor":18.0,"turns":4.0},{"damage":16.0,"enemies":"Chosen","floor":20.0,"turns":5.0},{"damage":32.0,"enemies":"Centurion and Healer","floor":21.0,"turns":5.0},{"damage":9.0,"enemies":"Snecko","floor":22.0,"turns":5.0},{"damage":5.0,"enemies":"Snake Plant","floor":24.0,"turns":4.0},{"damage":20.0,"enemies":"Colosseum Slavers","floor":28.0,"turns":4.0},{"damage":18.0,"enemies":"Colosseum Nobs","floor":28.0,"turns":5.0},{"damage":15.0,"enemies":"HollowMod:Nosk","floor":31.0,"turns":3.0},{"damage":58.0,"enemies":"Collector","floor":33.0,"turns":9.0},{"damage":7.0,"enemies":"3 Darklings","floor":35.0,"turns":3.0},{"damage":5.0,"enemies":"Orb Walker","floor":36.0,"turns":3.0},{"damage":75,"enemies":"Transient","floor":37,"turns":5}],"seed_played":"-6346385492940123723","potions_obtained":[{"floor":2.0,"key":"Swift Potion"},{"floor":3.0,"key":"Strength Potion"},{"floor":6.0,"key":"Toxic Potion"},{"floor":22.0,"key":"Ancient Potion"},{"floor":28.0,"key":"Cursed Concoction"},{"floor":33.0,"key":"EntropicBrew"},{"floor":36.0,"key":"Reflective Coating"}],"is_trial":false,"path_per_floor":["M","M","M","?","M","E","R","E","T","M","M","M","M","?","R","B",null,"M","?","M","M","M","R","M","R","T","R","?","?","?","E","R","B",null,"M","M","M"],"character_chosen":"MARISA","items_purchased":[],"campfire_rested":5,"item_purchase_floors":[],"current_hp_per_floor":[80,80,80,80,65,33,57,36,36,31,21,21,18,18,42,18,80,80,80,64,32,23,47,42,66,66,80,42,42,26,11,35,2,80,73,68,0,0],"gold":749,"neow_bonus":"RANDOM_EVENT","is_daily":false,"chose_seed":false,"campfire_upgraded":0,"win_rate":0.0,"timestamp":1608441482,"path_taken":["M","M","M","?","M","E","R","E","T","M","M","M","?","?","R","BOSS","M","?","?","?","?","R","M","R","T","R","?","?","?","E","R","BOSS","M","M","M"],"items_purchased_type":[],"build_version":"2020-12-13","purchased_purges":0,"victory":false,"max_hp_per_floor":[80,80,80,80,80,80,80,80,80,80,80,80,80,80,80,80,80,80,80,80,80,80,80,80,80,80,80,80,80,80,80,80,80,80,80,80,80,80],"card_choices":[{"not_picked":["NonDirectionalLaser","ChargingUp"],"picked":"MilkyWay","floor":1.0},{"not_picked":["GravityBeat","6A"],"picked":"AsteroidBelt","floor":2.0},{"not_picked":["IllusionStar","NonDirectionalLaser"],"picked":"SporeBomb","floor":3.0},{"not_picked":["SporeBomb","ShootingEcho"],"picked":"IllusionStar","floor":5.0},{"not_picked":["Acceleration","GalacticHalo"],"picked":"CasketOfStar","floor":6.0},{"not_picked":["DoubleSpark","ChargeUpSpray"],"picked":"AsteroidBelt","floor":8.0},{"not_picked":["MilkyWay","DoubleSpark"],"picked":"GravityBeat","floor":10.0},{"not_picked":["IllusionStar","MeteoricShower"],"picked":"NonDirectionalLaser","floor":11.0},{"not_picked":["AsteroidBelt","DeepEcoloBomb"],"picked":"6A","floor":12.0},{"not_picked":["BlazeAway","Robbery"],"picked":"LuminesStrike","floor":13.0},{"not_picked":["MillisecondPulsars","FinalSpark"],"picked":"UltimateShortwave","floor":16.0},{"not_picked":[],"picked":"6A+1","floor":18.0},{"not_picked":[],"picked":"ShootingEcho","floor":20.0},{"not_picked":[],"picked":"SuperPerseids","floor":21.0},{"not_picked":[],"picked":"MilkyWay","floor":22.0},{"not_picked":[],"picked":"PowerUp","floor":24.0},{"not_picked":[],"picked":"BlazingStar","floor":28.0},{"not_picked":[],"picked":"WitchLeyline","floor":31.0},{"not_picked":[],"picked":"CollectingQuirk","floor":33.0},{"not_picked":[],"picked":"EnergyFlow","floor":35.0},{"not_picked":[],"picked":"Acceleration","floor":35.0},{"not_picked":[],"picked":"GrandCross","floor":36.0},{"not_picked":[],"picked":"Acceleration","floor":36.0}],"player_experience":91897,"relics_obtained":[{"floor":6.0,"key":"Unceasing Top"},{"floor":8.0,"key":"Pet Ghost"},{"floor":9.0,"key":"Potion Belt"},{"floor":26.0,"key":"Prayer Wheel"},{"floor":28.0,"key":"Peace Pipe"},{"floor":28.0,"key":"Iron Hammer"},{"floor":29.0,"key":"ReplayTheSpireMod:Ring of Exchange"},{"floor":30.0,"key":"Enchiridion"},{"floor":31.0,"key":"Pantograph"}],"event_choices":[{"damage_healed":0.0,"max_hp_gain":5.0,"max_hp_loss":0.0,"gold_gain":0.0,"event_name":"Big Fish","player_choice":"Donut","floor":0.0,"gold_loss":0.0,"damage_taken":0.0},{"damage_healed":0.0,"max_hp_gain":0.0,"max_hp_loss":0.0,"gold_gain":0.0,"event_name":"Match and Keep!","player_choice":"2 cards matched","floor":4.0,"gold_loss":0.0,"damage_taken":0.0,"cards_obtained":["Dramatic Entrance","EnergyFlow"]},{"damage_healed":0.0,"max_hp_gain":0.0,"max_hp_loss":0.0,"gold_gain":0.0,"event_name":"Shining Light","player_choice":"Ignored","floor":14.0,"gold_loss":0.0,"damage_taken":0.0},{"damage_healed":0.0,"max_hp_gain":0.0,"max_hp_loss":0.0,"gold_gain":0.0,"event_name":"N\u0027loth","player_choice":"Traded Relic","floor":19.0,"relics_lost":["Unceasing Top"],"gold_loss":0.0,"damage_taken":0.0,"relics_obtained":["Nloth\u0027s Gift"]},{"damage_healed":0.0,"max_hp_gain":0.0,"max_hp_loss":0.0,"gold_gain":0.0,"event_name":"Colosseum","player_choice":"Fight","floor":28.0,"gold_loss":0.0,"damage_taken":0.0},{"damage_healed":0.0,"max_hp_gain":0.0,"max_hp_loss":0.0,"gold_gain":0.0,"event_name":"Colosseum","player_choice":"Fought Nobs","floor":28.0,"gold_loss":0.0,"damage_taken":0.0},{"damage_healed":0.0,"max_hp_gain":0.0,"max_hp_loss":0.0,"gold_gain":0.0,"event_name":"Cursed Tome","player_choice":"Obtained Book","floor":30.0,"gold_loss":0.0,"damage_taken":16.0}],"is_beta":false,"boss_relics":[{"not_picked":["Philosopher\u0027s Stone","Replay:Ancient Bell"],"picked":"Busted Crown"},{"not_picked":["OrangePellets","Painkiller Herb"],"picked":"SimpleLauncher"}],"items_purged_floors":[],"is_endless":false,"potions_floor_spawned":[2,3,6,22,28,31,33,36],"killed_by":"Transient","ascension_level":1}}