{"host":"n4fty02wqqi95laq","time":1608444166,"event":{"mods":["BaseMod","Highlight Path","Minty Spire (QoL Compilation)","Quick Restart","Rare Cards Sparkle","StSLib"],"gold_per_floor":[119,119,166,177,195,195,227,243,243,259,184,84,84,96,96,175,175,189,203,32,32,32],"floor_reached":21,"playtime":726,"items_purged":["Strike_G","Strike_G"],"score":362,"play_id":"afb98a55-f3cb-44d1-ae10-4343a84e1f9a","local_time":"20201220140246","is_ascension_mode":true,"campfire_choices":[{"data":"Eviscerate","floor":6.0,"key":"SMITH"},{"data":"Envenom","floor":13.0,"key":"SMITH"},{"data":"Cloak And Dagger","floor":15.0,"key":"SMITH"}],"circlet_count":0,"master_deck":["AscendersBane","Strike_G","Strike_G","Defend_G","Defend_G","Defend_G","Defend_G","Defend_G","Survivor","Neutralize","Accuracy","Envenom+1","Backflip","Eviscerate+1","Acrobatics","Accuracy","Flechettes","Cloak And Dagger+1","Malaise"],"relics":["Ring of the Snake","NeowsBlessing","Vajra","StoneCalendar","MealTicket","Runic Pyramid","Medical Kit"],"acts_visited":["Exordium","TheCity"],"potions_floor_usage":[18,19,21],"damage_taken":[{"damage":0.0,"enemies":"Jaw Worm","floor":1.0,"turns":1.0},{"damage":0.0,"enemies":"Cultist","floor":4.0,"turns":1.0},{"damage":0.0,"enemies":"Small Slimes","floor":5.0,"turns":1.0},{"damage":12.0,"enemies":"3 Sentries","floor":7.0,"turns":7.0},{"damage":4.0,"enemies":"Looter","floor":8.0,"turns":4.0},{"damage":7.0,"enemies":"Blue Slaver","floor":10.0,"turns":7.0},{"damage":20.0,"enemies":"Gremlin Gang","floor":14.0,"turns":7.0},{"damage":22.0,"enemies":"Slime Boss","floor":16.0,"turns":8.0},{"damage":23,"enemies":"3 Byrds","floor":18,"turns":5},{"damage":11,"enemies":"2 Thieves","floor":19,"turns":4},{"damage":38,"enemies":"Masked Bandits","floor":21,"turns":3}],"seed_played":"7812633175939831122","potions_obtained":[{"floor":5.0,"key":"CunningPotion"},{"floor":8.0,"key":"SteroidPotion"},{"floor":14.0,"key":"Explosive Potion"},{"floor":18,"key":"Energy Potion"}],"is_trial":false,"path_per_floor":["M","?","T","M","M","R","E","M","T","M","$","$","R","M","R","B",null,"M","M","$","?"],"character_chosen":"THE_SILENT","items_purchased":["Medical Kit"],"campfire_rested":0,"item_purchase_floors":[20],"current_hp_per_floor":[59,59,59,59,59,59,47,43,43,36,51,66,66,46,46,24,56,33,22,37,0,0],"gold":32,"neow_bonus":"THREE_ENEMY_KILL","is_daily":false,"chose_seed":false,"campfire_upgraded":3,"win_rate":0.0,"timestamp":1608444166,"path_taken":["M","?","?","M","?","R","E","M","T","M","$","?","R","M","R","BOSS","M","?","$","?"],"items_purchased_type":["Relic"],"build_version":"2020-12-13","purchased_purges":2,"victory":false,"max_hp_per_floor":[66,66,66,66,66,66,66,66,66,66,66,66,66,66,66,66,66,66,66,66,66,66],"card_choices":[{"not_picked":["Blade Dance","Prepared"],"picked":"Accuracy","floor":1.0},{"not_picked":["PiercingWail","Dodge and Roll"],"picked":"Backflip","floor":4.0},{"not_picked":["Reflex","Dagger Spray"],"picked":"Eviscerate","floor":5.0},{"not_picked":["Deadly Poison","Crippling Poison"],"picked":"Acrobatics","floor":7.0},{"not_picked":["Caltrops","Backstab"],"picked":"Accuracy","floor":8.0},{"not_picked":["Prepared","Flechettes","All Out Attack"],"picked":"SKIP","floor":10.0},{"not_picked":["Prepared","All Out Attack"],"picked":"Flechettes","floor":10.0},{"not_picked":["Dash","Skewer"],"picked":"Cloak And Dagger","floor":14.0},{"not_picked":["Wraith Form v2","Glass Knife"],"picked":"Malaise","floor":16.0},{"not_picked":["Catalyst","Deadly Poison","Slice"],"picked":"SKIP","floor":18},{"not_picked":["Cloak And Dagger","Caltrops","Leg Sweep"],"picked":"SKIP","floor":19},{"not_picked":["Cloak And Dagger","Caltrops","Leg Sweep"],"picked":"SKIP","floor":19}],"player_experience":627652,"relics_obtained":[{"floor":3.0,"key":"Vajra"},{"floor":7.0,"key":"StoneCalendar"},{"floor":9.0,"key":"MealTicket"}],"event_choices":[{"damage_healed":0.0,"max_hp_gain":0.0,"max_hp_loss":0.0,"gold_gain":0.0,"cards_transformed":["Strike_G"],"event_name":"Living Wall","player_choice":"Change","floor":2.0,"gold_loss":0.0,"damage_taken":0.0,"cards_obtained":["Envenom"]},{"damage_healed":0,"gold_gain":0,"player_choice":"Fought Bandits","damage_taken":0,"max_hp_gain":0,"max_hp_loss":0,"event_name":"Masked Bandits","floor":21,"gold_loss":0}],"is_beta":false,"boss_relics":[{"not_picked":["Ectoplasm","Cursed Key"],"picked":"Runic Pyramid"}],"items_purged_floors":[11,12],"is_endless":false,"potions_floor_spawned":[5,8,14,18],"killed_by":"Masked Bandits","ascension_level":20}}