{"host":"hgkb2zpbo2dcws21","time":1608446087,"event":{"mods":["AchievementEnabler","BaseMod","Colored Map","Colored Powertips","Custom Start","DeckTracker","KOR Keyword Fix","Minty Spire (QoL Compilation)","StSLib","SuperFastMode"],"gold_per_floor":[114,134,144,163,88,117,117,117,117],"floor_reached":8,"playtime":160,"items_purged":[],"score":110,"play_id":"634f430f-702a-422e-b056-957e9040fa8f","local_time":"20201220153447","is_ascension_mode":true,"campfire_choices":[{"floor":7,"key":"REST"}],"circlet_count":0,"master_deck":["AscendersBane","Strike_G","Strike_G","Strike_G","Strike_G","Defend_G","Defend_G","Defend_G","Defend_G","Defend_G","Survivor","Neutralize","Blade Dance","Blade Dance","Footwork","Phantasmal Killer","Backflip"],"relics":["Ring of the Snake","NeowsBlessing","Paper Crane"],"acts_visited":["Exordium"],"potions_floor_usage":[],"damage_taken":[{"damage":0,"enemies":"Cultist","floor":1,"turns":1},{"damage":0,"enemies":"2 Louse","floor":2,"turns":1},{"damage":0,"enemies":"Small Slimes","floor":3,"turns":1},{"damage":9,"enemies":"3 Louse","floor":4,"turns":4},{"damage":49,"enemies":"Lagavulin","floor":6,"turns":8},{"damage":11,"enemies":"Gremlin Nob","floor":8,"turns":3}],"seed_played":"2378517350385253370","potions_obtained":[{"floor":2,"key":"SmokeBomb"},{"floor":6,"key":"Poison Potion"}],"is_trial":false,"path_per_floor":["M","M","M","M","?","E","R","E"],"character_chosen":"THE_SILENT","items_purchased":[],"campfire_rested":1,"item_purchase_floors":[],"current_hp_per_floor":[59,59,59,50,50,1,20,9,9],"gold":117,"neow_bonus":"THREE_ENEMY_KILL","is_daily":false,"chose_seed":false,"campfire_upgraded":0,"win_rate":0.0,"timestamp":1608446087,"path_taken":["M","?","M","M","?","E","R","E"],"items_purchased_type":[],"build_version":"2020-12-13","purchased_purges":0,"victory":false,"max_hp_per_floor":[66,66,66,66,66,66,66,66,66],"card_choices":[{"not_picked":["Dagger Throw","Quick Slash"],"picked":"Blade Dance","floor":1},{"not_picked":["Prepared","Dagger Throw"],"picked":"Blade Dance","floor":2},{"not_picked":["Quick Slash","Masterful Stab"],"picked":"Footwork","floor":3},{"not_picked":["Expertise","Riddle With Holes"],"picked":"Phantasmal Killer","floor":4},{"not_picked":["Die Die Die","Outmaneuver"],"picked":"Backflip","floor":6}],"player_experience":1090013,"relics_obtained":[{"floor":6,"key":"Paper Crane"}],"event_choices":[{"cards_removed":["Strike_G"],"damage_healed":0,"gold_gain":0,"player_choice":"Card Removal","damage_taken":0,"max_hp_gain":0,"max_hp_loss":0,"event_name":"The Cleric","floor":5,"gold_loss":75}],"is_beta":false,"boss_relics":[],"items_purged_floors":[],"is_endless":false,"potions_floor_spawned":[2,6],"killed_by":"Gremlin Nob","ascension_level":18}}