{"host":"61r95uy0hn86b9iu","time":1608499605,"event":{"mods":["AchievementEnabler","BaseMod","Better Vampires","BetterRewards","Colored Powertips","Hubris","Minty Spire (QoL Compilation)","Shop Mod","StSLib"],"gold_per_floor":[118,128,3,22,22,22,35,35,35,35,82,117,132,142,142,221,221,194,208,258,275,165,165,165],"floor_reached":23,"playtime":832,"items_purged":[],"score":386,"play_id":"a24c5b6f-dc4a-480d-8dde-132f157dc8a9","local_time":"20201220152645","is_ascension_mode":true,"campfire_choices":[{"floor":6.0,"key":"REST"},{"floor":8.0,"key":"REST"},{"data":"Noxious Fumes","floor":10.0,"key":"SMITH"},{"floor":15.0,"key":"REST"}],"circlet_count":0,"master_deck":["AscendersBane","Strike_G","Strike_G","Strike_G","Defend_G","Defend_G","Defend_G","Defend_G+1","Defend_G","Survivor","Neutralize","Blur","Dagger Spray","Noxious Fumes+1","Sucker Punch","Venomology","Deadly Poison+1","Bane","Footwork","Deflect","Adrenaline+1","Deadly Poison","Heel Hook+1"],"relics":["Ring of the Snake","Membership Card","hubris:EvacipatedBox","War Paint","Ancient Tea Set","hubris:FunFungus","SacredBark"],"acts_visited":["Exordium","TheCity"],"potions_floor_usage":[23,23],"damage_taken":[{"damage":6.0,"enemies":"Cultist","floor":1.0,"turns":5.0},{"damage":0.0,"enemies":"Jaw Worm","floor":2.0,"turns":2.0},{"damage":1.0,"enemies":"Small Slimes","floor":4.0,"turns":4.0},{"damage":19.0,"enemies":"Red Slaver","floor":7.0,"turns":4.0},{"damage":22.0,"enemies":"3 Sentries","floor":12.0,"turns":6.0},{"damage":4.0,"enemies":"Blue Slaver","floor":13.0,"turns":4.0},{"damage":0.0,"enemies":"Looter","floor":14.0,"turns":5.0},{"damage":3.0,"enemies":"Slime Boss","floor":16.0,"turns":8.0},{"damage":10.0,"enemies":"2 Thieves","floor":18.0,"turns":4.0},{"damage":19.0,"enemies":"3 Byrds","floor":19.0,"turns":6.0},{"damage":0.0,"enemies":"Centurion and Healer","floor":21.0,"turns":8.0},{"damage":30,"enemies":"Slavers","floor":23,"turns":4}],"seed_played":"-4301935404428564992","potions_obtained":[{"floor":1.0,"key":"AttackPotion"},{"floor":4.0,"key":"LiquidBronze"},{"floor":13.0,"key":"EssenceOfSteel"},{"floor":16.0,"key":"CultistPotion"}],"is_trial":false,"path_per_floor":["M","M","$","M","$","R","M","R","T","R","T","E","M","M","R","B",null,"M","M","?","M","?","E"],"character_chosen":"THE_SILENT","items_purchased":["Noxious Fumes","Sucker Punch","Membership Card","hubris:EvacipatedBox"],"campfire_rested":3,"item_purchase_floors":[3,3,5,5],"current_hp_per_floor":[53,53,53,52,23,42,23,42,42,42,42,20,16,16,35,34,58,48,30,30,30,30,0,0],"gold":165,"neow_bonus":"REMOVE_CARD","is_daily":false,"chose_seed":false,"campfire_upgraded":1,"win_rate":0.0,"timestamp":1608499605,"path_taken":["M","M","$","?","?","R","M","R","T","R","?","E","?","M","R","BOSS","M","M","?","?","?","E"],"items_purchased_type":["Card","Card","Relic","Relic"],"build_version":"2020-12-13","purchased_purges":0,"victory":false,"max_hp_per_floor":[66,66,66,66,66,66,66,66,66,66,66,66,66,66,66,66,66,66,66,66,66,66,66,66],"card_choices":[{"not_picked":["Blade Dance","Underhanded Strike"],"picked":"Blur","floor":1.0},{"not_picked":["Expertise","Backstab"],"picked":"Dagger Spray","floor":2.0},{"not_picked":["Quick Slash","Catalyst"],"picked":"Venomology","floor":4.0},{"not_picked":["Outmaneuver","Bane"],"picked":"Deadly Poison","floor":7.0},{"not_picked":["Choke","Dagger Throw"],"picked":"Bane","floor":12.0},{"not_picked":["hubris:SlightOfHand","Underhanded Strike"],"picked":"Footwork","floor":13.0},{"not_picked":["Sucker Punch","Deadly Poison"],"picked":"Deflect","floor":14.0},{"not_picked":["A Thousand Cuts","Grand Finale"],"picked":"Adrenaline","floor":16.0},{"not_picked":["hubris:TrickCloak","Quick Slash"],"picked":"Deadly Poison","floor":18.0},{"not_picked":["hubris:SlightOfHand+1","Flying Knee","Dodge and Roll"],"picked":"SKIP","floor":19.0},{"not_picked":["Deflect","Blade Dance"],"picked":"Heel Hook+1","floor":21.0}],"player_experience":3198880,"relics_obtained":[{"floor":9.0,"key":"War Paint"},{"floor":11.0,"key":"Ancient Tea Set"},{"floor":12.0,"key":"hubris:FunFungus"}],"event_choices":[{"damage_healed":0.0,"max_hp_gain":0.0,"max_hp_loss":0.0,"gold_gain":50.0,"event_name":"Golden Shrine","player_choice":"Pray","floor":20.0,"gold_loss":0.0,"damage_taken":0.0},{"cards_removed":["Strike_G"],"damage_healed":0.0,"max_hp_gain":0.0,"max_hp_loss":0.0,"gold_gain":0.0,"event_name":"Designer","player_choice":"Upgrade and Remove","floor":22.0,"gold_loss":110.0,"damage_taken":0.0,"cards_upgraded":["Adrenaline"]}],"is_beta":false,"boss_relics":[{"not_picked":["Ring of the Serpent","Fusion Hammer","Coffee Dripper"],"picked":"SacredBark"}],"items_purged_floors":[],"is_endless":false,"potions_floor_spawned":[1,4,13,16,21],"killed_by":"Slavers","ascension_level":20}}