{"host":"fq1bpa5mgr3rtgnr","time":1608502411,"event":{"mods":["AchievementEnabler","BaseMod","Colored Map","Colored Powertips","Highlight Path","Minty Spire (QoL Compilation)","Relic Stats","StSLib"],"gold_per_floor":[110,110,110,0,0,0,35,56,110,145,161,161,175,18,18,144,144,168,181,181,181],"floor_reached":20,"playtime":808,"items_purged":["Strike_G"],"score":321,"play_id":"563e16fe-7907-4740-94a8-7c6bbb955814","local_time":"20201220171331","is_ascension_mode":true,"campfire_choices":[{"floor":6.0,"key":"REST"},{"data":"Neutralize","floor":12.0,"key":"SMITH"},{"data":"Catalyst","floor":15.0,"key":"SMITH"}],"circlet_count":0,"master_deck":["AscendersBane","Strike_G","Strike_G","Strike_G","Strike_G","Defend_G","Defend_G","Defend_G","Defend_G+1","Defend_G","Survivor","Neutralize+1","Dodge and Roll+1","Crippling Poison","Noxious Fumes","Acrobatics","Noxious Fumes","Backflip","Catalyst+1","Envenom","Acrobatics+1","Blur"],"relics":["Ring of the Snake","NeowsBlessing","Golden Idol","Dream Catcher","Centennial Puzzle","Happy Flower","War Paint","Strange Spoon","Black Star"],"acts_visited":["Exordium","TheCity"],"potions_floor_usage":[20],"damage_taken":[{"damage":0.0,"enemies":"2 Louse","floor":1.0,"turns":1.0},{"damage":0.0,"enemies":"Lagavulin","floor":7.0,"turns":1.0},{"damage":0.0,"enemies":"Small Slimes","floor":8.0,"turns":1.0},{"damage":35.0,"enemies":"Gremlin Nob","floor":10.0,"turns":6.0},{"damage":0.0,"enemies":"Cultist","floor":11.0,"turns":4.0},{"damage":4.0,"enemies":"Lots of Slimes","floor":13.0,"turns":3.0},{"damage":14.0,"enemies":"Hexaghost","floor":16.0,"turns":10.0},{"damage":15.0,"enemies":"Spheric Guardian","floor":18.0,"turns":4.0},{"damage":20.0,"enemies":"3 Byrds","floor":19.0,"turns":5.0},{"damage":18,"enemies":"Snake Plant","floor":20,"turns":3}],"seed_played":"-3642954073460708548","potions_obtained":[{"floor":7.0,"key":"Weak Potion"},{"floor":10.0,"key":"Regen Potion"},{"floor":11.0,"key":"DuplicationPotion"},{"floor":19,"key":"EssenceOfSteel"}],"is_trial":false,"path_per_floor":["M","?","?","$","?","R","E","M","T","E","M","R","M","$","R","B",null,"M","M","M"],"character_chosen":"THE_SILENT","items_purchased":["Crippling Poison","Strange Spoon"],"campfire_rested":1,"item_purchase_floors":[4,14],"current_hp_per_floor":[63,46,28,28,21,42,42,42,42,7,7,7,15,15,15,1,53,38,18,0,0],"gold":181,"neow_bonus":"THREE_ENEMY_KILL","is_daily":false,"chose_seed":false,"campfire_upgraded":2,"win_rate":0.0,"timestamp":1608502411,"path_taken":["M","?","?","$","?","R","E","?","T","E","M","R","M","$","R","BOSS","M","?","M"],"items_purchased_type":["Card","Relic"],"build_version":"2020-12-13","purchased_purges":1,"victory":false,"max_hp_per_floor":[70,70,70,70,70,70,70,70,70,70,70,70,70,70,70,70,70,70,70,70,70],"relic_stats":{"Strange Spoon":[2],"Dream Catcher":1,"Centennial Puzzle":[18],"Happy Flower":[11],"counters":[10,38],"Golden Idol":60,"Black Star":0,"War Paint":["Dodge and Roll","Defend_G"],"obtain_stats":[{"Strange Spoon":14,"Dream Catcher":3,"Centennial Puzzle":7,"NeowsBlessing":0,"Happy Flower":9,"Golden Idol":2,"Black Star":17,"War Paint":10,"Ring of the Snake":0},{"Strange Spoon":6,"Dream Catcher":1,"Centennial Puzzle":2,"NeowsBlessing":0,"Happy Flower":3,"Golden Idol":1,"Black Star":7,"War Paint":4,"Ring of the Snake":0},{"Strange Spoon":16,"Dream Catcher":1,"Centennial Puzzle":2,"NeowsBlessing":0,"Happy Flower":3,"Golden Idol":1,"Black Star":26,"War Paint":9,"Ring of the Snake":0}],"Ring of the Snake":[20]},"card_choices":[{"not_picked":["Slice","Masterful Stab"],"picked":"Dodge and Roll","floor":1.0},{"not_picked":["Underhanded Strike","Sucker Punch"],"picked":"Noxious Fumes","floor":6.0},{"not_picked":["Cloak And Dagger","Endless Agony","Bane"],"picked":"SKIP","floor":7.0},{"not_picked":["Masterful Stab","Blade Dance"],"picked":"Acrobatics","floor":8.0},{"not_picked":["Blade Dance","Quick Slash"],"picked":"Noxious Fumes","floor":10.0},{"not_picked":["Dagger Spray","PiercingWail"],"picked":"Backflip","floor":11.0},{"not_picked":["Acrobatics","Well Laid Plans"],"picked":"Catalyst","floor":13.0},{"not_picked":["Grand Finale","Phantasmal Killer"],"picked":"Envenom","floor":16.0},{"not_picked":["Bane","Caltrops+1"],"picked":"Acrobatics+1","floor":18.0},{"not_picked":["Leg Sweep+1","Blade Dance"],"picked":"Blur","floor":19}],"player_experience":377853,"relics_obtained":[{"floor":7.0,"key":"Centennial Puzzle"},{"floor":9.0,"key":"Happy Flower"},{"floor":10.0,"key":"War Paint"}],"event_choices":[{"damage_healed":0.0,"max_hp_gain":0.0,"max_hp_loss":0.0,"gold_gain":0.0,"event_name":"Golden Idol","player_choice":"Take Damage","floor":2.0,"gold_loss":0.0,"damage_taken":17.0,"relics_obtained":["Golden Idol"]},{"damage_healed":0.0,"max_hp_gain":0.0,"max_hp_loss":0.0,"gold_gain":0.0,"event_name":"Scrap Ooze","player_choice":"Success","floor":3.0,"gold_loss":0.0,"damage_taken":18.0,"relics_obtained":["Dream Catcher"]},{"damage_healed":0.0,"max_hp_gain":0.0,"max_hp_loss":0.0,"gold_gain":0.0,"event_name":"Wheel of Change","player_choice":"Damaged","floor":5.0,"gold_loss":0.0,"damage_taken":7.0}],"is_beta":false,"boss_relics":[{"not_picked":["Calling Bell","Fusion Hammer"],"picked":"Black Star"}],"items_purged_floors":[4],"is_endless":false,"potions_floor_spawned":[7,10,11,19],"killed_by":"Snake Plant","ascension_level":11}}