{"host":"ljavmhyz2e552xgo","time":1608424040,"event":{"mods":["BaseMod","Better Third Choice","Friendly Minions","GungeonMod","Minty Spire (QoL Compilation)","Permanent Neow","Spicy Shops","StSLib"],"gold_per_floor":[119,130,130,151,151,151,151],"floor_reached":6,"playtime":288,"items_purged":[],"score":36,"play_id":"3016a704-074d-4a6e-b5c2-dc6c9649e587","local_time":"20201219182720","is_ascension_mode":false,"campfire_choices":[],"circlet_count":0,"master_deck":["DemoMod:Strike_Huntress","DemoMod:Strike_Huntress","DemoMod:Strike_Huntress","DemoMod:Defend_Huntress","DemoMod:Defend_Huntress","DemoMod:Defend_Huntress","DemoMod:Defend_Huntress","DemoMod:Roll","DemoMod:ManualReload","DemoMod:RustySidearm","DemoMod:CrossBow","DemoMod:SAA","DemoMod:FeignSurrender","DemoMod:FastSwitch"],"relics":["DemoMod:Dog","Shovel","Golden Idol","DemoMod:Bottle"],"acts_visited":["Exordium"],"potions_floor_usage":[6],"damage_taken":[{"damage":0,"enemies":"Small Slimes","floor":1,"turns":3},{"damage":1,"enemies":"Jaw Worm","floor":2,"turns":3},{"damage":2,"enemies":"2 Louse","floor":4,"turns":3},{"damage":64,"enemies":"Gremlin Nob","floor":6,"turns":4}],"seed_played":"-3827342264454461346","potions_obtained":[{"floor":4,"key":"DuplicationPotion"}],"is_trial":false,"path_per_floor":["M","M","?","M","T","E"],"character_chosen":"HUNTRESS","items_purchased":[],"campfire_rested":0,"item_purchase_floors":[],"current_hp_per_floor":[63,62,47,45,45,0,0],"gold":151,"neow_bonus":"ONE_RARE_RELIC","is_daily":false,"chose_seed":false,"campfire_upgraded":0,"win_rate":0.0,"timestamp":1608424040,"path_taken":["M","M","?","M","?","E"],"items_purchased_type":[],"build_version":"2020-12-13","purchased_purges":0,"victory":false,"max_hp_per_floor":[63,63,63,63,63,63,63],"card_choices":[{"not_picked":["DemoMod:PracticeMakesPerfect","DemoMod:Unmoved"],"picked":"DemoMod:SAA","floor":1},{"not_picked":["DemoMod:TeaPot","DemoMod:DoubleSwitch"],"picked":"DemoMod:FeignSurrender","floor":2},{"not_picked":["DemoMod:ConditionalReflex","DemoMod:GunShield"],"picked":"DemoMod:FastSwitch","floor":4}],"player_experience":1367522,"relics_obtained":[{"floor":5,"key":"DemoMod:Bottle"}],"event_choices":[{"damage_healed":0,"gold_gain":0,"player_choice":"Take Damage","damage_taken":15,"relics_obtained":["Golden Idol"],"max_hp_gain":0,"max_hp_loss":0,"event_name":"Golden Idol","floor":3,"gold_loss":0}],"is_beta":false,"boss_relics":[],"items_purged_floors":[],"is_endless":false,"potions_floor_spawned":[4],"killed_by":"Gremlin Nob","ascension_level":0}}