{"host":"q87smtchbkq9l0at","time":1608477790,"event":{"mods":["BaseMod","Colored Map","Colored Powertips","Minty Spire (QoL Compilation)","Quick Restart","StSLib","SuperFastMode","noobMod"],"gold_per_floor":[115,127,144,154,104,138,197,217,217,233,250,152,166,192,192,287,287,300,314,136,151,168,202,202,222,246,265,290,290,319,338,338,438,438,456,506,522,482,493,493,505,505,530,530,542,578,53,69,69,69,69,69,17,58,58],"floor_reached":56,"playtime":2005,"items_purged":["Bash"],"score":1389,"play_id":"cc3f8fc8-7b46-4e61-bf4d-313ba63b96ff","local_time":"20201220232310","is_ascension_mode":true,"campfire_choices":[{"data":"Armaments","floor":15.0,"key":"SMITH"},{"data":"True Grit","floor":24,"key":"SMITH"},{"floor":29,"key":"REST"},{"floor":32,"key":"RECALL"},{"floor":40,"key":"REST"},{"data":"Offering","floor":42,"key":"SMITH"},{"floor":44,"key":"REST"},{"floor":49,"key":"REST"},{"data":"Fire Breathing","floor":52,"key":"SMITH"}],"circlet_count":0,"master_deck":["Strike_R","Strike_R","Strike_R","Strike_R","Strike_R","Defend_R","Defend_R","Defend_R","Armaments+1","Perfected Strike","Shrug It Off","Pommel Strike","Wild Strike","Pommel Strike","Wild Strike","Twin Strike","Offering+1","True Grit+1","Disarm+1","Wild Strike","Fire Breathing+1","Dual Wield+1","Perfected Strike","Berserk","Pommel Strike+1","Bloodletting","Ghostly Armor+1","Intimidate","Evolve+1","Reaper","Pommel Strike","PanicButton","Dark Embrace+1"],"relics":["Burning Blood","ice","Shuriken","Blood Vial","Kunai","Odd Mushroom","Philosopher\u0027s Stone","Gambling Chip","Regal Pillow","FossilizedHelix","Runic Dome","Charon\u0027s Ashes","CeramicFish","Ancient Tea Set","StrikeDummy","Toolbox","Boot"],"acts_visited":["Exordium","TheCity","TheBeyond","TheEnding"],"potions_floor_usage":[27,28,28,33,33,33,39,50,50,55],"damage_taken":[{"damage":7.0,"enemies":"Jaw Worm","floor":1.0,"turns":3.0},{"damage":4.0,"enemies":"2 Louse","floor":2.0,"turns":3.0},{"damage":11.0,"enemies":"Cultist","floor":3.0,"turns":4.0},{"damage":10.0,"enemies":"Exordium Wildlife","floor":4.0,"turns":4.0},{"damage":43.0,"enemies":"3 Sentries","floor":6.0,"turns":9.0},{"damage":6.0,"enemies":"Gremlin Nob","floor":7.0,"turns":3.0},{"damage":9.0,"enemies":"Looter","floor":8.0,"turns":3.0},{"damage":13.0,"enemies":"Blue Slaver","floor":10.0,"turns":2.0},{"damage":6.0,"enemies":"Lots of Slimes","floor":11.0,"turns":4.0},{"damage":9.0,"enemies":"2 Fungi Beasts","floor":13.0,"turns":3.0},{"damage":4.0,"enemies":"The Mushroom Lair","floor":14.0,"turns":3.0},{"damage":24.0,"enemies":"Hexaghost","floor":16.0,"turns":10.0},{"damage":14.0,"enemies":"Shell Parasite","floor":18.0,"turns":3.0},{"damage":0,"enemies":"Spheric Guardian","floor":19,"turns":2},{"damage":10,"enemies":"Snecko","floor":21,"turns":4},{"damage":10,"enemies":"Sentry and Sphere","floor":22,"turns":3},{"damage":36,"enemies":"Slavers","floor":23,"turns":5},{"damage":29,"enemies":"Snake Plant","floor":25,"turns":3},{"damage":10,"enemies":"3 Cultists","floor":27,"turns":4},{"damage":58,"enemies":"Gremlin Leader","floor":28,"turns":5},{"damage":33,"enemies":"Slavers","floor":30,"turns":5},{"damage":6,"enemies":"Snecko","floor":31,"turns":3},{"damage":23,"enemies":"Champ","floor":33,"turns":8},{"damage":47,"enemies":"3 Darklings","floor":35,"turns":3},{"damage":15,"enemies":"Mind Bloom Boss Battle","floor":36,"turns":5},{"damage":32,"enemies":"3 Shapes","floor":37,"turns":4},{"damage":6,"enemies":"Spire Growth","floor":39,"turns":3},{"damage":40,"enemies":"Writhing Mass","floor":41,"turns":5},{"damage":31,"enemies":"4 Shapes","floor":45,"turns":4},{"damage":37,"enemies":"Reptomancer","floor":46,"turns":5},{"damage":25,"enemies":"Spire Growth","floor":48,"turns":3},{"damage":73,"enemies":"Time Eater","floor":50,"turns":9},{"damage":64,"enemies":"Shield and Spear","floor":54,"turns":5},{"damage":154,"enemies":"The Heart","floor":55,"turns":9}],"seed_played":"6540431039947924938","potions_obtained":[{"floor":4.0,"key":"Weak Potion"},{"floor":6.0,"key":"LiquidMemories"},{"floor":7.0,"key":"Strength Potion"},{"floor":8.0,"key":"SkillPotion"},{"floor":10.0,"key":"Block Potion"},{"floor":16.0,"key":"Ancient Potion"},{"floor":21,"key":"LiquidBronze"},{"floor":25,"key":"DistilledChaos"},{"floor":27,"key":"Ancient Potion"},{"floor":28,"key":"ElixirPotion"},{"floor":31,"key":"EssenceOfSteel"},{"floor":33,"key":"DuplicationPotion"},{"floor":35,"key":"Strength Potion"},{"floor":36,"key":"SkillPotion"},{"floor":41,"key":"FearPotion"}],"is_trial":false,"path_per_floor":["M","M","M","M","?","E","?","M","T","M","M","$","M","?","R","B",null,"M","M","$","M","M","E","R","M","T","M","E","R","E","M","R","B",null,"M","?","M","?","M","R","M","R","T","R","M","E","$","M","R","B",null,"R","$","E","B",null],"character_chosen":"IRONCLAD","items_purchased":["Wild Strike","Explosive Potion","Wild Strike","Fire Breathing","Pommel Strike","StrikeDummy","Toolbox","PanicButton","SkillPotion"],"campfire_rested":4,"item_purchase_floors":[12,12,20,20,47,47,47,47,53],"current_hp_per_floor":[87,88,83,79,79,42,42,41,41,36,38,38,37,41,41,25,88,80,88,88,84,82,54,54,33,33,31,68,90,63,65,65,50,102,61,54,30,30,32,84,52,52,52,107,84,55,55,38,97,45,160,160,160,114,230],"gold":58,"neow_bonus":"TEN_PERCENT_HP_BONUS","is_daily":false,"chose_seed":false,"campfire_upgraded":4,"win_rate":0.0,"timestamp":1608477790,"path_taken":["M","M","M","M","?","E","?","M","T","M","M","$","M","?","R","BOSS","M","M","$","M","M","E","R","M","T","M","E","R","E","M","R","BOSS","M","?","M","?","?","R","M","R","T","R","M","E","$","M","R","BOSS","R","$","E","BOSS"],"items_purchased_type":["Card","Potion","Card","Card","Card","Relic","Relic","Card","Potion"],"build_version":"2020-12-13","purchased_purges":1,"victory":true,"max_hp_per_floor":[88,88,88,88,88,88,88,88,88,88,88,88,88,88,88,88,88,88,88,88,88,88,88,88,88,88,88,90,90,96,97,97,102,102,105,114,122,122,124,124,136,136,136,136,142,146,146,148,148,160,160,160,160,167,260],"card_choices":[{"not_picked":["Anger","Cleave","Dropkick"],"picked":"SKIP","floor":1.0},{"not_picked":["Twin Strike","Flex"],"picked":"Armaments","floor":2.0},{"not_picked":["Blood for Blood","Shockwave"],"picked":"Perfected Strike","floor":3.0},{"not_picked":["Rage","Feel No Pain","Burning Pact"],"picked":"SKIP","floor":4.0},{"not_picked":["Reaper","Sword Boomerang"],"picked":"Shrug It Off","floor":6.0},{"not_picked":["Sword Boomerang","Combust"],"picked":"Pommel Strike","floor":8.0},{"not_picked":["True Grit","Body Slam"],"picked":"Wild Strike","floor":10.0},{"not_picked":["True Grit","Wild Strike"],"picked":"Pommel Strike","floor":11.0},{"not_picked":["Anger","Bludgeon","Sword Boomerang"],"picked":"SKIP","floor":13.0},{"not_picked":["Bloodletting","Iron Wave"],"picked":"Twin Strike","floor":14.0},{"not_picked":["Berserk","Demon Form"],"picked":"Offering","floor":16.0},{"not_picked":["Heavy Blade","Thunderclap"],"picked":"True Grit","floor":18.0},{"not_picked":["Armaments","Clash"],"picked":"Disarm+1","floor":19},{"not_picked":["Evolve+1","Body Slam"],"picked":"Dual Wield+1","floor":21},{"not_picked":["Dark Embrace","Power Through+1"],"picked":"Perfected Strike","floor":22},{"not_picked":["Sword Boomerang","Rampage"],"picked":"Berserk","floor":23},{"not_picked":["Carnage","Flex"],"picked":"Pommel Strike+1","floor":25},{"not_picked":["Clothesline","Carnage","Power Through"],"picked":"SKIP","floor":27},{"not_picked":["Clothesline+1","Flex"],"picked":"Bloodletting","floor":28},{"not_picked":["Sword Boomerang+1","Flex+1","Heavy Blade+1"],"picked":"SKIP","floor":30},{"not_picked":["Blood for Blood","Reckless Charge","Armaments"],"picked":"SKIP","floor":31},{"not_picked":["Clash+1","Thunderclap"],"picked":"Ghostly Armor+1","floor":35},{"not_picked":["Sentinel+1","Rupture+1"],"picked":"Intimidate","floor":36},{"not_picked":["Rupture","Flex","Armaments"],"picked":"SKIP","floor":37},{"not_picked":["Body Slam+1","Clash","Thunderclap+1"],"picked":"SKIP","floor":39},{"not_picked":["Iron Wave+1","Bloodletting"],"picked":"Evolve+1","floor":41},{"not_picked":["Iron Wave+1","Cleave","Armaments+1"],"picked":"SKIP","floor":45},{"not_picked":["True Grit+1","Warcry"],"picked":"Reaper","floor":46},{"not_picked":["Uppercut+1","Clothesline","Dropkick+1"],"picked":"SKIP","floor":48},{"not_picked":["Anger","Power Through"],"picked":"Dark Embrace+1","floor":54}],"player_experience":49951,"relics_obtained":[{"floor":6.0,"key":"Shuriken"},{"floor":7.0,"key":"Blood Vial"},{"floor":9.0,"key":"Kunai"},{"floor":14.0,"key":"Odd Mushroom"},{"floor":23,"key":"Gambling Chip"},{"floor":28,"key":"Regal Pillow"},{"floor":30,"key":"FossilizedHelix"},{"floor":36,"key":"Charon\u0027s Ashes"},{"floor":43,"key":"CeramicFish"},{"floor":46,"key":"Ancient Tea Set"},{"floor":54,"key":"Boot"}],"event_choices":[{"cards_removed":["Defend_R"],"damage_healed":0.0,"max_hp_gain":0.0,"max_hp_loss":0.0,"gold_gain":0.0,"event_name":"The Cleric","player_choice":"Card Removal","floor":5.0,"gold_loss":50.0,"damage_taken":0.0},{"damage_healed":0.0,"max_hp_gain":0.0,"max_hp_loss":0.0,"gold_gain":0.0,"event_name":"Dead Adventurer","player_choice":"Searched \u00271\u0027 times","floor":7.0,"gold_loss":0.0,"damage_taken":0.0},{"damage_healed":0.0,"max_hp_gain":0.0,"max_hp_loss":0.0,"gold_gain":0.0,"event_name":"Mushrooms","player_choice":"Fought Mushrooms","floor":14.0,"gold_loss":0.0,"damage_taken":0.0},{"damage_healed":0,"gold_gain":0,"player_choice":"Fight","damage_taken":0,"max_hp_gain":0,"max_hp_loss":0,"event_name":"MindBloom","floor":36,"gold_loss":0},{"damage_healed":0,"gold_gain":0,"player_choice":"Bought 3 Potions","damage_taken":0,"max_hp_gain":0,"max_hp_loss":0,"event_name":"The Woman in Blue","floor":38,"gold_loss":0}],"is_beta":false,"boss_relics":[{"not_picked":["Runic Cube","Velvet Choker"],"picked":"Philosopher\u0027s Stone"},{"not_picked":["Busted Crown","Runic Pyramid"],"picked":"Runic Dome"}],"items_purged_floors":[20],"is_endless":false,"potions_floor_spawned":[4,6,7,8,10,16,21,25,27,28,31,33,35,36,37,41,45],"ascension_level":2}}