{"host":"x1qj4d8ympd5jdqh","time":1608453167,"event":{"mods":["AchievementEnabler","AlwaysNeverKeys","BaseMod","Colored Map","Custom Start","DeckTracker","Highlight Path","Minty Spire (QoL Compilation)","StSLib","SuperFastMode"],"gold_per_floor":[214,229,246,258,131,131,156,2,2,2,2,17,46,60,60,134,134,151,169,188,188,203,231,231,231,231,250,260,260,273,273],"floor_reached":30,"playtime":1114,"items_purged":["Strike_R","Strike_R"],"score":532,"play_id":"4a82c32b-8acf-46b7-84b8-e30b930034c6","local_time":"20201220173247","is_ascension_mode":true,"campfire_choices":[{"data":"Whirlwind","floor":6.0,"key":"SMITH"},{"data":"Wild Strike","floor":10.0,"key":"SMITH"},{"data":"Disarm","floor":15.0,"key":"SMITH"},{"data":"Body Slam","floor":24.0,"key":"SMITH"},{"data":"Immolate","floor":29,"key":"SMITH"}],"circlet_count":0,"master_deck":["AscendersBane","Strike_R","Defend_R","Defend_R","Defend_R","Defend_R","Bash","Whirlwind+1","Anger","Wild Strike+1","Disarm+1","Battle Trance","Flame Barrier","Immolate+1","Body Slam+1","Spot Weakness+1","Shrug It Off"],"relics":["Burning Blood","Question Card","Kunai","Meat on the Bone","Coffee Dripper","Bag of Preparation","Pantograph","Paper Frog"],"acts_visited":["Exordium","TheCity"],"potions_floor_usage":[],"damage_taken":[{"damage":4.0,"enemies":"2 Louse","floor":1.0,"turns":4.0},{"damage":6.0,"enemies":"Cultist","floor":2.0,"turns":3.0},{"damage":14.0,"enemies":"Small Slimes","floor":3.0,"turns":4.0},{"damage":18.0,"enemies":"Red Slaver","floor":4.0,"turns":3.0},{"damage":35.0,"enemies":"Lagavulin","floor":7.0,"turns":7.0},{"damage":7.0,"enemies":"Exordium Wildlife","floor":12.0,"turns":3.0},{"damage":8.0,"enemies":"Gremlin Nob","floor":13.0,"turns":3.0},{"damage":3.0,"enemies":"Lots of Slimes","floor":14.0,"turns":2.0},{"damage":18.0,"enemies":"The Guardian","floor":16.0,"turns":14.0},{"damage":8.0,"enemies":"Chosen","floor":18.0,"turns":4.0},{"damage":0.0,"enemies":"3 Byrds","floor":19.0,"turns":3.0},{"damage":50.0,"enemies":"Sentry and Sphere","floor":20.0,"turns":6.0},{"damage":4.0,"enemies":"Centurion and Healer","floor":22.0,"turns":4.0},{"damage":15.0,"enemies":"Book of Stabbing","floor":23.0,"turns":5.0},{"damage":22.0,"enemies":"Shelled Parasite and Fungi","floor":27.0,"turns":5.0},{"damage":17,"enemies":"Snecko","floor":28,"turns":5},{"damage":22,"enemies":"Sentry and Sphere","floor":30,"turns":4}],"seed_played":"2330738624492634472","potions_obtained":[{"floor":3.0,"key":"BloodPotion"},{"floor":7.0,"key":"Energy Potion"},{"floor":14.0,"key":"HeartOfIron"},{"floor":19.0,"key":"Swift Potion"},{"floor":20.0,"key":"DuplicationPotion"},{"floor":28,"key":"AttackPotion"}],"is_trial":false,"path_per_floor":["M","M","M","M","$","R","E","$","T","R","?","M","E","M","R","B",null,"M","M","M","?","M","E","R","T","T","M","M","R","M"],"character_chosen":"IRONCLAD","items_purchased":["Wild Strike","FearPotion"],"campfire_rested":0,"item_purchase_floors":[5,8],"current_hp_per_floor":[70,70,62,50,50,50,36,36,36,36,36,35,33,48,48,48,68,66,72,40,40,54,45,45,45,45,41,42,42,38,38],"gold":273,"neow_bonus":"HUNDRED_GOLD","is_daily":false,"chose_seed":false,"campfire_upgraded":5,"win_rate":0.0,"timestamp":1608453167,"path_taken":["M","M","M","M","$","R","E","$","T","R","?","M","E","M","R","BOSS","M","M","M","?","?","E","R","?","T","M","M","R","M"],"items_purchased_type":["Card","Potion"],"build_version":"2020-12-13","purchased_purges":2,"victory":false,"max_hp_per_floor":[75,75,75,75,75,75,75,75,75,75,75,75,75,75,75,75,75,75,75,75,75,75,75,75,75,75,75,75,75,75,75],"card_choices":[{"not_picked":["Thunderclap","Iron Wave"],"picked":"Whirlwind","floor":1.0},{"not_picked":["Perfected Strike","Cleave"],"picked":"Anger","floor":2.0},{"not_picked":["Iron Wave","Searing Blow","Fire Breathing"],"picked":"SKIP","floor":3.0},{"not_picked":["Entrench","Whirlwind","Iron Wave"],"picked":"SKIP","floor":4.0},{"not_picked":["Dark Embrace","Intimidate","Headbutt"],"picked":"SKIP","floor":7.0},{"not_picked":["Whirlwind","Entrench","Pommel Strike"],"picked":"Disarm","floor":12.0},{"not_picked":["Ghostly Armor","Clash","Thunderclap"],"picked":"Battle Trance","floor":13.0},{"not_picked":["Feel No Pain","Anger","Warcry"],"picked":"Flame Barrier","floor":14.0},{"not_picked":["Barricade","Corruption","Brutality"],"picked":"Immolate","floor":16.0},{"not_picked":["Havoc","Headbutt","Flex","Iron Wave"],"picked":"SKIP","floor":18.0},{"not_picked":["Searing Blow","Dropkick","Shrug It Off"],"picked":"Body Slam","floor":19.0},{"not_picked":["Pommel Strike","Sword Boomerang","Cleave","Iron Wave"],"picked":"SKIP","floor":20.0},{"not_picked":["Body Slam","Warcry","Iron Wave","Clash+1"],"picked":"SKIP","floor":22.0},{"not_picked":["Headbutt+1","Battle Trance","Fire Breathing"],"picked":"Spot Weakness+1","floor":23.0},{"not_picked":["Perfected Strike","Dual Wield+1","Ghostly Armor"],"picked":"Shrug It Off","floor":27.0},{"not_picked":["Havoc","Perfected Strike+1","Thunderclap","Blood for Blood"],"picked":"SKIP","floor":28},{"not_picked":["Havoc","Perfected Strike+1","Thunderclap","Blood for Blood"],"picked":"SKIP","floor":28},{"not_picked":["Fire Breathing","Rupture","Cleave+1","Clothesline"],"picked":"SKIP","floor":30}],"player_experience":1250675,"relics_obtained":[{"floor":7.0,"key":"Question Card"},{"floor":9.0,"key":"Kunai"},{"floor":13.0,"key":"Meat on the Bone"},{"floor":23.0,"key":"Bag of Preparation"},{"floor":25.0,"key":"Pantograph"},{"floor":26.0,"key":"Paper Frog"}],"event_choices":[{"cards_removed":["Strike_R"],"damage_healed":0.0,"max_hp_gain":0.0,"max_hp_loss":0.0,"gold_gain":0.0,"event_name":"Bonfire Elementals","player_choice":"Offered Basic","floor":11.0,"gold_loss":0.0,"damage_taken":0.0},{"cards_removed":["Strike_R"],"damage_healed":0.0,"max_hp_gain":0.0,"max_hp_loss":0.0,"gold_gain":0.0,"event_name":"Purifier","player_choice":"Purged","floor":21.0,"gold_loss":0.0,"damage_taken":0.0}],"is_beta":false,"boss_relics":[{"not_picked":["Velvet Choker","Busted Crown"],"picked":"Coffee Dripper"}],"items_purged_floors":[5,8],"is_endless":false,"potions_floor_spawned":[3,7,14,19,20,22,28],"killed_by":"Sentry and Sphere","ascension_level":20}}