{"host":"ev90652pwodlruol","time":1608475883,"event":{"mods":["ATMod(°¢èªMod)","AchievementEnabler","Act Like it!","Aspiration","BaseMod","Bestiary","BetterRewards","Conspire","Gensokyo","Hubris","Koishi","Marisa£¨ìFÓê¡¡Ä§ÀíÉ³£©","Minty Spire (QoL Compilation)","Replay The Spire","StSLib","SuperFastMode","vexMod"],"gold_per_floor":[118,130,155,55,66,98,98,115,115,115,115,131,156,174,174,274,274,286,298,320,336,532,600,612,612,612,623,538,571,622,661,661,794,844,872,973,973,986,1006,1037,1057,1057,1057,1057,1057,1113,1159,1195,1195,1205,1205,1205,386,389,486],"floor_reached":56,"playtime":3144,"items_purged":["Defend_R","Strike_R","Inflame"],"score":1867,"play_id":"1f41a420-d1a1-4822-8a70-339500104685","local_time":"20201220225123","is_ascension_mode":true,"campfire_choices":[{"data":"Barricade","floor":7.0,"key":"SMITH"},{"data":"AT_Dispersion","floor":10.0,"key":"SMITH"},{"data":"Limit Break","floor":15.0,"key":"SMITH"},{"floor":32.0,"key":"REST"},{"floor":45,"key":"RECALL"},{"data":"AT_ShrugMaster","floor":49,"key":"SMITH"},{"data":"Infernal Blade","floor":52,"key":"SMITH"}],"circlet_count":0,"master_deck":["Strike_R","Strike_R","Strike_R","Strike_R","Defend_R","Defend_R","Defend_R","Bash+1","AT_FamilyPortrait+1","Metallicize","AT_ShrugMaster+1","AT_DrawKnifeCut+1","conspire:Charge+1","AT_IchimonjiDouble+1","AT_BodySlamDance","Barricade+1","Body Slam+1","Cleave+2","Thunderclap+1","Thunderclap+1","AT_Dispersion+1","Limit Break+1","Impervious","Body Slam+1","Replay:Undeath\u0027s Touch+1","Run Through+1","Demon Form","Uppercut+1","Infernal Blade+1","Sword Boomerang+1","Impervious","AT_BodySlamDance","Juggernaut","Juggernaut","AT_ShrugMaster+1"],"relics":["Burning Blood","AT_ATBox","vexMod:RedPlottingStone","aspiration:Nostalgia","Sizzling Blood","conspire:BottledYoYo","Eternal Feather","vexMod:PaidLearning","Blood Vial","Orichalcum","Toolbox","Bird Faced Urn","Omamori","ReplayFunnel","Medical Kit","Ancient Tea Set","Molten Egg 2","Pet Ghost","Orrery","StoneCalendar","Tiny Chest","FossilizedHelix","Oddly Smooth Stone","hubris:EmptyBottle","vexMod:HeadHunter","vexMod:ConsolationPrize","hubris:CrystalStatue","conspire:InfiniteJournal","ReplayTheSpireMod:DimensionalGlitch","ReplayTheSpireMod:Lightbulb","Pear","King of Hearts","Bag of Preparation","Tiny House","hubris:FunFungus","Singing Bowl","Dream Catcher","Gremlin Food","Torii","Mercury Hourglass","vexMod:Dragonfruit","HandDrill","Blue Doll"],"acts_visited":["Gensokyo:Gensokyo","TheCity","TheBeyond","TheEnding"],"potions_floor_usage":[36,36,39,39,46,46,47,47,48,50,55,55,55,55,55,55,55,55],"damage_taken":[{"damage":0.0,"enemies":"Gensokyo:3_Fairies","floor":1.0,"turns":3.0},{"damage":0.0,"enemies":"Gensokyo:2_Kodama","floor":2.0,"turns":1.0},{"damage":0.0,"enemies":"Gensokyo:Mamizou","floor":3.0,"turns":5.0},{"damage":0.0,"enemies":"Gensokyo:Python","floor":5.0,"turns":2.0},{"damage":0.0,"enemies":"Gensokyo:Aya","floor":6.0,"turns":5.0},{"damage":0.0,"enemies":"Gensokyo:Kitsune","floor":8.0,"turns":3.0},{"damage":0.0,"enemies":"Gensokyo:VengefulSpirit","floor":12.0,"turns":2.0},{"damage":0.0,"enemies":"Gensokyo:Mamizou","floor":13.0,"turns":4.0},{"damage":2.0,"enemies":"Gensokyo:2_Rabbits","floor":14.0,"turns":3.0},{"damage":0.0,"enemies":"Gensokyo:Reimu","floor":16.0,"turns":5.0},{"damage":0.0,"enemies":"3 Byrds","floor":18.0,"turns":2.0},{"damage":0.0,"enemies":"Chosen","floor":19.0,"turns":3.0},{"damage":8.0,"enemies":"Centurion and Healer","floor":20.0,"turns":5.0},{"damage":0.0,"enemies":"Shelled Parasite and Fungi","floor":21.0,"turns":4.0},{"damage":43.0,"enemies":"Replay:Snechameleon","floor":23.0,"turns":4.0},{"damage":0.0,"enemies":"3 Cultists","floor":24.0,"turns":3.0},{"damage":0.0,"enemies":"Chosen and Byrds","floor":27.0,"turns":4.0},{"damage":8.0,"enemies":"Book of Stabbing","floor":29.0,"turns":4.0},{"damage":32.0,"enemies":"Shelled Parasite and Fungi","floor":30.0,"turns":5.0},{"damage":28.0,"enemies":"Snake Plant","floor":31.0,"turns":4.0},{"damage":32.0,"enemies":"hubris:MusketHawk","floor":33.0,"turns":7.0},{"damage":12,"enemies":"3 Darklings","floor":35,"turns":4},{"damage":54,"enemies":"2 Orb Walkers","floor":36,"turns":7},{"damage":0,"enemies":"Orb Walker","floor":38,"turns":2},{"damage":10,"enemies":"Sphere and 2 Shapes","floor":39,"turns":5},{"damage":0,"enemies":"R_Hoarder","floor":40,"turns":7},{"damage":0,"enemies":"Spire Growth","floor":41,"turns":4},{"damage":21,"enemies":"Reptomancer","floor":46,"turns":5},{"damage":30,"enemies":"Transient","floor":47,"turns":5},{"damage":19,"enemies":"4 Shapes","floor":48,"turns":4},{"damage":10,"enemies":"Donu and Deca","floor":50,"turns":7},{"damage":3,"enemies":"Shield and Spear","floor":54,"turns":4},{"damage":99,"enemies":"The Heart","floor":55,"turns":11}],"seed_played":"-5486681491366223863","potions_obtained":[{"floor":3.0,"key":"Cursed Concoction"},{"floor":19.0,"key":"SkillPotion"},{"floor":29.0,"key":"Ancient Potion"},{"floor":33.0,"key":"EntropicBrew"},{"floor":36,"key":"Strength Potion"},{"floor":40,"key":"SneckoOil"},{"floor":46,"key":"EntropicBrew"},{"floor":47,"key":"BlessingOfTheForge"}],"is_trial":false,"path_per_floor":["M","M","?","$","M","E","R","M","T","R","$","M","E","M","R","B",null,"M","M","M","M","?","E","M","T","T","M","?","E","M","M","R","B",null,"M","?","T","M","M","E","M","?","T","?","R","E","M","M","R","B",null,"R","$","E","B",null],"character_chosen":"IRONCLAD","items_purchased":["vexMod:RedPlottingStone","aspiration:Nostalgia","conspire:BottledYoYo","Eternal Feather","vexMod:PaidLearning","Metallicize","Blood Vial","Orichalcum","Toolbox","Bird Faced Urn","Omamori","ReplayFunnel","Medical Kit","Ancient Tea Set","AT_ShrugMaster","Molten Egg 2","Pet Ghost","Orrery","Barricade","StoneCalendar","Tiny Chest","FossilizedHelix","Oddly Smooth Stone","hubris:EmptyBottle","Strength Potion","ColorlessPotion","Mercury Hourglass","vexMod:Dragonfruit","HandDrill","BloodPotion"],"campfire_rested":1,"item_purchase_floors":[0,0,0,0,0,0,0,0,0,0,0,0,0,0,0,0,0,0,0,0,0,0,0,0,0,0,53,53,53,53],"current_hp_per_floor":[50,64,78,78,84,84,84,84,84,84,84,84,84,84,84,84,84,84,84,84,84,51,20,30,30,40,51,51,54,34,18,64,46,99,94,53,53,63,68,82,95,97,97,97,109,97,81,72,93,97,114,114,119,123,60],"gold":486,"neow_bonus":"","is_daily":false,"chose_seed":false,"campfire_upgraded":5,"win_rate":0.0,"timestamp":1608475883,"path_taken":["M","M","?","?","M","E","R","M","T","R","$","M","E","M","R","BOSS","M","M","M","M","?","E","M","?","T","M","?","E","?","M","R","BOSS","M","?","?","M","M","E","M","?","T","?","R","E","M","M","R","BOSS","R","$","E","BOSS"],"items_purchased_type":["Relic","Relic","Relic","Relic","Relic","Card","Relic","Relic","Relic","Relic","Relic","Relic","Relic","Relic","Card","Relic","Relic","Relic","Card","Relic","Relic","Relic","Relic","Relic","Potion","Potion","Relic","Relic","Relic","Potion"],"build_version":"2020-12-13","purchased_purges":3,"victory":true,"max_hp_per_floor":[84,84,84,84,84,84,84,84,84,84,84,84,84,84,84,84,84,84,84,84,84,84,84,84,84,94,94,94,94,94,94,94,94,99,99,99,99,101,103,105,107,109,109,109,109,111,114,114,114,114,114,114,119,123,123],"card_choices":[{"not_picked":["Pommel Strike+1","Anger+1"],"picked":"AT_DrawKnifeCut+1","floor":0.0},{"not_picked":["AT_IchimonjiDouble+1","ReplayTheSpireMod:Strike From Hell+1"],"picked":"conspire:Charge+1","floor":0.0},{"not_picked":["Brutality","Clothesline+1"],"picked":"AT_IchimonjiDouble+1","floor":0.0},{"not_picked":["Bloodletting","Spot Weakness"],"picked":"AT_BodySlamDance","floor":0.0},{"not_picked":["ReplayTheSpireMod:Strike From Hell+1","Perfected Strike+1"],"picked":"Body Slam+1","floor":1.0},{"not_picked":["Run Through+1","Twin Strike+1"],"picked":"Cleave+1","floor":2.0},{"not_picked":["Intimidate","Shrug It Off"],"picked":"Thunderclap+1","floor":3.0},{"not_picked":["Clothesline+1","Searing Blow+1"],"picked":"Thunderclap+1","floor":5.0},{"not_picked":["Headbutt+1","Flame Barrier"],"picked":"AT_Dispersion","floor":6.0},{"not_picked":["Offering","Replay:Many Hands","Eclipse"],"picked":"SKIP","floor":6.0},{"not_picked":["Feel No Pain","Clothesline+1","Thunderclap+1"],"picked":"SKIP","floor":8.0},{"not_picked":["AT_IchimonjiDouble+1","Clothesline+1"],"picked":"Inflame","floor":12.0},{"not_picked":["conspire:Purge","Berserk"],"picked":"Limit Break","floor":13.0},{"not_picked":["AT_DrawKnifeCut+1","Carnage+1","Sever Soul+1"],"picked":"SKIP","floor":13.0},{"not_picked":["Wild Strike+1","Searing Blow+1","Battle Trance"],"picked":"SKIP","floor":14.0},{"not_picked":["Immolate+1","Replay:Many Hands"],"picked":"Impervious","floor":16.0},{"not_picked":["Feel No Pain","Pummel+1","ReplayTheSpireMod:Corrosion Curse"],"picked":"SKIP","floor":18.0},{"not_picked":["Dark Embrace","Clash+1"],"picked":"Body Slam+1","floor":19.0},{"not_picked":["Wild Strike+1","Perfected Strike+1"],"picked":"Replay:Undeath\u0027s Touch+1","floor":20.0},{"not_picked":["hubris:ReadiedAction","Flex"],"picked":"Run Through+1","floor":21.0},{"not_picked":["Iron Wave+1","Carnage+1"],"picked":"Demon Form","floor":23.0},{"not_picked":["Barricade","Double Tap","Impervious"],"picked":"SKIP","floor":23.0},{"not_picked":["Rampage+1","AT_IchimonjiDouble+1"],"picked":"Uppercut+1","floor":24.0},{"not_picked":["Intimidate","Armaments"],"picked":"Infernal Blade","floor":27.0},{"not_picked":["Whirlwind+1","Dark Embrace"],"picked":"Sword Boomerang+1","floor":29.0},{"not_picked":["Immolate","Feed","Hemogenesis"],"picked":"SKIP","floor":29.0},{"not_picked":["Infernal Blade","Warcry+1","hubris:SharpeningStone"],"picked":"SKIP","floor":30.0},{"not_picked":["Cleave+1","Dual Wield","Headbutt+1"],"picked":"SKIP","floor":31.0},{"not_picked":["Immolate+1","Hemogenesis+1"],"picked":"Impervious","floor":33.0},{"not_picked":["Dropkick+1","Heavy Blade+1"],"picked":"AT_BodySlamDance","floor":34},{"not_picked":["AT_IchimonjiDouble+1","ReplayTheSpireMod:Strike From Hell+1","hubris:ReadiedAction+1"],"picked":"SKIP","floor":35},{"not_picked":["Warcry","Armaments","conspire:ExplosiveBarrier"],"picked":"Singing Bowl","floor":38},{"not_picked":["Flex+1","Pommel Strike+1","Blood for Blood+1"],"picked":"Singing Bowl","floor":39},{"not_picked":["Demonic Infusion","Offering"],"picked":"Juggernaut","floor":40},{"not_picked":["Brutality","Power Through","conspire:Charge+1"],"picked":"Singing Bowl","floor":40},{"not_picked":["AT_GerminateFire+1","Flex+1","hubris:ReadiedAction+1"],"picked":"Singing Bowl","floor":41},{"not_picked":["Replay:Sssssssssshield","Replay:Sssssssssstrike+1","ReplayTheSpireMod:Uncanny Aura"],"picked":"Singing Bowl","floor":42},{"not_picked":["conspire:HitWhereItHurts","conspire:Purge"],"picked":"Juggernaut","floor":46},{"not_picked":["hubris:StunningStrike+1","Replay:Undeath\u0027s Touch+1","hubris:SharpeningStone"],"picked":"Singing Bowl","floor":46},{"not_picked":["hubris:CleavingFinish+1","Power Through+1","AT_BodySlamDance+1"],"picked":"Singing Bowl","floor":47},{"not_picked":["Warcry+1","Headbutt+1"],"picked":"AT_ShrugMaster+1","floor":48},{"not_picked":["conspire:HitWhereItHurts","Corruption","Limit Break"],"picked":"Singing Bowl","floor":54},{"not_picked":["Bludgeon+1","Flex+1","Feel No Pain"],"picked":"Singing Bowl","floor":54}],"player_experience":245090,"relics_obtained":[{"floor":3.0,"key":"vexMod:HeadHunter"},{"floor":6.0,"key":"vexMod:ConsolationPrize"},{"floor":9.0,"key":"hubris:CrystalStatue"},{"floor":13.0,"key":"conspire:InfiniteJournal"},{"floor":23.0,"key":"ReplayTheSpireMod:Lightbulb"},{"floor":26.0,"key":"Pear"},{"floor":29.0,"key":"Bag of Preparation"},{"floor":36,"key":"hubris:FunFungus"},{"floor":37,"key":"Singing Bowl"},{"floor":40,"key":"Dream Catcher"},{"floor":43,"key":"Gremlin Food"},{"floor":46,"key":"Torii"},{"floor":54,"key":"Blue Doll"}],"event_choices":[{"damage_healed":0.0,"max_hp_gain":0.0,"max_hp_loss":0.0,"gold_gain":0.0,"event_name":"Addict","player_choice":"Obtained Relic","floor":28.0,"gold_loss":85.0,"damage_taken":0.0,"relics_obtained":["King of Hearts"]},{"damage_healed":0,"gold_gain":0,"player_choice":"Fight","damage_taken":0,"max_hp_gain":0,"max_hp_loss":0,"event_name":"Mysterious Sphere","floor":36,"gold_loss":0},{"damage_healed":0,"gold_gain":0,"player_choice":"Memory 1","damage_taken":0,"max_hp_gain":0,"max_hp_loss":0,"event_name":"SensoryStone","floor":42,"gold_loss":0},{"damage_healed":0,"gold_gain":0,"player_choice":"Ignored","damage_taken":0,"max_hp_gain":0,"max_hp_loss":0,"event_name":"Tomb of Lord Red Mask","floor":44,"gold_loss":0}],"is_beta":false,"boss_relics":[{"not_picked":["Runic Cube","Coffee Dripper"],"picked":"ReplayTheSpireMod:DimensionalGlitch"},{"not_picked":["vexMod:MysteryBossChallenge","Abe\u0027s Treasure"],"picked":"Tiny House"}],"items_purged_floors":[0,4,53],"is_endless":false,"potions_floor_spawned":[3,5,8,12,19,20,21,29,33,36,38,40,41,46,47],"ascension_level":1}}