{"host":"Kiriri","time":1608436249,"event":{"mods":["BaseMod","Block Reminder","Colored Map","Colored Powertips","GifTheSpireLib","Minty Spire (QoL Compilation)","Permanent Neow","Rare Cards Sparkle","StSLib","The Animator"],"gold_per_floor":[118,156,156,169,7,68,68,132,157,157,157],"floor_reached":10,"playtime":830,"items_purged":[],"score":99,"play_id":"228c2699-0ebc-4e29-a590-c7ef27b66a0e","local_time":"20201219215049","is_ascension_mode":false,"campfire_choices":[{"data":"animator:Kaijin","floor":7,"key":"SMITH"}],"circlet_count":0,"master_deck":["animator:Strike_Konosuba","animator:Strike+1","animator:Strike","animator:Strike","animator:Defend","animator:Defend","animator:Defend","animator:Kazuma","animator:Aqua","animator:SakuraMatou","animator:DolaStephanie","animator:Gilgamesh+3","animator:Kaijin+1","animator:Alexander"],"relics":["animator:LivingPicture","animator:TheMissingPiece","NeowsBlessing","Golden Idol","Prayer Wheel","CaptainsWheel","Bottled Lightning"],"acts_visited":["Exordium"],"potions_floor_usage":[10,10],"damage_taken":[{"damage":0,"enemies":"Small Slimes","floor":1,"turns":1},{"damage":0,"enemies":"Jaw Worm","floor":4,"turns":1},{"damage":0,"enemies":"Gremlin Nob","floor":6,"turns":1},{"damage":29,"enemies":"3 Sentries","floor":8,"turns":11},{"damage":40,"enemies":"Lagavulin","floor":10,"turns":9}],"seed_played":"-6356656363240438653","potions_obtained":[{"floor":1,"key":"AttackPotion"},{"floor":8,"key":"Weak Potion"}],"is_trial":false,"path_per_floor":["M","?","?","M","$","E","R","E","T","E"],"character_chosen":"THE_ANIMATOR","items_purchased":["animator:Gilgamesh"],"campfire_rested":0,"item_purchase_floors":[5],"current_hp_per_floor":[66,66,50,52,52,52,52,25,25,0,0],"gold":157,"neow_bonus":"THREE_ENEMY_KILL","is_daily":false,"chose_seed":false,"campfire_upgraded":1,"win_rate":0.0,"timestamp":1608436249,"path_taken":["M","?","?","M","?","E","R","E","T","E"],"items_purchased_type":["Card"],"build_version":"2020-11-17","purchased_purges":0,"victory":false,"max_hp_per_floor":[66,66,66,66,66,66,66,66,66,66,66],"card_choices":[{"not_picked":["animator:Arpeggio","animator:Shinoa"],"picked":"animator:SakuraMatou","floor":1},{"not_picked":["animator:Millim","animator:YaoHaDucy"],"picked":"animator:DolaStephanie","floor":4},{"not_picked":["animator:Tet","animator:Berserker"],"picked":"animator:Kaijin","floor":6},{"not_picked":["animator:Rider","animator:Berserker"],"picked":"animator:Alexander","floor":8}],"player_experience":32392,"relics_obtained":[{"floor":6,"key":"Prayer Wheel"},{"floor":8,"key":"CaptainsWheel"},{"floor":9,"key":"Bottled Lightning"}],"event_choices":[{"damage_healed":0,"gold_gain":0,"player_choice":"Take Damage","damage_taken":16,"relics_obtained":["Golden Idol"],"max_hp_gain":0,"max_hp_loss":0,"event_name":"Golden Idol","floor":3,"gold_loss":0}],"is_beta":true,"boss_relics":[],"items_purged_floors":[],"is_endless":false,"potions_floor_spawned":[1,8],"killed_by":"Lagavulin","ascension_level":0}}