{"host":"qk1lop5xfvk61pbc","time":1608508136,"event":{"mods":["BaseMod","Colored Map","Minty Spire (QoL Compilation)","Relic Stats","Slay the Relics Exporter","StSLib","everything is the same but u backflip on backflip"],"gold_per_floor":[111,111,111,111,131,131,166,166,166,191,207,207,248,173,173,269,269,288,288,91,109,128,159,159,159,159,159,178,198,198,38,38,127,127,147,162,162,178,178,212,212,253,332,332,332,332,224,249,249,269,269,269,269,15,15,15],"floor_reached":55,"playtime":9435,"items_purged":["Strike_B"],"score":2077,"play_id":"99ae793a-9f1c-444f-ae62-b9fe20a890cb","local_time":"20201220174856","is_ascension_mode":true,"campfire_choices":[{"data":"Zap","floor":6,"key":"SMITH"},{"floor":8,"key":"REST"},{"data":"Buffer","floor":15,"key":"SMITH"},{"data":"Scrape","floor":24,"key":"SMITH"},{"floor":27,"key":"REST"},{"data":"Redo","floor":30,"key":"SMITH"},{"floor":32,"key":"REST"},{"floor":41,"key":"REST"},{"data":"Biased Cognition","floor":44,"key":"SMITH"},{"floor":46,"key":"RECALL"},{"floor":49,"key":"REST"},{"floor":53,"key":"REST"}],"circlet_count":0,"master_deck":["AscendersBane","Strike_B","Defend_B","Defend_B","Defend_B","Zap+1","Dualcast","Conserve Battery","Scrape+1","Creative AI","Buffer+1","Steam","Recycle","Seek","CurseOfTheBell","Redo+1","FTL","Heatsinks","Compile Driver+1","Hologram+1","Glacier","Scrape","Coolheaded+1","Biased Cognition+1","Coolheaded","Conserve Battery+1","Go for the Eyes","Blizzard+1","Meteor Strike+1","Magnetism","Discovery","Panacea","Capacitor","All For One+1","Panacea"],"relics":["Cracked Core","Nunchaku","Golden Idol","InkBottle","Symbiotic Virus","Boot","Calling Bell","Lantern","HornCleat","Lizard Tail","Tiny Chest","Enchiridion","White Beast Statue","Bag of Preparation","Snecko Eye","Ancient Tea Set","Molten Egg 2","Potion Belt"],"acts_visited":["Exordium","TheCity","TheBeyond","TheEnding"],"potions_floor_usage":[11,21,23,33,33,38,40,40,42,55,55,55],"damage_taken":[{"damage":1,"enemies":"2 Louse","floor":1,"turns":3},{"damage":5,"enemies":"Jaw Worm","floor":5,"turns":3},{"damage":36,"enemies":"3 Sentries","floor":7,"turns":9},{"damage":3,"enemies":"Small Slimes","floor":10,"turns":3},{"damage":4,"enemies":"2 Fungi Beasts","floor":11,"turns":3},{"damage":0,"enemies":"Lagavulin","floor":13,"turns":5},{"damage":0,"enemies":"Slime Boss","floor":16,"turns":8},{"damage":0,"enemies":"Chosen","floor":18,"turns":4},{"damage":3,"enemies":"3 Byrds","floor":21,"turns":4},{"damage":0,"enemies":"Centurion and Healer","floor":22,"turns":6},{"damage":90,"enemies":"Gremlin Leader","floor":23,"turns":8},{"damage":17,"enemies":"Cultist and Chosen","floor":28,"turns":7},{"damage":0,"enemies":"Snake Plant","floor":29,"turns":3},{"damage":22,"enemies":"Collector","floor":33,"turns":13},{"damage":0,"enemies":"Orb Walker","floor":35,"turns":3},{"damage":0,"enemies":"3 Shapes","floor":36,"turns":4},{"damage":0,"enemies":"Writhing Mass","floor":38,"turns":8},{"damage":45,"enemies":"Reptomancer","floor":40,"turns":9},{"damage":2,"enemies":"Nemesis","floor":42,"turns":13},{"damage":0,"enemies":"4 Shapes","floor":48,"turns":4},{"damage":0,"enemies":"Donu and Deca","floor":50,"turns":10},{"damage":20,"enemies":"Time Eater","floor":51,"turns":16},{"damage":66,"enemies":"Shield and Spear","floor":55,"turns":3}],"seed_played":"840146850281596298","potions_obtained":[{"floor":5,"key":"Weak Potion"},{"floor":7,"key":"Weak Potion"},{"floor":13,"key":"SkillPotion"},{"floor":16,"key":"Energy Potion"},{"floor":19,"key":"PowerPotion"},{"floor":19,"key":"FairyPotion"},{"floor":22,"key":"FearPotion"},{"floor":23,"key":"FocusPotion"},{"floor":28,"key":"Dexterity Potion"},{"floor":33,"key":"PowerPotion"},{"floor":35,"key":"SkillPotion"},{"floor":38,"key":"SpeedPotion"},{"floor":40,"key":"AttackPotion"},{"floor":42,"key":"AttackPotion"},{"floor":48,"key":"FocusPotion"}],"is_trial":false,"path_per_floor":["M","?","?","?","M","R","E","R","T","M","M","?","E","?","R","B",null,"M","?","$","M","M","E","R","?","T","R","M","M","R","$","R","B",null,"M","M","?","M","T","E","R","E","T","R","?","R","$","M","R","B","B",null,"R","$","E"],"character_chosen":"DEFECT","items_purchased":["FTL","Heatsinks","Bag of Preparation","Dexterity Potion","Swift Potion","All For One+1","Panacea"],"campfire_rested":6,"item_purchase_floors":[20,20,31,47,47,54,54],"current_hp_per_floor":[63,56,56,56,51,51,15,34,34,31,27,48,48,48,48,48,60,60,60,60,57,57,32,32,11,11,30,13,13,13,13,32,10,51,51,51,51,51,51,6,25,23,23,23,13,13,13,13,32,32,12,51,64,64,0,0],"gold":15,"neow_bonus":"RANDOM_COMMON_RELIC","is_daily":false,"chose_seed":false,"campfire_upgraded":5,"win_rate":0.0,"timestamp":1608508136,"path_taken":["M","?","?","?","M","R","E","R","T","M","?","?","E","?","R","BOSS","M","?","$","?","M","E","R","?","T","R","M","M","R","$","R","BOSS","M","M","?","?","?","E","R","E","T","R","?","R","$","M","R","BOSS","BOSS","R","$","E"],"items_purchased_type":["Card","Card","Relic","Potion","Potion","Card","Card"],"build_version":"2020-12-13","purchased_purges":1,"victory":false,"max_hp_per_floor":[71,71,64,64,64,64,64,64,64,64,64,64,64,64,64,64,64,64,64,64,64,64,64,64,64,64,64,64,64,64,64,64,64,64,64,64,64,64,64,64,64,64,64,64,64,64,64,64,64,64,64,64,64,64,64,64],"relic_stats":{"Nunchaku":[21],"Lizard Tail":32,"counters":[23,149],"Golden Idol":158,"Snecko Eye":[171,183,179,198],"Tiny Chest":1,"Bag of Preparation":[20],"Boot":[91],"obtain_stats":[{"Potion Belt":42,"Lantern":17,"Golden Idol":3,"Enchiridion":25,"Bag of Preparation":31,"Boot":13,"Ancient Tea Set":39,"White Beast Statue":26,"Calling Bell":17,"Nunchaku":0,"Lizard Tail":17,"HornCleat":17,"Snecko Eye":34,"Tiny Chest":23,"Molten Egg 2":40,"Cracked Core":0,"Symbiotic Virus":9,"InkBottle":7},{"Potion Belt":19,"Lantern":7,"Golden Idol":1,"Enchiridion":11,"Bag of Preparation":13,"Boot":6,"Ancient Tea Set":17,"White Beast Statue":11,"Calling Bell":7,"Nunchaku":0,"Lizard Tail":7,"HornCleat":7,"Snecko Eye":14,"Tiny Chest":11,"Molten Egg 2":18,"Cracked Core":0,"Symbiotic Virus":3,"InkBottle":3},{"Potion Belt":116,"Lantern":34,"Golden Idol":3,"Enchiridion":56,"Bag of Preparation":66,"Boot":26,"Ancient Tea Set":94,"White Beast Statue":56,"Calling Bell":34,"Nunchaku":0,"Lizard Tail":34,"HornCleat":34,"Snecko Eye":79,"Tiny Chest":56,"Molten Egg 2":103,"Cracked Core":0,"Symbiotic Virus":15,"InkBottle":15}],"InkBottle":[68]},"card_choices":[{"not_picked":["Turbo","Cold Snap","Hologram"],"picked":"SKIP","floor":1},{"not_picked":["Turbo","Cold Snap","Hologram"],"picked":"SKIP","floor":1},{"not_picked":["Leap","Turbo","Sweeping Beam"],"picked":"SKIP","floor":5},{"not_picked":["Double Energy","Ball Lightning","Scrape"],"picked":"SKIP","floor":7},{"not_picked":["Double Energy","Ball Lightning","Scrape"],"picked":"SKIP","floor":7},{"not_picked":["Cold Snap","Go for the Eyes"],"picked":"Buffer","floor":10},{"not_picked":["Chaos","Blizzard"],"picked":"Steam","floor":11},{"not_picked":["Stack","Go for the Eyes"],"picked":"Recycle","floor":13},{"not_picked":["Rainbow","Reboot"],"picked":"Seek","floor":16},{"not_picked":["Ball Lightning","Coolheaded"],"picked":"Redo","floor":18},{"not_picked":["Ball Lightning","Hello World"],"picked":"Compile Driver+1","floor":21},{"not_picked":["Barrage","Conserve Battery"],"picked":"Hologram+1","floor":22},{"not_picked":["Recycle","Rebound"],"picked":"Glacier","floor":23},{"not_picked":["Amplify","Compile Driver"],"picked":"Scrape","floor":28},{"not_picked":["Chill","Sweeping Beam"],"picked":"Coolheaded+1","floor":29},{"not_picked":["Seek","Rainbow"],"picked":"Biased Cognition","floor":33},{"not_picked":["Gash","Beam Cell"],"picked":"Coolheaded","floor":35},{"not_picked":["Go for the Eyes","Defragment"],"picked":"Conserve Battery+1","floor":36},{"not_picked":["Redo","Chaos","Conserve Battery"],"picked":"SKIP","floor":38},{"not_picked":["Coolheaded","Steam+1"],"picked":"Blizzard+1","floor":40},{"not_picked":["Aggregate+1","Chaos"],"picked":"Meteor Strike+1","floor":42},{"not_picked":["Madness","Secret Technique"],"picked":"Magnetism","floor":45},{"not_picked":["Finesse","Good Instincts"],"picked":"Discovery","floor":45},{"not_picked":["Jack Of All Trades","Purity"],"picked":"Panacea","floor":45},{"not_picked":["Steam","Auto Shields"],"picked":"Capacitor","floor":48}],"player_experience":714155,"relics_obtained":[{"floor":7,"key":"InkBottle"},{"floor":9,"key":"Symbiotic Virus"},{"floor":13,"key":"Boot"},{"floor":17,"key":"Lantern"},{"floor":17,"key":"HornCleat"},{"floor":17,"key":"Lizard Tail"},{"floor":23,"key":"Tiny Chest"},{"floor":25,"key":"Enchiridion"},{"floor":26,"key":"White Beast Statue"},{"floor":39,"key":"Ancient Tea Set"},{"floor":40,"key":"Molten Egg 2"},{"floor":42,"key":"Potion Belt"}],"event_choices":[{"cards_removed":["Defend_B"],"damage_healed":0,"gold_gain":0,"player_choice":"Card Removal","damage_taken":7,"max_hp_gain":0,"max_hp_loss":0,"event_name":"Golden Wing","floor":2,"gold_loss":0},{"damage_healed":0,"gold_gain":0,"player_choice":"Lose Max HP","damage_taken":0,"relics_obtained":["Golden Idol"],"max_hp_gain":0,"max_hp_loss":7,"event_name":"Golden Idol","floor":3,"gold_loss":0},{"damage_healed":0,"gold_gain":0,"player_choice":"Ignored","damage_taken":0,"max_hp_gain":0,"max_hp_loss":0,"event_name":"Liars Game","floor":4,"gold_loss":0},{"damage_healed":21,"gold_gain":0,"player_choice":"Banana","damage_taken":0,"max_hp_gain":0,"max_hp_loss":0,"event_name":"Big Fish","floor":12,"gold_loss":0},{"cards_removed":["Strike_B"],"damage_healed":0,"gold_gain":0,"player_choice":"Card Removal","damage_taken":0,"max_hp_gain":0,"max_hp_loss":0,"event_name":"The Cleric","floor":14,"gold_loss":75},{"damage_healed":0,"gold_gain":0,"player_choice":"Got Potions","damage_taken":0,"max_hp_gain":0,"max_hp_loss":0,"event_name":"Lab","floor":19,"gold_loss":0},{"damage_healed":0,"gold_gain":0,"player_choice":"Obtained Book","damage_taken":21,"max_hp_gain":0,"max_hp_loss":0,"event_name":"Cursed Tome","floor":25,"gold_loss":0},{"damage_healed":0,"gold_gain":0,"cards_transformed":["Strike_B"],"player_choice":"Transformed","damage_taken":0,"max_hp_gain":0,"max_hp_loss":0,"event_name":"Transmorgrifier","floor":37,"gold_loss":0,"cards_obtained":["Go for the Eyes"]},{"damage_healed":0,"gold_gain":0,"player_choice":"Memory 3","damage_taken":10,"max_hp_gain":0,"max_hp_loss":0,"event_name":"SensoryStone","floor":45,"gold_loss":0}],"is_beta":false,"boss_relics":[{"not_picked":["Inserter","Velvet Choker"],"picked":"Calling Bell"},{"not_picked":["FrozenCore","Fusion Hammer"],"picked":"Snecko Eye"}],"items_purged_floors":[20],"is_endless":false,"potions_floor_spawned":[5,7,13,16,22,23,28,29,33,35,36,38,40,42,48],"killed_by":"Shield and Spear","ascension_level":20}}