{"host":"o7j6aatxjwpw1421","time":1608467873,"event":{"mods":["2.2 Compatiblity","BaseMod","Colored Map","DeckTracker","Highlight Path","Keyboard Shortcuts","Minty Spire (QoL Compilation)","Permanent Neow","Quick Restart","StSLib","SuperFastMode","everything is the same but u backflip on backflip"],"gold_per_floor":[117,117,42,61,61,61,89,89,89,104,122,141,158,168,168,267,267,280,280,300,215,215,541,541,553,602,602,242,262,262,282,282,380,380,397,448,1447,1447,1472,1472,712,728,754,771,18,18,34,67,67,67],"floor_reached":51,"playtime":2596,"items_purged":["Strike_R","Carnage+1","Normality","Normality"],"score":1056,"play_id":"f11a12e3-e3be-49b0-9557-a7723defe19d","local_time":"20201220213753","is_ascension_mode":true,"campfire_choices":[{"data":"Bash","floor":6.0,"key":"SMITH"},{"data":"Inflame","floor":15.0,"key":"SMITH"},{"data":"Pummel","floor":24.0,"key":"SMITH"},{"floor":27.0,"key":"REST"},{"data":"Feed","floor":30.0,"key":"SMITH"},{"data":"Pommel Strike","floor":32.0,"key":"SMITH"},{"data":"Immolate","floor":40.0,"key":"SMITH"},{"floor":46,"key":"REST"},{"floor":49,"key":"REST"}],"circlet_count":0,"master_deck":["Defend_R","Defend_R","Defend_R","Defend_R","Bash+1","Cleave","Thunderclap","Seeing Red+1","Twin Strike","Feed+1","Pommel Strike+1","Flex+1","Spot Weakness+1","Inflame+1","Ghostly Armor+1","Berserk+1","Fiend Fire+1","Twin Strike+1","Disarm+1","Shrug It Off+1","Pummel+1","Flex+1","Immolate+1","Battle Trance+1","Shrug It Off+1","Double Tap+1","Heavy Blade+1","Finesse+1","Master of Strategy+1","Exhume+1","Battle Trance+1","Shrug It Off+1","Shockwave+1","Inflame+1"],"relics":["Burning Blood","Toxic Egg 2","Prayer Wheel","Astrolabe","Dream Catcher","Old Coin","Bag of Marbles","White Beast Statue","Philosopher\u0027s Stone","Lizard Tail","Orichalcum","Oddly Smooth Stone","Red Skull","Lantern","Frozen Eye","InkBottle","Blood Vial","Omamori"],"acts_visited":["Exordium","TheCity","TheBeyond"],"potions_floor_usage":[44,44],"damage_taken":[{"damage":9.0,"enemies":"Jaw Worm","floor":1.0,"turns":5.0},{"damage":1.0,"enemies":"Cultist","floor":4.0,"turns":3.0},{"damage":25.0,"enemies":"3 Sentries","floor":7.0,"turns":8.0},{"damage":0.0,"enemies":"2 Louse","floor":10.0,"turns":2.0},{"damage":13.0,"enemies":"Blue Slaver","floor":11.0,"turns":2.0},{"damage":11.0,"enemies":"Exordium Thugs","floor":12.0,"turns":5.0},{"damage":0.0,"enemies":"Gremlin Gang","floor":13.0,"turns":3.0},{"damage":15.0,"enemies":"2 Fungi Beasts","floor":14.0,"turns":3.0},{"damage":38.0,"enemies":"Slime Boss","floor":16.0,"turns":8.0},{"damage":17.0,"enemies":"2 Thieves","floor":18.0,"turns":3.0},{"damage":15.0,"enemies":"Shell Parasite","floor":20.0,"turns":4.0},{"damage":21.0,"enemies":"Slavers","floor":23.0,"turns":6.0},{"damage":23.0,"enemies":"Shelled Parasite and Fungi","floor":25.0,"turns":4.0},{"damage":7.0,"enemies":"3 Cultists","floor":29.0,"turns":4.0},{"damage":0.0,"enemies":"Snake Plant","floor":31.0,"turns":2.0},{"damage":66.0,"enemies":"Automaton","floor":33.0,"turns":7.0},{"damage":12.0,"enemies":"Orb Walker","floor":35.0,"turns":3.0},{"damage":48.0,"enemies":"2 Orb Walkers","floor":36.0,"turns":4.0},{"damage":10.0,"enemies":"3 Shapes","floor":42.0,"turns":5.0},{"damage":50,"enemies":"Transient","floor":44,"turns":5},{"damage":0,"enemies":"4 Shapes","floor":47,"turns":3},{"damage":0,"enemies":"Nemesis","floor":48,"turns":3},{"damage":66,"enemies":"Time Eater","floor":50,"turns":9}],"seed_played":"-3785222110630958095","potions_obtained":[{"floor":1.0,"key":"BloodPotion"},{"floor":4.0,"key":"FearPotion"},{"floor":11.0,"key":"FairyPotion"},{"floor":16.0,"key":"GamblersBrew"},{"floor":20.0,"key":"DuplicationPotion"},{"floor":29.0,"key":"Energy Potion"},{"floor":33.0,"key":"EntropicBrew"},{"floor":35.0,"key":"BloodPotion"},{"floor":42.0,"key":"FairyPotion"},{"floor":44,"key":"Explosive Potion"},{"floor":47,"key":"Energy Potion"}],"is_trial":false,"path_per_floor":["M","?","$","M","?","R","E","$","T","M","M","M","M","M","R","B",null,"M","?","M","?","?","E","R","M","T","R","$","M","R","M","R","B",null,"M","?","?","?","T","R","$","M","T","M","$","R","M","E","R","B",null],"character_chosen":"IRONCLAD","items_purchased":["White Beast Statue","Oddly Smooth Stone","Master of Strategy+1","Red Skull","Exhume+1","Frozen Eye","InkBottle","Blood Vial","Shrug It Off+1"],"campfire_rested":3,"item_purchase_floors":[28,41,41,41,41,45,45,45,45],"current_hp_per_floor":[64,64,64,69,74,74,55,55,55,61,54,52,61,52,52,23,88,77,77,71,71,71,59,59,42,42,76,76,78,78,84,84,28,99,117,75,75,75,75,75,75,95,95,51,51,87,95,103,123,63],"gold":67,"neow_bonus":"TWENTY_PERCENT_HP_BONUS","is_daily":false,"chose_seed":false,"campfire_upgraded":6,"win_rate":0.0,"timestamp":1608467873,"path_taken":["M","?","?","M","?","R","E","?","T","?","M","M","?","M","R","BOSS","M","?","M","?","?","E","R","M","T","R","$","M","R","?","R","BOSS","M","?","?","?","?","R","$","M","T","M","$","R","M","E","R","BOSS"],"items_purchased_type":["Relic","Relic","Card","Relic","Card","Relic","Relic","Relic","Card"],"build_version":"2020-12-13","purchased_purges":4,"victory":true,"max_hp_per_floor":[96,96,96,96,101,101,101,101,101,101,101,104,107,107,107,110,110,110,110,113,113,113,116,116,116,116,116,116,119,119,119,119,123,123,123,123,123,123,123,123,123,123,123,123,123,123,123,123,123,123],"card_choices":[{"not_picked":["Carnage","Clothesline"],"picked":"Cleave","floor":1.0},{"not_picked":["Sever Soul","Combust"],"picked":"Thunderclap","floor":4.0},{"not_picked":["True Grit+1","Warcry+1"],"picked":"Seeing Red+1","floor":7.0},{"not_picked":["Iron Wave","Cleave"],"picked":"Twin Strike","floor":10.0},{"not_picked":["Thunderclap","Headbutt","Cleave"],"picked":"SKIP","floor":10.0},{"not_picked":["Clothesline","Havoc+1"],"picked":"Feed","floor":11.0},{"not_picked":["Heavy Blade","Sword Boomerang"],"picked":"Pommel Strike","floor":11.0},{"not_picked":["Heavy Blade","Searing Blow"],"picked":"Flex+1","floor":12.0},{"not_picked":["Metallicize","Headbutt","Twin Strike"],"picked":"SKIP","floor":12.0},{"not_picked":["Heavy Blade","Perfected Strike"],"picked":"Spot Weakness+1","floor":13.0},{"not_picked":["Flame Barrier+1","Rage+1","Pommel Strike"],"picked":"SKIP","floor":13.0},{"not_picked":["Anger","Pommel Strike"],"picked":"Inflame","floor":14.0},{"not_picked":["Headbutt","Corruption"],"picked":"Ghostly Armor+1","floor":14.0},{"not_picked":["Immolate","Bludgeon"],"picked":"Berserk","floor":16.0},{"not_picked":["Feel No Pain","Uppercut+1"],"picked":"Disarm+1","floor":18.0},{"not_picked":["Wild Strike","Entrench+1","Blood for Blood"],"picked":"SKIP","floor":18.0},{"not_picked":["Combust","Flex+1"],"picked":"Pummel","floor":20.0},{"not_picked":["Clash","Pommel Strike","Havoc+1"],"picked":"SKIP","floor":20.0},{"not_picked":["Clothesline","Hemokinesis"],"picked":"Flex+1","floor":23.0},{"not_picked":["Blood for Blood","Pommel Strike+1"],"picked":"Immolate","floor":25.0},{"not_picked":["Flex+1","Flame Barrier+1","Iron Wave"],"picked":"SKIP","floor":25.0},{"not_picked":["Flex+1","Havoc+1"],"picked":"Battle Trance+1","floor":29.0},{"not_picked":["Armaments+1","Hemokinesis","Clothesline"],"picked":"SKIP","floor":29.0},{"not_picked":["Wild Strike+1","Dark Embrace"],"picked":"Shrug It Off+1","floor":31.0},{"not_picked":["Cleave","Dropkick+1","Dark Embrace"],"picked":"SKIP","floor":31.0},{"not_picked":["Bludgeon","Immolate"],"picked":"Double Tap+1","floor":33.0},{"not_picked":["Cleave+1","Uppercut+1"],"picked":"Heavy Blade+1","floor":35.0},{"not_picked":["True Grit+1","Heavy Blade","Rupture"],"picked":"SKIP","floor":35.0},{"not_picked":["The Bomb+1","Panacea+1"],"picked":"Finesse+1","floor":38.0},{"not_picked":["Clothesline","Body Slam","True Grit+1"],"picked":"SKIP","floor":42.0},{"not_picked":["Searing Blow+1","Pommel Strike","Thunderclap"],"picked":"SKIP","floor":42.0},{"not_picked":["Clothesline","Burning Pact+1"],"picked":"Battle Trance+1","floor":44},{"not_picked":["Shrug It Off+1","Seeing Red+1","Reckless Charge"],"picked":"SKIP","floor":44},{"not_picked":["Body Slam","Dual Wield+1"],"picked":"Shockwave+1","floor":47},{"not_picked":["Blood for Blood","Pommel Strike+1","Dual Wield+1"],"picked":"SKIP","floor":47},{"not_picked":["Blood for Blood","Pommel Strike+1","Dual Wield+1"],"picked":"SKIP","floor":47},{"not_picked":["Havoc+1","Power Through+1"],"picked":"Inflame+1","floor":48}],"player_experience":286368,"relics_obtained":[{"floor":7.0,"key":"Toxic Egg 2"},{"floor":9.0,"key":"Prayer Wheel"},{"floor":23.0,"key":"Old Coin"},{"floor":26.0,"key":"Bag of Marbles"},{"floor":36.0,"key":"Lizard Tail"},{"floor":39.0,"key":"Orichalcum"},{"floor":43.0,"key":"Lantern"},{"floor":48,"key":"Omamori"}],"event_choices":[{"cards_removed":["Strike_R"],"damage_healed":0.0,"max_hp_gain":0.0,"max_hp_loss":0.0,"gold_gain":0.0,"event_name":"Bonfire Elementals","player_choice":"Offered Basic","floor":2.0,"gold_loss":0.0,"damage_taken":0.0},{"damage_healed":0.0,"max_hp_gain":5.0,"max_hp_loss":0.0,"gold_gain":0.0,"event_name":"Big Fish","player_choice":"Donut","floor":5.0,"gold_loss":0.0,"damage_taken":0.0},{"damage_healed":0.0,"max_hp_gain":0.0,"max_hp_loss":0.0,"gold_gain":0.0,"event_name":"The Library","player_choice":"Read","floor":19.0,"gold_loss":0.0,"damage_taken":0.0,"cards_obtained":["Shrug It Off"]},{"damage_healed":0.0,"max_hp_gain":0.0,"max_hp_loss":0.0,"gold_gain":0.0,"event_name":"Addict","player_choice":"Obtained Relic","floor":21.0,"gold_loss":85.0,"damage_taken":0.0,"relics_obtained":["Dream Catcher"]},{"damage_healed":0.0,"max_hp_gain":0.0,"max_hp_loss":0.0,"gold_gain":0.0,"event_name":"Accursed Blacksmith","player_choice":"Forge","floor":22.0,"gold_loss":0.0,"damage_taken":0.0,"cards_upgraded":["Berserk"]},{"damage_healed":0.0,"max_hp_gain":0.0,"max_hp_loss":0.0,"gold_gain":0.0,"event_name":"Mysterious Sphere","player_choice":"Fight","floor":36.0,"gold_loss":0.0,"damage_taken":0.0},{"damage_healed":0.0,"max_hp_gain":0.0,"max_hp_loss":0.0,"gold_gain":999.0,"event_name":"MindBloom","player_choice":"Gold","floor":37.0,"gold_loss":0.0,"damage_taken":0.0,"cards_obtained":["Normality","Normality"]},{"damage_healed":0.0,"max_hp_gain":0.0,"max_hp_loss":0.0,"gold_gain":0.0,"event_name":"SensoryStone","player_choice":"Memory 1","floor":38.0,"gold_loss":0.0,"damage_taken":0.0}],"is_beta":false,"boss_relics":[{"not_picked":["Fusion Hammer","Empty Cage"],"picked":"Astrolabe"},{"not_picked":["Black Star","Pandora\u0027s Box"],"picked":"Philosopher\u0027s Stone"}],"items_purged_floors":[3,28,41,45],"is_endless":false,"potions_floor_spawned":[1,4,11,16,20,29,31,33,35,36,42,44,47,48],"ascension_level":6}}