{"host":"2k96kai96havp3pq","time":1608440412,"event":{"mods":["AchievementEnabler","BaseMod","Colored Map","Colored Powertips","Downfall","Hermit","Minty Spire (QoL Compilation)","Relic Stats","Replay The Spire","StSLib","The Bug Knight","The Cursed","The Hierophant","The Servant 0.9.4"],"gold_per_floor":[112,125,79,79,90,125,138,165,212,212,50,64,64,64,64,159,159,171,171,21,0,0,0,0],"floor_reached":23,"playtime":938,"items_purged":[],"score":227,"play_id":"8f531eaa-0a55-4cad-b5d5-545ebb08ca8b","local_time":"20201219230012","is_ascension_mode":true,"campfire_choices":[{"floor":10,"key":"REST"},{"floor":13,"key":"REST"},{"floor":15,"key":"REST"}],"circlet_count":0,"master_deck":["Strike_B","Strike_B","Strike_B","Strike_B","Defend_B","Defend_B","Defend_B","Defend_B","Zap","Dualcast","Lockon","Beam Cell","Coolheaded","Darkness","Coolheaded","Redo","Beam Cell","Crystallizer+1","Coolheaded","Compile Driver+1","Rebound","Echo Form","Redo","Defragment","Time Bomb"],"relics":["Cracked Core","NeowsBlessing","Snack Pack","ReplayFunnel","Black Star"],"acts_visited":["Exordium","TheCity"],"potions_floor_usage":[6,6,8],"damage_taken":[{"damage":0,"enemies":"Jaw Worm","floor":1,"turns":1},{"damage":0,"enemies":"Cultist","floor":2,"turns":1},{"damage":0,"enemies":"Small Slimes","floor":5,"turns":1},{"damage":18,"enemies":"3 Sentries","floor":6,"turns":6},{"damage":22,"enemies":"3 Louse","floor":7,"turns":3},{"damage":29,"enemies":"Gremlin Nob","floor":8,"turns":4},{"damage":13,"enemies":"2 Fungi Beasts","floor":12,"turns":3},{"damage":46,"enemies":"Hexaghost","floor":16,"turns":11},{"damage":15,"enemies":"Chosen","floor":18,"turns":4},{"damage":66,"enemies":"Slavers","floor":23,"turns":3}],"seed_played":"6684986792454857886","potions_obtained":[{"floor":2,"key":"FocusPotion"},{"floor":5,"key":"Explosive Potion"},{"floor":7,"key":"Swift Potion"},{"floor":16,"key":"Swift Potion"}],"is_trial":false,"path_per_floor":["M","M","$","?","M","E","M","E","T","R","$","M","R","?","R","B",null,"M","?","$","?","$","E"],"character_chosen":"DEFECT","items_purchased":["Sweeping Beam","Crystallizer","Coolheaded","Compile Driver+1","Defragment","Time Bomb"],"campfire_rested":3,"item_purchase_floors":[3,11,11,11,20,20],"current_hp_per_floor":[75,75,75,75,75,57,35,6,6,28,28,15,37,37,59,23,75,62,62,62,62,62,0,0],"gold":0,"neow_bonus":"THREE_ENEMY_KILL","is_daily":false,"chose_seed":false,"campfire_upgraded":0,"win_rate":0.0,"timestamp":1608440412,"path_taken":["M","M","$","?","?","E","M","E","T","R","$","M","R","?","R","BOSS","M","?","$","?","$","E"],"items_purchased_type":["Card","Card","Card","Card","Card","Card"],"build_version":"2020-12-13","purchased_purges":0,"victory":false,"max_hp_per_floor":[75,75,75,75,75,75,75,75,75,75,75,75,75,75,75,75,75,75,75,75,75,75,75,75],"relic_stats":{"counters":[10,37],"Black Star":0,"obtain_stats":[{"ReplayFunnel":9,"NeowsBlessing":0,"Snack Pack":8,"Black Star":17,"Cracked Core":0},{"ReplayFunnel":6,"NeowsBlessing":0,"Snack Pack":6,"Black Star":8,"Cracked Core":0},{"ReplayFunnel":16,"NeowsBlessing":0,"Snack Pack":16,"Black Star":30,"Cracked Core":0}]},"card_choices":[{"not_picked":["Redo","Gash"],"picked":"Lockon","floor":1},{"not_picked":["Steam","Sweeping Beam"],"picked":"Beam Cell","floor":2},{"not_picked":["Force Field","Beam Cell"],"picked":"Darkness","floor":5},{"not_picked":["Time Bomb","Seek"],"picked":"Coolheaded","floor":6},{"not_picked":["Leap","Hologram"],"picked":"Redo","floor":7},{"not_picked":["Panic Button","Go for the Eyes"],"picked":"Beam Cell","floor":8},{"not_picked":["Turbo","Panic Button"],"picked":"Rebound","floor":12},{"not_picked":["Multi-Cast","Machine Learning"],"picked":"Echo Form","floor":16},{"not_picked":["Consume","Beam Cell"],"picked":"Redo","floor":18}],"player_experience":365912,"relics_obtained":[{"floor":8,"key":"Snack Pack"},{"floor":9,"key":"ReplayFunnel"}],"event_choices":[{"damage_healed":0,"gold_gain":0,"cards_transformed":["Sweeping Beam"],"player_choice":"Transformed","damage_taken":0,"max_hp_gain":0,"max_hp_loss":0,"event_name":"Transmorgrifier","floor":4,"gold_loss":0,"cards_obtained":["Coolheaded"]},{"damage_healed":0,"gold_gain":0,"player_choice":"Upgraded","damage_taken":0,"max_hp_gain":0,"max_hp_loss":0,"event_name":"Upgrade Shrine","floor":14,"gold_loss":0,"cards_upgraded":["Crystallizer"]},{"damage_healed":0,"gold_gain":0,"player_choice":"Ignored","damage_taken":0,"max_hp_gain":0,"max_hp_loss":0,"event_name":"Beggar","floor":19,"gold_loss":0},{"damage_healed":0,"gold_gain":0,"player_choice":"Paid Fearfully","damage_taken":0,"max_hp_gain":0,"max_hp_loss":0,"event_name":"Masked Bandits","floor":21,"gold_loss":21}],"is_beta":false,"boss_relics":[{"not_picked":["Ring of Chaos","Calling Bell"],"picked":"Black Star"}],"items_purged_floors":[],"is_endless":false,"potions_floor_spawned":[2,5,7,16],"killed_by":"Slavers","ascension_level":3}}