{"host":"Kdaddybrian","time":1608438540,"event":{"mods":["AchievementEnabler","BaseMod","Bestiary","Colored Powertips","Minty Spire (QoL Compilation)","Potion Indicator Mod","Quick Restart","Rare Cards Sparkle","Relic Stats","StSLib","Uncapped"],"gold_per_floor":[113,125,145,320,320,320,354,10,60,60,72,82,100,32,32,135,135,149,167,181,181,106,106,138,138,162,179,179,208,44,70,70,172,172,185,185,200,217,2,28,28,28,28,28,43,43,0,30,30,30,30,30,30,64,64],"floor_reached":56,"playtime":3530,"items_purged":["Eviscerate+1"],"score":1732,"play_id":"b1c6ee66-18a7-479f-883b-5fc4c372f688","local_time":"20201219232900","is_ascension_mode":true,"campfire_choices":[{"data":"Escape Plan","floor":6.0,"key":"SMITH"},{"floor":10.0,"key":"REST"},{"data":"Noxious Fumes","floor":15.0,"key":"SMITH"},{"floor":23.0,"key":"REST"},{"floor":28.0,"key":"RECALL"},{"floor":32.0,"key":"DIG"},{"floor":41.0,"key":"REST"},{"floor":49.0,"key":"DIG"},{"floor":52.0,"key":"DIG"}],"circlet_count":0,"master_deck":["AscendersBane","Defend_G","Defend_G","Defend_G","Survivor","Neutralize+1","Escape Plan+1","Backstab","Infinite Blades","Noxious Fumes+1","Flying Knee","Tools of the Trade","Cloak And Dagger","Blade Dance","Leg Sweep","Wraith Form v2","Backflip","Acrobatics","Bouncing Flask","Phantasmal Killer","Malaise","Bite","Bite","Bite","Bite","Deflect","Crippling Poison+1","Apotheosis","Tactician","Unload+1","Prepared+1","PiercingWail","Caltrops+1","Well Laid Plans","Footwork","PiercingWail","Catalyst"],"relics":["Ring of the Snake","NeowsBlessing","Anchor","Kunai","Smiling Mask","Fusion Hammer","Thread and Needle","Potion Belt","Shovel","Tiny Chest","Oddly Smooth Stone","Astrolabe","Bottled Tornado","Question Card","Du-Vu Doll","Red Mask","Pantograph","PreservedInsect","Mummified Hand","Orichalcum"],"acts_visited":["Exordium","TheCity","TheBeyond","TheEnding"],"potions_floor_usage":[55,55,55],"damage_taken":[{"damage":0.0,"enemies":"Jaw Worm","floor":1.0,"turns":1.0},{"damage":0.0,"enemies":"2 Louse","floor":2.0,"turns":1.0},{"damage":0.0,"enemies":"Cultist","floor":3.0,"turns":1.0},{"damage":38.0,"enemies":"Lagavulin","floor":7.0,"turns":12.0},{"damage":0.0,"enemies":"Looter","floor":11.0,"turns":3.0},{"damage":1.0,"enemies":"Exordium Wildlife","floor":12.0,"turns":4.0},{"damage":15.0,"enemies":"Large Slime","floor":13.0,"turns":7.0},{"damage":21.0,"enemies":"Slime Boss","floor":16.0,"turns":10.0},{"damage":3.0,"enemies":"Spheric Guardian","floor":18.0,"turns":6.0},{"damage":0.0,"enemies":"Shell Parasite","floor":19.0,"turns":7.0},{"damage":4.0,"enemies":"Snake Plant","floor":20.0,"turns":7.0},{"damage":30.0,"enemies":"Slavers","floor":24.0,"turns":7.0},{"damage":3.0,"enemies":"3 Cultists","floor":27.0,"turns":6.0},{"damage":18.0,"enemies":"Gremlin Leader","floor":29.0,"turns":8.0},{"damage":10.0,"enemies":"Slavers","floor":31.0,"turns":7.0},{"damage":5.0,"enemies":"Automaton","floor":33.0,"turns":10.0},{"damage":0.0,"enemies":"Orb Walker","floor":35.0,"turns":3.0},{"damage":0.0,"enemies":"3 Shapes","floor":37.0,"turns":6.0},{"damage":20.0,"enemies":"3 Darklings","floor":38.0,"turns":8.0},{"damage":37.0,"enemies":"Giant Head","floor":40.0,"turns":10.0},{"damage":14.0,"enemies":"Jaw Worm Horde","floor":45.0,"turns":4.0},{"damage":22.0,"enemies":"Nemesis","floor":48.0,"turns":9.0},{"damage":48.0,"enemies":"Donu and Deca","floor":50.0,"turns":11.0},{"damage":15.0,"enemies":"Shield and Spear","floor":54.0,"turns":8.0},{"damage":50,"enemies":"The Heart","floor":55,"turns":9}],"seed_played":"8584786094238884117","potions_obtained":[{"floor":1.0,"key":"Swift Potion"},{"floor":3.0,"key":"GhostInAJar"},{"floor":11.0,"key":"Regen Potion"},{"floor":18.0,"key":"PowerPotion"},{"floor":19.0,"key":"BlessingOfTheForge"},{"floor":24.0,"key":"ColorlessPotion"},{"floor":29.0,"key":"Explosive Potion"},{"floor":31.0,"key":"AttackPotion"},{"floor":40.0,"key":"Fire Potion"},{"floor":45.0,"key":"ColorlessPotion"}],"is_trial":false,"path_per_floor":["M","M","M","?","?","R","E","$","T","R","M","M","M","$","R","B",null,"M","M","M","?","?","R","E","?","T","M","R","E","$","E","R","B",null,"M","?","M","M","$","E","R","T","T","$","M","T","?","E","R","B",null,"R","$","E","B",null],"character_chosen":"THE_SILENT","items_purchased":["Kunai","Noxious Fumes","Flying Knee","Leg Sweep","Apotheosis","CultistPotion","Well Laid Plans"],"campfire_rested":3,"item_purchase_floors":[8,8,8,14,30,39,39],"current_hp_per_floor":[63,63,63,63,63,63,25,25,25,46,46,45,45,45,45,24,59,56,56,52,52,52,70,40,40,40,49,49,42,42,49,49,49,49,49,49,49,49,49,27,41,41,41,41,33,33,33,28,28,17,41,41,41,49,21],"gold":64,"neow_bonus":"THREE_ENEMY_KILL","is_daily":false,"chose_seed":false,"campfire_upgraded":2,"win_rate":0.0,"timestamp":1608438540,"path_taken":["M","M","M","?","?","R","E","?","T","R","M","?","M","$","R","BOSS","M","M","M","?","?","R","E","?","T","M","R","E","$","E","R","BOSS","M","?","M","M","$","E","R","?","T","?","M","?","?","E","R","BOSS","R","$","E","BOSS"],"items_purchased_type":["Relic","Card","Card","Card","Card","Potion","Card"],"build_version":"2020-12-18","purchased_purges":1,"victory":true,"max_hp_per_floor":[70,70,70,70,70,70,70,70,70,70,70,70,70,70,70,70,70,70,70,70,70,70,70,70,49,49,49,49,49,49,49,49,49,49,49,49,49,49,49,49,49,49,49,49,49,49,49,49,49,49,49,49,49,49,49],"relic_stats":{"counters":[25,165],"Astrolabe":["Unload","Eviscerate","Prepared"],"PreservedInsect":77,"Orichalcum":[0],"Smiling Mask":25,"Question Card":3,"Shovel":3,"Mummified Hand":[16],"Pantograph":21,"Tiny Chest":1,"Kunai":[103],"obtain_stats":[{"Potion Belt":26,"NeowsBlessing":0,"Astrolabe":34,"Oddly Smooth Stone":32,"Thread and Needle":24,"PreservedInsect":49,"Bottled Tornado":40,"Orichalcum":54,"Smiling Mask":9,"Question Card":43,"Du-Vu Doll":46,"Anchor":7,"Shovel":29,"Mummified Hand":52,"Pantograph":48,"Tiny Chest":31,"Fusion Hammer":17,"Red Mask":47,"Kunai":8,"Ring of the Snake":0},{"Potion Belt":12,"NeowsBlessing":0,"Astrolabe":16,"Oddly Smooth Stone":15,"Thread and Needle":12,"PreservedInsect":22,"Bottled Tornado":20,"Orichalcum":24,"Smiling Mask":4,"Question Card":20,"Du-Vu Doll":21,"Anchor":4,"Shovel":14,"Mummified Hand":23,"Pantograph":22,"Tiny Chest":15,"Fusion Hammer":8,"Red Mask":21,"Kunai":4,"Ring of the Snake":0},{"Potion Belt":66,"NeowsBlessing":0,"Astrolabe":97,"Oddly Smooth Stone":87,"Thread and Needle":66,"PreservedInsect":137,"Bottled Tornado":124,"Orichalcum":156,"Smiling Mask":15,"Question Card":124,"Du-Vu Doll":128,"Anchor":15,"Shovel":80,"Mummified Hand":148,"Pantograph":137,"Tiny Chest":87,"Fusion Hammer":39,"Red Mask":128,"Kunai":15,"Ring of the Snake":0}],"Ring of the Snake":[51]},"card_choices":[{"not_picked":["Outmaneuver","Acrobatics"],"picked":"Escape Plan","floor":1.0},{"not_picked":["Flechettes","Dodge and Roll"],"picked":"Backstab","floor":2.0},{"not_picked":["Deflect","Backflip"],"picked":"Endless Agony","floor":3.0},{"not_picked":["Prepared","Cloak And Dagger"],"picked":"Infinite Blades","floor":7.0},{"not_picked":["Acrobatics","Flying Knee"],"picked":"Tools of the Trade","floor":11.0},{"not_picked":["All Out Attack","Deflect"],"picked":"Cloak And Dagger","floor":12.0},{"not_picked":["Slice","Cloak And Dagger"],"picked":"Blade Dance","floor":13.0},{"not_picked":["Grand Finale","Phantasmal Killer"],"picked":"Wraith Form v2","floor":16.0},{"not_picked":["Accuracy","Heel Hook","Slice"],"picked":"SKIP","floor":18.0},{"not_picked":["Choke","All Out Attack"],"picked":"Backflip","floor":19.0},{"not_picked":["Underhanded Strike+1","Slice+1"],"picked":"Acrobatics","floor":20.0},{"not_picked":["Escape Plan","Underhanded Strike"],"picked":"Malaise","floor":24.0},{"not_picked":["Accuracy","Sucker Punch"],"picked":"Deflect","floor":27.0},{"not_picked":["Slice","Bouncing Flask"],"picked":"Crippling Poison+1","floor":29.0},{"not_picked":["Riddle With Holes","Crippling Poison"],"picked":"Tactician","floor":31.0},{"not_picked":["Deflect+1","Dodge and Roll"],"picked":"PiercingWail","floor":35.0},{"not_picked":["Footwork","Endless Agony+1"],"picked":"Caltrops+1","floor":37.0},{"not_picked":["Concentrate","Outmaneuver+1","Dagger Throw+1"],"picked":"SKIP","floor":38.0},{"not_picked":["Bane+1","Expertise"],"picked":"Footwork","floor":40.0},{"not_picked":["Slice+1","Accuracy+1","Cloak And Dagger"],"picked":"PiercingWail","floor":45.0},{"not_picked":["Flying Knee","Bane","Dagger Throw+1","Outmaneuver"],"picked":"SKIP","floor":48.0},{"not_picked":["Flying Knee+1","Poisoned Stab","Acrobatics+1"],"picked":"Catalyst","floor":54.0}],"player_experience":2879865,"relics_obtained":[{"floor":7.0,"key":"Anchor"},{"floor":9.0,"key":"Smiling Mask"},{"floor":24.0,"key":"Thread and Needle"},{"floor":26.0,"key":"Potion Belt"},{"floor":29.0,"key":"Shovel"},{"floor":31.0,"key":"Tiny Chest"},{"floor":32.0,"key":"Oddly Smooth Stone"},{"floor":40.0,"key":"Bottled Tornado"},{"floor":43.0,"key":"Question Card"},{"floor":46.0,"key":"Du-Vu Doll"},{"floor":48.0,"key":"Pantograph"},{"floor":49.0,"key":"PreservedInsect"},{"floor":52.0,"key":"Mummified Hand"},{"floor":54.0,"key":"Orichalcum"}],"event_choices":[{"damage_healed":0.0,"max_hp_gain":0.0,"max_hp_loss":0.0,"gold_gain":175.0,"event_name":"Liars Game","player_choice":"AGREE","floor":4.0,"gold_loss":0.0,"damage_taken":0.0,"cards_obtained":["Doubt"]},{"damage_healed":0.0,"max_hp_gain":0.0,"max_hp_loss":0.0,"gold_gain":0.0,"event_name":"Living Wall","player_choice":"Grow","floor":5.0,"gold_loss":0.0,"damage_taken":0.0,"cards_upgraded":["Neutralize"]},{"damage_healed":0.0,"max_hp_gain":0.0,"max_hp_loss":0.0,"gold_gain":0.0,"cards_transformed":["Strike_G","Strike_G"],"event_name":"Drug Dealer","player_choice":"Became Test Subject","floor":21.0,"gold_loss":0.0,"damage_taken":0.0,"cards_obtained":["Bouncing Flask","Phantasmal Killer"]},{"cards_removed":["Doubt"],"damage_healed":0.0,"max_hp_gain":0.0,"max_hp_loss":0.0,"gold_gain":0.0,"event_name":"Beggar","player_choice":"Gave Gold","floor":22.0,"gold_loss":75.0,"damage_taken":0.0},{"damage_healed":0.0,"max_hp_gain":0.0,"max_hp_loss":21.0,"gold_gain":0.0,"event_name":"Vampires","player_choice":"Became a vampire","floor":25.0,"gold_loss":0.0,"damage_taken":0.0,"cards_obtained":["Bite","Bite","Bite","Bite","Bite"]},{"cards_removed":["Bite"],"damage_healed":0.0,"max_hp_gain":0.0,"max_hp_loss":0.0,"gold_gain":0.0,"event_name":"Falling","player_choice":"Removed Attack","floor":36.0,"gold_loss":0.0,"damage_taken":0.0},{"damage_healed":0.0,"max_hp_gain":0.0,"max_hp_loss":0.0,"gold_gain":0.0,"event_name":"Tomb of Lord Red Mask","player_choice":"Paid","floor":47.0,"gold_loss":43.0,"damage_taken":0.0,"relics_obtained":["Red Mask"]}],"is_beta":true,"boss_relics":[{"not_picked":["Coffee Dripper","Ring of the Serpent"],"picked":"Fusion Hammer"},{"not_picked":["Busted Crown","Velvet Choker"],"picked":"Astrolabe"}],"items_purged_floors":[39],"is_endless":false,"potions_floor_spawned":[1,3,11,12,18,19,24,29,31,40,45],"ascension_level":10}}