{"host":"sav7uxregyirlf69","time":1608463736,"event":{"mods":["AchievementEnabler","BaseMod","Colored Map","DeckTracker","Keyboard Shortcuts","Minty Spire (QoL Compilation)","READ ME - Guardian Mod","StSLib","SuperFastMode"],"gold_per_floor":[113,38,38,57,77,77,89,105,130,147,198,216,216,231,231,231,231],"floor_reached":16,"playtime":207,"items_purged":["Strike_R"],"score":96,"play_id":"46fc88b1-1150-4818-8603-072ddf4584af","local_time":"20201220202856","is_ascension_mode":false,"campfire_choices":[{"data":"Bash","floor":13,"key":"SMITH"},{"data":"Dropkick","floor":15,"key":"SMITH"}],"circlet_count":0,"master_deck":["Strike_R","Strike_R","Strike_R","Strike_R","Defend_R","Defend_R","Defend_R","Defend_R","Bash+1","Thunderclap","Dropkick+1"],"relics":["Burning Blood","Boot","Bag of Preparation","Centennial Puzzle","Dream Catcher"],"acts_visited":["Exordium"],"potions_floor_usage":[16],"damage_taken":[{"damage":7,"enemies":"2 Louse","floor":1,"turns":3},{"damage":1,"enemies":"Cultist","floor":4,"turns":3},{"damage":6,"enemies":"Jaw Worm","floor":5,"turns":3},{"damage":8,"enemies":"Lots of Slimes","floor":7,"turns":3},{"damage":12,"enemies":"Looter","floor":8,"turns":4},{"damage":9,"enemies":"Blue Slaver","floor":10,"turns":4},{"damage":5,"enemies":"3 Louse","floor":12,"turns":2},{"damage":10,"enemies":"Looter","floor":14,"turns":3},{"damage":36,"enemies":"Hexaghost","floor":16,"turns":3}],"seed_played":"-7113350203061330237","potions_obtained":[{"floor":1,"key":"Explosive Potion"},{"floor":8,"key":"LiquidBronze"}],"is_trial":false,"path_per_floor":["M","$","?","M","M","?","M","M","T","M","T","M","R","M","R","B"],"character_chosen":"IRONCLAD","items_purchased":[],"campfire_rested":0,"item_purchase_floors":[],"current_hp_per_floor":[79,79,79,80,80,80,78,72,72,69,69,70,70,66,66,30,30],"gold":231,"neow_bonus":"RANDOM_COMMON_RELIC","is_daily":false,"chose_seed":false,"campfire_upgraded":2,"win_rate":0.0,"timestamp":1608463736,"path_taken":["M","$","?","?","M","?","?","M","T","M","?","?","R","M","R","BOSS"],"items_purchased_type":[],"build_version":"2020-12-13","purchased_purges":1,"victory":false,"max_hp_per_floor":[80,80,80,80,80,80,80,80,80,80,80,80,80,80,80,80,80],"card_choices":[{"not_picked":["Battle Trance","Pommel Strike","Wild Strike"],"picked":"SKIP","floor":1},{"not_picked":["Anger","Perfected Strike"],"picked":"Thunderclap","floor":4},{"not_picked":["Clash","Thunderclap"],"picked":"Dropkick","floor":5},{"not_picked":["Iron Wave","Hemokinesis","Flex"],"picked":"SKIP","floor":7},{"not_picked":["Whirlwind","Anger","Perfected Strike"],"picked":"SKIP","floor":8},{"not_picked":["Rampage","Disarm","Sentinel"],"picked":"SKIP","floor":10},{"not_picked":["Shockwave","Warcry","Second Wind"],"picked":"SKIP","floor":12},{"not_picked":["Wild Strike","Flame Barrier","Pommel Strike"],"picked":"SKIP","floor":14}],"player_experience":968842,"relics_obtained":[{"floor":9,"key":"Centennial Puzzle"},{"floor":11,"key":"Dream Catcher"}],"event_choices":[{"damage_healed":0,"gold_gain":0,"player_choice":"Gave Potion","damage_taken":0,"relics_obtained":["Bag of Preparation"],"max_hp_gain":0,"max_hp_loss":0,"event_name":"WeMeetAgain","floor":3,"gold_loss":0},{"damage_healed":0,"gold_gain":0,"player_choice":"0 cards matched","damage_taken":0,"max_hp_gain":0,"max_hp_loss":0,"event_name":"Match and Keep!","floor":6,"gold_loss":0,"cards_obtained":[]}],"is_beta":false,"boss_relics":[],"items_purged_floors":[2],"is_endless":false,"potions_floor_spawned":[1,8],"killed_by":"Hexaghost","ascension_level":0}}