{"host":"8dhn6p16jorj0i1s","time":1608503347,"event":{"mods":["BaseMod","Colored Map","DeckTracker","Minty Spire (QoL Compilation)","Permanent Neow","Quick Restart"],"gold_per_floor":[116,135,60,71,71,71,87,121,197,197,226,126,140,152,152,250,250,266,266,67,67,81,111,111,111,111],"floor_reached":25,"playtime":987,"items_purged":["Strike_R","Strike_R","Strike_R"],"score":289,"play_id":"efdf878a-d89e-485d-af0d-af4b73cc5858","local_time":"20201220232907","is_ascension_mode":true,"campfire_choices":[{"data":"Bash","floor":6.0,"key":"SMITH"},{"data":"Heavy Blade","floor":10.0,"key":"SMITH"},{"data":"Heavy Blade","floor":15.0,"key":"SMITH"},{"data":"Pommel Strike","floor":24.0,"key":"SMITH"}],"circlet_count":0,"master_deck":["Strike_R","Strike_R","Defend_R","Defend_R","Defend_R","Defend_R","Bash+1","Heavy Blade+1","Flex","Pommel Strike+1","Heavy Blade+1","Inflame","Flame Barrier+1","Flex+1","Barricade+1","Flex+1","Spot Weakness+1","Seeing Red+1"],"relics":["Coffee Dripper","Turnip","Blood Vial","Frozen Egg 2","Toxic Egg 2","Black Star","Nunchaku","Incense Burner"],"acts_visited":["Exordium","TheCity"],"potions_floor_usage":[],"damage_taken":[{"damage":9.0,"enemies":"Jaw Worm","floor":1.0,"turns":3.0},{"damage":6.0,"enemies":"Cultist","floor":2.0,"turns":3.0},{"damage":0.0,"enemies":"Small Slimes","floor":4.0,"turns":2.0},{"damage":11.0,"enemies":"Looter","floor":7.0,"turns":2.0},{"damage":8.0,"enemies":"Gremlin Nob","floor":8.0,"turns":3.0},{"damage":5.0,"enemies":"3 Sentries","floor":11.0,"turns":4.0},{"damage":0.0,"enemies":"3 Louse","floor":13.0,"turns":2.0},{"damage":8.0,"enemies":"Blue Slaver","floor":14.0,"turns":2.0},{"damage":16.0,"enemies":"Hexaghost","floor":16.0,"turns":6.0},{"damage":19.0,"enemies":"3 Byrds","floor":18.0,"turns":5.0},{"damage":0.0,"enemies":"Spheric Guardian","floor":22.0,"turns":2.0},{"damage":26.0,"enemies":"Gremlin Leader","floor":23.0,"turns":4.0},{"damage":30,"enemies":"Book of Stabbing","floor":25,"turns":2}],"seed_played":"-1667176074239014832","potions_obtained":[{"floor":1.0,"key":"Explosive Potion"},{"floor":4.0,"key":"BloodPotion"},{"floor":11.0,"key":"ColorlessPotion"},{"floor":16.0,"key":"Ancient Potion"},{"floor":22.0,"key":"HeartOfIron"}],"is_trial":false,"path_per_floor":["M","M","$","M","?","R","M","E","T","R","E","$","M","M","R","B",null,"M","?","$","?","M","E","R","E"],"character_chosen":"IRONCLAD","items_purchased":["Spot Weakness+1"],"campfire_rested":0,"item_purchase_floors":[20],"current_hp_per_floor":[71,65,65,65,65,65,54,46,46,46,43,43,45,39,39,25,66,49,49,49,49,51,27,27,0,0],"gold":111,"neow_bonus":"BOSS_RELIC","is_daily":false,"chose_seed":false,"campfire_upgraded":4,"win_rate":0.0,"timestamp":1608503347,"path_taken":["M","M","$","M","?","R","M","E","T","R","E","$","M","M","R","BOSS","M","?","$","?","M","E","R","E"],"items_purchased_type":["Card"],"build_version":"2020-12-13","purchased_purges":3,"victory":false,"max_hp_per_floor":[80,80,80,80,80,80,80,80,80,80,80,80,80,80,80,80,80,80,80,80,80,80,80,80,80,80],"card_choices":[{"not_picked":["Rupture","Sword Boomerang"],"picked":"Heavy Blade","floor":1.0},{"not_picked":["Thunderclap","Intimidate"],"picked":"Flex","floor":2.0},{"not_picked":["Perfected Strike","Anger"],"picked":"Pommel Strike","floor":4.0},{"not_picked":["Shrug It Off","Immolate"],"picked":"Heavy Blade","floor":7.0},{"not_picked":["Pommel Strike","Metallicize"],"picked":"Inflame","floor":8.0},{"not_picked":["Iron Wave","Armaments+1"],"picked":"Flame Barrier+1","floor":11.0},{"not_picked":["Armaments+1","Havoc+1"],"picked":"Flex+1","floor":13.0},{"not_picked":["Twin Strike","Armaments+1","Body Slam"],"picked":"SKIP","floor":14.0},{"not_picked":["Feed","Fiend Fire"],"picked":"Barricade+1","floor":16.0},{"not_picked":["Searing Blow","Thunderclap","Carnage"],"picked":"SKIP","floor":18.0},{"not_picked":["Uppercut+1","Twin Strike","Pommel Strike"],"picked":"SKIP","floor":22.0},{"not_picked":["Infernal Blade+1","Pommel Strike"],"picked":"Seeing Red+1","floor":23.0}],"player_experience":329755,"relics_obtained":[{"floor":8.0,"key":"Blood Vial"},{"floor":9.0,"key":"Frozen Egg 2"},{"floor":11.0,"key":"Toxic Egg 2"},{"floor":23.0,"key":"Nunchaku"},{"floor":23.0,"key":"Incense Burner"}],"event_choices":[{"damage_healed":0.0,"max_hp_gain":0.0,"max_hp_loss":0.0,"gold_gain":0.0,"event_name":"WeMeetAgain","player_choice":"Gave Potion","floor":5.0,"gold_loss":0.0,"damage_taken":0.0,"relics_obtained":["Turnip"]},{"damage_healed":0.0,"max_hp_gain":0.0,"max_hp_loss":0.0,"gold_gain":0.0,"event_name":"The Library","player_choice":"Read","floor":19.0,"gold_loss":0.0,"damage_taken":0.0,"cards_obtained":["Flex"]},{"damage_healed":0.0,"max_hp_gain":0.0,"max_hp_loss":0.0,"gold_gain":0.0,"event_name":"Vampires","player_choice":"Ignored","floor":21.0,"gold_loss":0.0,"damage_taken":0.0}],"is_beta":false,"boss_relics":[{"not_picked":["Runic Pyramid","Runic Dome"],"picked":"Black Star"}],"items_purged_floors":[3,12,20],"is_endless":false,"potions_floor_spawned":[1,4,11,16,22],"killed_by":"Book of Stabbing","ascension_level":5}}