{"host":"BK","time":1608438314,"event":{"mods":["BaseMod","Highlight Path","Minty Spire (QoL Compilation)","StSLib"],"gold_per_floor":[215,225,225,9,29,29,65,65,65,3,16,41,72,72,72,72,72],"floor_reached":16,"playtime":727,"items_purged":["Strike_B"],"score":220,"play_id":"02220c19-081f-4578-b1fe-7aac40f59c23","local_time":"20201219212514","is_ascension_mode":true,"campfire_choices":[{"data":"Go for the Eyes","floor":6,"key":"SMITH"},{"floor":8,"key":"REST"},{"floor":15,"key":"REST"}],"circlet_count":0,"master_deck":["AscendersBane","Strike_B","Strike_B","Strike_B","Defend_B","Defend_B","Defend_B","Defend_B","Zap","Dualcast","Go for the Eyes+1","Leap","Loop","Genetic Algorithm","Electrodynamics","Dark Shackles","Coolheaded","Loop"],"relics":["Cracked Core","Golden Idol","Membership Card","WingedGreaves","Emotion Chip","Anchor"],"acts_visited":["Exordium"],"potions_floor_usage":[7,13],"damage_taken":[{"damage":1,"enemies":"Cultist","floor":1,"turns":3},{"damage":0,"enemies":"2 Louse","floor":2,"turns":2},{"damage":7,"enemies":"Jaw Worm","floor":5,"turns":5},{"damage":32,"enemies":"3 Sentries","floor":7,"turns":9},{"damage":11,"enemies":"Exordium Wildlife","floor":11,"turns":3},{"damage":7,"enemies":"Gremlin Gang","floor":12,"turns":3},{"damage":18,"enemies":"Lagavulin","floor":13,"turns":7},{"damage":26,"enemies":"Hexaghost","floor":16,"turns":9}],"seed_played":"-2549999073500162709","potions_obtained":[{"floor":1,"key":"Block Potion"},{"floor":2,"key":"DuplicationPotion"},{"floor":11,"key":"Explosive Potion"}],"is_trial":false,"path_per_floor":["M","M","?","$","M","R","E","R","T","$","M","M","E","?","R","B"],"character_chosen":"DEFECT","items_purchased":["Membership Card","Loop","Dark Shackles","Coolheaded"],"campfire_rested":2,"item_purchase_floors":[4,4,10,10],"current_hp_per_floor":[63,63,63,63,56,56,24,43,43,43,32,25,7,7,26,0,0],"gold":72,"neow_bonus":"HUNDRED_GOLD","is_daily":false,"chose_seed":false,"campfire_upgraded":1,"win_rate":0.0,"timestamp":1608438314,"path_taken":["M","?","?","$","M","R","E","R","T","$","M","M","E","?","R","BOSS"],"items_purchased_type":["Relic","Card","Card","Card"],"build_version":"2020-12-18","purchased_purges":1,"victory":false,"max_hp_per_floor":[71,71,64,64,64,64,64,64,64,64,64,64,64,64,64,64,64],"card_choices":[{"not_picked":["Chill","Steam Power"],"picked":"Go for the Eyes","floor":1},{"not_picked":["Rebound","Hologram"],"picked":"Leap","floor":2},{"not_picked":["Beam Cell","Coolheaded"],"picked":"Genetic Algorithm","floor":5},{"not_picked":["Coolheaded","Beam Cell"],"picked":"Electrodynamics","floor":7},{"not_picked":["Steam","Fusion","Chaos"],"picked":"SKIP","floor":11},{"not_picked":["Leap","Beam Cell","Turbo"],"picked":"SKIP","floor":12},{"not_picked":["Beam Cell","Sunder"],"picked":"Loop","floor":13}],"player_experience":2390017,"relics_obtained":[{"floor":7,"key":"WingedGreaves"},{"floor":9,"key":"Emotion Chip"},{"floor":13,"key":"Anchor"}],"event_choices":[{"damage_healed":0,"gold_gain":0,"player_choice":"Lose Max HP","damage_taken":0,"relics_obtained":["Golden Idol"],"max_hp_gain":0,"max_hp_loss":7,"event_name":"Golden Idol","floor":3,"gold_loss":0},{"damage_healed":0,"gold_gain":0,"player_choice":"Fled","damage_taken":0,"max_hp_gain":0,"max_hp_loss":0,"event_name":"Scrap Ooze","floor":14,"gold_loss":0}],"is_beta":true,"boss_relics":[],"items_purged_floors":[4],"is_endless":false,"potions_floor_spawned":[1,2,11],"killed_by":"Hexaghost","ascension_level":20}}