{"host":"3z9xbwjeimmg738z","time":1608431762,"event":{"mods":["2.2 Compatiblity","Act Like it!","AlwaysNeverKeys","Aspiration","Bard","Bartender","BaseMod","Beaked The Cultist","Better Altar","Better Match","Better Note","Better Sensory Stone","Better Skull","Better Third Choice","CapriCore","ChefMod","Colored Powertips","Defuse TimeMaze Blight","Dio Mod","Displayed Cursed Tome","Emptier Cage","Faster Ascension Climbing","Gensokyo","GifTheSpireLib","Hallownest","Hubris","JesterMod","KinomotoSakuraMod(????)","Koishi","Mari Mod (Legacy)","Mari\u0027s V1 Patch","Marisa????????","Minty Spire (QoL Compilation)","Pale of the Ancients","Permanent Neow","Replay The Spire","Robot Space Explorer","Shop Mod","StSLib","Stuff the Spire","The Accelerator","The Immortal","The Marked","The Mystic","The Servant 0.9.4","TheArtist","Uncapped","Wandering Minibosses","vexMod"],"gold_per_floor":[112,137,150,167,45,72,72,72,72,111,127,127,146,184,184,184,184],"floor_reached":16,"playtime":783,"items_purged":["Koishi:BasicStrike"],"score":152,"play_id":"7c0cdea1-979a-482a-9f12-c9ff54a9d628","local_time":"20201219183602","daily_mods":["ControlledChaos"],"is_ascension_mode":true,"campfire_choices":[{"data":"Koishi:RoseHell","floor":7,"key":"SMITH"},{"data":"Koishi:FidgetySnatcher","floor":12,"key":"SMITH"},{"data":"Koishi:HeartStoppingHorror","floor":15,"key":"SMITH"}],"circlet_count":0,"master_deck":["Koishi:BasicStrike","Koishi:BasicStrike","Koishi:BasicStrike","Koishi:BasicDefend","Koishi:BasicDefend","Koishi:BasicDefend","Koishi:BasicDefend","Koishi:Provoke","Koishi:HauntingSlash","Koishi:FidgetySnatcher+1","Koishi:HeartStoppingHorror+1","Koishi:RoseHell+1"],"relics":["Koishi:ImaginaryFriend","Frozen Eye","Smiling Mask","Peace Pipe","Golden Idol","vexMod:BarristanHead","Protect_Vest","hubris:64BitClover"],"acts_visited":["Exordium"],"potions_floor_usage":[6,10],"damage_taken":[{"damage":9,"enemies":"Cultist","floor":1,"turns":4},{"damage":3,"enemies":"Small Slimes","floor":3,"turns":6},{"damage":8,"enemies":"Jaw Worm","floor":4,"turns":5},{"damage":22,"enemies":"3 Sentries","floor":6,"turns":7},{"damage":14,"enemies":"Gremlin Nob","floor":10,"turns":4},{"damage":0,"enemies":"Looter","floor":11,"turns":3},{"damage":0,"enemies":"Exordium Wildlife","floor":13,"turns":5},{"damage":0,"enemies":"Lagavulin","floor":14,"turns":4},{"damage":25,"enemies":"Slime Boss","floor":16,"turns":3}],"seed_played":"986912584361430256","potions_obtained":[{"floor":1,"key":"Adrenaline Potion"},{"floor":3,"key":"LiquidBronze"},{"floor":10,"key":"Dexterity Potion"}],"is_trial":true,"path_per_floor":["M","T","M","M","$","E","R","?","T","E","M","R","M","E","R","B"],"character_chosen":"KOISHI","items_purchased":["Koishi:HeartStoppingHorror"],"campfire_rested":0,"item_purchase_floors":[5],"current_hp_per_floor":[53,53,51,45,45,25,25,25,25,12,13,13,19,22,22,0,0],"gold":184,"neow_bonus":"","is_daily":false,"chose_seed":false,"campfire_upgraded":3,"win_rate":0.0,"timestamp":1608431762,"path_taken":["M","?","M","M","$","E","R","?","T","E","M","R","M","E","R","BOSS"],"items_purchased_type":["Card"],"build_version":"2020-12-13","purchased_purges":1,"victory":false,"max_hp_per_floor":[60,60,60,60,60,60,60,56,56,56,56,56,56,56,56,56,56],"card_choices":[{"not_picked":["Koishi:ReleaseOfTheId","Koishi:Vanish","Koishi:BloodcurdlingScream"],"picked":"SKIP","floor":1},{"not_picked":["Koishi:StingingMind","Koishi:EmbryosDream","Koishi:PhantomStrike"],"picked":"SKIP","floor":3},{"not_picked":["Koishi:ReleaseOfTheId","Koishi:FreudianInstinct"],"picked":"Koishi:FidgetySnatcher","floor":4},{"not_picked":["Koishi:Jaunt","Koishi:ReleaseOfTheId"],"picked":"Koishi:RoseHell","floor":6},{"not_picked":["Koishi:IdleWhim","Koishi:EmbryosDream","Koishi:UnansweredLove"],"picked":"SKIP","floor":10},{"not_picked":["Koishi:UnseenTerror","Koishi:PredatoryInstincts","Koishi:RorschachInDanmaku"],"picked":"SKIP","floor":11},{"not_picked":["Koishi:VengefulSpirit","Koishi:ReflexRadar","Koishi:StrangeCloudFist"],"picked":"SKIP","floor":13},{"not_picked":["Koishi:DNAsFlaw","Koishi:MentalBreakdown","Koishi:SubconsciousSweep"],"picked":"SKIP","floor":14}],"player_experience":397701,"relics_obtained":[{"floor":2,"key":"Smiling Mask"},{"floor":6,"key":"Peace Pipe"},{"floor":9,"key":"vexMod:BarristanHead"},{"floor":10,"key":"Protect_Vest"},{"floor":14,"key":"hubris:64BitClover"}],"event_choices":[{"damage_healed":0,"gold_gain":0,"player_choice":"Lose Max HP","damage_taken":0,"relics_obtained":["Golden Idol"],"max_hp_gain":0,"max_hp_loss":4,"event_name":"Golden Idol","floor":8,"gold_loss":0}],"is_beta":false,"boss_relics":[],"items_purged_floors":[5],"is_endless":false,"potions_floor_spawned":[1,3,10],"killed_by":"Slime Boss","ascension_level":1}}