{"host":"61pxv8qo5t6mwz68","time":1608433414,"event":{"mods":["BaseMod","Block Reminder","Colored Map","Highlight Path","Minty Spire (QoL Compilation)","Permanent Neow"],"gold_per_floor":[117,117,93,107,121,147,160,160,160,175,195,210,228,228,228,347,347,363,134,158,113,131,131,131,174,220,243,267,267,192,192,192,192,192],"floor_reached":33,"playtime":2131,"items_purged":[],"score":321,"play_id":"09e02204-c09d-4eb9-8556-6ab5dc91fcf8","local_time":"20201219220334","is_ascension_mode":false,"campfire_choices":[{"data":"PiercingWail","floor":8,"key":"SMITH"},{"data":"Phantasmal Killer","floor":15,"key":"SMITH"},{"floor":23,"key":"REST"},{"floor":29,"key":"REST"},{"floor":32,"key":"REST"}],"circlet_count":0,"master_deck":["Strike_G","Strike_G","Strike_G","Strike_G","Strike_G","Defend_G","Defend_G","Defend_G","Defend_G","Defend_G","Survivor","Neutralize+1","Blade Dance","PiercingWail+1","Sucker Punch","Flying Knee","Heel Hook","Distraction","Phantasmal Killer+1","Quick Slash","Crippling Poison","Noxious Fumes","Envenom","Dagger Throw","PiercingWail","Dagger Spray","Terror+1","Dagger Spray","PiercingWail+1","Ghostly","Ghostly","Ghostly","Ghostly","Ghostly","Poisoned Stab","Outmaneuver","Poisoned Stab+1"],"relics":["Ring of the Serpent","FaceOfCleric","Gremlin Horn","Paper Crane","Bloody Idol","InkBottle","Bronze Scales"],"acts_visited":["Exordium","TheCity"],"potions_floor_usage":[16,16,25,25,33],"damage_taken":[{"damage":5,"enemies":"Small Slimes","floor":1,"turns":5},{"damage":0,"enemies":"Cultist","floor":4,"turns":5},{"damage":0,"enemies":"Jaw Worm","floor":5,"turns":3},{"damage":12,"enemies":"Gremlin Nob","floor":6,"turns":5},{"damage":0,"enemies":"3 Louse","floor":7,"turns":2},{"damage":6,"enemies":"Looter","floor":10,"turns":2},{"damage":0,"enemies":"Large Slime","floor":11,"turns":2},{"damage":4,"enemies":"2 Fungi Beasts","floor":12,"turns":3},{"damage":4,"enemies":"3 Louse","floor":13,"turns":2},{"damage":19,"enemies":"Hexaghost","floor":16,"turns":8},{"damage":22,"enemies":"Chosen","floor":18,"turns":7},{"damage":17,"enemies":"3 Byrds","floor":20,"turns":3},{"damage":24,"enemies":"Snake Plant","floor":22,"turns":4},{"damage":13,"enemies":"Slavers","floor":25,"turns":5},{"damage":3,"enemies":"Centurion and Healer","floor":27,"turns":7},{"damage":4,"enemies":"Snecko","floor":28,"turns":5},{"damage":54,"enemies":"Champ","floor":33,"turns":11}],"seed_played":"7266640257239313364","potions_obtained":[{"floor":4,"key":"SteroidPotion"},{"floor":5,"key":"Swift Potion"},{"floor":7,"key":"Poison Potion"},{"floor":16,"key":"Energy Potion"},{"floor":20,"key":"Explosive Potion"}],"is_trial":false,"path_per_floor":["M","?","$","M","M","E","M","R","T","M","M","M","M","?","R","B",null,"M","$","M","$","M","R","?","E","T","M","M","R","?","?","R","B"],"character_chosen":"THE_SILENT","items_purchased":["PiercingWail","PiercingWail","A Thousand Cuts","Dagger Spray","Dagger Spray"],"campfire_rested":3,"item_purchase_floors":[3,19,19,19,21],"current_hp_per_floor":[65,65,65,66,67,56,57,57,57,52,53,50,47,47,47,29,73,52,52,36,36,13,35,35,23,23,21,18,30,30,30,41,0,0],"gold":192,"neow_bonus":"UPGRADE_CARD","is_daily":false,"chose_seed":false,"campfire_upgraded":2,"win_rate":0.0,"timestamp":1608433414,"path_taken":["M","?","?","M","M","E","M","R","T","M","M","M","M","?","R","BOSS","M","$","M","$","M","R","?","E","T","M","M","R","?","?","R","BOSS"],"items_purchased_type":["Card","Card","Card","Card","Card"],"build_version":"2020-12-13","purchased_purges":0,"victory":false,"max_hp_per_floor":[70,70,70,71,72,73,74,74,74,75,76,77,78,72,72,73,73,74,74,75,75,76,76,38,39,39,40,41,41,41,41,41,41,41],"card_choices":[{"not_picked":["Dagger Spray","Outmaneuver"],"picked":"Blade Dance","floor":1},{"not_picked":["Deflect","Dodge and Roll"],"picked":"Sucker Punch","floor":4},{"not_picked":["Blade Dance","Outmaneuver"],"picked":"Flying Knee","floor":5},{"not_picked":["Underhanded Strike","Dagger Throw"],"picked":"Heel Hook","floor":6},{"not_picked":["Dagger Throw","Deadly Poison"],"picked":"Distraction","floor":7},{"not_picked":["Escape Plan","Sucker Punch"],"picked":"Phantasmal Killer","floor":10},{"not_picked":["Sucker Punch","Eviscerate"],"picked":"Quick Slash","floor":11},{"not_picked":["Endless Agony","Sucker Punch"],"picked":"Crippling Poison","floor":12},{"not_picked":["Backflip","Footwork"],"picked":"Noxious Fumes","floor":13},{"not_picked":["Adrenaline","Venomology"],"picked":"Envenom","floor":16},{"not_picked":["Underhanded Strike","Escape Plan"],"picked":"Dagger Throw","floor":18},{"not_picked":["Poisoned Stab","Choke"],"picked":"Terror+1","floor":20},{"not_picked":["Outmaneuver","Dagger Spray"],"picked":"PiercingWail+1","floor":22},{"not_picked":["Backflip","Dash"],"picked":"Poisoned Stab","floor":25},{"not_picked":["Flying Knee+1","Backstab"],"picked":"Outmaneuver","floor":27},{"not_picked":["Flying Knee","Predator"],"picked":"Poisoned Stab+1","floor":28}],"player_experience":28562,"relics_obtained":[{"floor":6,"key":"Gremlin Horn"},{"floor":9,"key":"Paper Crane"},{"floor":25,"key":"InkBottle"},{"floor":26,"key":"Bronze Scales"}],"event_choices":[{"damage_healed":0,"gold_gain":0,"player_choice":"Trade","damage_taken":0,"relics_obtained":["FaceOfCleric"],"max_hp_gain":0,"max_hp_loss":0,"event_name":"FaceTrader","floor":2,"gold_loss":0},{"damage_healed":0,"gold_gain":0,"player_choice":"Lose Max HP","damage_taken":0,"relics_obtained":["Golden Idol"],"max_hp_gain":0,"max_hp_loss":6,"event_name":"Golden Idol","floor":14,"gold_loss":0},{"damage_healed":0,"gold_gain":0,"player_choice":"Became a Ghost","damage_taken":0,"max_hp_gain":0,"max_hp_loss":38,"event_name":"Ghosts","floor":24,"gold_loss":0,"cards_obtained":["Ghostly","Ghostly","Ghostly","Ghostly","Ghostly"]},{"cards_removed":["A Thousand Cuts"],"damage_healed":0,"gold_gain":0,"player_choice":"Gave Gold","damage_taken":0,"max_hp_gain":0,"max_hp_loss":0,"event_name":"Beggar","floor":30,"gold_loss":75},{"damage_healed":0,"gold_gain":0,"player_choice":"Gave Idol","damage_taken":0,"relics_obtained":["Bloody Idol"],"max_hp_gain":0,"max_hp_loss":0,"event_name":"Forgotten Altar","floor":31,"relics_lost":["Golden Idol"],"gold_loss":0}],"is_beta":false,"boss_relics":[{"not_picked":["Busted Crown","Coffee Dripper"],"picked":"Ring of the Serpent"}],"items_purged_floors":[],"is_endless":false,"potions_floor_spawned":[4,5,7,12,16,20],"killed_by":"Champ","ascension_level":0}}