{"host":"dwyzfvnzfcqffr30","time":1608423393,"event":{"mods":["2.2 Compatiblity","Act Like it!","BaseMod","Beaked The Cultist","Better Altar","Better Sensory Stone","Better Third Choice","Clockwork Mod","Colored Map","Colored Powertips","Conspire","Downfall","Elementarium","GifTheSpireLib","Halation","Hermit","Hubris","Jedi Mod","Menagerie","Mimic Mod","Minty Spire (QoL Compilation)","Permanent Neow","Random Character Button","Replay The Spire","Spicy Shops","StSLib","Stuff the Spire","The Construct","The Druid","TheFirefly","Trackpad","vexMod"],"gold_per_floor":[418,418,418,418,418,462,462,503,542,585,16,16,16,16,16,139,139,153,153,153,192,192,192,192],"floor_reached":23,"playtime":1450,"items_purged":["Injury"],"score":361,"play_id":"341271a3-a130-4df1-904c-7f57f51fba52","local_time":"20201219161633","is_ascension_mode":true,"campfire_choices":[{"floor":7,"key":"REST"},{"floor":12,"key":"REST"},{"floor":15,"key":"REST"}],"circlet_count":0,"master_deck":["hermit:Defend_Hermit+1","hermit:Defend_Hermit+1","hermit:Defend_Hermit+1","hermit:Defend_Hermit+1","hermit:Snapshot+1","hermit:Covet+1","MasterReality+1","hermit:Deadeye+1","hermit:WideOpen+1","hermit:Quickdraw+1","hermit:BlackWind+1","hermit:Brawl+1","hermit:Dive+1","hermit:HeroicBravado+1","hermit:ItchyTrigger+1","hermit:Gestalt+1","Elementarium:GildedStrike+1","Elementarium:GildedStrike+1","Elementarium:GildedStrike+1","Elementarium:GildedStrike+1","Elementarium:GildedStrike+1"],"relics":["hermit:ClaspedLocket","NeowsBlessing","hubris:FruitBowl","hubris:EvacipatedBox","Juzu Bracelet","Molten Egg 2","Toxic Egg 2","Frozen Egg 2","Quantum Egg","Bottled Tornado","Ancient Tea Set","Golden Idol","Ice Cream","trackpad:Compendium","Replay:Mystery Machine","Membership Card","jedi:angrymask","hubris:CrystalStatue","Replay:Grab Bag","beaked:SacredDeck","hubris:Backtick","StrikeDummy","hermit:Spyglass","halation:BottledLove","Cursed Key","Clockwork:MomentumEngine","hubris:CuriousFeather"],"acts_visited":["Exordium","Elementarium:Elementarium"],"potions_floor_usage":[8,23],"damage_taken":[{"damage":0,"enemies":"Cultist","floor":1,"turns":1},{"damage":0,"enemies":"Lagavulin","floor":6,"turns":1},{"damage":0,"enemies":"3 Sentries","floor":8,"turns":1},{"damage":11,"enemies":"2 Louse","floor":9,"turns":6},{"damage":20,"enemies":"Lagavulin","floor":10,"turns":4},{"damage":16,"enemies":"Hexaghost","floor":16,"turns":6},{"damage":5,"enemies":"Elementarium:Cyclone","floor":18,"turns":6},{"damage":25,"enemies":"Menagerie:Suneater","floor":21,"turns":6},{"damage":20,"enemies":"Elementarium:WarGolem","floor":23,"turns":3}],"seed_played":"31696979689478090","potions_obtained":[{"floor":6,"key":"Explosive Potion"},{"floor":16,"key":"DuplicationPotion"},{"floor":18,"key":"Dexterity Potion"}],"is_trial":false,"path_per_floor":["M","?","?","?","?","E","R","E","MIM","E","$","R","$","$","R","B",null,"M","?","?","?","?","E"],"character_chosen":"HERMIT","items_purchased":["Membership Card","jedi:angrymask","hubris:CrystalStatue","hermit:Brawl+1","hermit:Dive+1"],"campfire_rested":3,"item_purchase_floors":[11,11,11,11,11],"current_hp_per_floor":[75,33,33,33,33,33,55,55,44,24,24,46,46,46,68,52,75,70,70,55,30,12,0,0],"gold":192,"neow_bonus":"THREE_ENEMY_KILL","is_daily":false,"chose_seed":false,"campfire_upgraded":0,"win_rate":0.0,"timestamp":1608423393,"path_taken":["M","?","?","?","?","E","R","E","MIM","E","$","R","?","$","R","BOSS","M","?","?","?","?","E"],"items_purchased_type":["Relic","Relic","Relic","Card","Card"],"build_version":"2020-12-13","purchased_purges":1,"victory":false,"max_hp_per_floor":[75,75,75,75,75,75,75,75,75,75,75,75,75,75,75,75,75,75,75,75,75,75,75,75],"card_choices":[{"not_picked":["hermit:WideOpen+1","hermit:Cheat+1"],"picked":"hermit:Deadeye+1","floor":1},{"not_picked":["hermit:Manifest+1","hermit:Grudge+1"],"picked":"hermit:WideOpen+1","floor":6},{"not_picked":["hermit:Manifest+1","hermit:Glare+1"],"picked":"hermit:Quickdraw+1","floor":8},{"not_picked":["hermit:LowProfile+1","hermit:Gestalt+1"],"picked":"hermit:BlackWind+1","floor":10},{"not_picked":["hermit:OverwhelmingPower+1","hermit:HighNoon+1"],"picked":"hermit:HeroicBravado+1","floor":16},{"not_picked":["hermit:Manifest+1","hermit:Roulette+1"],"picked":"hermit:ItchyTrigger+1","floor":18},{"not_picked":["hermit:Coalescence+1","hermit:Deadeye+1"],"picked":"hermit:Gestalt+1","floor":21}],"player_experience":2118016,"relics_obtained":[{"floor":6,"key":"Ice Cream"},{"floor":9,"key":"trackpad:Compendium"},{"floor":10,"key":"Replay:Mystery Machine"},{"floor":21,"key":"hubris:CuriousFeather"}],"event_choices":[{"damage_healed":0,"gold_gain":0,"player_choice":"Simplicity","damage_taken":0,"max_hp_gain":0,"max_hp_loss":8,"event_name":"betterThird:BetterWriting","floor":0,"gold_loss":0},{"damage_healed":0,"gold_gain":0,"player_choice":"Relic ","damage_taken":42,"max_hp_gain":0,"max_hp_loss":0,"event_name":"betterThird:BetterScrap","floor":2,"gold_loss":0,"cards_obtained":["All For One"]},{"damage_healed":0,"gold_gain":0,"player_choice":"Disagree","damage_taken":0,"max_hp_gain":0,"max_hp_loss":0,"event_name":"conspire:LoneGhost","floor":4,"gold_loss":0},{"damage_healed":0,"gold_gain":0,"player_choice":"Take Wound","damage_taken":0,"relics_obtained":["Golden Idol"],"max_hp_gain":0,"max_hp_loss":0,"event_name":"Golden Idol","floor":5,"gold_loss":0,"cards_obtained":["Injury"]},{"damage_healed":0,"gold_gain":0,"player_choice":"Blood","damage_taken":15,"relics_obtained":["halation:BottledLove"],"max_hp_gain":0,"max_hp_loss":0,"event_name":"Elementarium:ShatteredPortal","floor":20,"gold_loss":0},{"damage_healed":0,"gold_gain":0,"player_choice":"Follow","damage_taken":0,"max_hp_gain":0,"max_hp_loss":0,"event_name":"Elementarium:BeastsOfTheMenagerie","floor":21,"gold_loss":0},{"damage_healed":0,"gold_gain":0,"player_choice":"Strike","damage_taken":18,"max_hp_gain":0,"max_hp_loss":0,"event_name":"Elementarium:OnrushingOffering","floor":22,"gold_loss":0,"cards_obtained":["Elementarium:GildedStrike","Elementarium:GildedStrike","Elementarium:GildedStrike","Elementarium:GildedStrike","Elementarium:GildedStrike"]}],"is_beta":false,"boss_relics":[{"not_picked":["Snecko Eye","halation:LoveArrow","SlaversCollar"],"picked":"Replay:Grab Bag"},{"not_picked":["halation:IncompleteEncyclopedia","halation:SmartPhone","Velvet Choker"],"picked":"beaked:SacredDeck"},{"not_picked":["Empty Cage","Ring of Chaos","trackpad:StolenKidneys"],"picked":"hermit:ClaspedLocket"},{"not_picked":["vexMod:ImprovementManual","halation:Yufonium","vexMod:RockOfEvil"],"picked":"hubris:Backtick"}],"items_purged_floors":[11],"is_endless":false,"potions_floor_spawned":[6,16,18],"killed_by":"Elementarium:WarGolem","ascension_level":3}}