{"host":"coame8l8goqx0svj","time":1608482713,"event":{"mods":["BaseMod","Downfall","Minty Spire (QoL Compilation)","StSLib"],"gold_per_floor":[99,114,148,73,92,542,542,553,553,579,597,7,27,12,31,130,130,130,170,170,224,284,284,284,384,459,537,617,566,537,690,710,1012,1012,937,937,937,937,524,551,551,551,688,759,905,975,1080,1404,1418,1603],"floor_reached":51,"playtime":4259,"items_purged":["Slimebound:Icky","Slimebound:Icky"],"score":1021,"play_id":"4313a4bd-c3c3-4e64-8dbe-aa420217b7a3","local_time":"20201220174513","is_ascension_mode":true,"campfire_choices":[{"floor":1,"key":"RECALL"},{"data":"sneckomod:UnknownRarePower","floor":4,"key":"SMITH"},{"data":"sneckomod:UnknownStrength","floor":9,"key":"SMITH"},{"data":"sneckomod:UnknownColorless","floor":18,"key":"SMITH"},{"data":"sneckomod:GlitteringGambit","floor":20,"key":"SMITH"},{"data":"sneckomod:Nope","floor":23,"key":"SMITH"},{"data":"sneckomod:MorePower","floor":35,"key":"SMITH"},{"data":"sneckomod:UnknownStrength","floor":38,"key":"SMITH"},{"data":"sneckomod:UnknownDexterity","floor":42,"key":"SMITH"}],"circlet_count":0,"master_deck":["sneckomod:Defend","sneckomod:Defend","sneckomod:Defend","sneckomod:TailWhip","sneckomod:SnekBite","sneckomod:Unknown","sneckomod:Unknown","sneckomod:QuickBite","sneckomod:UnknownRarePower+1","sneckomod:QuickBite","Slimebound:Icky","sneckomod:UnknownStrength+1","sneckomod:QuickBite","sneckomod:UnknownStrength","sneckomod:ImprovisedGuard","Panache","hexamod:ThirdSeal","sneckomod:UnknownStrength","sneckomod:QuickMove","sneckomod:Nope+1","sneckomod:UnknownColorless+1","sneckomod:GlitteringGambit+1","sneckomod:UnknownCommonAttack+1","sneckomod:UnknownStrike+1","sneckomod:ImprovisedGuard+1","sneckomod:SerpentMind","sneckomod:SnekBeam","sneckomod:UnknownExhaust","sneckomod:CheapStock+1","sneckomod:SlitherStrike","sneckomod:UnknownExhaust+1","sneckomod:RainOfDice+1","sneckomod:UnknownDexterity+1","sneckomod:UnlimitedRolls","sneckomod:MasterEye","sneckomod:MasterEye","sneckomod:CheapStock","expansioncontent:QuickStudy","expansioncontent:Collect","sneckomod:UnknownStrength+1","sneckomod:UnknownColorless","sneckomod:MorePower+1","CurseOfTheBell","expansioncontent:ManipulateTime","sneckomod:MasterEye+1","sneckomod:Unknown2Cost+1","sneckomod:UnknownStrength+1","sneckomod:Transmogrify","sneckomod:CheapStock","sneckomod:UnknownClassRED+1","sneckomod:UnknownX+1","sneckomod:UnknownUncommonPower+1","sneckomod:TrashToTreasure","sneckomod:MixItUp+1"],"relics":["Centennial Puzzle","downfall:HeartBlessingRed","Meat on the Bone","TungstenRod","Shuriken","ClockworkSouvenir","Astrolabe","Darkstone Periapt","Nunchaku","Calling Bell","MealTicket","Gremlin Horn","Incense Burner","downfall:HeartBlessingBlue","Mummified Hand","Turnip","Prayer Wheel","Toy Ornithopter","Guardian:PocketSentry","SlaversCollar"],"acts_visited":["Exordium","TheCity","TheBeyond"],"potions_floor_usage":[16,27,27,27,27,31,32,32,32,50],"damage_taken":[{"damage":9,"enemies":"Jaw Worm","floor":2,"turns":2},{"damage":12,"enemies":"Gremlin Nob","floor":3,"turns":3},{"damage":2,"enemies":"2 Louse","floor":5,"turns":2},{"damage":0,"enemies":"Small Slimes","floor":8,"turns":3},{"damage":25,"enemies":"Lagavulin","floor":10,"turns":5},{"damage":7,"enemies":"Gremlin Gang","floor":11,"turns":3},{"damage":0,"enemies":"downfall:FleeingMerchant","floor":12,"turns":4},{"damage":14,"enemies":"3 Louse","floor":13,"turns":4},{"damage":2,"enemies":"downfall:FleeingMerchant","floor":14,"turns":4},{"damage":18,"enemies":"2 Fungi Beasts","floor":15,"turns":5},{"damage":29,"enemies":"downfall:Silent","floor":16,"turns":8},{"damage":23,"enemies":"Slavers","floor":19,"turns":5},{"damage":0,"enemies":"Chosen","floor":21,"turns":3},{"damage":2,"enemies":"Shelled Parasite and Fungi","floor":22,"turns":5},{"damage":21,"enemies":"Gremlin Leader","floor":27,"turns":6},{"damage":32,"enemies":"Snecko","floor":28,"turns":7},{"damage":15,"enemies":"downfall:FleeingMerchant","floor":29,"turns":4},{"damage":13,"enemies":"downfall:FleeingMerchant","floor":30,"turns":4},{"damage":13,"enemies":"3 Cultists","floor":31,"turns":4},{"damage":0,"enemies":"Snake Plant","floor":32,"turns":3},{"damage":16,"enemies":"downfall:Ironclad","floor":33,"turns":8},{"damage":23,"enemies":"3 Darklings","floor":40,"turns":3},{"damage":8,"enemies":"Reptomancer","floor":43,"turns":4},{"damage":5,"enemies":"Mind Bloom Boss Battle","floor":44,"turns":4},{"damage":0,"enemies":"downfall:LadyInBlue","floor":45,"turns":6},{"damage":21,"enemies":"3 Shapes","floor":46,"turns":3},{"damage":17,"enemies":"Writhing Mass","floor":47,"turns":4},{"damage":0,"enemies":"Transient","floor":48,"turns":5},{"damage":7,"enemies":"3 Darklings","floor":49,"turns":2},{"damage":14,"enemies":"downfall:Defect","floor":50,"turns":5}],"seed_played":"7984756999702948163","potions_obtained":[{"floor":2,"key":"Weak Potion"},{"floor":3,"key":"EntropicBrew"},{"floor":11,"key":"Weak Potion"},{"floor":13,"key":"EssenceOfSteel"},{"floor":16,"key":"AttackPotion"},{"floor":27,"key":"Guardian:BlockOnCardUsePotion"},{"floor":31,"key":"Energy Potion"},{"floor":44,"key":"GamblersBrew"},{"floor":45,"key":"CultistPotion"},{"floor":45,"key":"ColorlessPotion"},{"floor":45,"key":"Ancient Potion"}],"is_trial":false,"path_per_floor":["R","M","E","R","M","?","T","M","R","E","M","$","M","$","M","B",null,"R","E","R","M","M","R","T","?","?","E","M","$","$","M","M","B",null,"R","?","?","R","$","M","T","R","E","?","?","M","M","M","M","B",null],"character_chosen":"THE_SNECKO","items_purchased":["Panache","Shuriken","ClockworkSouvenir","sneckomod:MasterEye","expansioncontent:QuickStudy","Nunchaku","expansioncontent:Collect","champ:DeflectingBracers"],"campfire_rested":0,"item_purchase_floors":[12,12,12,29,30,30,30,39],"current_hp_per_floor":[90,81,69,69,67,67,67,67,67,54,47,47,47,57,51,34,76,76,67,67,67,65,65,65,65,90,69,54,51,50,49,49,69,91,101,101,101,101,106,83,83,83,75,70,70,61,63,63,56,61],"gold":1603,"neow_bonus":"BOSS_RELIC","is_daily":false,"chose_seed":false,"campfire_upgraded":8,"win_rate":0.0,"timestamp":1608482713,"path_taken":["R","M","E","R","M","?","T","M","R","E","M","$","M","$","M","BOSS","R","E","R","M","M","R","T","?","?","E","?","$","$","?","M","BOSS","R","?","?","R","$","M","T","R","E","?","?","M","?","M","M","BOSS"],"items_purchased_type":["Card","Relic","Relic","Card","Card","Relic","Card","Relic"],"build_version":"2020-12-13","purchased_purges":2,"victory":true,"max_hp_per_floor":[90,90,90,90,90,90,90,90,90,90,90,90,90,90,90,90,90,90,90,90,90,90,90,90,90,90,90,90,90,90,90,90,90,96,106,106,106,106,106,106,106,106,106,106,106,106,106,106,106,106],"card_choices":[{"not_picked":["sneckomod:Nope","sneckomod:UnknownCommonAttack"],"picked":"sneckomod:QuickBite","floor":2},{"not_picked":["sneckomod:Nope","sneckomod:Unknown2Cost"],"picked":"sneckomod:UnknownRarePower","floor":3},{"not_picked":["sneckomod:DiceCrush","sneckomod:IronFang"],"picked":"sneckomod:QuickBite","floor":5},{"not_picked":["sneckomod:UnknownClassSLIMEBOUND","sneckomod:Nope"],"picked":"sneckomod:UnknownStrength","floor":8},{"not_picked":["sneckomod:UnknownCommonAttack","sneckomod:Unknown1Cost"],"picked":"sneckomod:QuickBite","floor":10},{"not_picked":["sneckomod:ImprovisedAttack","sneckomod:UnknownClassTHE_CHAMP_GRAY"],"picked":"sneckomod:UnknownStrength","floor":11},{"not_picked":["sneckomod:UnknownClassSLIMEBOUND","sneckomod:Unknown2Cost"],"picked":"sneckomod:ImprovisedGuard","floor":12},{"not_picked":["hexamod:SecondSeal","hexamod:SixthSeal"],"picked":"hexamod:ThirdSeal","floor":13},{"not_picked":["sneckomod:DefensiveFlair","sneckomod:UnknownClassGREEN"],"picked":"sneckomod:UnknownStrength","floor":13},{"not_picked":["sneckomod:UnknownCommonAttack","sneckomod:Unknown1Cost"],"picked":"sneckomod:QuickMove","floor":14},{"not_picked":["sneckomod:MixItUp","sneckomod:UnknownVulnerable"],"picked":"sneckomod:Nope","floor":15},{"not_picked":["sneckomod:RainOfDice","sneckomod:Unknown1Cost","sneckomod:UnknownWeak"],"picked":"SKIP","floor":15},{"not_picked":["sneckomod:Unknown3Cost","sneckomod:Mudshield"],"picked":"sneckomod:UnknownColorless","floor":16},{"not_picked":["sneckomod:Transmogrify","sneckomod:UnknownColorless"],"picked":"sneckomod:GlitteringGambit","floor":16},{"not_picked":["sneckomod:QuickMove+1","sneckomod:QuickBite"],"picked":"sneckomod:SerpentMind","floor":19},{"not_picked":["sneckomod:IronFang+1","sneckomod:UnknownClassTHE_CHAMP_GRAY"],"picked":"sneckomod:SnekBeam","floor":19},{"not_picked":["sneckomod:DefensiveFlair","sneckomod:DiceCrush","sneckomod:UnknownBlock"],"picked":"SKIP","floor":21},{"not_picked":["sneckomod:UnknownWeak+1","sneckomod:MasterEye"],"picked":"sneckomod:UnknownExhaust","floor":22},{"not_picked":["sneckomod:SnekBeam","sneckomod:SoulRoll"],"picked":"sneckomod:CheapStock+1","floor":22},{"not_picked":["sneckomod:UnknownClassPURPLE","sneckomod:UnknownCommonSkill"],"picked":"sneckomod:SlitherStrike","floor":27},{"not_picked":["sneckomod:UnknownCommonSkill","sneckomod:WideSting"],"picked":"sneckomod:UnknownExhaust+1","floor":27},{"not_picked":["sneckomod:MixItUp","sneckomod:UnknownBlock"],"picked":"sneckomod:RainOfDice+1","floor":28},{"not_picked":["sneckomod:UnknownCommonSkill","sneckomod:UnknownClassSLIMEBOUND"],"picked":"sneckomod:UnknownDexterity","floor":28},{"not_picked":["sneckomod:PureSnecko","sneckomod:SlitherStrike"],"picked":"sneckomod:UnlimitedRolls","floor":29},{"not_picked":["sneckomod:DiceCrush+1","sneckomod:DiceBoulder","sneckomod:UnknownUncommonAttack"],"picked":"SKIP","floor":29},{"not_picked":["sneckomod:UnknownCommonSkill","sneckomod:DiceBoulder"],"picked":"sneckomod:MasterEye","floor":30},{"not_picked":["sneckomod:MasterEye+1","sneckomod:SoulDraw+1"],"picked":"sneckomod:CheapStock","floor":30},{"not_picked":["sneckomod:UnknownUncommonPower","sneckomod:Nope"],"picked":"sneckomod:UnknownStrength","floor":31},{"not_picked":["sneckomod:SoulDraw","sneckomod:RainOfDice+1","sneckomod:IronFang"],"picked":"SKIP","floor":32},{"not_picked":["sneckomod:SerpentMind","sneckomod:UnlimitedRolls"],"picked":"sneckomod:UnknownColorless","floor":33},{"not_picked":["sneckomod:UnknownRarePower","sneckomod:DangerNoodle"],"picked":"sneckomod:MorePower","floor":33},{"not_picked":["expansioncontent:Sear","expansioncontent:PolyBeam"],"picked":"expansioncontent:ManipulateTime","floor":36},{"not_picked":["sneckomod:IronFang","sneckomod:Unknown1Cost+1","sneckomod:ImprovisedAttack"],"picked":"SKIP","floor":40},{"not_picked":["sneckomod:DangerNoodle","sneckomod:UnknownVulnerable","sneckomod:DiceBlock"],"picked":"SKIP","floor":40},{"not_picked":["sneckomod:UnknownStrike+1","sneckomod:UnknownUncommonAttack+1"],"picked":"sneckomod:MasterEye+1","floor":43},{"not_picked":["sneckomod:UnknownEthereal+1","sneckomod:UnknownWeak+1"],"picked":"sneckomod:Unknown2Cost+1","floor":43},{"not_picked":["sneckomod:SoulRoll","sneckomod:UnknownWeak","sneckomod:UnknownCommonSkill+1"],"picked":"SKIP","floor":43},{"not_picked":["sneckomod:UnknownExhaust+1","sneckomod:DiceCrush"],"picked":"sneckomod:UnknownStrength+1","floor":44},{"not_picked":["sneckomod:UnknownClassGREEN","sneckomod:DiceBlock"],"picked":"sneckomod:Transmogrify","floor":45},{"not_picked":["sneckomod:ImprovisedAttack","sneckomod:SoulRoll"],"picked":"sneckomod:CheapStock","floor":46},{"not_picked":["sneckomod:UnknownCommonSkill+1","sneckomod:UnknownClassSLIMEBOUND+1"],"picked":"sneckomod:UnknownClassRED+1","floor":46},{"not_picked":["sneckomod:UnknownStrike+1","sneckomod:QuickBite+1","sneckomod:UnknownClassHEXA_GHOST_PURPLE"],"picked":"SKIP","floor":46},{"not_picked":["sneckomod:QuickBite+1","sneckomod:UnknownClassPURPLE","sneckomod:SoulRoll"],"picked":"SKIP","floor":46},{"not_picked":["sneckomod:UnknownClassGREEN+1","sneckomod:UnknownVulnerable+1"],"picked":"sneckomod:UnknownX+1","floor":47},{"not_picked":["sneckomod:IronFang","sneckomod:WideSting","sneckomod:DiceBoulder"],"picked":"SKIP","floor":47},{"not_picked":["sneckomod:UnknownVulnerable","sneckomod:UnknownEthereal","sneckomod:DiceBlock"],"picked":"SKIP","floor":47},{"not_picked":["sneckomod:SoulDraw+1","sneckomod:DiceCrush+1","sneckomod:UnknownCommonAttack"],"picked":"SKIP","floor":47},{"not_picked":["sneckomod:UnknownBlock","sneckomod:UnknownStrike"],"picked":"sneckomod:UnknownUncommonPower+1","floor":48},{"not_picked":["sneckomod:UnknownClassBLUE+1","sneckomod:UnknownDexterity+1","sneckomod:UnknownClassRED+1"],"picked":"SKIP","floor":48},{"not_picked":["sneckomod:UnknownEthereal+1","sneckomod:SnekBeam","sneckomod:ImprovisedAttack"],"picked":"SKIP","floor":48},{"not_picked":["sneckomod:UnknownClassTHE_CHAMP_GRAY","sneckomod:Unknown1Cost+1","sneckomod:IronFang"],"picked":"SKIP","floor":48},{"not_picked":["sneckomod:UnknownX","sneckomod:SoulDraw+1"],"picked":"sneckomod:TrashToTreasure","floor":49},{"not_picked":["sneckomod:UnknownClassSLIMEBOUND","sneckomod:Mudshield"],"picked":"sneckomod:MixItUp+1","floor":49},{"not_picked":["sneckomod:RainOfDice","sneckomod:UnknownBlock","sneckomod:DiceCrush+1"],"picked":"SKIP","floor":49}],"player_experience":1694831,"relics_obtained":[{"floor":3,"key":"Centennial Puzzle"},{"floor":7,"key":"Meat on the Bone"},{"floor":10,"key":"TungstenRod"},{"floor":19,"key":"Darkstone Periapt"},{"floor":27,"key":"Guardian:PocketSentry"},{"floor":34,"key":"MealTicket"},{"floor":34,"key":"Gremlin Horn"},{"floor":34,"key":"Incense Burner"},{"floor":41,"key":"Mummified Hand"},{"floor":43,"key":"Turnip"},{"floor":44,"key":"Prayer Wheel"},{"floor":45,"key":"Toy Ornithopter"},{"floor":47,"key":"Guardian:PocketSentry"},{"floor":48,"key":"SlaversCollar"}],"event_choices":[],"is_beta":false,"boss_relics":[{"not_picked":["Coffee Dripper","Pandora\u0027s Box"],"picked":"Astrolabe"},{"not_picked":["expansioncontent:StudyCardRelic","Sozu"],"picked":"Calling Bell"}],"items_purged_floors":[30,39],"is_endless":false,"potions_floor_spawned":[2,3,11,13,16,19,22,27,31,44,46,49],"ascension_level":5}}