{"host":"l3mntlxfatf6lpxm","time":1608487389,"event":{"mods":["2.2 Compatiblity","AchievementEnabler","Aspiration","Bard","BaseMod","Beaked The Cultist","Better Altar","Better Match","Better Note","Better Sensory Stone","Better Skull","Better Third Choice","Challenge The Spire","Colored Powertips","Defuse TimeMaze Blight","Displayed Cursed Tome","Dota2Spire","Downfall","Ekko","Energized Spire","Gold Saver","Hubris","Infinite Spire","Jorbs\u0027s Wanderer Trilogy","Kratos Character Expansion","Luminous","Marisa????????","Minty Spire (QoL Compilation)","Replay The Spire","Retaliation","Shade Mod","Shop Mod","Somnambulant","Spicy Shops","StSLib","The Blue Laboratory","The Construct","The Cursed","The Jungle","The Marked","The Runesmith","The Servant 0.9.4","TheVacant","Thieving Mod","Trackpad","Unceasing Turn Reminder","Virulent Crown","Wandering Minibosses"],"gold_per_floor":[329,143,162,162,174,174,203,221,221,221,238,203,223,234,234,335,335,352,236,236,252,264,296,312,312,391,391,391,391,391,411,411,539,539,593,593,593,646,646,646,704,776,854,854,934,934,1032,1135,1135,1169],"floor_reached":51,"playtime":3193,"items_purged":[],"score":949,"play_id":"9b31bce6-a3f0-4353-9081-aaedcdca80f8","local_time":"20201220190309","is_ascension_mode":false,"campfire_choices":[{"data":"theMarked:MysticalArsenal","floor":6.0,"key":"SMITH"},{"floor":10.0,"key":"REST"},{"data":"theMarked:UnarmedFury","floor":10.0,"key":"SMITH"},{"floor":15.0,"key":"REST"},{"data":"theMarked:HeritageOfTheMarked","floor":15.0,"key":"SMITH"},{"floor":25.0,"key":"REST"},{"data":"theMarked:StartUp","floor":25.0,"key":"SMITH"},{"data":"theMarked:Convert","floor":27.0,"key":"SMITH"},{"data":"theMarked:ComboAttacks","floor":32.0,"key":"SMITH"},{"data":"theMarked:ThrowWeapon","floor":40.0,"key":"SMITH"},{"data":"theMarked:Levitate","floor":44.0,"key":"SMITH"},{"floor":46.0,"key":"REST"},{"data":"theMarked:BanishingWave","floor":46.0,"key":"SMITH"},{"data":"theMarked:DeterminationOfTheMarked","floor":49,"key":"SMITH"}],"circlet_count":0,"master_deck":["theMarked:Strike","theMarked:Strike","theMarked:Strike","theMarked:Strike","theMarked:Strike","theMarked:Defend","theMarked:Defend","theMarked:Defend","theMarked:Defend","theMarked:SoldierOfQuellstein","theMarked:Levitate+1","theMarked:TakeCover","theMarked:Convert+1","theMarked:Opportunist","theMarked:Static","theMarked:BanishingStrike","theMarked:WardOff","theMarked:MysticalArsenal+1","theMarked:Electrocute","theMarked:UnarmedFury+1","theMarked:Overcharge","theMarked:TwofoldDefense","theMarked:HeritageOfTheMarked+1","theMarked:ParalyzingBlade","theMarked:WardOff","theMarked:ThrowWeapon+1","theMarked:WardOff","theMarked:StartUp+1","theMarked:Improvise","theMarked:TwofoldDefense","theMarked:WardOff","theMarked:MysticalArsenal+1","theMarked:ResourceFulStrike+1","theMarked:ComboAttacks+1","theMarked:Overthink+1","theMarked:BindingBlade+1","theMarked:DeterminationOfTheMarked+1","theMarked:Generate+1","theMarked:BanishingWave+1","theMarked:HeritageOfTheMarked+1","theMarked:StartUp+1","theMarked:ParalyzingBlade+1","theMarked:BanishingStrike"],"relics":["theMarked:ArtifactOfAir","TungstenRod","infinitespire:Magic Flask","Happy Flower","Odd Mushroom","Honey Jar","Dota2Spire:EchoSabre","Bag of Marbles","trackpad:DisasterInABottle","infinitespire:EvilPickle","Replay:Fungal Core","Philosopher\u0027s Stone","trackpad:SappingStone","Replay:Bandana","ReplayTheSpireMod:Ninjato"],"acts_visited":["Exordium","TheCity","TheBeyond"],"potions_floor_usage":[50,50,50],"damage_taken":[{"damage":1.0,"enemies":"Cultist","floor":1.0,"turns":4.0},{"damage":2.0,"enemies":"Small Slimes","floor":3.0,"turns":4.0},{"damage":0.0,"enemies":"2 Louse","floor":5.0,"turns":3.0},{"damage":30.0,"enemies":"3 Sentries","floor":7.0,"turns":8.0},{"damage":3.0,"enemies":"2 Fungi Beasts","floor":8.0,"turns":3.0},{"damage":0.0,"enemies":"Looter","floor":11.0,"turns":2.0},{"damage":15.0,"enemies":"The Mushroom Lair","floor":13.0,"turns":5.0},{"damage":4.0,"enemies":"Exordium Thugs","floor":14.0,"turns":5.0},{"damage":5.0,"enemies":"Hexaghost","floor":16.0,"turns":6.0},{"damage":4.0,"enemies":"Chosen","floor":18.0,"turns":2.0},{"damage":0.0,"enemies":"Spheric Guardian","floor":21.0,"turns":3.0},{"damage":0.0,"enemies":"Shelled Parasite and Fungi","floor":22.0,"turns":3.0},{"damage":1.0,"enemies":"Gremlin Leader","floor":23.0,"turns":4.0},{"damage":0.0,"enemies":"Centurion and Healer","floor":24.0,"turns":5.0},{"damage":7.0,"enemies":"3 Cultists","floor":31.0,"turns":5.0},{"damage":6.0,"enemies":"Pondfish","floor":33.0,"turns":6.0},{"damage":4.0,"enemies":"3 Shapes","floor":35.0,"turns":3.0},{"damage":0.0,"enemies":"Orb Walker","floor":38.0,"turns":2.0},{"damage":0.0,"enemies":"Writhing Mass","floor":41.0,"turns":4.0},{"damage":8.0,"enemies":"Reptomancer","floor":42.0,"turns":4.0},{"damage":0.0,"enemies":"4 Shapes","floor":45.0,"turns":4.0},{"damage":0.0,"enemies":"Jaw Worm Horde","floor":47.0,"turns":2.0},{"damage":0,"enemies":"Maw","floor":48,"turns":5},{"damage":27,"enemies":"Donu and Deca","floor":50,"turns":6}],"seed_played":"94623305248056521","potions_obtained":[{"floor":3.0,"key":"blueLaboratory:EmptyBottle"},{"floor":11.0,"key":"Adrenaline Potion"},{"floor":14.0,"key":"blueLaboratory:HorrorPotion"},{"floor":20.0,"key":"blueLaboratory:PolymorphPotion"},{"floor":20.0,"key":"DistilledChaos"},{"floor":20.0,"key":"blueLaboratory:SavagePotion"},{"floor":21.0,"key":"Dota2Spire:HealingSalve"},{"floor":23.0,"key":"blueLaboratory:BottledHope"},{"floor":24.0,"key":"Energy Potion"},{"floor":35.0,"key":"AttackPotion"},{"floor":47.0,"key":"Fruit Juice"}],"is_trial":false,"path_per_floor":["M","$","M","T","M","R","E","M","T","R","M","$","?","M","R","B",null,"M","$","?","M","M","E","M","R","T","R","?","?","$","M","R","B",null,"M","?","$","M","AVR","R","M","E","T","R","M","R","M","M","R","B",null],"character_chosen":"THE_DEFAULT","items_purchased":["theMarked:Opportunist","theMarked:Static","theMarked:BanishingStrike","theMarked:HeritageOfTheMarked","theMarked:StartUp","theMarked:Improvise"],"campfire_rested":4,"item_purchase_floors":[2,2,2,12,19,19],"current_hp_per_floor":[69,69,67,67,67,67,37,34,34,55,55,55,40,36,57,52,70,66,66,66,66,66,65,65,70,70,70,70,70,70,63,63,57,70,66,66,66,66,66,66,66,58,58,58,58,70,75,75,75,60],"gold":1169,"neow_bonus":"ONE_RANDOM_RARE_CARD","is_daily":false,"chose_seed":false,"campfire_upgraded":10,"win_rate":0.0,"timestamp":1608487389,"path_taken":["M","$","M","?","M","R","E","M","T","R","M","$","?","M","R","BOSS","M","$","?","M","M","E","M","R","T","R","?","?","?","M","R","BOSS","M","?","$","M","AVR","R","M","E","T","R","M","R","M","M","R","BOSS"],"items_purchased_type":["Card","Card","Card","Card","Card","Card"],"build_version":"2020-12-13","purchased_purges":0,"victory":true,"max_hp_per_floor":[70,70,70,70,70,70,70,70,70,70,70,70,70,70,70,70,70,70,70,70,70,70,70,70,70,70,70,70,70,70,70,70,70,70,70,70,70,70,70,70,70,70,70,70,70,70,75,75,75,75],"card_choices":[{"not_picked":["theMarked:BanishingStrike","theMarked:RepellingDischarge"],"picked":"theMarked:TakeCover","floor":1.0},{"not_picked":["theMarked:HeightenedSenses","theMarked:LightningStrikesTwice"],"picked":"theMarked:WardOff","floor":3.0},{"not_picked":["theMarked:Polarize","theMarked:BanishingStrike"],"picked":"theMarked:MysticalArsenal","floor":5.0},{"not_picked":["theMarked:SwordAndMagic","theMarked:WastefulAttack"],"picked":"theMarked:Electrocute","floor":7.0},{"not_picked":["theMarked:EnhanceMovement","theMarked:LightningStrikesTwice"],"picked":"theMarked:UnarmedFury","floor":8.0},{"not_picked":["theMarked:EnhancedHearing","theMarked:HeightenedSenses"],"picked":"theMarked:Overcharge","floor":11.0},{"not_picked":["theMarked:Electrocute","theMarked:ElectricStrings"],"picked":"theMarked:ParalyzingBlade","floor":13.0},{"not_picked":["theMarked:ResourceFulStrike","theMarked:Parkour"],"picked":"theMarked:WardOff","floor":14.0},{"not_picked":["theMarked:SoldierForm","theMarked:Snap"],"picked":"theMarked:ThrowWeapon","floor":16.0},{"not_picked":["theMarked:SelfDefenseTraining","theMarked:BanishingStrike","theMarked:Electrocute"],"picked":"theMarked:WardOff","floor":18.0},{"not_picked":["theMarked:Improvise+1","theMarked:ResourceFulStrike","theMarked:LightningStrikesTwice"],"picked":"theMarked:TwofoldDefense","floor":21.0},{"not_picked":["theMarked:TwofoldDefense","theMarked:ContemptForTheProud","theMarked:RepellingDischarge"],"picked":"theMarked:WardOff","floor":22.0},{"not_picked":["theMarked:StartUp","theMarked:Challenge","theMarked:MagicAdept"],"picked":"theMarked:MysticalArsenal+1","floor":23.0},{"not_picked":["theMarked:WastefulAttack","theMarked:MaelstromOfLightning","theMarked:Static"],"picked":"theMarked:ResourceFulStrike+1","floor":24.0},{"not_picked":["theMarked:Electrify","theMarked:WastefulAttack","theMarked:Electrocute"],"picked":"theMarked:Overthink+1","floor":31.0},{"not_picked":["theMarked:DispelDoubt","theMarked:UnarmedFury","theMarked:Defy"],"picked":"theMarked:BindingBlade","floor":33.0},{"not_picked":["theMarked:ResourceFulStrike+1","theMarked:RepellingDischarge","theMarked:GodGivenPower+1"],"picked":"theMarked:DeterminationOfTheMarked","floor":35.0},{"not_picked":["theMarked:Frustration+1","theMarked:Electrocute","theMarked:BanishingStrike"],"picked":"theMarked:Generate+1","floor":38.0},{"not_picked":["theMarked:WastefulAttack+1","theMarked:ComboAttacks+1","theMarked:Improvise"],"picked":"theMarked:BanishingWave","floor":41.0},{"not_picked":["theMarked:ElectricStrings+1","theMarked:LightningStrikesTwice+1","theMarked:Frustration+1"],"picked":"theMarked:HeritageOfTheMarked+1","floor":42.0},{"not_picked":["theMarked:MaelstromOfLightning+1","theMarked:DeterminationOfTheMarked+1","theMarked:Reabsorb"],"picked":"theMarked:StartUp+1","floor":45.0},{"not_picked":["theMarked:ElectricStrings+1","theMarked:WardOff","theMarked:Improvise"],"picked":"theMarked:ParalyzingBlade+1","floor":47.0},{"not_picked":["theMarked:Improvise","theMarked:DeterminationOfTheMarked+1","theMarked:WastefulAttack+1"],"picked":"theMarked:BanishingStrike","floor":48}],"player_experience":781020,"relics_obtained":[{"floor":4.0,"key":"TungstenRod"},{"floor":7.0,"key":"infinitespire:Magic Flask"},{"floor":9.0,"key":"Happy Flower"},{"floor":13.0,"key":"Odd Mushroom"},{"floor":23.0,"key":"Bag of Marbles"},{"floor":26.0,"key":"trackpad:DisasterInABottle"},{"floor":42.0,"key":"Replay:Bandana"},{"floor":43.0,"key":"ReplayTheSpireMod:Ninjato"}],"event_choices":[{"damage_healed":0.0,"max_hp_gain":0.0,"max_hp_loss":0.0,"gold_gain":0.0,"event_name":"Mushrooms","player_choice":"Fought Mushrooms","floor":13.0,"gold_loss":0.0,"damage_taken":0.0},{"damage_healed":0.0,"max_hp_gain":0.0,"max_hp_loss":0.0,"gold_gain":0.0,"event_name":"Lab","player_choice":"Got Potions","floor":20.0,"gold_loss":0.0,"damage_taken":0.0},{"cards_removed":["theMarked:UnarmedFury"],"damage_healed":0.0,"max_hp_gain":0.0,"max_hp_loss":0.0,"gold_gain":0.0,"event_name":"betterNote:BetterNote","player_choice":"Give","floor":28.0,"gold_loss":0.0,"damage_taken":0.0,"cards_obtained":["None"]}],"is_beta":false,"boss_relics":[{"not_picked":["Replay:Bronze Core","Velvet Choker"],"picked":"Honey Jar"},{"not_picked":["Replay:Grab Bag","hubris:HollowSoul"],"picked":"Replay:Fungal Core"}],"items_purged_floors":[],"is_endless":false,"potions_floor_spawned":[3,11,14,21,23,24,35,42,47],"ascension_level":0}}