{"host":"g1dfl30o7gson6fx","time":1608443910,"event":{"mods":["AchievementEnabler","BaseMod","CapriCore","Colored Map","Minty Spire (QoL Compilation)","Quick Restart","Shop Mod","StSLib","SuperFastMode","The Immortal"],"gold_per_floor":[111,121,121,133,133,133,143,156,181,201,201,218,20,32,32,32,32,32],"floor_reached":16,"playtime":919,"items_purged":[],"score":96,"play_id":"00ac8d05-eec7-4228-9561-e26460c5f8ea","local_time":"20201220145830","is_ascension_mode":false,"campfire_choices":[{"floor":6.0,"key":"RECALL"},{"floor":15,"key":"REST"}],"circlet_count":0,"master_deck":["MokouMod:Strike","MokouMod:Strike","MokouMod:Strike","MokouMod:Strike","MokouMod:Defend","MokouMod:Defend","MokouMod:Defend","MokouMod:Defend","MokouMod:HeatSpark","MokouMod:BurningDraft","MokouMod:IndiscriminateIgnition","MokouMod:WarmUp","MokouMod:ScorchedEarth","MokouMod:Ventilation","MokouMod:FujiyamaVolcano","MokouMod:FlareStarter","MokouMod:Stoke","MokouMod:Trailblazer"],"relics":["MokouMod:PhoenixFeather","MerchantsRug"],"acts_visited":["Exordium"],"potions_floor_usage":[],"damage_taken":[{"damage":15.0,"enemies":"Jaw Worm","floor":1.0,"turns":4.0},{"damage":7.0,"enemies":"2 Louse","floor":2.0,"turns":3.0},{"damage":5.0,"enemies":"Cultist","floor":4.0,"turns":4.0},{"damage":15.0,"enemies":"2 Fungi Beasts","floor":7.0,"turns":5.0},{"damage":10.0,"enemies":"Looter","floor":8.0,"turns":3.0},{"damage":19,"enemies":"Exordium Wildlife","floor":10,"turns":4},{"damage":14,"enemies":"Gremlin Gang","floor":12,"turns":3},{"damage":14,"enemies":"Large Slime","floor":14,"turns":4},{"damage":47,"enemies":"Hexaghost","floor":16,"turns":11}],"seed_played":"3612939738010542327","potions_obtained":[{"floor":2.0,"key":"Energy Potion"},{"floor":7.0,"key":"Strength Potion"}],"is_trial":false,"path_per_floor":["M","M","?","M","?","R","M","M","T","M","?","M","$","M","R","B"],"character_chosen":"MKU","items_purchased":["MerchantsRug","MokouMod:Stoke"],"campfire_rested":1,"item_purchase_floors":[13,13],"current_hp_per_floor":[67,60,60,55,55,55,40,30,30,11,38,24,24,10,34,9,9,9],"gold":32,"neow_bonus":"TEN_PERCENT_HP_BONUS","is_daily":false,"chose_seed":false,"campfire_upgraded":0,"win_rate":0.0,"timestamp":1608443910,"path_taken":["M","M","?","M","?","R","M","M","T","?","?","M","$","M","R","BOSS"],"items_purchased_type":["Relic","Card"],"build_version":"2020-12-13","purchased_purges":0,"victory":false,"max_hp_per_floor":[82,82,82,82,82,82,82,82,82,82,82,82,82,82,82,82,82,82],"card_choices":[{"not_picked":["MokouMod:SubterraneanCore","MokouMod:FlareStarter"],"picked":"MokouMod:BurningDraft","floor":1.0},{"not_picked":["MokouMod:SubterraneanCore","MokouMod:RoaringFlare"],"picked":"MokouMod:IndiscriminateIgnition","floor":2.0},{"not_picked":["MokouMod:ShiftIgnition","MokouMod:ScorchingColumn"],"picked":"MokouMod:WarmUp","floor":4.0},{"not_picked":["MokouMod:Ember","MokouMod:Wildfire"],"picked":"MokouMod:ScorchedEarth","floor":7.0},{"not_picked":["MokouMod:BurningDraft","MokouMod:FlickeringFlame"],"picked":"MokouMod:Ventilation","floor":8.0},{"not_picked":["MokouMod:PhoenixFeathers","MokouMod:GuidingSmoke"],"picked":"MokouMod:FujiyamaVolcano","floor":10},{"not_picked":["MokouMod:HeatTransfer","MokouMod:BlazingComet"],"picked":"MokouMod:FlareStarter","floor":12},{"not_picked":["MokouMod:IgneousBlow","MokouMod:CrimsonArmoury"],"picked":"MokouMod:Trailblazer","floor":14}],"player_experience":53167,"relics_obtained":[],"event_choices":[{"damage_healed":0.0,"max_hp_gain":0.0,"max_hp_loss":0.0,"gold_gain":0.0,"event_name":"Liars Game","player_choice":"Ignored","floor":3.0,"gold_loss":0.0,"damage_taken":0.0},{"cards_removed":["MokouMod:Strike"],"damage_healed":0.0,"max_hp_gain":0.0,"max_hp_loss":0.0,"gold_gain":0.0,"event_name":"Purifier","player_choice":"Purged","floor":5.0,"gold_loss":0.0,"damage_taken":0.0},{"damage_healed":27,"gold_gain":0,"player_choice":"Banana","damage_taken":0,"max_hp_gain":0,"max_hp_loss":0,"event_name":"Big Fish","floor":11,"gold_loss":0}],"is_beta":false,"boss_relics":[],"items_purged_floors":[],"is_endless":false,"potions_floor_spawned":[2,7],"killed_by":"Hexaghost","ascension_level":0}}