{"host":"o4pit0n7y0vm2e4t","time":1608492632,"event":{"mods":["Aspiration","BaseMod","Better Altar","Better Match","Better Note","Better Sensory Stone","Better Skull","Better Third Choice","Colored Map","Conspire","Downfall","Friendly Minions","Googly Eyes","Halation","Hermit","HexUI Lib","Hubris","Minty Spire (QoL Compilation)","RatMod","Replay The Spire","Robot Space Explorer","Spikes Relics","StSLib","The Hierophant","The Jungle","The Necromancer"],"gold_per_floor":[99,99,99,115,390,409,409,427,445,455,455,471,505,505,505,606,606,619,629,629,639,639,721,721,747,747,747,747,747,448,490,490,502,502],"floor_reached":33,"playtime":7927,"items_purged":["Regret"],"score":265,"play_id":"305e178e-0829-4ade-af9d-d8b3b2b87cb9","local_time":"20201220143032","is_ascension_mode":false,"campfire_choices":[{"data":"hexamod:EmpoweringStance","floor":11,"key":"SMITH"},{"floor":15,"key":"REST"},{"floor":22,"key":"REST"},{"floor":26,"key":"REST"},{"floor":32,"key":"REST"}],"circlet_count":0,"master_deck":["hexamod:Strike","hexamod:Strike","hexamod:Strike","hexamod:Strike","hexamod:Defend","hexamod:Defend","hexamod:Defend","hexamod:Defend","hexamod:Sear","hexamod:Float","hexamod:SpectersWail","hexamod:BurningTouch","hexamod:EmpoweredFlame+1","hexamod:FirstSeal","hexamod:StepThrough","hexamod:EmpoweringStance+1","hexamod:FastForward","hexamod:HauntingEcho","hexamod:FifthSeal","hexamod:TimeOfNeed","hexamod:SecondSeal","ReplayTheSpireMod:Splinters","hexamod:GhostflameBarrier+1","hexamod:FourthSeal","Shame","hexamod:ThirdSeal"],"relics":["hexamod:SpiritBrand","downfall:HeartsMalice","hubris:BottledRain","Unceasing Top","Philosopher\u0027s Stone","Replay:Bandana","Bottled Tornado","rat:KircheisShard","Replay:Mystery Machine"],"acts_visited":["Exordium","TheCity"],"potions_floor_usage":[16,16,19,30,31,31],"damage_taken":[{"damage":0,"enemies":"Jaw Worm","floor":1,"turns":1},{"damage":0,"enemies":"Cultist","floor":2,"turns":1},{"damage":0,"enemies":"2 Louse","floor":3,"turns":1},{"damage":17,"enemies":"Exordium Wildlife","floor":4,"turns":4},{"damage":21,"enemies":"Large Slime","floor":6,"turns":7},{"damage":9,"enemies":"2 Fungi Beasts","floor":8,"turns":4},{"damage":10,"enemies":"Blue Slaver","floor":9,"turns":3},{"damage":2,"enemies":"3 Louse","floor":10,"turns":3},{"damage":3,"enemies":"Gremlin Gang","floor":12,"turns":4},{"damage":21,"enemies":"3 Sentries","floor":13,"turns":7},{"damage":28,"enemies":"downfall:Silent","floor":16,"turns":8},{"damage":21,"enemies":"Spheric Guardian","floor":18,"turns":5},{"damage":1,"enemies":"3 Byrds","floor":19,"turns":3},{"damage":34,"enemies":"Shelled Parasite and Fungi","floor":21,"turns":5},{"damage":17,"enemies":"Centurion and Healer","floor":25,"turns":7},{"damage":19,"enemies":"downfall:FleeingMerchant","floor":30,"turns":4},{"damage":37,"enemies":"Slavers","floor":31,"turns":5},{"damage":87,"enemies":"Gremlin Leader","floor":33,"turns":8}],"seed_played":"8219795547573513384","potions_obtained":[{"floor":4,"key":"Cursed Concoction"},{"floor":6,"key":"SkillPotion"},{"floor":9,"key":"Flashbang"},{"floor":12,"key":"Fire Potion"},{"floor":18,"key":"Dexterity Potion"},{"floor":21,"key":"champ:CounterPotion"},{"floor":30,"key":"LifebloodPotion"},{"floor":31,"key":"FairyPotion"}],"is_trial":false,"path_per_floor":["M","M","M","M","?","M","T","M","M","M","R","M","E","?","R","B",null,"M","M","?","M","R","?","T","M","R","?","PTL","PTL","$","E","R","E"],"character_chosen":"THE_SPIRIT","items_purchased":["rat:KircheisShard","Regen Potion"],"campfire_rested":4,"item_purchase_floors":[30,30],"current_hp_per_floor":[70,70,70,53,53,39,39,37,34,32,32,36,15,15,36,8,70,56,55,55,28,49,49,49,39,60,60,60,60,48,32,53,0,0],"gold":502,"neow_bonus":"THREE_ENEMY_KILL","is_daily":false,"chose_seed":false,"campfire_upgraded":1,"win_rate":0.0,"timestamp":1608492632,"path_taken":["M","M","M","M","?","M","T","?","M","M","R","M","E","?","R","BOSS","M","M","?","M","R","?","T","M","R","?","PTL","PTL","$","E","R","E"],"items_purchased_type":["Relic","Potion"],"build_version":"2020-12-13","purchased_purges":1,"victory":false,"max_hp_per_floor":[70,70,70,70,70,70,70,70,70,70,70,70,70,70,70,70,70,70,70,70,70,70,70,70,70,70,70,70,70,70,70,70,70,70],"card_choices":[{"not_picked":["hexamod:NightmareStrike","hexamod:NightmareGuise"],"picked":"hexamod:SpectersWail","floor":1},{"not_picked":["hexamod:ThermalTransfer","hexamod:GhostLash"],"picked":"hexamod:BurningTouch","floor":2},{"not_picked":["hexamod:Haunt","hexamod:NecessarySacrifice"],"picked":"hexamod:EmpoweredFlame","floor":3},{"not_picked":["hexamod:RainOfEmbers","hexamod:SpectersWail"],"picked":"hexamod:FirstSeal","floor":4},{"not_picked":["hexamod:ThermalTransfer","hexamod:RecurringNightmare"],"picked":"hexamod:StepThrough","floor":6},{"not_picked":["hexamod:BurningTouch","hexamod:ShieldOfDarkness","hexamod:GhostShield"],"picked":"SKIP","floor":8},{"not_picked":["hexamod:InspiringFlames","hexamod:Hexaguard"],"picked":"hexamod:EmpoweringStance","floor":9},{"not_picked":["hexamod:BurningTouch","hexamod:Haunt"],"picked":"hexamod:FastForward","floor":10},{"not_picked":["hexamod:FirstSeal","hexamod:RainOfEmbers"],"picked":"hexamod:HauntingEcho","floor":12},{"not_picked":["hexamod:ChargedBarrage","hexamod:Hexaguard"],"picked":"hexamod:FifthSeal","floor":13},{"not_picked":["hexamod:TimeWarp","hexamod:ParanormalForm"],"picked":"hexamod:TimeOfNeed","floor":16},{"not_picked":["hexamod:SpectersWail","hexamod:Firestarter","hexamod:RainOfEmbers+1"],"picked":"SKIP","floor":18},{"not_picked":["hexamod:NightmareStrike+1","hexamod:InspiringFlames","hexamod:BacktrackSmack"],"picked":"SKIP","floor":19},{"not_picked":["hexamod:NecessarySacrifice","hexamod:GhostShield"],"picked":"hexamod:SecondSeal","floor":21},{"not_picked":["hexamod:WildfireWeapon","hexamod:Hexaguard"],"picked":"hexamod:GhostflameBarrier+1","floor":23},{"not_picked":["hexamod:SecondSeal","hexamod:FirstSeal"],"picked":"hexamod:FourthSeal","floor":25},{"not_picked":["hexamod:RainOfEmbers","hexamod:BacktrackSmack","hexamod:SpectersWail"],"picked":"SKIP","floor":25},{"not_picked":["hexamod:FourthSeal","hexamod:FirstSeal"],"picked":"hexamod:ThirdSeal","floor":30},{"not_picked":["hexamod:ChargedBarrage","hexamod:ThirdSeal","hexamod:SwordOfDarkness+1"],"picked":"SKIP","floor":30},{"not_picked":["hexamod:NightmareStrike","hexamod:SwordOfDarkness+1","hexamod:SoulSteal"],"picked":"SKIP","floor":31},{"not_picked":["hexamod:TurnItUp","hexamod:RetreatToShadows","hexamod:EtherealExpedition"],"picked":"SKIP","floor":31}],"player_experience":204442,"relics_obtained":[{"floor":7,"key":"hubris:BottledRain"},{"floor":13,"key":"Unceasing Top"},{"floor":23,"key":"Replay:Bandana"},{"floor":24,"key":"Bottled Tornado"},{"floor":31,"key":"Replay:Mystery Machine"}],"event_choices":[{"damage_healed":0,"gold_gain":0,"player_choice":"Ignored","damage_taken":0,"max_hp_gain":0,"max_hp_loss":0,"event_name":"betterNote:BetterNote","floor":20,"gold_loss":0,"cards_obtained":["Slimebound:FirmFortitude"]}],"is_beta":false,"boss_relics":[{"not_picked":["halation:LoveArrow","Empty Cage"],"picked":"Philosopher\u0027s Stone"}],"items_purged_floors":[30],"is_endless":false,"potions_floor_spawned":[4,6,9,12,13,18,21],"killed_by":"Gremlin Leader","ascension_level":0}}