{"host":"yuhy0i501zzmn1iz","time":1608445357,"event":{"mods":["BaseMod","Better Third Choice","Downfall","Minty Spire (QoL Compilation)","StSLib","The Blue Laboratory"],"gold_per_floor":[99,99,549,578,578,578,578,578,607,457,477,497,1,18,35,136,136,136,154,254,254,254,266,266,266,300,300,320,337,337,334,365,475,487,424,464,54,54,66,66,89,189,223,223,223,223,234,234,246,246,246,277,46,46,46],"floor_reached":56,"playtime":4192,"items_purged":[],"score":1609,"play_id":"6533c043-01f4-4517-a473-0ea352530d96","local_time":"20201220012237","is_ascension_mode":true,"campfire_choices":[{"data":"Guardian:TwinSlam","floor":1.0,"key":"SMITH"},{"data":"Guardian:PrismaticBeam","floor":6.0,"key":"SMITH"},{"floor":8.0,"key":"RECALL"},{"data":"Guardian:Emergency","floor":10.0,"key":"SMITH"},{"data":"Guardian:GemFire","floor":18.0,"key":"SMITH"},{"floor":25.0,"key":"DIG"},{"floor":27.0,"key":"DIG"},{"floor":35.0,"key":"DIG"},{"data":"Guardian:Emergency","floor":40.0,"key":"SMITH"},{"floor":44.0,"key":"DIG"},{"floor":54,"key":"DIG"}],"circlet_count":0,"master_deck":["Guardian:Strike_Guardian+1","Guardian:Strike_Guardian+1","Guardian:Strike_Guardian+1","Guardian:Strike_Guardian+1","Guardian:Defend_Guardian+1","Guardian:Defend_Guardian+1","Guardian:Defend_Guardian+1","Guardian:CurlUp+1","Guardian:TwinSlam+1","Guardian:Emergency+1","Slimebound:Icky","Slimebound:Icky","Slimebound:Icky","Guardian:PrismaticBeam+1","Guardian:SentryBeam+1","Guardian:CrystalBeam+1","Guardian:SentryBeam+1","Guardian:TimeBomb+1","Guardian:Incinerate+1","Guardian:GemFire+1","CurseOfTheBell","Guardian:Repulse+1","Shame","RitualDagger+1","Guardian:PiercingHide+1","Guardian:Suspension+1","Guardian:Emergency+1","Guardian:GemFinder+1","Guardian:Planning+1","Guardian:SentryBeam+1","Guardian:GatlingBeam+1","Guardian:Planning+1","Guardian:PrismaticBeam+1","Guardian:PrismaticBeam+1","Guardian:ShieldCharger","Guardian:BaubleBeam","Guardian:BronzeArmor"],"relics":["Guardian:ModeShifterPlus","downfall:HeartsMalice","Bottled Lightning","InkBottle","Pen Nib","Matryoshka","Vajra","Calling Bell","MealTicket","Mummified Hand","Shovel","Oddly Smooth Stone","Juzu Bracelet","Blue Candle","Nunchaku","Akabeko","Eternal Feather","MawBank","Bag of Preparation","Pantograph","Meat on the Bone","Potion Belt","Chemical X","Bronze Scales","Toy Ornithopter","Incense Burner","StrikeDummy","Guardian:StasisEgg","Whetstone","Kunai"],"acts_visited":["Exordium","TheCity","TheBeyond","TheEnding"],"potions_floor_usage":[55,55,55],"damage_taken":[{"damage":0.0,"enemies":"2 Louse","floor":2.0,"turns":1.0},{"damage":0.0,"enemies":"3 Sentries","floor":4.0,"turns":1.0},{"damage":0.0,"enemies":"Gremlin Nob","floor":9.0,"turns":1.0},{"damage":12.0,"enemies":"Jaw Worm","floor":11.0,"turns":2.0},{"damage":0.0,"enemies":"Cultist","floor":12.0,"turns":2.0},{"damage":0.0,"enemies":"downfall:FleeingMerchant","floor":13.0,"turns":4.0},{"damage":0.0,"enemies":"Exordium Wildlife","floor":14.0,"turns":2.0},{"damage":0.0,"enemies":"Blue Slaver","floor":15.0,"turns":2.0},{"damage":27.0,"enemies":"downfall:Silent","floor":16.0,"turns":7.0},{"damage":6.0,"enemies":"3 Byrds","floor":19.0,"turns":3.0},{"damage":18.0,"enemies":"Snake Plant","floor":23.0,"turns":2.0},{"damage":2.0,"enemies":"Gremlin Leader","floor":26.0,"turns":3.0},{"damage":13.0,"enemies":"3 Cultists","floor":28.0,"turns":4.0},{"damage":0.0,"enemies":"Chosen and Byrds","floor":29.0,"turns":3.0},{"damage":3.0,"enemies":"downfall:FleeingMerchant","floor":31.0,"turns":4.0},{"damage":13.0,"enemies":"Snecko","floor":32.0,"turns":4.0},{"damage":0.0,"enemies":"downfall:Ironclad","floor":33.0,"turns":2.0},{"damage":31.0,"enemies":"Giant Head","floor":36.0,"turns":7.0},{"damage":3.0,"enemies":"downfall:FleeingMerchant","floor":37.0,"turns":3.0},{"damage":1.0,"enemies":"Orb Walker","floor":39.0,"turns":2.0},{"damage":0.0,"enemies":"downfall:LadyInBlue","floor":42.0,"turns":2.0},{"damage":14.0,"enemies":"Reptomancer","floor":43.0,"turns":5.0},{"damage":0,"enemies":"3 Darklings","floor":47,"turns":1},{"damage":3,"enemies":"Maw","floor":49,"turns":4},{"damage":19,"enemies":"downfall:Defect","floor":50,"turns":4},{"damage":38,"enemies":"downfall:CharBossMerchant","floor":52,"turns":7},{"damage":62,"enemies":"downfall:NeowBoss","floor":55,"turns":23}],"seed_played":"7638963759073489005","potions_obtained":[{"floor":11.0,"key":"blueLaboratory:PhilterOfMotion"},{"floor":12.0,"key":"blueLaboratory:BottledHope"},{"floor":16.0,"key":"blueLaboratory:LouseDecoction"},{"floor":19.0,"key":"blueLaboratory:HummingbirdPotion"},{"floor":32.0,"key":"blueLaboratory:ArtificerPotion"},{"floor":33.0,"key":"blueLaboratory:EnragingPotion"},{"floor":36.0,"key":"Guardian:DefensiveModePotion"},{"floor":42.0,"key":"blueLaboratory:PolymorphPotion"},{"floor":42.0,"key":"blueLaboratory:TrueEctoplasm"},{"floor":42.0,"key":"LiquidMemories"},{"floor":43.0,"key":"Energy Potion"},{"floor":49,"key":"Block Potion"}],"is_trial":false,"path_per_floor":["R","M","?","E","?","R","T","R","E","R","M","M","$","M","M","B",null,"R","M","?","?","?","M","T","R","E","R","M","M","T","$","M","B",null,"R","E","$","?","M","R","T","?","E","R","?","?","M","?","M","B",null,"E","$","R","B",null],"character_chosen":"GUARDIAN","items_purchased":["Matryoshka","Vajra","Guardian:TimeBomb","Meat on the Bone","Potion Belt","Guardian:Planning","Guardian:SentryBeam","Guardian:GatlingBeam","Chemical X","Guardian:BaubleBeam","Guardian:BronzeArmor"],"campfire_rested":0,"item_purchase_floors":[13,13,13,37,37,37,37,37,37,53,53],"current_hp_per_floor":[80,80,80,80,80,80,80,80,80,80,68,68,68,68,68,41,80,80,74,74,74,68,50,50,50,48,48,35,35,35,47,34,34,80,90,59,71,71,70,88,88,88,84,90,90,90,90,90,87,71,90,52,67,90,54],"gold":46,"neow_bonus":"THREE_ENEMY_KILL","is_daily":false,"chose_seed":false,"campfire_upgraded":5,"win_rate":0.0,"timestamp":1608445357,"path_taken":["R","M","?","E","?","R","T","R","E","R","?","M","$","M","M","BOSS","R","M","?","?","?","M","T","R","E","R","M","M","?","$","M","BOSS","R","E","$","?","M","R","T","?","E","R","?","?","M","?","M","BOSS","E","$","R","BOSS"],"items_purchased_type":["Relic","Relic","Card","Relic","Relic","Card","Card","Card","Relic","Card","Card"],"build_version":"2020-12-13","purchased_purges":0,"victory":true,"max_hp_per_floor":[80,80,80,80,80,80,80,80,80,80,80,80,80,80,80,80,80,80,80,80,80,80,80,80,80,80,80,80,80,80,80,80,80,80,90,90,90,90,90,90,90,90,90,90,90,90,90,90,90,90,90,90,90,90,90],"card_choices":[{"not_picked":["Guardian:Planning","Guardian:Reroute"],"picked":"Guardian:Emergency","floor":2.0},{"not_picked":["Guardian:Gem_Lightblue","Guardian:RefractedBeam"],"picked":"Guardian:PrismaticBeam","floor":4.0},{"not_picked":["Guardian:PiercingHide","Guardian:VentSteam"],"picked":"Guardian:SentryBeam","floor":9.0},{"not_picked":["Guardian:ChargeCore","Guardian:Gem_Lightblue"],"picked":"Guardian:CrystalBeam","floor":11.0},{"not_picked":["Guardian:Orbwalk","Guardian:TemporalStrike"],"picked":"Guardian:Gem_Crimson","floor":12.0},{"not_picked":["Guardian:RollAttack","Guardian:DecasProtection"],"picked":"Guardian:SentryBeam","floor":13.0},{"not_picked":["Guardian:PrismaticBeam","Guardian:TemporalShield"],"picked":"Guardian:Gem_Synthetic","floor":14.0},{"not_picked":["Guardian:VentSteam","Guardian:ShieldCharger"],"picked":"Guardian:Incinerate","floor":15.0},{"not_picked":["Guardian:GemFinder","Guardian:BaubleBeam"],"picked":"Guardian:GemFire","floor":16.0},{"not_picked":["Guardian:Gem_Cyan","Guardian:Recover+1"],"picked":"Guardian:Repulse+1","floor":19.0},{"not_picked":["Guardian:ArmoredProtocol","Guardian:FloatingOrbs"],"picked":"Guardian:Gem_Crimson","floor":23.0},{"not_picked":["Guardian:FloatingOrbs+1","Guardian:PrimingBeam"],"picked":"Guardian:Gem_Green","floor":26.0},{"not_picked":["Guardian:TemporalStrike","Guardian:Gem_Lightblue"],"picked":"Guardian:PiercingHide","floor":28.0},{"not_picked":["Guardian:Gem_White","Guardian:Planning"],"picked":"Guardian:Suspension","floor":29.0},{"not_picked":["Guardian:Suspension","Guardian:ExploitGems"],"picked":"Guardian:Gem_Green","floor":31.0},{"not_picked":["Guardian:ShieldCharger","Guardian:TemporalStrike"],"picked":"Guardian:Gem_Fragmented","floor":32.0},{"not_picked":["Guardian:StasisField","Guardian:RevengeProtocol"],"picked":"Guardian:Gem_Orange","floor":33.0},{"not_picked":["Guardian:Gem_Green","Guardian:TemporalShield+1"],"picked":"Guardian:Emergency","floor":36.0},{"not_picked":["Guardian:Incinerate+1","Guardian:Gem_Red"],"picked":"Guardian:GemFinder","floor":37.0},{"not_picked":["Guardian:Gem_Green","Guardian:PiercingHide"],"picked":"Guardian:Planning","floor":39.0},{"not_picked":["Guardian:VentSteam+1","Guardian:GemFinder"],"picked":"Guardian:PrismaticBeam","floor":42.0},{"not_picked":["Guardian:Gem_Cyan","Guardian:Gem_Lightblue"],"picked":"Guardian:Gem_Red","floor":43.0},{"not_picked":["Guardian:DecasProtection+1","Guardian:PiercingHide+1"],"picked":"Guardian:Gem_Red","floor":43.0},{"not_picked":["Guardian:PiercingHide+1","Guardian:Planning+1"],"picked":"Guardian:PrismaticBeam+1","floor":47},{"not_picked":["Guardian:Gem_Lightblue","Guardian:Gem_Cyan"],"picked":"Guardian:Gem_Red","floor":49},{"not_picked":["Guardian:TimeBomb","Guardian:Reroute"],"picked":"Guardian:ShieldCharger","floor":49},{"not_picked":["Guardian:Gem_Green","Guardian:Gem_Cyan"],"picked":"Guardian:Gem_Lightblue","floor":52},{"not_picked":["Guardian:WalkerClaw+1","Guardian:DecasProtection+1"],"picked":"Guardian:Gem_White","floor":52}],"player_experience":210989,"relics_obtained":[{"floor":4.0,"key":"Bottled Lightning"},{"floor":7.0,"key":"InkBottle"},{"floor":9.0,"key":"Pen Nib"},{"floor":17.0,"key":"MealTicket"},{"floor":17.0,"key":"Mummified Hand"},{"floor":17.0,"key":"Shovel"},{"floor":24.0,"key":"Juzu Bracelet"},{"floor":24.0,"key":"Blue Candle"},{"floor":25.0,"key":"Nunchaku"},{"floor":26.0,"key":"Akabeko"},{"floor":27.0,"key":"Eternal Feather"},{"floor":30.0,"key":"MawBank"},{"floor":35.0,"key":"Bag of Preparation"},{"floor":36.0,"key":"Pantograph"},{"floor":41.0,"key":"Bronze Scales"},{"floor":42.0,"key":"Toy Ornithopter"},{"floor":43.0,"key":"Incense Burner"},{"floor":44.0,"key":"StrikeDummy"},{"floor":52,"key":"Whetstone"},{"floor":54,"key":"Kunai"}],"event_choices":[{"damage_healed":0.0,"max_hp_gain":0.0,"max_hp_loss":0.0,"gold_gain":0.0,"event_name":"Addict","player_choice":"Stole Relic","floor":21.0,"gold_loss":0.0,"damage_taken":0.0,"relics_obtained":["Oddly Smooth Stone"],"cards_obtained":["Shame"]},{"cards_removed":["Guardian:Defend_Guardian"],"damage_healed":0.0,"max_hp_gain":0.0,"max_hp_loss":0.0,"gold_gain":0.0,"event_name":"Falling","player_choice":"Removed Skill","floor":38.0,"gold_loss":0.0,"damage_taken":0.0}],"is_beta":false,"boss_relics":[{"not_picked":["Snecko Eye","Tiny House"],"picked":"Calling Bell"},{"not_picked":["Runic Pyramid","Black Star"],"picked":"Guardian:ModeShifterPlus"}],"items_purged_floors":[],"is_endless":false,"potions_floor_spawned":[11,12,16,19,32,33,36,43,49,52],"ascension_level":2}}