{"host":"3ghjvsatr2fxka2l","time":1608431213,"event":{"mods":["AchievementEnabler","Act Like it!","Aspiration","BaseMod","Better Third Choice","Better Vampires","BetterRewards","Clawfect","Colored Powertips","Conspire","Curses Come First","Defuse TimeMaze Blight","Displayed Cursed Tome","Energized Spire","Gold Saver","Grow up Mod","Hallownest","Hubris","Infinite Spire","Lobotomy","Marked Mod","Minty Spire (QoL Compilation)","Quick Restart","Replay The Spire","SacredBarkPlus","StSLib","The Blue Laboratory","The Bug Knight","Transform Curses","Uncapped","Waifu the Spire","Wandering Minibosses","vexMod","??????REMEMod"],"gold_per_floor":[4466,4441,4141,4141,4156,4156,4172,4172,4247,3527,3553,3553,3383,3343,3343,3485,3535,3567,3567],"floor_reached":18,"playtime":1619,"items_purged":["HollowMod:NailStrikeStart"],"score":198,"play_id":"00ae7d01-7d26-44ea-a846-756e2971d38f","local_time":"20201219182653","is_ascension_mode":false,"campfire_choices":[{"data":"HollowMod:NewLastStag","floor":6,"key":"SMITH"},{"data":"HollowMod:AwokenDreamNail","floor":12,"key":"SMITH"},{"floor":15,"key":"DIG"}],"circlet_count":0,"master_deck":["HollowMod:NailStrikeStart","HollowMod:QuickDashStart","HollowMod:QuickDashStart","HollowMod:QuickDashStart","HollowMod:QuickDashStart","HollowMod:FocusHealStart","HollowMod:PogoStrike","Berserk","Freischutz","HollowMod:NewLastStag+1","HollowMod:CycloneSlash","HollowMod:SoulMaster","HollowMod:NailStrikeStart","HollowMod:SlysStrikes"],"relics":["HollowMod:VesselMask","REME_ComplimentaryCards","CogitoBucket","infinitespire:Midas Blood","Darkstone Periapt","aspiration:StickyExplosives_weak","hubris:MobiusCoin","energizedSpire:HugeHouse"],"acts_visited":["Exordium","Hallownest:Greenpath"],"potions_floor_usage":[16],"damage_taken":[{"damage":0,"enemies":"2_ Uuma","floor":1,"turns":5},{"damage":10,"enemies":"Hallownest:2_Tiktiks_and_1_Crawlid","floor":5,"turns":4},{"damage":13,"enemies":"Hallownest:2_Baldur","floor":7,"turns":3},{"damage":18,"enemies":"Hallownest:MossCreep_and_Mosskin","floor":11,"turns":4},{"damage":76,"enemies":"Hallownest:BossHornet","floor":16,"turns":10},{"damage":55,"enemies":"Hallownest:2_Mistakes","floor":18,"turns":9}],"seed_played":"-7702030444412937461","potions_obtained":[{"floor":11,"key":"blueLaboratory:CorrosionFlask"},{"floor":16,"key":"FearPotion"}],"is_trial":false,"path_per_floor":["M","?","?","?","M","R","M","?","T","$","M","R","$","?","R","B",null,"M"],"character_chosen":"THE_BUGKNIGHT","items_purchased":["Darkstone Periapt","HollowMod:CycloneSlash","PowerPotion","HollowMod:AwokenDreamNail","aspiration:StickyExplosives_weak","blueLaboratory:FruitPreserves"],"campfire_rested":0,"item_purchase_floors":[10,10,10,10,10,13],"current_hp_per_floor":[95,105,115,116,116,126,123,133,143,153,145,155,165,200,210,150,250,195,195],"gold":3567,"neow_bonus":"","is_daily":false,"chose_seed":false,"campfire_upgraded":2,"win_rate":0.0,"timestamp":1608431213,"path_taken":["M","?","?","?","?","R","?","?","T","?","M","R","$","?","R","BOSS","M"],"items_purchased_type":["Relic","Card","Potion","Card","Relic","Potion"],"build_version":"2020-12-13","purchased_purges":1,"victory":false,"max_hp_per_floor":[95,105,115,125,135,145,155,165,175,185,195,205,215,225,235,245,250,250,250],"card_choices":[{"not_picked":["FieryBird","QueenOfHatred"],"picked":"Freischutz","floor":1},{"not_picked":["HollowMod:DescendingDark","HollowMod:GoodIntentions","HollowMod:WraithStrike"],"picked":"SKIP","floor":1},{"not_picked":["WallGazer","Wellcheers","OldLady"],"picked":"Singing Bowl","floor":5},{"not_picked":["HollowMod:InfectionAssault","HollowMod:TaintedHusks","HollowMod:DescendingDark"],"picked":"SKIP","floor":5},{"not_picked":["MeatLantern","Bloodbath","ShyLook"],"picked":"Singing Bowl","floor":7},{"not_picked":["HollowMod:DesolateDive","HollowMod:SharpenedNail","HollowMod:WraithStrike"],"picked":"SKIP","floor":7},{"not_picked":["OSAHOGD","GreedKing","Murderer"],"picked":"Singing Bowl","floor":11},{"not_picked":["HollowMod:HeavyBlow","HollowMod:TaintedHusks","HollowMod:SoulSplash"],"picked":"SKIP","floor":11},{"not_picked":["HollowMod:PureVessel","HollowMod:VoidDash"],"picked":"HollowMod:SoulMaster","floor":16},{"not_picked":["UniverseFragment","BeautyBeast","FieryBird"],"picked":"Singing Bowl","floor":16}],"player_experience":231488,"relics_obtained":[{"floor":9,"key":"infinitespire:Midas Blood"},{"floor":15,"key":"hubris:MobiusCoin"}],"event_choices":[],"is_beta":false,"boss_relics":[{"not_picked":["hubris:GrandSneckoEye","vexMod:FluxCapacitor"],"picked":"energizedSpire:HugeHouse"}],"items_purged_floors":[13],"is_endless":false,"potions_floor_spawned":[11,16],"killed_by":"Hallownest:2_Mistakes","ascension_level":0}}