{"host":"c95txy58ipbu969e","time":1608474675,"event":{"mods":["ATMod(°¢èªMod)","Act Like it!","BaseMod","Minty Spire (QoL Compilation)","StSLib"],"gold_per_floor":[113,188,205,205,205,205,232,252,252,264,278,278,278],"floor_reached":12,"playtime":377,"items_purged":[],"score":210,"play_id":"67e9b139-85c4-4450-9b4e-d326bfd8d98a","local_time":"20201220223115","is_ascension_mode":true,"campfire_choices":[{"data":"Coolheaded","floor":6,"key":"SMITH"}],"circlet_count":0,"master_deck":["AscendersBane","Strike_B","Strike_B","Defend_B","Defend_B","Defend_B","Defend_B","Zap","Dualcast","AT_StudyProgram","Cold Snap","Coolheaded+1","Hologram","AT_WaterDrop"],"relics":["Cracked Core","AT_ATBox","NeowsBlessing","Mummified Hand","AT_ForceNature"],"acts_visited":["Exordium"],"potions_floor_usage":[12],"damage_taken":[{"damage":0,"enemies":"Jaw Worm","floor":1,"turns":1},{"damage":0,"enemies":"Small Slimes","floor":3,"turns":1},{"damage":0,"enemies":"3 Sentries","floor":7,"turns":1},{"damage":6,"enemies":"2 Louse","floor":8,"turns":3},{"damage":13,"enemies":"Exordium Thugs","floor":10,"turns":5},{"damage":5,"enemies":"2 Fungi Beasts","floor":11,"turns":5},{"damage":1,"enemies":"Lagavulin","floor":12,"turns":6}],"seed_played":"-1399700688270401314","potions_obtained":[{"floor":1,"key":"SkillPotion"},{"floor":10,"key":"AttackPotion"}],"is_trial":false,"path_per_floor":["M","?","M","?","?","R","E","M","T","M","M","E"],"character_chosen":"DEFECT","items_purchased":[],"campfire_rested":0,"item_purchase_floors":[],"current_hp_per_floor":[64,53,53,46,46,46,46,40,40,27,22,21,21],"gold":278,"neow_bonus":"THREE_ENEMY_KILL","is_daily":false,"chose_seed":false,"campfire_upgraded":1,"win_rate":0.0,"timestamp":1608474675,"path_taken":["M","?","M","?","?","R","E","M","T","?","M","E"],"items_purchased_type":[],"build_version":"2020-12-13","purchased_purges":0,"victory":false,"max_hp_per_floor":[71,71,71,71,71,71,71,71,71,71,71,71,71],"card_choices":[{"not_picked":["Darkness","Barrage"],"picked":"Cold Snap","floor":1},{"not_picked":["Rip and Tear","Lockon"],"picked":"Coolheaded","floor":3},{"not_picked":["Ball Lightning","Melter"],"picked":"Hologram","floor":7},{"not_picked":["Rebound","Gash","Undo"],"picked":"SKIP","floor":8},{"not_picked":["Gash","Hologram"],"picked":"AT_WaterDrop","floor":10},{"not_picked":["Blizzard","Doom and Gloom","Tempest"],"picked":"SKIP","floor":11}],"player_experience":250250,"relics_obtained":[{"floor":7,"key":"Mummified Hand"},{"floor":9,"key":"AT_ForceNature"}],"event_choices":[{"damage_healed":0,"gold_gain":75,"player_choice":"Gather Gold","damage_taken":11,"max_hp_gain":0,"max_hp_loss":0,"event_name":"World of Goop","floor":2,"gold_loss":0},{"cards_removed":["Strike_B"],"damage_healed":0,"gold_gain":0,"player_choice":"Card Removal","damage_taken":7,"max_hp_gain":0,"max_hp_loss":0,"event_name":"Golden Wing","floor":4,"gold_loss":0},{"cards_removed":["Strike_B"],"damage_healed":0,"gold_gain":0,"player_choice":"Offered Basic","damage_taken":0,"max_hp_gain":0,"max_hp_loss":0,"event_name":"Bonfire Elementals","floor":5,"gold_loss":0}],"is_beta":false,"boss_relics":[],"items_purged_floors":[],"is_endless":false,"potions_floor_spawned":[1,10,11],"killed_by":"Lagavulin","ascension_level":20}}