{"host":"hgkb2zpbo2dcws21","time":1608446366,"event":{"mods":["AchievementEnabler","BaseMod","Colored Map","Colored Powertips","Custom Start","DeckTracker","KOR Keyword Fix","Minty Spire (QoL Compilation)","StSLib","SuperFastMode"],"gold_per_floor":[117,14,30,4,4,38,38,113,140,167,167,167,167],"floor_reached":12,"playtime":166,"items_purged":["Strike_G"],"score":207,"play_id":"db2a2ba4-ecc3-4c80-a673-01a3dae93799","local_time":"20201220153926","is_ascension_mode":true,"campfire_choices":[{"data":"Tactician","floor":11,"key":"SMITH"}],"circlet_count":0,"master_deck":["AscendersBane","Strike_G","Strike_G","Strike_G","Strike_G","Defend_G","Defend_G","Defend_G","Defend_G","Defend_G","Survivor","Neutralize","Accuracy","Acrobatics","Tactician+1","Underhanded Strike","Well Laid Plans","Noxious Fumes"],"relics":["Ring of the Snake","NeowsBlessing","Kunai","Omamori","TungstenRod"],"acts_visited":["Exordium"],"potions_floor_usage":[10,12],"damage_taken":[{"damage":0,"enemies":"Jaw Worm","floor":1,"turns":1},{"damage":0,"enemies":"Cultist","floor":3,"turns":1},{"damage":0,"enemies":"3 Sentries","floor":6,"turns":1},{"damage":9,"enemies":"Lagavulin","floor":10,"turns":7},{"damage":49,"enemies":"Gremlin Nob","floor":12,"turns":4}],"seed_played":"-8504132221092788268","potions_obtained":[{"floor":1,"key":"Swift Potion"},{"floor":3,"key":"CultistPotion"}],"is_trial":false,"path_per_floor":["M","$","M","$","?","E","$","?","T","E","R","E"],"character_chosen":"THE_SILENT","items_purchased":["Acrobatics","Underhanded Strike"],"campfire_rested":0,"item_purchase_floors":[2,4],"current_hp_per_floor":[59,59,59,59,59,59,59,48,48,39,39,0,0],"gold":167,"neow_bonus":"THREE_ENEMY_KILL","is_daily":false,"chose_seed":false,"campfire_upgraded":1,"win_rate":0.0,"timestamp":1608446366,"path_taken":["M","$","M","$","?","E","?","?","T","E","R","E"],"items_purchased_type":["Card","Card"],"build_version":"2020-12-13","purchased_purges":1,"victory":false,"max_hp_per_floor":[66,66,66,66,66,66,66,66,66,66,66,66,66],"card_choices":[{"not_picked":["Outmaneuver","Expertise"],"picked":"Accuracy","floor":1},{"not_picked":["Outmaneuver","Acrobatics"],"picked":"Tactician","floor":3},{"not_picked":["Terror","Catalyst"],"picked":"Well Laid Plans","floor":6},{"not_picked":["Dodge and Roll","Underhanded Strike"],"picked":"Noxious Fumes","floor":10}],"player_experience":1090267,"relics_obtained":[{"floor":6,"key":"Kunai"},{"floor":9,"key":"Omamori"},{"floor":10,"key":"TungstenRod"}],"event_choices":[{"damage_healed":0,"gold_gain":0,"player_choice":"Got Potions","damage_taken":0,"max_hp_gain":0,"max_hp_loss":0,"event_name":"Lab","floor":5,"gold_loss":0},{"damage_healed":0,"gold_gain":75,"player_choice":"Gather Gold","damage_taken":11,"max_hp_gain":0,"max_hp_loss":0,"event_name":"World of Goop","floor":8,"gold_loss":0}],"is_beta":false,"boss_relics":[],"items_purged_floors":[2],"is_endless":false,"potions_floor_spawned":[1,3,6],"killed_by":"Gremlin Nob","ascension_level":18}}