{"host":"wdiovb6uv7szux0m","time":1608451689,"event":{"mods":["BaseMod","Minty Spire (QoL Compilation)","StSLib","The Bug Knight","The Druid"],"gold_per_floor":[113,188,188,73,88,88,103,130,155,166,177,177,177,190,190,285,285,305,5,17,17,33,33,33],"floor_reached":23,"playtime":1202,"items_purged":["Strike_P"],"score":268,"play_id":"1176d73d-095f-4522-bbe8-a9377749e009","local_time":"20201219230809","is_ascension_mode":false,"campfire_choices":[{"data":"Eruption","floor":6,"key":"SMITH"},{"data":"CrushJoints","floor":13,"key":"SMITH"},{"data":"FollowUp","floor":15,"key":"SMITH"}],"circlet_count":0,"master_deck":["Strike_P","Strike_P","Strike_P","Defend_P","Defend_P","Defend_P","Eruption+1","Vigilance","SignatureMove+1","Crescendo","Adaptation","FollowUp+1","DeceiveReality","EmptyBody","CrushJoints+1","MentalFortress","BowlingBash","MasterReality","FlurryOfBlows+1","Dropkick","Go for the Eyes"],"relics":["PureWater","Omamori","Fusion Hammer","PrismaticShard","Anchor"],"acts_visited":["Exordium","TheCity"],"potions_floor_usage":[8,16,22,22],"damage_taken":[{"damage":0,"enemies":"2 Louse","floor":1,"turns":2},{"damage":0,"enemies":"Jaw Worm","floor":5,"turns":2},{"damage":2,"enemies":"Cultist","floor":7,"turns":3},{"damage":0,"enemies":"Lagavulin","floor":8,"turns":2},{"damage":8,"enemies":"Gremlin Gang","floor":10,"turns":4},{"damage":0,"enemies":"2 Fungi Beasts","floor":11,"turns":2},{"damage":8,"enemies":"Lots of Slimes","floor":14,"turns":6},{"damage":0,"enemies":"Slime Boss","floor":16,"turns":6},{"damage":0,"enemies":"Spheric Guardian","floor":18,"turns":3},{"damage":5,"enemies":"3 Byrds","floor":20,"turns":4},{"damage":0,"enemies":"Snecko","floor":22,"turns":3},{"damage":29,"enemies":"Book of Stabbing","floor":23,"turns":5}],"seed_played":"4462066336895340182","potions_obtained":[{"floor":5,"key":"Ancient Potion"},{"floor":7,"key":"PowerPotion"},{"floor":11,"key":"Fire Potion"},{"floor":14,"key":"LiquidMemories"},{"floor":20,"key":"AttackPotion"},{"floor":22,"key":"EssenceOfSteel"}],"is_trial":false,"path_per_floor":["M","?","?","$","M","R","M","E","T","M","M","?","R","M","R","B",null,"M","$","M","$","M","E"],"character_chosen":"WATCHER","items_purchased":["Adaptation","PrismaticShard","Anchor"],"campfire_rested":0,"item_purchase_floors":[4,19,19],"current_hp_per_floor":[72,61,61,61,61,61,59,59,59,51,51,51,51,43,43,43,72,72,72,67,67,67,38,38],"gold":33,"neow_bonus":"THREE_CARDS","is_daily":false,"chose_seed":false,"campfire_upgraded":3,"win_rate":0.0,"timestamp":1608451689,"path_taken":["M","?","?","$","?","R","M","E","T","M","?","?","R","M","R","BOSS","M","$","M","$","M","E"],"items_purchased_type":["Card","Relic","Relic"],"build_version":"2020-12-13","purchased_purges":1,"victory":false,"max_hp_per_floor":[72,72,72,72,72,72,72,72,72,72,72,72,72,72,72,72,72,72,72,72,72,72,72,72],"card_choices":[{"not_picked":["Consecrate","FlurryOfBlows"],"picked":"SignatureMove","floor":0},{"not_picked":["TalkToTheHand","CutThroughFate"],"picked":"Crescendo","floor":1},{"not_picked":["PathToVictory","Evaluate"],"picked":"FollowUp","floor":5},{"not_picked":["TalkToTheHand","WaveOfTheHand"],"picked":"DeceiveReality","floor":7},{"not_picked":["JustLucky","MentalFortress"],"picked":"EmptyBody","floor":8},{"not_picked":["FlurryOfBlows","Crescendo"],"picked":"CrushJoints","floor":10},{"not_picked":["Adaptation","Meditate"],"picked":"MentalFortress","floor":11},{"not_picked":["TalkToTheHand","WaveOfTheHand"],"picked":"BowlingBash","floor":14},{"not_picked":["DeusExMachina","Devotion"],"picked":"MasterReality","floor":16},{"not_picked":["SandsOfTime+1","Evaluate"],"picked":"FlurryOfBlows+1","floor":18},{"not_picked":["Barrage","theDruid:BrambleLash+1"],"picked":"Dropkick","floor":20},{"not_picked":["True Grit","Turbo"],"picked":"Go for the Eyes","floor":22}],"player_experience":1520106,"relics_obtained":[{"floor":8,"key":"Omamori"}],"event_choices":[{"damage_healed":0,"gold_gain":75,"player_choice":"Gather Gold","damage_taken":11,"max_hp_gain":0,"max_hp_loss":0,"event_name":"World of Goop","floor":2,"gold_loss":0},{"damage_healed":0,"gold_gain":0,"player_choice":"Forge","damage_taken":0,"max_hp_gain":0,"max_hp_loss":0,"event_name":"Accursed Blacksmith","floor":3,"gold_loss":0,"cards_upgraded":["SignatureMove"]},{"cards_removed":["Defend_P"],"damage_healed":0,"gold_gain":0,"player_choice":"Purged","damage_taken":0,"max_hp_gain":0,"max_hp_loss":0,"event_name":"Purifier","floor":12,"gold_loss":0}],"is_beta":false,"boss_relics":[{"not_picked":["Runic Pyramid","Snecko Eye"],"picked":"Fusion Hammer"}],"items_purged_floors":[4],"is_endless":false,"potions_floor_spawned":[5,7,11,14,20,22],"killed_by":"Book of Stabbing","ascension_level":0}}