{"host":"egyxg9lnjq7g2hmw","time":1608441981,"event":{"mods":["AchievementEnabler","BaseMod","Block Reminder","Colored Map","Colored Powertips","Highlight Path","Minty Spire (QoL Compilation)","Rare Cards Sparkle","StSLib"],"gold_per_floor":[118,118,131,151,151,151,85,115,115,26,36,36,36],"floor_reached":12,"playtime":421,"items_purged":[],"score":156,"play_id":"fc785d1c-d778-4aa5-ac91-a961c2c47cfa","local_time":"20201219212621","is_ascension_mode":true,"campfire_choices":[{"data":"Choke","floor":6.0,"key":"SMITH"}],"circlet_count":0,"master_deck":["AscendersBane","Strike_G","Strike_G","Strike_G","Strike_G","Defend_G","Defend_G","Defend_G","Defend_G","Defend_G","Survivor","Neutralize","Choke+1","Slice","Dagger Throw","Deflect","Backflip","Well Laid Plans","Endless Agony"],"relics":["Ring of the Snake","Darkstone Periapt","Paper Crane"],"acts_visited":["Exordium"],"potions_floor_usage":[8,11],"damage_taken":[{"damage":0.0,"enemies":"Small Slimes","floor":1.0,"turns":3.0},{"damage":1.0,"enemies":"2 Louse","floor":3.0,"turns":4.0},{"damage":1.0,"enemies":"Jaw Worm","floor":4.0,"turns":2.0},{"damage":47,"enemies":"Gremlin Nob","floor":8,"turns":5},{"damage":0,"enemies":"2 Fungi Beasts","floor":11,"turns":4},{"damage":16,"enemies":"Lagavulin","floor":12,"turns":8}],"seed_played":"-1081532633069163710","potions_obtained":[{"floor":4.0,"key":"LiquidBronze"},{"floor":8,"key":"SneckoOil"}],"is_trial":false,"path_per_floor":["M","?","M","M","?","R","?","E","T","$","M","E"],"character_chosen":"THE_SILENT","items_purchased":["Well Laid Plans"],"campfire_rested":0,"item_purchase_floors":[10],"current_hp_per_floor":[59,52,51,50,50,50,50,3,3,3,3,0,0],"gold":36,"neow_bonus":"THREE_CARDS","is_daily":false,"chose_seed":false,"campfire_upgraded":1,"win_rate":0.0,"timestamp":1608441981,"path_taken":["M","?","M","M","?","R","?","E","T","?","M","E"],"items_purchased_type":["Card"],"build_version":"2020-12-13","purchased_purges":0,"victory":false,"max_hp_per_floor":[66,66,66,66,66,66,66,66,66,66,66,66,66],"card_choices":[{"not_picked":["Outmaneuver","Acrobatics"],"picked":"Choke","floor":0.0},{"not_picked":["Masterful Stab","Dodge and Roll"],"picked":"Slice","floor":1.0},{"not_picked":["Terror","Sucker Punch"],"picked":"Dagger Throw","floor":3.0},{"not_picked":["Backflip","Eviscerate"],"picked":"Deflect","floor":4.0},{"not_picked":["Dodge and Roll","Outmaneuver"],"picked":"Backflip","floor":8},{"not_picked":["Dagger Throw","PiercingWail"],"picked":"Endless Agony","floor":11}],"player_experience":544940,"relics_obtained":[{"floor":8,"key":"Darkstone Periapt"},{"floor":9,"key":"Paper Crane"}],"event_choices":[{"cards_removed":["Strike_G"],"damage_healed":0.0,"max_hp_gain":0.0,"max_hp_loss":0.0,"gold_gain":0.0,"event_name":"Golden Wing","player_choice":"Card Removal","floor":2.0,"gold_loss":0.0,"damage_taken":7.0},{"damage_healed":0.0,"max_hp_gain":0.0,"max_hp_loss":0.0,"gold_gain":0.0,"event_name":"Liars Game","player_choice":"Ignored","floor":5.0,"gold_loss":0.0,"damage_taken":0.0},{"damage_healed":0.0,"max_hp_gain":0.0,"max_hp_loss":0.0,"gold_gain":0.0,"event_name":"World of Goop","player_choice":"Left Gold","floor":7.0,"gold_loss":66.0,"damage_taken":0.0}],"is_beta":false,"boss_relics":[],"items_purged_floors":[],"is_endless":false,"potions_floor_spawned":[4,8],"killed_by":"Lagavulin","ascension_level":20}}