{"host":"g75gtovmj0ine2rf","time":1608448397,"event":{"mods":["2.2 Compatiblity","AchievementEnabler","Act Like it!","Aspiration","Astrologer","Bard","BaseMod","Better Match","BetterRewards","CapriCore","Challenge The Spire","ChefMod","Colored Map","Conspire","Energized Spire","Friendly Minions","Gensokyo","Halation","Hallownest","Hermit","HexUI Lib","Highlight Path","Hubris","Infinite Spire","Jedi Mod","Lobotomy","Minty Spire (QoL Compilation)","Puzzle Mod","Quick Restart","Rare Cards Sparkle","Relic Stats","Replay The Spire","Shade Mod","Shop Mod","Spicy Shops","StSLib","SuperFastMode","The Construct","The Cursed","The Factory","The Jungle","The Runesmith","TheBandit","TheFirefly","TheSwordswoman","TheVacant","Transform Curses","Wandering Minibosses","thorton","vexMod"],"gold_per_floor":[119,119,138,138,157,157,157],"floor_reached":6,"playtime":259,"items_purged":[],"score":36,"play_id":"55a40e43-3f6f-410c-a356-c09576e7ebf0","local_time":"20201220181317","is_ascension_mode":false,"campfire_choices":[],"circlet_count":0,"master_deck":["Strike_B","Strike_B","Strike_B","Defend_B","Defend_B","Defend_B","Defend_B","Zap","Dualcast","Scorched","Consume+1","RedShoes","BootSequence","FairyFestival"],"relics":["Cracked Core","CogitoBucket"],"acts_visited":["Exordium"],"potions_floor_usage":[6],"damage_taken":[{"damage":1,"enemies":"Jaw Worm","floor":1,"turns":3},{"damage":34,"enemies":"2 Louse","floor":3,"turns":3},{"damage":2,"enemies":"conspire:RoseBush","floor":5,"turns":3},{"damage":26,"enemies":"Gremlin Nob","floor":6,"turns":3}],"seed_played":"6972058746719892588","potions_obtained":[{"floor":5,"key":"Block Potion"}],"is_trial":false,"path_per_floor":["M","?","M","?","M","E"],"character_chosen":"DEFECT","items_purchased":[],"campfire_rested":0,"item_purchase_floors":[],"current_hp_per_floor":[74,74,40,33,31,7,7],"gold":157,"neow_bonus":"","is_daily":false,"chose_seed":false,"campfire_upgraded":0,"win_rate":0.0,"timestamp":1608448397,"path_taken":["M","?","M","?","M","E"],"items_purchased_type":[],"build_version":"2020-12-13","purchased_purges":0,"victory":false,"max_hp_per_floor":[75,75,75,75,75,75,75],"relic_stats":{"counters":[4,12],"obtain_stats":[{"CogitoBucket":0,"Cracked Core":0},{"CogitoBucket":0,"Cracked Core":0},{"CogitoBucket":0,"Cracked Core":0}]},"card_choices":[{"not_picked":["OSAHOGD","BigBird"],"picked":"Scorched","floor":1},{"not_picked":["Conserve Battery","jedi:locknload"],"picked":"Consume","floor":1},{"not_picked":["SpiderBud","MHz"],"picked":"RedShoes","floor":3},{"not_picked":["Blizzard","Steam Power"],"picked":"BootSequence","floor":3},{"not_picked":["UniverseFragment","LaLuna"],"picked":"FairyFestival","floor":5},{"not_picked":["Barrage","Hologram","Force Field"],"picked":"SKIP","floor":5},{"not_picked":["Barrage","Hologram","Force Field"],"picked":"SKIP","floor":5}],"player_experience":1327893,"relics_obtained":[],"event_choices":[{"cards_removed":["Strike_B"],"damage_healed":0,"gold_gain":0,"player_choice":"Card Removal","damage_taken":7,"max_hp_gain":0,"max_hp_loss":0,"event_name":"Golden Wing","floor":4,"gold_loss":0}],"is_beta":false,"boss_relics":[],"items_purged_floors":[],"is_endless":false,"potions_floor_spawned":[5],"killed_by":"Gremlin Nob","ascension_level":0}}