{"host":"rboopjqmv70p1gpw","time":1608448576,"event":{"mods":["Act Like it!","BaseMod","CapriCore","Colored Map","Emptier Cage","Friendly Minions","Gensokyo","Gold Saver","Minty Spire (QoL Compilation)","MostiFishMod","Quick Restart","READ ME - Guardian Mod","Spicy Shops","StSLib","The Alterego","Transform Curses","Waifu the Spire","WarShipGirlsR/战舰少女R mod","[IsaacMod]以撒尖塔","【东方二次创作】八云紫mod","【遗物卡牌】REMEMod"],"gold_per_floor":[112,127,144,164,164,164,164,178,178,178,204,223,254,254,254,331,331,344,344,359,359,359,396,396,413,413,445,457,478,509,509,509,586,586,601,616,627,627,647,647,680,680,680,680,691,691,710,737,737,737],"floor_reached":51,"playtime":2396,"items_purged":["Dualcast","Strike_B","Zap","Hologram","Strike_B","Strike_B","Strike_B+1","Defragment+1","Machine Learning+1","MostiFishMod:LinkProtocol+1","FTL"],"score":2199,"play_id":"bfd4fbb5-830b-4cfb-b6f1-2916663bad21","local_time":"20201220151616","is_ascension_mode":true,"campfire_choices":[{"data":"Core Surge","floor":6.0,"key":"SMITH"},{"data":"Go for the Eyes","floor":15.0,"key":"SMITH"},{"data":"Trip","floor":32.0,"key":"SMITH"},{"data":"MostiFishMod:FourSeasons","floor":40.0,"key":"SMITH"},{"data":"Seek","floor":44.0,"key":"SMITH"},{"data":"REME_ProfessionalPlagiarism","floor":49,"key":"SMITH"}],"circlet_count":0,"master_deck":["AscendersBane","Gash","Go for the Eyes+1","Core Surge+1","Sweeping Beam+1","Gash","Rip and Tear","Go for the Eyes+1","Gash","Go for the Eyes+1","MostiFishMod:Overload","REME_Whirling","Trip+1","REME_ProfessionalPlagiarism+1","MostiFishMod:Overload","All For One","MostiFishMod:KingOfFree","Gash","Seek+1","REME_MagicPocketWatch","MostiFishMod:FourSeasons+1","Master of Strategy","REME_ForAll"],"relics":["HushsDoor","DaveBox","REME_ComplimentaryCards","BirthdayGift-Tetrahedron","Membership Card","SteamSale","Question Card","Oddly Smooth Stone","Dodecahedron","Symbiotic Virus","Sundial","BelialBook","Kunai","Art of War","Whetstone","ImportantClient","Inserter","GuppysCollar","Chemical X","Matryoshka","PreservedInsect","REME_HandOfSuture","alterego_mod:SomeoneToFightFor","Juzu Bracelet","DeadEye","Pen Nib","DollysMirror","Ginger","Blood Vial","Unceasing Top","MawBank","Strawberry","Habit","PillsDrop","Letter Opener","Orrery","Regal Pillow","Astrolabe","JudasShadow","SatanicBible","MyShadow","DeathBook","REME_CardOfGreed","Turnip","SharpPlug","EdensBlessing","Darkstone Periapt","Bag of Preparation","Peace Pipe","Nunchaku","ArrowTower","Meat on the Bone"],"acts_visited":["Exordium","TheCity","TheBeyond"],"potions_floor_usage":[],"damage_taken":[{"damage":0.0,"enemies":"Cultist","floor":1.0,"turns":1.0},{"damage":7.0,"enemies":"Jaw Worm","floor":2.0,"turns":2.0},{"damage":2.0,"enemies":"Small Slimes","floor":3.0,"turns":2.0},{"damage":8.0,"enemies":"Looter","floor":4.0,"turns":2.0},{"damage":4.0,"enemies":"Gremlin Gang","floor":8.0,"turns":2.0},{"damage":4.0,"enemies":"Lagavulin","floor":11.0,"turns":3.0},{"damage":2.0,"enemies":"2 Fungi Beasts","floor":12.0,"turns":2.0},{"damage":2.0,"enemies":"Gremlin Nob","floor":13.0,"turns":2.0},{"damage":6.0,"enemies":"Hexaghost","floor":16.0,"turns":4.0},{"damage":2.0,"enemies":"3 Byrds","floor":18.0,"turns":2.0},{"damage":0.0,"enemies":"Spheric Guardian","floor":20.0,"turns":1.0},{"damage":0.0,"enemies":"Book of Stabbing","floor":23.0,"turns":1.0},{"damage":2.0,"enemies":"Centurion and Healer","floor":25.0,"turns":2.0},{"damage":0.0,"enemies":"Slavers","floor":27.0,"turns":1.0},{"damage":0.0,"enemies":"Cultist and Chosen","floor":29.0,"turns":1.0},{"damage":0.0,"enemies":"REME_1_Revenger","floor":30.0,"turns":1.0},{"damage":0.0,"enemies":"Automaton","floor":33.0,"turns":1.0},{"damage":12.0,"enemies":"3 Shapes","floor":35.0,"turns":2.0},{"damage":0.0,"enemies":"3 Darklings","floor":36.0,"turns":1.0},{"damage":15.0,"enemies":"Sphere and 2 Shapes","floor":37.0,"turns":1.0},{"damage":0.0,"enemies":"Transient","floor":39.0,"turns":1.0},{"damage":0.0,"enemies":"Nemesis","floor":41.0,"turns":1.0},{"damage":0.0,"enemies":"3 Darklings","floor":45.0,"turns":1.0},{"damage":0,"enemies":"Sphere and 2 Shapes","floor":47,"turns":1},{"damage":0,"enemies":"Giant Head","floor":48,"turns":1},{"damage":0,"enemies":"Donu and Deca","floor":50,"turns":1}],"seed_played":"7493467535833546241","potions_obtained":[{"floor":2.0,"key":"Weak Potion"},{"floor":4.0,"key":"Ancient Potion"},{"floor":13.0,"key":"AttackPotion"},{"floor":30.0,"key":"PowerPotion"},{"floor":37.0,"key":"ColorlessPotion"}],"is_trial":false,"path_per_floor":["M","M","M","M","$","R","?","M","T","?","E","M","E","?","R","B",null,"M","$","M","?","$","E","?","M","T","E","$","M","E","?","R","B",null,"M","M","M","$","M","R","E","$","T","R","M","?","M","E","R","B",null],"character_chosen":"DEFECT","items_purchased":["Oddly Smooth Stone","Dodecahedron","Symbiotic Virus","Sundial","Fruit Juice","CultistPotion","GuppysCollar","Chemical X","Matryoshka","PreservedInsect","REME_HandOfSuture","Trip","REME_ProfessionalPlagiarism","CultistPotion","Juzu Bracelet","DeadEye","Pen Nib","DollysMirror","All For One","MostiFishMod:KingOfFree","Strawberry","Habit","PillsDrop","Letter Opener","Orrery","JudasShadow","SatanicBible","MyShadow","FairyPotion","REME_MagicPocketWatch","MostiFishMod:FourSeasons","DeathBook","REME_CardOfGreed","Turnip","Master of Strategy","EdensBlessing","Darkstone Periapt","Bag of Preparation","Peace Pipe"],"campfire_rested":0,"item_purchase_floors":[5,5,5,5,5,5,17,19,19,19,19,19,19,19,22,22,22,22,22,22,28,28,28,28,28,34,34,34,34,34,34,38,38,38,38,42,42,42,42],"current_hp_per_floor":[64,57,55,47,52,52,29,25,25,20,16,14,12,12,12,6,45,43,43,43,43,43,47,47,45,45,47,54,61,68,68,68,68,18,8,10,1,1,1,1,1,1,1,1,1,1,4,4,4,4],"gold":737,"neow_bonus":"BOSS_RELIC","is_daily":false,"chose_seed":false,"campfire_upgraded":6,"win_rate":0.0,"timestamp":1608448576,"path_taken":["M","?","M","M","$","R","?","M","T","?","E","?","E","?","R","BOSS","M","$","?","?","$","E","?","M","T","E","?","M","E","?","R","BOSS","M","M","M","$","M","R","E","$","T","R","M","?","M","E","R","BOSS"],"items_purchased_type":["Relic","Relic","Relic","Relic","Potion","Potion","Relic","Relic","Relic","Relic","Relic","Card","Card","Potion","Relic","Relic","Relic","Relic","Card","Card","Relic","Relic","Relic","Relic","Relic","Relic","Relic","Relic","Potion","Card","Card","Relic","Relic","Relic","Card","Relic","Relic","Relic","Relic"],"build_version":"2020-12-13","purchased_purges":11,"victory":true,"max_hp_per_floor":[71,71,71,71,76,76,76,76,76,76,76,76,76,76,76,76,58,58,58,58,58,58,58,58,58,58,58,65,68,68,68,68,68,18,18,18,1,1,1,1,1,1,1,1,1,1,4,4,4,4],"card_choices":[{"not_picked":[],"picked":"ChaosCard","floor":0.0},{"not_picked":["Static Discharge","Redo","Leap"],"picked":"SKIP","floor":1.0},{"not_picked":["Cold Snap","Rebound","Hologram"],"picked":"Gash","floor":2.0},{"not_picked":["Beam Cell","Skim","Rebound"],"picked":"Go for the Eyes","floor":3.0},{"not_picked":["Cold Snap","Heatsinks","Loop"],"picked":"Core Surge","floor":4.0},{"not_picked":["Conserve Battery","Rebound","Beam Cell"],"picked":"Sweeping Beam","floor":8.0},{"not_picked":["Rip and Tear","Chaos","MostiFishMod:ATRI"],"picked":"Gash","floor":11.0},{"not_picked":["Compile Driver","Barrage","Coolheaded","Stack"],"picked":"SKIP","floor":12.0},{"not_picked":["Turbo","Rebound","Stack","MostiFishMod:Prepare"],"picked":"SKIP","floor":13.0},{"not_picked":["MostiFishMod:ReadyAimFire","Electrodynamics","Echo Form"],"picked":"MostiFishMod:Overload","floor":16.0},{"not_picked":["Undo","Hologram","Streamline"],"picked":"REME_Whirling","floor":18.0},{"not_picked":["Hologram+1","Barrage","Rebound","Cold Snap"],"picked":"SKIP","floor":20.0},{"not_picked":["Conserve Battery","Sweeping Beam","Capacitor","Reinforced Body"],"picked":"SKIP","floor":23.0},{"not_picked":["Hello World","Doom and Gloom","Meteor Strike"],"picked":"Gash","floor":25.0},{"not_picked":["Conserve Battery","Redo","Chaos","Barrage"],"picked":"SKIP","floor":27.0},{"not_picked":["Rebound","REME_DataAnalysis","Double Energy"],"picked":"Scrape","floor":28.0},{"not_picked":["Steam+1","Storm","Stack","Steam Power"],"picked":"SKIP","floor":29.0},{"not_picked":["Genetic Algorithm+1","Force Field","Steam","Barrage"],"picked":"SKIP","floor":30.0},{"not_picked":["MostiFishMod:GatherIntelligence","MostiFishMod:Overload","Echo Form"],"picked":"Seek","floor":33.0},{"not_picked":["Go for the Eyes","Scrape+1","Stack","MostiFishMod:ActiveDefenseSystem"],"picked":"SKIP","floor":35.0},{"not_picked":["Chill","Conserve Battery","Gash","Beam Cell+1"],"picked":"SKIP","floor":36.0},{"not_picked":["Lockon","Steam","Streamline","Aggregate+1"],"picked":"SKIP","floor":37.0},{"not_picked":["Gash","Genetic Algorithm","Doom and Gloom","Steam"],"picked":"SKIP","floor":39.0},{"not_picked":["MostiFishMod:ReprogramOld","Genetic Algorithm","Scrape"],"picked":"REME_ForAll","floor":41.0},{"not_picked":["Rebound","MostiFishMod:ReprogramOld+1","Steam+1","Gash+1"],"picked":"SKIP","floor":45.0},{"not_picked":["Compile Driver","Gash+1","Barrage","Redo"],"picked":"SKIP","floor":47},{"not_picked":["Chaos","Rebound+1","REME_Shoggoth","Conserve Battery"],"picked":"SKIP","floor":48}],"player_experience":269127,"relics_obtained":[{"floor":1.0,"key":"Question Card"},{"floor":9.0,"key":"BelialBook"},{"floor":11.0,"key":"Art of War"},{"floor":13.0,"key":"Whetstone"},{"floor":16.0,"key":"ImportantClient"},{"floor":23.0,"key":"Ginger"},{"floor":26.0,"key":"Blood Vial"},{"floor":26.0,"key":"Unceasing Top"},{"floor":27.0,"key":"MawBank"},{"floor":30.0,"key":"Regal Pillow"},{"floor":41.0,"key":"SharpPlug"},{"floor":43.0,"key":"Nunchaku"},{"floor":48,"key":"Meat on the Bone"}],"event_choices":[{"damage_healed":0.0,"max_hp_gain":0.0,"max_hp_loss":0.0,"gold_gain":0.0,"event_name":"Shining Light","player_choice":"Entered Light","floor":7.0,"gold_loss":0.0,"damage_taken":23.0,"cards_upgraded":["Defend_B","Go for the Eyes"]},{"damage_healed":0.0,"max_hp_gain":0.0,"max_hp_loss":0.0,"gold_gain":0.0,"event_name":"Scrap Ooze","player_choice":"Success","floor":10.0,"gold_loss":0.0,"damage_taken":5.0,"relics_obtained":["Kunai"]},{"damage_healed":0.0,"max_hp_gain":0.0,"max_hp_loss":0.0,"gold_gain":0.0,"event_name":"爱的神圣花园","player_choice":"Choice 2","floor":21.0,"gold_loss":0.0,"damage_taken":0.0,"relics_obtained":["alterego_mod:SomeoneToFightFor"]},{"cards_removed":["Defend_B"],"damage_healed":0.0,"max_hp_gain":0.0,"max_hp_loss":0.0,"gold_gain":0.0,"event_name":"Back to Basics","player_choice":"Elegance","floor":24.0,"gold_loss":0.0,"damage_taken":0.0},{"damage_healed":14.0,"max_hp_gain":0.0,"max_hp_loss":0.0,"gold_gain":0.0,"event_name":"The Library","player_choice":"Heal","floor":31.0,"gold_loss":0.0,"damage_taken":0.0},{"cards_removed":["Scrape"],"damage_healed":0,"gold_gain":0,"player_choice":"Gave Card","damage_taken":0,"relics_obtained":["ArrowTower"],"max_hp_gain":0,"max_hp_loss":0,"event_name":"WeMeetAgain","floor":46,"gold_loss":0}],"is_beta":false,"boss_relics":[{"not_picked":["Runic Dome","SynthV:MejaisSoulstealer"],"picked":"Inserter"},{"not_picked":[]},{"not_picked":["Transparent","Cursed Key"],"picked":"Astrolabe"},{"not_picked":[]}],"items_purged_floors":[5,5,17,19,22,22,28,34,38,42,42],"is_endless":false,"potions_floor_spawned":[2,4,8,13,20,30,35,37,41,45],"ascension_level":16}}