{"host":"owox7x4ngjt9htcc","time":1608445615,"event":{"mods":["BaseMod","Colored Map","DeckTracker","Keyboard Shortcuts","Minty Spire (QoL Compilation)","SuperFastMode"],"gold_per_floor":[114,114,114,133,152,152,190,190,215,253,92,130,130,130,130,255,255,274,24,123,123,142,180,180,180,205,18,56,56,94,113,113,238,238,257,257,257,290,15,15,62,112,162,190,49,77,105,133,133,133],"floor_reached":51,"playtime":1293,"items_purged":["Strike_G","Strike_G","Strike_G"],"score":972,"play_id":"97e5e42b-c9b6-49cc-8ee4-69bf8feec5c3","local_time":"20201220152655","daily_mods":["Specialized","Flight","Terminal"],"is_ascension_mode":false,"campfire_choices":[{"data":"Setup","floor":6.0,"key":"SMITH"},{"data":"After Image","floor":8.0,"key":"SMITH"},{"data":"Noxious Fumes","floor":13.0,"key":"SMITH"},{"data":"Dodge and Roll","floor":15.0,"key":"SMITH"},{"data":"Neutralize","floor":25.0,"key":"SMITH"},{"floor":32.0,"key":"REST"},{"floor":40,"key":"REST"},{"floor":49,"key":"REST"}],"circlet_count":0,"master_deck":["Strike_G","Strike_G","Defend_G","Defend_G","Defend_G","Defend_G","Defend_G","Survivor","Neutralize+1","Choke","Choke","Choke","Choke","Choke","Setup+1","Dodge and Roll+1","After Image+1","Backflip","Noxious Fumes+1","Bouncing Flask+1","Storm of Steel+1","CurseOfTheBell","Bane+1","After Image+1","Well Laid Plans+1","Footwork+1","After Image+1","Madness+1","Madness+1","Dodge and Roll+1","Terror+1","After Image+1","Leg Sweep+1","Footwork+1","Blade Dance+1"],"relics":["Ring of the Snake","Golden Idol","Ancient Tea Set","Potion Belt","Bronze Scales","Singing Bowl","Toxic Egg 2","Blood Vial","Calling Bell","Happy Flower","Matryoshka","FossilizedHelix","Tiny Chest","Frozen Egg 2","PreservedInsect","Ornamental Fan","Sundial","Oddly Smooth Stone","Lee\u0027s Waffle","Ginger","White Beast Statue","SlaversCollar","Dream Catcher","Du-Vu Doll","Regal Pillow","CeramicFish","Vajra","Juzu Bracelet","DollysMirror"],"acts_visited":["Exordium","TheCity","TheBeyond"],"potions_floor_usage":[46,47,50,50,50],"damage_taken":[{"damage":0.0,"enemies":"Small Slimes","floor":1.0,"turns":3.0},{"damage":0.0,"enemies":"2 Louse","floor":4.0,"turns":2.0},{"damage":0.0,"enemies":"Jaw Worm","floor":5.0,"turns":3.0},{"damage":2.0,"enemies":"Gremlin Nob","floor":7.0,"turns":4.0},{"damage":0.0,"enemies":"3 Sentries","floor":10.0,"turns":6.0},{"damage":5.0,"enemies":"Lagavulin","floor":12.0,"turns":9.0},{"damage":15.0,"enemies":"The Guardian","floor":16.0,"turns":10.0},{"damage":0.0,"enemies":"Spheric Guardian","floor":18.0,"turns":4.0},{"damage":0.0,"enemies":"Shell Parasite","floor":22.0,"turns":4.0},{"damage":2.0,"enemies":"Book of Stabbing","floor":23.0,"turns":6.0},{"damage":14.0,"enemies":"Gremlin Leader","floor":28.0,"turns":5.0},{"damage":16.0,"enemies":"Slavers","floor":30.0,"turns":3.0},{"damage":0.0,"enemies":"Snake Plant","floor":31.0,"turns":4.0},{"damage":23.0,"enemies":"Automaton","floor":33.0,"turns":12.0},{"damage":8.0,"enemies":"3 Darklings","floor":35.0,"turns":10.0},{"damage":30.0,"enemies":"2 Orb Walkers","floor":38.0,"turns":7.0},{"damage":0,"enemies":"Nemesis","floor":41,"turns":5},{"damage":0,"enemies":"Orb Walker","floor":44,"turns":6},{"damage":0,"enemies":"Sphere and 2 Shapes","floor":46,"turns":9},{"damage":18,"enemies":"Transient","floor":47,"turns":5},{"damage":12,"enemies":"4 Shapes","floor":48,"turns":6},{"damage":8,"enemies":"Time Eater","floor":50,"turns":11}],"seed_played":"4005297234989847306","potions_obtained":[{"floor":1.0,"key":"Energy Potion"},{"floor":5.0,"key":"BlessingOfTheForge"},{"floor":7.0,"key":"Poison Potion"},{"floor":12.0,"key":"ColorlessPotion"},{"floor":22.0,"key":"Weak Potion"},{"floor":30.0,"key":"DuplicationPotion"},{"floor":31.0,"key":"Fire Potion"},{"floor":33.0,"key":"LiquidMemories"},{"floor":35.0,"key":"Weak Potion"},{"floor":38.0,"key":"Strength Potion"},{"floor":41,"key":"SneckoOil"},{"floor":44,"key":"Strength Potion"},{"floor":46,"key":"AttackPotion"},{"floor":47,"key":"GhostInAJar"},{"floor":48,"key":"FairyPotion"}],"is_trial":false,"path_per_floor":["M","?","?","M","M","R","E","R","T","E","$","E","R","?","R","B",null,"M","$","?","?","M","E","T","R","T","$","E","?","E","M","R","B",null,"M","?","T","?","$","R","E","T","T","M","$","M","M","M","R","B",null],"character_chosen":"THE_SILENT","items_purchased":["Backflip","Noxious Fumes","Tiny Chest","Lee\u0027s Waffle","Well Laid Plans+1","Regal Pillow","DollysMirror"],"campfire_rested":3,"item_purchase_floors":[11,11,19,27,27,39,45],"current_hp_per_floor":[68,62,50,50,50,50,48,48,48,50,50,45,45,45,45,32,49,48,47,46,45,46,46,46,45,44,50,38,32,18,22,37,16,47,41,35,35,9,9,39,41,41,41,43,42,41,23,13,40,32],"gold":133,"neow_bonus":"","is_daily":true,"chose_seed":false,"campfire_upgraded":5,"win_rate":0.0,"timestamp":1608445615,"path_taken":["M","?","?","?","?","R","E","R","T","E","$","E","R","?","R","BOSS","M","?","?","?","?","E","?","R","T","$","E","?","E","?","R","BOSS","M","?","?","?","$","R","E","?","T","M","$","M","M","M","R","BOSS"],"items_purchased_type":["Card","Card","Relic","Relic","Card","Relic","Relic"],"build_version":"2020-12-13","purchased_purges":3,"victory":true,"max_hp_per_floor":[68,62,61,60,59,58,57,56,55,56,55,54,53,52,51,50,49,48,47,46,45,46,47,46,45,44,50,51,50,49,50,49,48,47,48,47,46,47,46,47,46,45,44,43,42,41,40,39,40,39],"card_choices":[{"not_picked":["Finisher","Dodge and Roll"],"picked":"Setup","floor":1.0},{"not_picked":["Expertise","Concentrate"],"picked":"Dodge and Roll","floor":4.0},{"not_picked":["Outmaneuver","Bane","Sucker Punch"],"picked":"SKIP","floor":5.0},{"not_picked":["Predator","Backflip"],"picked":"After Image","floor":7.0},{"not_picked":["Dagger Spray","Acrobatics","Riddle With Holes"],"picked":"Singing Bowl","floor":10.0},{"not_picked":["Heel Hook","Flying Knee"],"picked":"Bouncing Flask+1","floor":12.0},{"not_picked":["After Image","Adrenaline+1"],"picked":"Storm of Steel+1","floor":16.0},{"not_picked":["Prepared+1","Poisoned Stab+1"],"picked":"Bane+1","floor":18.0},{"not_picked":["Sucker Punch","Heel Hook","Riddle With Holes"],"picked":"Singing Bowl","floor":22.0},{"not_picked":["Backflip+1","Flechettes+1","Tactician+1"],"picked":"Singing Bowl","floor":23.0},{"not_picked":["Underhanded Strike","Flying Knee","Burst+1"],"picked":"Singing Bowl","floor":28.0},{"not_picked":["Leg Sweep+1","Acrobatics+1"],"picked":"Footwork+1","floor":30.0},{"not_picked":["Backflip+1","Prepared+1","Deadly Poison+1"],"picked":"Singing Bowl","floor":31.0},{"not_picked":["Corpse Explosion+1","Night Terror+1"],"picked":"After Image+1","floor":33.0},{"not_picked":["Dodge and Roll+1","Deadly Poison+1","Dagger Spray+1"],"picked":"Singing Bowl","floor":35.0},{"not_picked":["Dagger Spray+1","Quick Slash","Dagger Throw"],"picked":"Singing Bowl","floor":38.0},{"not_picked":["Dodge and Roll+1","Dagger Spray+1","Acrobatics+1"],"picked":"Singing Bowl","floor":40},{"not_picked":["Deadly Poison+1","Die Die Die"],"picked":"Dodge and Roll+1","floor":41},{"not_picked":["Acrobatics+1","Underhanded Strike+1"],"picked":"Terror+1","floor":44},{"not_picked":["Deadly Poison+1","Sucker Punch"],"picked":"Leg Sweep+1","floor":46},{"not_picked":["Cloak And Dagger+1","Distraction+1"],"picked":"Footwork+1","floor":47},{"not_picked":["Crippling Poison+1","Outmaneuver+1"],"picked":"Blade Dance+1","floor":48},{"not_picked":["Backstab+1","Dagger Throw","Calculated Gamble+1"],"picked":"Singing Bowl","floor":49}],"player_experience":845908,"relics_obtained":[{"floor":7.0,"key":"Potion Belt"},{"floor":9.0,"key":"Bronze Scales"},{"floor":10.0,"key":"Singing Bowl"},{"floor":12.0,"key":"Toxic Egg 2"},{"floor":17.0,"key":"Happy Flower"},{"floor":17.0,"key":"Matryoshka"},{"floor":17.0,"key":"FossilizedHelix"},{"floor":23.0,"key":"Frozen Egg 2"},{"floor":24.0,"key":"PreservedInsect"},{"floor":24.0,"key":"Ornamental Fan"},{"floor":26.0,"key":"Sundial"},{"floor":26.0,"key":"Oddly Smooth Stone"},{"floor":28.0,"key":"Ginger"},{"floor":30.0,"key":"White Beast Statue"},{"floor":37.0,"key":"Dream Catcher"},{"floor":38.0,"key":"Du-Vu Doll"},{"floor":41,"key":"CeramicFish"},{"floor":42,"key":"Vajra"},{"floor":43,"key":"Juzu Bracelet"}],"event_choices":[{"damage_healed":0.0,"max_hp_gain":0.0,"max_hp_loss":5.0,"gold_gain":0.0,"event_name":"Golden Idol","player_choice":"Lose Max HP","floor":2.0,"gold_loss":0.0,"damage_taken":0.0,"relics_obtained":["Golden Idol"]},{"damage_healed":0.0,"max_hp_gain":0.0,"max_hp_loss":0.0,"gold_gain":0.0,"event_name":"Scrap Ooze","player_choice":"Success","floor":3.0,"gold_loss":0.0,"damage_taken":12.0,"relics_obtained":["Ancient Tea Set"]},{"damage_healed":0.0,"max_hp_gain":0.0,"max_hp_loss":0.0,"gold_gain":0.0,"event_name":"WeMeetAgain","player_choice":"Gave Potion","floor":14.0,"gold_loss":0.0,"damage_taken":0.0,"relics_obtained":["Blood Vial"]},{"damage_healed":0.0,"max_hp_gain":0.0,"max_hp_loss":0.0,"gold_gain":99.0,"event_name":"Nest","player_choice":"Stole From Cult","floor":20.0,"gold_loss":0.0,"damage_taken":0.0},{"damage_healed":0.0,"max_hp_gain":0.0,"max_hp_loss":0.0,"gold_gain":0.0,"event_name":"Duplicator","player_choice":"Copied","floor":21.0,"gold_loss":0.0,"damage_taken":0.0,"cards_obtained":["After Image"]},{"damage_healed":0.0,"max_hp_gain":0.0,"max_hp_loss":0.0,"gold_gain":0.0,"event_name":"Knowing Skull","player_choice":"","floor":29.0,"potions_obtained":[],"gold_loss":0.0,"damage_taken":6.0,"cards_obtained":[]},{"damage_healed":0.0,"max_hp_gain":0.0,"max_hp_loss":0.0,"gold_gain":0.0,"event_name":"Winding Halls","player_choice":"Embrace Madness","floor":36.0,"gold_loss":0.0,"damage_taken":6.0,"cards_obtained":["Madness","Madness"]},{"damage_healed":0.0,"max_hp_gain":0.0,"max_hp_loss":0.0,"gold_gain":0.0,"event_name":"Mysterious Sphere","player_choice":"Fight","floor":38.0,"gold_loss":0.0,"damage_taken":0.0}],"is_beta":false,"boss_relics":[{"not_picked":["Coffee Dripper","Velvet Choker"],"picked":"Calling Bell"},{"not_picked":["Sozu","Busted Crown"],"picked":"SlaversCollar"}],"items_purged_floors":[11,19,39],"is_endless":false,"potions_floor_spawned":[1,5,7,12,22,30,31,33,35,38,41,44,46,47,48],"ascension_level":0}}