{"host":"5gc11emcm5chfr5t","time":1608498455,"event":{"mods":["2.2 Compatiblity","AchievementEnabler","BaseMod","Bestiary","Better Note","Colored Map","Colored Powertips","Downfall","Googly Eyes","Minty Spire (QoL Compilation)","Rare Cards Sparkle","StSLib"],"gold_per_floor":[99,128,128,161,161,161,161,187,37,66,51,63,63,83,93,166,166,91,104,14,49,49,67,67,98,83,83,96,96,196,212,225,298,298,298,321,321,339,91,91,91,119,120,120,120,140,75,91,105,99,99,97,97],"floor_reached":52,"playtime":2701,"items_purged":["Regret"],"score":1619,"play_id":"8acbfe19-1251-481d-b893-96780aed860f","local_time":"20201220160735","is_ascension_mode":true,"campfire_choices":[{"floor":1.0,"key":"RECALL"},{"floor":9.0,"key":"REST"},{"data":"sneckomod:MorePower","floor":18.0,"key":"SMITH"},{"data":"sneckomod:DiceBoulder","floor":22.0,"key":"SMITH"},{"floor":27.0,"key":"DIG"},{"floor":35.0,"key":"DIG"},{"floor":37.0,"key":"DIG"},{"floor":40.0,"key":"DIG"},{"floor":44.0,"key":"DIG"}],"circlet_count":0,"master_deck":["AscendersBane","sneckomod:Strike+1","sneckomod:Defend+1","sneckomod:Defend","sneckomod:Defend","sneckomod:TailWhip","sneckomod:SnekBite","sneckomod:Unknown+1","sneckomod:Unknown","sneckomod:UnknownColorless","sneckomod:Unknown0Cost","sneckomod:WideSting+1","sneckomod:DiceBoulder+1","sneckomod:UnknownUncommonSkill","sneckomod:UnknownClassTHE_CHAMP_GRAY","sneckomod:QuickBite","sneckomod:ImprovisedAttack","sneckomod:MorePower+1","sneckomod:UnknownRareAttack+1","sneckomod:SoulRoll","sneckomod:UnknownRareSkill+1","sneckomod:UnknownColorless","sneckomod:Unknown3Cost+1","sneckomod:UnknownRareAttack+1","sneckomod:Unknown+1","sneckomod:UnknownExhaust+1","sneckomod:UnknownClassHEXA_GHOST_PURPLE","sneckomod:Cheat","sneckomod:Unknown0Cost","sneckomod:CheapStock","sneckomod:SoulDraw+1","J.A.X.","sneckomod:SoulDraw","sneckomod:TrashToTreasure","sneckomod:UnknownStrength+1","sneckomod:UnknownUncommonSkill+1","sneckomod:GlitteringGambit","sneckomod:Unknown0Cost+1","sneckomod:UnknownUncommonAttack","sneckomod:UnknownUncommonPower","sneckomod:UnknownColorless+1","sneckomod:SerpentMind+1","sneckomod:ImprovisedGuard+1","expansioncontent:GoopSpray","sneckomod:SoulRoll","expansioncontent:TimeRipple","sneckomod:Mudshield+1","sneckomod:UnknownClassGREEN+1","sneckomod:PureSnecko"],"relics":["sneckomod:SneckoSoul","downfall:HeartsMalice","Gambling Chip","sneckomod:CleanMud","Nunchaku","downfall:HeartBlessingBlue","downfall:HeartBlessingRed","Shuriken","sneckomod:SneckoTalon","downfall:HeartBlessingGreen","Boot","Dream Catcher","Shovel","Eternal Feather","Pantograph","MutagenicStrength","SlaversCollar","Smiling Mask","White Beast Statue","Matryoshka","War Paint","Centennial Puzzle","Meat on the Bone","Frozen Egg 2","Blood Vial","Art of War","Juzu Bracelet"],"acts_visited":["Exordium","TheCity","TheBeyond","TheEnding"],"potions_floor_usage":[48,49,49],"damage_taken":[{"damage":0.0,"enemies":"Gremlin Nob","floor":2.0,"turns":1.0},{"damage":0.0,"enemies":"3 Sentries","floor":4.0,"turns":1.0},{"damage":0.0,"enemies":"Small Slimes","floor":5.0,"turns":1.0},{"damage":63.0,"enemies":"Lagavulin","floor":8.0,"turns":7.0},{"damage":52.0,"enemies":"Gremlin Nob","floor":10.0,"turns":5.0},{"damage":10.0,"enemies":"downfall:FleeingMerchant","floor":11.0,"turns":4.0},{"damage":3.0,"enemies":"Cultist","floor":12.0,"turns":2.0},{"damage":0.0,"enemies":"Jaw Worm","floor":14.0,"turns":2.0},{"damage":0.0,"enemies":"3 Louse","floor":15.0,"turns":2.0},{"damage":36.0,"enemies":"downfall:Ironclad","floor":16.0,"turns":6.0},{"damage":27.0,"enemies":"Chosen","floor":19.0,"turns":6.0},{"damage":10.0,"enemies":"downfall:FleeingMerchant","floor":20.0,"turns":4.0},{"damage":11.0,"enemies":"Gremlin Leader","floor":21.0,"turns":4.0},{"damage":14.0,"enemies":"3 Byrds","floor":23.0,"turns":4.0},{"damage":39.0,"enemies":"Book of Stabbing","floor":25.0,"turns":6.0},{"damage":14.0,"enemies":"downfall:FleeingMerchant","floor":26.0,"turns":4.0},{"damage":0.0,"enemies":"Snake Plant","floor":28.0,"turns":2.0},{"damage":7.0,"enemies":"downfall:Augmenter","floor":30.0,"turns":5.0},{"damage":11.0,"enemies":"3 Cultists","floor":31.0,"turns":4.0},{"damage":12.0,"enemies":"Cultist and Chosen","floor":32.0,"turns":5.0},{"damage":13.0,"enemies":"downfall:Defect","floor":33.0,"turns":7.0},{"damage":84.0,"enemies":"3 Darklings","floor":36.0,"turns":8.0},{"damage":0.0,"enemies":"3 Shapes","floor":38.0,"turns":2.0},{"damage":11.0,"enemies":"downfall:FleeingMerchant","floor":39.0,"turns":4.0},{"damage":65.0,"enemies":"Reptomancer","floor":42.0,"turns":5.0},{"damage":0.0,"enemies":"Jaw Worm Horde","floor":43.0,"turns":2.0},{"damage":34.0,"enemies":"3 Darklings","floor":46.0,"turns":3.0},{"damage":0.0,"enemies":"downfall:FleeingMerchant","floor":47.0,"turns":1.0},{"damage":48,"enemies":"Writhing Mass","floor":48,"turns":5},{"damage":0,"enemies":"Sphere and 2 Shapes","floor":49,"turns":3},{"damage":62,"enemies":"downfall:Silent","floor":50,"turns":10},{"damage":134,"enemies":"downfall:CharBossMerchant","floor":52,"turns":8}],"seed_played":"6844554261879829063","potions_obtained":[{"floor":2.0,"key":"AttackPotion"},{"floor":3.0,"key":"EssenceOfSteel"},{"floor":4.0,"key":"Fruit Juice"},{"floor":12.0,"key":"Slimebound:ThreeZeroPotion"},{"floor":14.0,"key":"AttackPotion"},{"floor":16.0,"key":"Block Potion"},{"floor":19.0,"key":"BlessingOfTheForge"},{"floor":21.0,"key":"DistilledChaos"},{"floor":28.0,"key":"sneckomod:OffclassReductionPotion"},{"floor":31.0,"key":"SneckoOil"},{"floor":32.0,"key":"Fire Potion"},{"floor":38.0,"key":"CultistPotion"},{"floor":39.0,"key":"Dexterity Potion"},{"floor":42.0,"key":"Dexterity Potion"},{"floor":43.0,"key":"sneckomod:DiceRollPotion"},{"floor":46.0,"key":"Fire Potion"},{"floor":49,"key":"Fruit Juice"}],"is_trial":false,"path_per_floor":["R","E","?","E","M","?","T","E","R","E","$","M","?","M","M","B",null,"R","M","$","E","R","M","T","E","$","R","M","T","?","M","M","B",null,"R","M","R","M","$","R","T","E","M","R","?","M","$","M","M","B",null,"E"],"character_chosen":"THE_SNECKO","items_purchased":["Matryoshka","Art of War","Juzu Bracelet","expansioncontent:TimeRipple"],"campfire_rested":1,"item_purchase_floors":[39,47,47,47],"current_hp_per_floor":[75,76,76,82,82,82,82,19,59,8,9,6,112,112,112,76,103,103,89,115,106,106,93,93,62,48,48,49,49,42,35,24,37,102,123,41,62,62,57,81,81,29,41,65,65,45,59,35,55,34,108,0,0],"gold":97,"neow_bonus":"THREE_ENEMY_KILL","is_daily":false,"chose_seed":false,"campfire_upgraded":2,"win_rate":0.0,"timestamp":1608498455,"path_taken":["R","E","?","E","?","?","T","E","R","E","$","M","?","?","M","BOSS","R","M","?","E","R","M","T","E","$","R","M","?","?","M","M","BOSS","R","M","R","M","$","R","T","E","M","R","?","M","$","M","M","BOSS","E"],"items_purchased_type":["Relic","Relic","Relic","Card"],"build_version":"2020-12-13","purchased_purges":1,"victory":false,"max_hp_per_floor":[83,84,84,90,90,90,90,90,100,101,102,102,112,112,112,112,112,112,113,115,117,117,118,118,120,120,120,121,121,121,121,122,123,123,123,125,125,125,126,126,126,127,127,127,127,127,127,127,133,133,133,133,133],"card_choices":[{"not_picked":["sneckomod:UnknownUncommonSkill","sneckomod:Unknown1Cost"],"picked":"sneckomod:UnknownColorless","floor":2.0},{"not_picked":["sneckomod:Nope","sneckomod:SoulDraw"],"picked":"sneckomod:Unknown0Cost","floor":4.0},{"not_picked":["sneckomod:UnknownBlock","sneckomod:QuickBite"],"picked":"sneckomod:WideSting","floor":5.0},{"not_picked":["sneckomod:MasterEye","sneckomod:UnknownVulnerable"],"picked":"sneckomod:DiceBoulder","floor":8.0},{"not_picked":["sneckomod:SoulDraw","sneckomod:QuickMove"],"picked":"sneckomod:UnknownUncommonSkill","floor":10.0},{"not_picked":["sneckomod:DiceBlock","sneckomod:WideSting"],"picked":"sneckomod:UnknownClassTHE_CHAMP_GRAY","floor":11.0},{"not_picked":["sneckomod:Unknown1Cost","sneckomod:RainOfDice"],"picked":"sneckomod:MorePower","floor":12.0},{"not_picked":["sneckomod:QuickMove","sneckomod:WideSting"],"picked":"sneckomod:QuickBite","floor":14.0},{"not_picked":["sneckomod:UnknownClassTHE_CHAMP_GRAY","sneckomod:UnknownWeak"],"picked":"sneckomod:ImprovisedAttack","floor":15.0},{"not_picked":["sneckomod:DangerNoodle","sneckomod:SoulExchange"],"picked":"sneckomod:MorePower","floor":16.0},{"not_picked":["sneckomod:Unknown0Cost+1","sneckomod:UnknownClassGREEN+1"],"picked":"sneckomod:UnknownRareAttack+1","floor":19.0},{"not_picked":["sneckomod:SerpentIdol","sneckomod:UnknownVulnerable"],"picked":"sneckomod:SoulRoll","floor":19.0},{"not_picked":["sneckomod:UnknownClassHEXA_GHOST_PURPLE+1","sneckomod:UnknownDexterity+1"],"picked":"sneckomod:UnknownRareSkill+1","floor":20.0},{"not_picked":["sneckomod:UnknownWeak","sneckomod:UnknownClassSLIMEBOUND"],"picked":"sneckomod:UnknownColorless","floor":20.0},{"not_picked":["sneckomod:UnknownUncommonPower+1","sneckomod:UnknownClassGUARDIAN+1"],"picked":"sneckomod:Unknown3Cost+1","floor":21.0},{"not_picked":["sneckomod:SnekBeam","sneckomod:Rotation"],"picked":"sneckomod:UnknownRareAttack","floor":21.0},{"not_picked":["sneckomod:UnknownClassPURPLE+1","sneckomod:UnknownStrike+1"],"picked":"sneckomod:Unknown+1","floor":23.0},{"not_picked":["sneckomod:DiceBoulder","sneckomod:Unknown1Cost","sneckomod:MixItUp"],"picked":"SKIP","floor":23.0},{"not_picked":["sneckomod:UnknownEthereal+1","sneckomod:UnknownX+1"],"picked":"sneckomod:UnknownExhaust+1","floor":25.0},{"not_picked":["sneckomod:DiceBlock","sneckomod:UnknownUncommonPower"],"picked":"sneckomod:UnknownClassHEXA_GHOST_PURPLE","floor":25.0},{"not_picked":["sneckomod:UnknownStrength","sneckomod:DiceCrush"],"picked":"sneckomod:Cheat","floor":26.0},{"not_picked":["sneckomod:UnknownVulnerable","sneckomod:UnknownStrike"],"picked":"sneckomod:Unknown0Cost","floor":28.0},{"not_picked":[],"picked":"J.A.X.","floor":30.0},{"not_picked":["sneckomod:DiceCrush","sneckomod:RainOfDice"],"picked":"sneckomod:SoulDraw","floor":30.0},{"not_picked":["sneckomod:UnknownClassHEXA_GHOST_PURPLE","sneckomod:UnknownExhaust"],"picked":"sneckomod:TrashToTreasure","floor":31.0},{"not_picked":["sneckomod:UnknownUncommonAttack+1","sneckomod:UnknownStrike+1"],"picked":"sneckomod:UnknownStrength+1","floor":32.0},{"not_picked":["sneckomod:UnknownClassRED","sneckomod:UnknownCommonAttack","sneckomod:UnknownBlock"],"picked":"SKIP","floor":32.0},{"not_picked":["sneckomod:UnknownClassTHE_CHAMP_GRAY+1","sneckomod:UnknownClassSLIMEBOUND+1"],"picked":"sneckomod:UnknownUncommonSkill+1","floor":33.0},{"not_picked":["sneckomod:Unknown3Cost","sneckomod:Transmogrify"],"picked":"sneckomod:GlitteringGambit","floor":33.0},{"not_picked":["sneckomod:UnknownClassGREEN+1","sneckomod:UnknownBlock+1"],"picked":"sneckomod:Unknown0Cost+1","floor":36.0},{"not_picked":["sneckomod:SoulCleanse","sneckomod:Unknown2Cost+1"],"picked":"sneckomod:UnknownUncommonAttack","floor":36.0},{"not_picked":["sneckomod:Unknown1Cost","sneckomod:UnknownWeak","sneckomod:UnknownClassGUARDIAN"],"picked":"SKIP","floor":38.0},{"not_picked":["sneckomod:UnknownExhaust","sneckomod:Unknown1Cost"],"picked":"sneckomod:UnknownUncommonPower","floor":39.0},{"not_picked":["sneckomod:UnknownStrike+1","sneckomod:UnknownCommonSkill+1"],"picked":"sneckomod:UnknownColorless+1","floor":42.0},{"not_picked":["sneckomod:UnknownCommonAttack+1","sneckomod:SlitherStrike"],"picked":"sneckomod:SerpentMind+1","floor":42.0},{"not_picked":["sneckomod:DiceCrush","sneckomod:QuickMove"],"picked":"sneckomod:ImprovisedGuard+1","floor":43.0},{"not_picked":["expansioncontent:DefensiveMode+1","expansioncontent:ChargeUp"],"picked":"expansioncontent:GoopSpray","floor":45.0},{"not_picked":["sneckomod:UnknownEthereal","sneckomod:Unknown0Cost"],"picked":"sneckomod:SoulRoll","floor":46.0},{"not_picked":["sneckomod:DiceCrush+1","sneckomod:RainOfDice"],"picked":"sneckomod:Mudshield+1","floor":48},{"not_picked":["sneckomod:UnknownX+1","sneckomod:Unknown1Cost+1","sneckomod:UnknownClassSLIMEBOUND+1"],"picked":"SKIP","floor":48},{"not_picked":["sneckomod:UnknownWeak+1","sneckomod:UnknownCommonAttack+1"],"picked":"sneckomod:UnknownClassGREEN+1","floor":49},{"not_picked":["sneckomod:Unknown2Cost","sneckomod:DiceCrush"],"picked":"sneckomod:PureSnecko","floor":49}],"player_experience":452567,"relics_obtained":[{"floor":2.0,"key":"Gambling Chip"},{"floor":4.0,"key":"sneckomod:CleanMud"},{"floor":8.0,"key":"Nunchaku"},{"floor":10.0,"key":"Shuriken"},{"floor":21.0,"key":"Boot"},{"floor":24.0,"key":"Dream Catcher"},{"floor":25.0,"key":"Shovel"},{"floor":27.0,"key":"Eternal Feather"},{"floor":29.0,"key":"Pantograph"},{"floor":30.0,"key":"MutagenicStrength"},{"floor":35.0,"key":"Smiling Mask"},{"floor":37.0,"key":"White Beast Statue"},{"floor":40.0,"key":"War Paint"},{"floor":41.0,"key":"Centennial Puzzle"},{"floor":41.0,"key":"Meat on the Bone"},{"floor":42.0,"key":"Frozen Egg 2"},{"floor":44.0,"key":"Blood Vial"}],"event_choices":[{"damage_healed":0.0,"max_hp_gain":0.0,"max_hp_loss":0.0,"gold_gain":0.0,"event_name":"Lab","player_choice":"Got Potions","floor":3.0,"gold_loss":0.0,"damage_taken":0.0},{"cards_removed":["sneckomod:MorePower"],"damage_healed":96.0,"max_hp_gain":10.0,"max_hp_loss":0.0,"gold_gain":0.0,"event_name":"Bonfire Elementals","player_choice":"Offered Rare","floor":13.0,"gold_loss":0.0,"damage_taken":0.0}],"is_beta":false,"boss_relics":[{"not_picked":["Empty Cage","Tiny House"],"picked":"sneckomod:SneckoTalon"},{"not_picked":["Black Star","Runic Pyramid"],"picked":"SlaversCollar"}],"items_purged_floors":[20],"is_endless":false,"potions_floor_spawned":[2,4,12,14,16,19,21,28,31,32,38,39,42,43,46,47,49],"killed_by":"downfall:CharBossMerchant","ascension_level":18}}