{"host":"kpyoctgc7jne3jiy","time":1608440823,"event":{"mods":["AchievementEnabler","BaseMod","Minty Spire (QoL Compilation)"],"gold_per_floor":[115,115,215,17,37,37,52,52,52,79,79,99,26,49,49,49,49],"floor_reached":16,"playtime":564,"items_purged":[],"score":118,"play_id":"261af4d0-0970-4024-9311-dfbf0a38a156","local_time":"20201220060703","is_ascension_mode":true,"campfire_choices":[{"data":"Madness","floor":6,"key":"SMITH"},{"data":"Infernal Blade","floor":8,"key":"SMITH"},{"data":"Juggernaut","floor":11,"key":"SMITH"},{"floor":15,"key":"REST"}],"circlet_count":0,"master_deck":["Strike_R","Strike_R","Strike_R","Strike_R","Strike_R","Defend_R","Defend_R","Defend_R","Defend_R","Bash","Madness+1","Shrug It Off","Flex","Rampage","Infernal Blade+1","Juggernaut+1","Uppercut","Body Slam"],"relics":["Burning Blood","Sling","Sundial","Ancient Tea Set","Odd Mushroom"],"acts_visited":["Exordium"],"potions_floor_usage":[16],"damage_taken":[{"damage":3,"enemies":"2 Louse","floor":1,"turns":3},{"damage":0,"enemies":"Jaw Worm","floor":5,"turns":3},{"damage":0,"enemies":"Cultist","floor":7,"turns":4},{"damage":30,"enemies":"Lagavulin","floor":10,"turns":4},{"damage":25,"enemies":"Lots of Slimes","floor":12,"turns":3},{"damage":22,"enemies":"The Mushroom Lair","floor":14,"turns":4},{"damage":42,"enemies":"Hexaghost","floor":16,"turns":11}],"seed_played":"-8301385775527980226","potions_obtained":[{"floor":12,"key":"Block Potion"},{"floor":14,"key":"BlessingOfTheForge"}],"is_trial":false,"path_per_floor":["M","?","?","$","M","R","M","R","T","E","R","M","$","?","R","B"],"character_chosen":"IRONCLAD","items_purchased":["Sling","Flex","Uppercut"],"campfire_rested":1,"item_purchase_floors":[4,4,13],"current_hp_per_floor":[80,80,80,80,80,80,80,80,80,56,56,37,37,21,45,3,3],"gold":49,"neow_bonus":"RANDOM_COLORLESS","is_daily":false,"chose_seed":false,"campfire_upgraded":3,"win_rate":0.0,"timestamp":1608440823,"path_taken":["M","?","?","$","M","R","M","R","T","E","R","?","?","?","R","BOSS"],"items_purchased_type":["Relic","Card","Card"],"build_version":"2020-12-13","purchased_purges":0,"victory":false,"max_hp_per_floor":[80,80,80,80,80,80,80,80,80,80,80,80,80,80,80,80,80],"card_choices":[{"not_picked":["Flash of Steel","Purity"],"picked":"Madness","floor":0},{"not_picked":["Pummel","Sever Soul"],"picked":"Shrug It Off","floor":1},{"not_picked":["Sword Boomerang","Sentinel"],"picked":"Rampage","floor":5},{"not_picked":["Twin Strike","Warcry"],"picked":"Infernal Blade","floor":7},{"not_picked":["Sever Soul","Perfected Strike"],"picked":"Juggernaut","floor":10},{"not_picked":["Warcry","Shrug It Off","Reckless Charge"],"picked":"SKIP","floor":12},{"not_picked":["Iron Wave","Warcry"],"picked":"Body Slam","floor":14}],"player_experience":229783,"relics_obtained":[{"floor":9,"key":"Sundial"},{"floor":10,"key":"Ancient Tea Set"},{"floor":14,"key":"Odd Mushroom"}],"event_choices":[{"damage_healed":0,"gold_gain":0,"player_choice":"Leave","damage_taken":0,"max_hp_gain":0,"max_hp_loss":0,"event_name":"The Cleric","floor":2,"gold_loss":0},{"damage_healed":0,"gold_gain":100,"player_choice":"Pray","damage_taken":0,"max_hp_gain":0,"max_hp_loss":0,"event_name":"Golden Shrine","floor":3,"gold_loss":0},{"damage_healed":0,"gold_gain":0,"player_choice":"Fought Mushrooms","damage_taken":0,"max_hp_gain":0,"max_hp_loss":0,"event_name":"Mushrooms","floor":14,"gold_loss":0}],"is_beta":false,"boss_relics":[],"items_purged_floors":[],"is_endless":false,"potions_floor_spawned":[12,14],"killed_by":"Hexaghost","ascension_level":4}}