{"host":"poshtwjux72eqzmy","time":1608485509,"event":{"mods":["BaseMod","Bestiary","Block Reminder","Colored Powertips","Highlight Path","Minty Spire (QoL Compilation)","Quick Restart","Relic Stats","ojb\u0027s Info Mod"],"gold_per_floor":[114,125,17,17,32,32,70,70,70,108,124,168,168,181,181,272,272,292,312,312,362,380,380,396,96,174,12,56,56,56,79,79,168,168,182,182,198,214,5,49,49,49,49,87,100,100,116,130,130,130,130,130],"floor_reached":51,"playtime":4143,"items_purged":["Strike_B"],"score":1444,"play_id":"c73608a4-55eb-42a3-8b75-922f311bb405","local_time":"20201220193149","is_ascension_mode":true,"campfire_choices":[{"data":"Tempest","floor":6.0,"key":"SMITH"},{"data":"Go for the Eyes","floor":13.0,"key":"SMITH"},{"data":"Chaos","floor":15.0,"key":"SMITH"},{"floor":23.0,"key":"REST"},{"floor":29.0,"key":"REST"},{"data":"Seek","floor":32.0,"key":"SMITH"},{"data":"Heatsinks","floor":41.0,"key":"SMITH"},{"floor":46.0,"key":"REST"},{"floor":49.0,"key":"RECALL"}],"circlet_count":0,"master_deck":["AscendersBane","Defend_B","Defend_B","Defend_B","Defend_B","Zap","Dualcast","Tempest+1","Cold Snap","Go for the Eyes+1","Gash","Chaos+1","Self Repair","Seek+1","Blizzard+1","Hello World+1","Hyperbeam+1","FTL","Gash","Chill","Beam Cell+1","Defragment","Double Energy","Auto Shields+1","Heatsinks+1","Loop","Hologram","Pain","Conserve Battery"],"relics":["Busted Crown","Golden Idol","Pen Nib","Matryoshka","Pantograph","Lizard Tail","Astrolabe","Membership Card","Kunai","Mummified Hand","Cables","Chemical X","Shuriken","Cursed Key","Ice Cream","Regal Pillow","DataDisk","Bottled Flame"],"acts_visited":["Exordium","TheCity","TheBeyond"],"potions_floor_usage":[],"damage_taken":[{"damage":2.0,"enemies":"Cultist","floor":1.0,"turns":4.0},{"damage":7.0,"enemies":"Jaw Worm","floor":2.0,"turns":3.0},{"damage":7.0,"enemies":"2 Louse","floor":5.0,"turns":2.0},{"damage":22.0,"enemies":"3 Sentries","floor":7.0,"turns":6.0},{"damage":4.0,"enemies":"Gremlin Nob","floor":10.0,"turns":3.0},{"damage":4.0,"enemies":"2 Fungi Beasts","floor":11.0,"turns":4.0},{"damage":16.0,"enemies":"Lagavulin","floor":12.0,"turns":5.0},{"damage":4.0,"enemies":"Red Slaver","floor":14.0,"turns":3.0},{"damage":36.0,"enemies":"The Guardian","floor":16.0,"turns":11.0},{"damage":16.0,"enemies":"Shell Parasite","floor":18.0,"turns":3.0},{"damage":15.0,"enemies":"3 Byrds","floor":19.0,"turns":3.0},{"damage":11.0,"enemies":"Snecko","floor":22.0,"turns":5.0},{"damage":31.0,"enemies":"Chosen and Byrds","floor":24.0,"turns":7.0},{"damage":44.0,"enemies":"Book of Stabbing","floor":28.0,"turns":6.0},{"damage":0.0,"enemies":"3 Cultists","floor":31.0,"turns":4.0},{"damage":2.0,"enemies":"Collector","floor":33.0,"turns":5.0},{"damage":11.0,"enemies":"3 Shapes","floor":35.0,"turns":3.0},{"damage":0.0,"enemies":"3 Darklings","floor":37.0,"turns":4.0},{"damage":0.0,"enemies":"Sphere and 2 Shapes","floor":38.0,"turns":5.0},{"damage":30.0,"enemies":"Giant Head","floor":40.0,"turns":6.0},{"damage":87.0,"enemies":"Nemesis","floor":44.0,"turns":11.0},{"damage":15.0,"enemies":"Transient","floor":45.0,"turns":6.0},{"damage":7.0,"enemies":"Maw","floor":47.0,"turns":6.0},{"damage":4.0,"enemies":"Jaw Worm Horde","floor":48.0,"turns":2.0},{"damage":38.0,"enemies":"Donu and Deca","floor":50.0,"turns":7.0},{"damage":61,"enemies":"Awakened One","floor":51,"turns":4}],"seed_played":"8936175259598971621","potions_obtained":[{"floor":2.0,"key":"AttackPotion"},{"floor":11.0,"key":"FocusPotion"},{"floor":16.0,"key":"Weak Potion"},{"floor":19.0,"key":"GamblersBrew"},{"floor":22.0,"key":"FearPotion"},{"floor":28.0,"key":"PotionOfCapacity"},{"floor":35.0,"key":"FairyPotion"},{"floor":38.0,"key":"Fruit Juice"}],"is_trial":false,"path_per_floor":["M","M","$","?","M","R","E","?","T","E","M","E","R","M","R","B",null,"M","M","?","?","M","R","M","$","T","$","E","R","?","M","R","B",null,"M","?","M","M","$","E","R","?","T","E","M","R","M","M","R","B","B"],"character_chosen":"DEFECT","items_purchased":["Cold Snap","FocusPotion","Membership Card","Kunai","Chemical X","Defragment","Ice Cream","Loop","Hologram"],"campfire_rested":3,"item_purchase_floors":[3,3,25,25,27,27,39,39,39],"current_hp_per_floor":[62,55,55,55,48,48,26,47,47,43,39,23,23,19,19,15,52,43,28,28,22,18,37,13,13,13,13,12,31,31,38,38,64,64,60,60,61,61,61,38,38,61,61,24,16,55,55,58,58,35,0,0],"gold":130,"neow_bonus":"BOSS_RELIC","is_daily":false,"chose_seed":false,"campfire_upgraded":5,"win_rate":0.0,"timestamp":1608485509,"path_taken":["M","M","?","?","M","R","E","?","T","E","M","E","R","M","R","BOSS","M","M","?","?","?","R","M","?","T","$","E","R","?","M","R","BOSS","M","?","M","M","$","E","R","?","T","E","M","R","M","?","R","BOSS","BOSS"],"items_purchased_type":["Card","Potion","Relic","Relic","Relic","Card","Relic","Card","Card"],"build_version":"2020-12-13","purchased_purges":1,"victory":false,"max_hp_per_floor":[71,71,71,64,64,64,64,64,64,64,64,64,64,64,64,64,64,64,64,64,64,64,64,64,64,64,64,64,64,64,64,64,64,64,64,61,61,61,61,61,61,61,61,61,61,66,66,66,66,66,66,66],"relic_stats":{"Regal Pillow":15,"counters":[26,128],"Golden Idol":152,"Astrolabe":["Blizzard","Hello World","Hyperbeam"],"Pen Nib":[22],"Cursed Key":1,"Cables":[60,29,27,1,3],"Lizard Tail":32,"Busted Crown":48,"Mummified Hand":[46],"Shuriken":[29],"Pantograph":83,"Kunai":[31],"Chemical X":[14],"obtain_stats":[{"Ice Cream":39,"Regal Pillow":40,"Golden Idol":4,"Astrolabe":17,"Pen Nib":7,"Cursed Key":34,"Cables":26,"Lizard Tail":12,"DataDisk":43,"Bottled Flame":44,"Busted Crown":0,"Matryoshka":9,"Mummified Hand":26,"Shuriken":28,"Pantograph":10,"Membership Card":25,"Kunai":25,"Chemical X":27,"Cracked Core":0},{"Ice Cream":19,"Regal Pillow":20,"Golden Idol":2,"Astrolabe":9,"Pen Nib":4,"Cursed Key":16,"Cables":13,"Lizard Tail":7,"DataDisk":20,"Bottled Flame":21,"Busted Crown":0,"Matryoshka":4,"Mummified Hand":13,"Shuriken":14,"Pantograph":5,"Membership Card":13,"Kunai":13,"Chemical X":13,"Cracked Core":0},{"Ice Cream":86,"Regal Pillow":92,"Golden Idol":7,"Astrolabe":41,"Pen Nib":15,"Cursed Key":74,"Cables":59,"Lizard Tail":27,"DataDisk":92,"Bottled Flame":103,"Busted Crown":0,"Matryoshka":15,"Mummified Hand":59,"Shuriken":65,"Pantograph":18,"Membership Card":59,"Kunai":59,"Chemical X":59,"Cracked Core":0}]},"card_choices":[{"not_picked":["Redo"],"picked":"SKIP","floor":1.0},{"not_picked":[],"picked":"Tempest","floor":2.0},{"not_picked":["Redo"],"picked":"SKIP","floor":5.0},{"not_picked":[],"picked":"Go for the Eyes","floor":7.0},{"not_picked":["Stack"],"picked":"SKIP","floor":10.0},{"not_picked":[],"picked":"Gash","floor":11.0},{"not_picked":[],"picked":"Chaos","floor":12.0},{"not_picked":[],"picked":"Self Repair","floor":14.0},{"not_picked":[],"picked":"Seek","floor":16.0},{"not_picked":[],"picked":"FTL","floor":18.0},{"not_picked":[],"picked":"Gash","floor":19.0},{"not_picked":[],"picked":"Auto Shields","floor":22.0},{"not_picked":[],"picked":"Beam Cell+1","floor":24.0},{"not_picked":["Turbo"],"picked":"SKIP","floor":28.0},{"not_picked":[],"picked":"Double Energy","floor":31.0},{"not_picked":[],"picked":"Auto Shields+1","floor":35.0},{"not_picked":["Aggregate"],"picked":"SKIP","floor":37.0},{"not_picked":[],"picked":"Heatsinks","floor":38.0},{"not_picked":["Barrage"],"picked":"SKIP","floor":40.0},{"not_picked":["Steam"],"picked":"SKIP","floor":44.0},{"not_picked":["Chaos"],"picked":"SKIP","floor":45.0},{"not_picked":["Turbo"],"picked":"SKIP","floor":47.0},{"not_picked":[],"picked":"Conserve Battery","floor":48.0}],"player_experience":981801,"relics_obtained":[{"floor":7.0,"key":"Pen Nib"},{"floor":9.0,"key":"Matryoshka"},{"floor":10.0,"key":"Pantograph"},{"floor":12.0,"key":"Lizard Tail"},{"floor":26.0,"key":"Mummified Hand"},{"floor":26.0,"key":"Cables"},{"floor":28.0,"key":"Shuriken"},{"floor":40.0,"key":"Regal Pillow"},{"floor":43.0,"key":"DataDisk"},{"floor":44.0,"key":"Bottled Flame"}],"event_choices":[{"damage_healed":0.0,"max_hp_gain":0.0,"max_hp_loss":7.0,"gold_gain":0.0,"event_name":"Golden Idol","player_choice":"Lose Max HP","floor":4.0,"gold_loss":0.0,"damage_taken":0.0,"relics_obtained":["Golden Idol"]},{"damage_healed":21.0,"max_hp_gain":0.0,"max_hp_loss":0.0,"gold_gain":0.0,"event_name":"Big Fish","player_choice":"Banana","floor":8.0,"gold_loss":0.0,"damage_taken":0.0},{"damage_healed":0.0,"max_hp_gain":0.0,"max_hp_loss":0.0,"gold_gain":0.0,"event_name":"The Library","player_choice":"Read","floor":20.0,"gold_loss":0.0,"damage_taken":0.0,"cards_obtained":["Chill"]},{"damage_healed":0.0,"max_hp_gain":0.0,"max_hp_loss":0.0,"gold_gain":50.0,"event_name":"FaceTrader","player_choice":"Touch","floor":21.0,"gold_loss":0.0,"damage_taken":6.0},{"damage_healed":0.0,"max_hp_gain":0.0,"max_hp_loss":3.0,"gold_gain":0.0,"event_name":"Winding Halls","player_choice":"Max HP","floor":36.0,"gold_loss":0.0,"damage_taken":0.0},{"cards_removed":["Auto Shields"],"damage_healed":23.0,"max_hp_gain":0.0,"max_hp_loss":0.0,"gold_gain":0.0,"event_name":"Bonfire Elementals","player_choice":"Offered Uncommon","floor":42.0,"gold_loss":0.0,"damage_taken":0.0}],"is_beta":false,"boss_relics":[{"not_picked":["SlaversCollar","Velvet Choker"],"picked":"Astrolabe"},{"not_picked":["Pandora\u0027s Box","Inserter"],"picked":"Cursed Key"}],"items_purged_floors":[27],"is_endless":false,"potions_floor_spawned":[2,5,11,16,19,22,28,35,38],"killed_by":"Awakened One","ascension_level":20}}