{"host":"mi0eibewekhugwl1","time":1608482165,"event":{"mods":["AchievementEnabler","BaseMod","Colored Map","Colored Powertips","DeckTracker","Keyboard Shortcuts","Minty Spire (QoL Compilation)","Quick Restart","Rare Cards Sparkle","Relic Stats","StSLib","SuperFastMode","everything is the same but u backflip on backflip"],"gold_per_floor":[118,137,152,168,168,168,168,168,168,168,168,168],"floor_reached":11,"playtime":143,"items_purged":[],"score":126,"play_id":"d6d782a4-3140-4722-9a62-0fba121fcdb3","local_time":"20201221013605","is_ascension_mode":true,"campfire_choices":[{"floor":6,"key":"REST"},{"data":"Zap","floor":8,"key":"SMITH"}],"circlet_count":0,"master_deck":["AscendersBane","Strike_B","Strike_B","Strike_B","Defend_B","Defend_B","Defend_B","Zap+1","Dualcast","Genetic Algorithm","Fission","Coolheaded","Chill","Melter","Darkness"],"relics":["Cracked Core","CaptainsWheel","CultistMask"],"acts_visited":["Exordium"],"potions_floor_usage":[11],"damage_taken":[{"damage":7,"enemies":"Small Slimes","floor":1,"turns":3},{"damage":0,"enemies":"2 Louse","floor":2,"turns":3},{"damage":2,"enemies":"Cultist","floor":3,"turns":4},{"damage":13,"enemies":"2 Fungi Beasts","floor":4,"turns":4},{"damage":63,"enemies":"Gremlin Nob","floor":11,"turns":4}],"seed_played":"-8240678658845665988","potions_obtained":[{"floor":1,"key":"SteroidPotion"}],"is_trial":false,"path_per_floor":["M","M","M","M","?","R","?","R","T","?","E"],"character_chosen":"DEFECT","items_purchased":[],"campfire_rested":1,"item_purchase_floors":[],"current_hp_per_floor":[39,39,37,24,24,45,45,45,45,45,0,0],"gold":168,"neow_bonus":"TRANSFORM_TWO_CARDS","is_daily":false,"chose_seed":false,"campfire_upgraded":1,"win_rate":0.0,"timestamp":1608482165,"path_taken":["M","M","M","M","?","R","?","R","T","?","E"],"items_purchased_type":[],"build_version":"2020-12-13","purchased_purges":0,"victory":false,"max_hp_per_floor":[71,71,71,71,71,71,71,71,71,71,71,71],"relic_stats":{"counters":[5,18],"obtain_stats":[{"CaptainsWheel":9,"CultistMask":10,"Cracked Core":0},{"CaptainsWheel":4,"CultistMask":4,"Cracked Core":0},{"CaptainsWheel":14,"CultistMask":14,"Cracked Core":0}]},"card_choices":[{"not_picked":["Cold Snap","Barrage"],"picked":"Coolheaded","floor":1},{"not_picked":["Tempest","Gash"],"picked":"Chill","floor":2},{"not_picked":["Lockon","Reprogram"],"picked":"Melter","floor":3},{"not_picked":["Redo","Gash","Darkness"],"picked":"SKIP","floor":4},{"not_picked":["Redo","Gash"],"picked":"Darkness","floor":4}],"player_experience":1695029,"relics_obtained":[{"floor":9,"key":"CaptainsWheel"}],"event_choices":[{"damage_healed":0,"gold_gain":0,"player_choice":"Fled","damage_taken":0,"max_hp_gain":0,"max_hp_loss":0,"event_name":"Scrap Ooze","floor":5,"gold_loss":0},{"damage_healed":0,"gold_gain":0,"player_choice":"Ignored","damage_taken":0,"max_hp_gain":0,"max_hp_loss":0,"event_name":"Liars Game","floor":7,"gold_loss":0},{"damage_healed":0,"gold_gain":0,"player_choice":"Trade","damage_taken":0,"relics_obtained":["CultistMask"],"max_hp_gain":0,"max_hp_loss":0,"event_name":"FaceTrader","floor":10,"gold_loss":0}],"is_beta":false,"boss_relics":[],"items_purged_floors":[],"is_endless":false,"potions_floor_spawned":[1],"killed_by":"Gremlin Nob","ascension_level":20}}