{"host":"5t6h2siq57l98co3","time":1608427055,"event":{"mods":["AchievementEnabler","Act Like it!","Aspiration","BaseMod","Better Altar","Better Match","Better Note","Better Sensory Stone","Better Skull","Better Third Choice","BetterRewards","CCEM","CatGirl Mod","Colored Map","Colored Powertips","Conspire","Curses Come First","Displayed Cursed Tome","Downfall","Gold Saver","Googly Eyes","Hallownest","Highlight Path","Infinite Spire","Jedi Mod","Mimic Mod","Minty Spire (QoL Compilation)","Permanent Neow","Prisma Mod","RatMod","Replay The Spire","Spicy Shops","StSLib","The Alterego","The Animator","The Jungle","Transform Curses","Virulent Crown","Yuri Mod","everything is the same but u backflip on backflip","vexMod"],"gold_per_floor":[9441,9471,8184,8184,8184,7682,7682,7720,7739,7739,7758,7777,7796,7796,7815,7940,7940,7940,7959,7959,7978,7997,7529,7572,7610,7610,7648,7648,7648,6673,6692,6711,6836,6836,6836,6836,6836,6503,6522,6560,6603,6603,6622,6547,6566,6585,6067,6086,6105,6105],"floor_reached":51,"playtime":6936,"items_purged":["sneckomod:UnknownCommonSkill","sneckomod:UnknownCommonAttack","sneckomod:UnknownCommonAttack","Injury"],"score":1027,"play_id":"c0366417-0522-42d5-9dde-43fd99411a85","local_time":"20201219191735","daily_mods":["downfall:Improvised","Time Dilation","Night Terrors"],"is_ascension_mode":false,"campfire_choices":[{"floor":1,"key":"DIG"},{"data":"theCatGirl:SpinningStrike","floor":4,"key":"SMITH"},{"floor":10,"key":"REST"},{"floor":18,"key":"DIG"},{"data":"ReplayTheSpireMod:Black Plague","floor":20,"key":"SMITH"},{"floor":26,"key":"DIG"},{"floor":35,"key":"DIG"},{"data":"theCatGirl:BleedingWounds","floor":37,"key":"SMITH"},{"floor":44,"key":"RECALL"}],"circlet_count":0,"master_deck":["theCatGirl:Strike","theCatGirl:Strike","theCatGirl:Strike","theCatGirl:Strike","theCatGirl:Defend","theCatGirl:Defend","theCatGirl:Defend","theCatGirl:Defend","theCatGirl:ClawStrike","theCatGirl:Evasion","sneckomod:UnknownCommonAttack","sneckomod:UnknownCommonSkill","sneckomod:UnknownCommonSkill","sneckomod:UnknownUncommonAttack","sneckomod:UnknownUncommonSkill","sneckomod:UnknownUncommonPower","sneckomod:Unknown","theCatGirl:SpinningStrike+1","theCatGirl:Enrage","theCatGirl:TrainWreck","ReplayTheSpireMod:Black Plague+1","theCatGirl:Parry","theCatGirl:Counterattack","theCatGirl:Growl","theCatGirl:Slip","theCatGirl:Claws","theCatGirl:PoiseStance+1","theCatGirl:QuickStrike+1","theCatGirl:PlayAround+1","theCatGirl:Meow+1","theCatGirl:QuickStrike+1","theCatGirl:Counterattack","theCatGirl:DefensiveStance","theCatGirl:Growl","theCatGirl:UnrelentingAssault","theCatGirl:PoisedStrike","Poisoned Strike","expansioncontent:LastStand","theCatGirl:TwoStep+1","theCatGirl:TripLunge+1","theCatGirl:Meow","theCatGirl:Slip","theCatGirl:Slip","theCatGirl:GoddessOfMisfortune","theCatGirl:FocusedStrike+1","theCatGirl:Slip","theCatGirl:BleedingWounds+1","theCatGirl:BloodScent+1","theCatGirl:PilingErrors","theCatGirl:EmergencyParry+1","theCatGirl:BloodScent+1","theCatGirl:Parry+1","theCatGirl:NeverGivingUp+1","Panache","theCatGirl:Counterattack","expansioncontent:Chronoboost","theCatGirl:TwoStep+1","theCatGirl:Growl+1"],"relics":["theCatGirl:TrainedRelic","Art of War","yuri:PortableGlitches","champ:DuelingGlove","infinitespire:CheckeredPen","Quantum Egg","Golden Idol","Thread and Needle","Dream Catcher","jedi:crownofsimplicity","Coffee Dripper","Lizard Tail","BargainBundle","Happy Flower","theCatGirl:ThrowingDagger","Replay:Multitool","Sundial","Durian","MutagenicStrength","downfall:RedIOU","Incense Burner","Calipers","Replay:Fungal Core","Bag of Preparation","Lantern","Snack Pack","downfall:HeartBlessingBlue","Guide Book","Pen Nib"],"acts_visited":["Exordium","TheCity","TheBeyond"],"potions_floor_usage":[15,16,24,25,27,31,33,33,40,50,50],"damage_taken":[{"damage":26,"enemies":"Replay:BlueRogue","floor":2,"turns":8},{"damage":0,"enemies":"downfall:FleeingMerchant","floor":3,"turns":4},{"damage":16,"enemies":"Lagavulin","floor":8,"turns":5},{"damage":0,"enemies":"conspire:RoseBush","floor":9,"turns":2},{"damage":0,"enemies":"Small Slimes","floor":11,"turns":2},{"damage":0,"enemies":"Jaw Worm","floor":12,"turns":3},{"damage":0,"enemies":"Gremlin Gang","floor":13,"turns":3},{"damage":0,"enemies":"Blue Slaver","floor":15,"turns":3},{"damage":10,"enemies":"The Guardian","floor":16,"turns":8},{"damage":0,"enemies":"conspire:FuzzyDice","floor":19,"turns":3},{"damage":6,"enemies":"Spheric Guardian","floor":21,"turns":3},{"damage":15,"enemies":"Cultist and Chosen","floor":22,"turns":5},{"damage":2,"enemies":"downfall:FleeingMerchant","floor":23,"turns":4},{"damage":0,"enemies":"Centurion and Healer","floor":24,"turns":3},{"damage":4,"enemies":"Gremlin Leader","floor":25,"turns":5},{"damage":0,"enemies":"Book of Stabbing","floor":27,"turns":4},{"damage":8,"enemies":"downfall:FleeingMerchant","floor":30,"turns":4},{"damage":0,"enemies":"Centurion and Healer","floor":31,"turns":3},{"damage":0,"enemies":"Snake Plant","floor":32,"turns":3},{"damage":0,"enemies":"downfall:Watcher","floor":33,"turns":5},{"damage":0,"enemies":"3 Shapes","floor":39,"turns":4},{"damage":0,"enemies":"Giant Head","floor":40,"turns":7},{"damage":3,"enemies":"3 Darklings","floor":41,"turns":3},{"damage":4,"enemies":"3 Darklings","floor":43,"turns":2},{"damage":0,"enemies":"4 Shapes","floor":45,"turns":3},{"damage":0,"enemies":"Jaw Worm Horde","floor":46,"turns":2},{"damage":0,"enemies":"downfall:FleeingMerchant","floor":47,"turns":1},{"damage":1,"enemies":"Sphere and 2 Shapes","floor":48,"turns":6},{"damage":0,"enemies":"4 Shapes","floor":49,"turns":3},{"damage":6,"enemies":"downfall:Silent","floor":50,"turns":5}],"seed_played":"-2908382401684788831","potions_obtained":[{"floor":8,"key":"SpeedPotion"},{"floor":9,"key":"ColorlessPotion"},{"floor":13,"key":"jedi:StrikingPotion"},{"floor":19,"key":"Weak Potion"},{"floor":25,"key":"hexamod:EctoCoolerPotion"},{"floor":31,"key":"Milkshake"},{"floor":43,"key":"Strength Potion"},{"floor":46,"key":"AttackPotion"}],"is_trial":false,"path_per_floor":["R_BF","E","$","R","?","?","T","E","M","R","M","M","M","?","M","B",null,"R_BF","M","R","M","M","$","MIM","E","R","E","?","?","$","M","M","B",null,"R_BF","?","R","?","M","E","MIM","?","M","R","M","M","$","M","M","B",null],"character_chosen":"THE_CATGIRL","items_purchased":["yuri:PortableGlitches","champ:DuelingGlove","infinitespire:CheckeredPen","Quantum Egg","theCatGirl:Enrage","theCatGirl:TrainWreck","BargainBundle","Happy Flower","theCatGirl:Counterattack","theCatGirl:DefensiveStance","theCatGirl:Growl","theCatGirl:UnrelentingAssault","theCatGirl:PoisedStrike","Poisoned Strike","expansioncontent:LastStand","Swift Potion","Incense Burner","Calipers","theCatGirl:Slip","theCatGirl:GoddessOfMisfortune","Swift Potion","jedi:StrikingPotion","Guide Book","Pen Nib","Panache","theCatGirl:Counterattack","expansioncontent:Chronoboost"],"campfire_rested":1,"item_purchase_floors":[3,3,3,3,3,3,23,23,23,23,23,23,23,23,23,23,30,30,30,30,30,30,47,47,47,47,47],"current_hp_per_floor":[70,44,44,44,44,44,44,28,28,65,65,65,65,58,58,48,65,65,65,65,65,53,51,51,47,47,52,52,52,51,51,51,51,70,70,70,70,79,79,79,79,79,79,89,89,89,89,89,89,86],"gold":6105,"neow_bonus":"","is_daily":true,"chose_seed":false,"campfire_upgraded":3,"win_rate":0.0,"timestamp":1608427055,"path_taken":["R_BF","E","$","R","?","?","T","E","?","R","?","M","?","?","M","BOSS","R_BF","M","R","M","M","$","MIM","E","R","E","?","?","?","?","M","BOSS","R_BF","?","R","?","M","E","MIM","?","M","R","?","M","?","M","M","BOSS"],"items_purchased_type":["Relic","Relic","Relic","Relic","Card","Card","Relic","Relic","Card","Card","Card","Card","Card","Card","Card","Potion","Relic","Relic","Card","Card","Potion","Potion","Relic","Relic","Card","Card","Card"],"build_version":"2020-12-13","purchased_purges":4,"victory":true,"max_hp_per_floor":[70,70,70,70,70,70,70,70,70,65,65,65,65,65,65,65,65,65,65,65,65,65,65,65,65,65,70,70,70,70,70,70,70,70,70,70,70,79,79,79,79,79,79,89,89,89,89,89,89,89],"card_choices":[{"not_picked":["theCatGirl:ComboAttack","theCatGirl:AccidentalSlap"],"picked":"theCatGirl:SpinningStrike","floor":2},{"not_picked":["theCatGirl:TripLunge","theCatGirl:FumblingBlow","theCatGirl:RecoveryBlow"],"picked":"SKIP","floor":3},{"not_picked":["infinitespire:Fortify","infinitespire:TheBestDefense"],"picked":"ReplayTheSpireMod:Black Plague","floor":6},{"not_picked":["theCatGirl:LostTrinket","theCatGirl:RecoveryBlow","theCatGirl:ElegantStrike"],"picked":"SKIP","floor":8},{"not_picked":["theCatGirl:LostTrinket","theCatGirl:ElegantStrike","theCatGirl:RunningWithDaggers"],"picked":"SKIP","floor":9},{"not_picked":["theCatGirl:SearchBackpack","theCatGirl:ElegantStrike"],"picked":"theCatGirl:Parry","floor":10},{"not_picked":["theCatGirl:LuckyBlow","theCatGirl:ChangeOfPlans"],"picked":"theCatGirl:Counterattack","floor":11},{"not_picked":["theCatGirl:FumblingBlow","theCatGirl:ExtremeSpeed"],"picked":"theCatGirl:Growl","floor":12},{"not_picked":["theCatGirl:LearnByMistake","theCatGirl:ScratchFlurry"],"picked":"theCatGirl:Slip","floor":13},{"not_picked":["theCatGirl:TryingMyBest","theCatGirl:Slip"],"picked":"theCatGirl:Claws","floor":15},{"not_picked":["theCatGirl:AngryForm","theCatGirl:Howl"],"picked":"theCatGirl:PoiseStance","floor":16},{"not_picked":["theCatGirl:PlayAround","theCatGirl:AllIn+1"],"picked":"theCatGirl:QuickStrike+1","floor":19},{"not_picked":["theCatGirl:LostTrinket","theCatGirl:TwoStep"],"picked":"theCatGirl:PlayAround+1","floor":21},{"not_picked":["theCatGirl:LuckyBlow","theCatGirl:EmergencyParry"],"picked":"theCatGirl:Meow+1","floor":22},{"not_picked":["theCatGirl:PlayAround","theCatGirl:ClenchYourTeeth"],"picked":"theCatGirl:QuickStrike+1","floor":23},{"not_picked":["theCatGirl:DefensiveStance+1","theCatGirl:AllIn"],"picked":"theCatGirl:TwoStep+1","floor":24},{"not_picked":["theCatGirl:QuickStrike+1","theCatGirl:FocusedStrike","theCatGirl:GoddessOfMisfortune"],"picked":"SKIP","floor":25},{"not_picked":["theCatGirl:PilingErrors","theCatGirl:ThatWasntIt"],"picked":"theCatGirl:TripLunge+1","floor":27},{"not_picked":["theCatGirl:ThatWasntIt","theCatGirl:Enrage"],"picked":"theCatGirl:Meow","floor":30},{"not_picked":["theCatGirl:SpinningStrike","theCatGirl:Stalk+1"],"picked":"theCatGirl:FocusedStrike+1","floor":31},{"not_picked":["theCatGirl:FocusedStrike+1","theCatGirl:ChangeOfPlans"],"picked":"theCatGirl:Slip","floor":32},{"not_picked":["theCatGirl:HungerClaw","theCatGirl:Beastification"],"picked":"theCatGirl:BleedingWounds","floor":33},{"not_picked":["theCatGirl:SmellFear","theCatGirl:BloodBath+1"],"picked":"theCatGirl:BloodScent+1","floor":39},{"not_picked":["theCatGirl:Stalk+1","theCatGirl:FinishingMove"],"picked":"theCatGirl:PilingErrors","floor":40},{"not_picked":["theCatGirl:FumblingBlow","theCatGirl:TwoStep"],"picked":"theCatGirl:EmergencyParry+1","floor":41},{"not_picked":["theCatGirl:TrainWreck+1","theCatGirl:Prepared"],"picked":"theCatGirl:BloodScent+1","floor":43},{"not_picked":["theCatGirl:QuickStrike","theCatGirl:BloodScent"],"picked":"theCatGirl:Parry+1","floor":45},{"not_picked":["theCatGirl:ShockedWitness","theCatGirl:ScratchFlurry+1","theCatGirl:Prepared"],"picked":"SKIP","floor":46},{"not_picked":["theCatGirl:SpinningStrike","theCatGirl:Meow"],"picked":"theCatGirl:NeverGivingUp","floor":47},{"not_picked":["theCatGirl:SpinningStrike+1","theCatGirl:Parry+1"],"picked":"theCatGirl:TwoStep+1","floor":48},{"not_picked":["theCatGirl:Misfire","theCatGirl:LuckyBlow+1"],"picked":"theCatGirl:Growl+1","floor":49}],"player_experience":859736,"relics_obtained":[{"floor":1,"key":"Art of War"},{"floor":2,"key":"rat:PhantomDancer"},{"floor":7,"key":"Thread and Needle"},{"floor":8,"key":"Dream Catcher"},{"floor":18,"key":"Lizard Tail"},{"floor":24,"key":"theCatGirl:ThrowingDagger"},{"floor":25,"key":"Replay:Multitool"},{"floor":26,"key":"Sundial"},{"floor":27,"key":"Durian"},{"floor":35,"key":"Bag of Preparation"},{"floor":40,"key":"Lantern"}],"event_choices":[{"damage_healed":0,"gold_gain":0,"player_choice":"Take Wound","damage_taken":0,"relics_obtained":["Golden Idol"],"max_hp_gain":0,"max_hp_loss":0,"event_name":"Golden Idol","floor":5,"gold_loss":0,"cards_obtained":["Injury"]},{"damage_healed":0,"gold_gain":0,"player_choice":"Relic ","damage_taken":7,"max_hp_gain":0,"max_hp_loss":0,"event_name":"betterThird:BetterScrap","floor":14,"gold_loss":0,"cards_obtained":["Intimidate"]},{"damage_healed":0,"gold_gain":0,"player_choice":"Inject Mutagens","damage_taken":0,"relics_obtained":["MutagenicStrength"],"max_hp_gain":0,"max_hp_loss":0,"event_name":"Drug Dealer","floor":28,"gold_loss":0},{"damage_healed":0,"gold_gain":0,"player_choice":"Leave","damage_taken":0,"max_hp_gain":0,"max_hp_loss":0,"event_name":"conspire:Investor","floor":36,"gold_loss":0}],"is_beta":false,"boss_relics":[{"not_picked":["theCatGirl:BeginnersLuck","ReplayTheSpireMod:DimensionalGlitch"],"picked":"Coffee Dripper"},{"not_picked":["Calling Bell","Black Star"],"picked":"Replay:Fungal Core"}],"items_purged_floors":[3,3,23,30],"is_endless":false,"potions_floor_spawned":[8,9,13,19,25,31,32,43,45,46,48],"ascension_level":0}}