{"host":"0azimyi6n3ugndj4","time":1608424244,"event":{"mods":["BaseMod","Bestiary","Conspire","Curses Come First","Defuse TimeMaze Blight","Hyrulean Relics","Infinite Spire","Minty Spire (QoL Compilation)","Relic Sorter","Relic Stats","Replay The Spire","StSLib","SuperFastMode","Uncapped","¡¼?Úª?ø«¡½REMEMod"],"gold_per_floor":[159,189,189,17,56,134,134,212,264,363,363,405,330,366,366,582,582,582,582],"floor_reached":18,"playtime":362,"items_purged":[],"score":485,"play_id":"d8537277-2143-4fe7-a1b6-1d33d31747c8","local_time":"20201220093044","daily_mods":["Insanity","Chimera","Specialized","Vintage","ControlledChaos","Allstar","Diverse","Colorless Cards","Heirloom","Time Dilation","Binary","Elite Swarm","Lethality","Midas","Uncertain Future"],"is_ascension_mode":true,"campfire_choices":[{"floor":7,"key":"REST"},{"floor":11,"key":"REST"},{"floor":15,"key":"REST"}],"circlet_count":0,"master_deck":["Demon Form","Wraith Form v2","Echo Form","DevaForm","AscendersBane","Bash","Survivor","Zap","Strike_R","Strike_G","Strike_B","Defend_R","Defend_G","Defend_P","BowlingBash","Blur","Clothesline","Trip","Flame Barrier","Prepared","ReplayTheSpireMod:Reroute Power","Stack","Pommel Strike","Slice","Backflip","Pommel Strike","Hidden Blade","REME_Repentance","ReplayTheSpireMod:Private Reserves","Concentrate","Skim","Backflip","Bane","Swift Strike","Gash","SashWhip","REME_Repentance","FlyingSleeves","REME_GreenPollution","Metallicize","Sanctity","REME_SelfUpgrade","Storm","Hologram","ReplayTheSpireMod:Strike From Hell","Double Energy","Replay:Sssssssssshield","Leap","FlyingSleeves","Bouncing Flask","Gash","True Grit","Poisoned Stab","Cold Snap","Hidden Blade","Run Through","Madness","Havoc","Prepared","Sword Boomerang","PiercingWail","Blur","Backstab","REME_Cut","REME_Cut","REME_Cut","REME_Cut","REME_Cut","Secret Technique","conspire:Banana","Survey Options","Purity","Magnetism","REME_ShadowForm","Berserk","Unload","ConjureBlade","Eclipse"],"relics":["PureWater","Frozen Eye","REME_ComplimentaryCards","StoneCalendar","Replay:Ringing Soul","Bag of Marbles","ReplayFunnel","Replay:Kaleidoscope","zeldaRelics:CourageTriforce","zeldaRelics:WisdomPiece","conspire:GlowingRock","Onion Ring","conspire:RunicOctahedron"],"acts_visited":["Exordium","TheCity"],"potions_floor_usage":[18,18],"damage_taken":[{"damage":11,"enemies":"2 Louse","floor":1,"turns":2},{"damage":4,"enemies":"Cultist","floor":2,"turns":3},{"damage":0,"enemies":"Jaw Worm","floor":5,"turns":2},{"damage":14,"enemies":"Replay:BlueRogue","floor":6,"turns":3},{"damage":0,"enemies":"Gremlin Nob","floor":8,"turns":2},{"damage":32,"enemies":"3 Sentries","floor":10,"turns":4},{"damage":0,"enemies":"Large Slime","floor":12,"turns":2},{"damage":7,"enemies":"Exordium Wildlife","floor":14,"turns":3},{"damage":13,"enemies":"Slime Boss","floor":16,"turns":7},{"damage":78,"enemies":"3 Byrds","floor":18,"turns":5}],"seed_played":"-5154639300005819637","potions_obtained":[{"floor":2,"key":"CultistPotion"},{"floor":6,"key":"Swift Potion"}],"is_trial":true,"path_per_floor":["M","M","?","$","M","E","R","E","T","E","R","M","?","M","R","B",null,"M"],"character_chosen":"WATCHER","items_purchased":["ReplayFunnel"],"campfire_rested":3,"item_purchase_floors":[4],"current_hp_per_floor":[50,46,46,46,46,35,56,60,60,32,55,55,55,48,71,62,78,0,0],"gold":582,"neow_bonus":"","is_daily":false,"chose_seed":false,"campfire_upgraded":0,"win_rate":0.0,"timestamp":1608424244,"path_taken":["M","M","?","$","?","E","R","E","T","E","R","M","?","M","R","BOSS","M"],"items_purchased_type":["Relic"],"build_version":"2020-12-13","purchased_purges":0,"victory":false,"max_hp_per_floor":[68,68,68,68,68,71,71,75,75,79,79,79,79,79,79,83,83,83,83],"relic_stats":{"counters":[10,33],"StoneCalendar":[39],"obtain_stats":[{"ReplayFunnel":4,"zeldaRelics:WisdomPiece":10,"StoneCalendar":0,"conspire:RunicOctahedron":17,"Replay:Kaleidoscope":5,"zeldaRelics:CourageTriforce":9,"Frozen Eye":0,"Replay:Ringing Soul":1,"conspire:GlowingRock":12,"Onion Ring":14,"Bag of Marbles":2,"zeldaRelics:CouragePiece":6,"PureWater":0,"REME_ComplimentaryCards":0},{"ReplayFunnel":2,"zeldaRelics:WisdomPiece":6,"StoneCalendar":0,"conspire:RunicOctahedron":9,"Replay:Kaleidoscope":3,"zeldaRelics:CourageTriforce":5,"Frozen Eye":0,"Replay:Ringing Soul":1,"conspire:GlowingRock":7,"Onion Ring":8,"Bag of Marbles":2,"zeldaRelics:CouragePiece":4,"PureWater":0,"REME_ComplimentaryCards":0},{"ReplayFunnel":5,"zeldaRelics:WisdomPiece":16,"StoneCalendar":0,"conspire:RunicOctahedron":28,"Replay:Kaleidoscope":7,"zeldaRelics:CourageTriforce":12,"Frozen Eye":0,"Replay:Ringing Soul":2,"conspire:GlowingRock":18,"Onion Ring":21,"Bag of Marbles":5,"zeldaRelics:CouragePiece":10,"PureWater":0,"REME_ComplimentaryCards":0}]},"card_choices":[{"not_picked":["Transmutation"],"picked":"Berserk","floor":6},{"not_picked":["MasterReality"],"picked":"Unload","floor":8},{"not_picked":["REME_AllRoundStrike"],"picked":"ConjureBlade","floor":10},{"not_picked":["ReplayTheSpireMod:Fabricate Wheel","ReplayTheSpireMod:Brewmster"],"picked":"Eclipse","floor":16}],"player_experience":1479660,"relics_obtained":[{"floor":1,"key":"Replay:Ringing Soul"},{"floor":2,"key":"Bag of Marbles"},{"floor":5,"key":"Replay:Kaleidoscope"},{"floor":6,"key":"zeldaRelics:CouragePiece"},{"floor":8,"key":"zeldaRelics:CouragePiece"},{"floor":9,"key":"zeldaRelics:CouragePiece"},{"floor":10,"key":"zeldaRelics:WisdomPiece"},{"floor":12,"key":"conspire:GlowingRock"},{"floor":14,"key":"Onion Ring"}],"event_choices":[{"cards_removed":["Eruption"],"damage_healed":0,"gold_gain":0,"player_choice":"Purged","damage_taken":0,"max_hp_gain":0,"max_hp_loss":0,"event_name":"Purifier","floor":3,"gold_loss":0},{"cards_removed":["Vengeance"],"damage_healed":0,"gold_gain":0,"player_choice":"Card Removal","damage_taken":0,"max_hp_gain":0,"max_hp_loss":0,"event_name":"The Cleric","floor":13,"gold_loss":75}],"is_beta":false,"boss_relics":[{"not_picked":["Runic Pyramid","ChewingGum"],"picked":"conspire:RunicOctahedron"}],"items_purged_floors":[],"is_endless":false,"potions_floor_spawned":[2,6,8,12],"killed_by":"3 Byrds","ascension_level":20}}