{"host":"6azrrw3tf7wb0f4b","time":1608436565,"event":{"mods":["BaseMod","DeckTracker","Minty Spire (QoL Compilation)","SuperFastMode"],"gold_per_floor":[115,134,150,150,161,161,193,368,368,368,388,388,338,371,371,468,468,486,113,38,38,38,67,67,67,67],"floor_reached":25,"playtime":547,"items_purged":["Darkness"],"score":306,"play_id":"e859ce4d-42b4-4a55-90b8-6b0a3ee60d87","local_time":"20201220125605","is_ascension_mode":true,"campfire_choices":[{"data":"Chaos","floor":6.0,"key":"SMITH"},{"data":"Loop","floor":12.0,"key":"SMITH"},{"floor":15,"key":"REST"},{"floor":24,"key":"REST"}],"circlet_count":0,"master_deck":["Defend_B","Zap","Dualcast","Leap","Coolheaded","Chaos+1","Loop+1","Gash","Heatsinks","Biased Cognition","Fission+1","Cold Snap+1","Sweeping Beam+1","Darkness+1","Conserve Battery","Redo"],"relics":["Cracked Core","White Beast Statue","TungstenRod","Thread and Needle","Astrolabe","Torii","PreservedInsect"],"acts_visited":["Exordium","TheCity"],"potions_floor_usage":[14,16],"damage_taken":[{"damage":0.0,"enemies":"Cultist","floor":1.0,"turns":3.0},{"damage":2.0,"enemies":"Jaw Worm","floor":2.0,"turns":4.0},{"damage":0.0,"enemies":"2 Louse","floor":3.0,"turns":4.0},{"damage":5.0,"enemies":"2 Fungi Beasts","floor":5.0,"turns":4.0},{"damage":16.0,"enemies":"Lagavulin","floor":7.0,"turns":6.0},{"damage":14.0,"enemies":"Lots of Slimes","floor":11.0,"turns":5.0},{"damage":20,"enemies":"Gremlin Nob","floor":14,"turns":4},{"damage":25,"enemies":"The Guardian","floor":16,"turns":10},{"damage":24,"enemies":"2 Thieves","floor":18,"turns":3},{"damage":65,"enemies":"Gremlin Leader","floor":23,"turns":11},{"damage":0,"enemies":"3 Byrds","floor":25,"turns":1}],"seed_played":"-448646595746168514","potions_obtained":[{"floor":1.0,"key":"SpeedPotion"},{"floor":11.0,"key":"ColorlessPotion"},{"floor":14,"key":"AttackPotion"},{"floor":16,"key":"FairyPotion"},{"floor":18,"key":"SteroidPotion"},{"floor":23,"key":"Energy Potion"}],"is_trial":false,"path_per_floor":["M","M","M","?","M","R","E","?","T","?","M","R","?","E","R","B",null,"M","$","?","$","?","E","R","M"],"character_chosen":"DEFECT","items_purchased":["Torii"],"campfire_rested":2,"item_purchase_floors":[19],"current_hp_per_floor":[68,66,66,66,61,61,45,45,45,45,31,31,31,11,33,8,58,34,34,34,34,34,1,23,23,23],"gold":67,"neow_bonus":"REMOVE_CARD","is_daily":false,"chose_seed":false,"campfire_upgraded":2,"win_rate":0.0,"timestamp":1608436565,"path_taken":["M","?","M","?","M","R","E","?","T","?","?","R","?","E","R","BOSS","M","$","?","$","?","E","R","M"],"items_purchased_type":["Relic"],"build_version":"2020-12-13","purchased_purges":1,"victory":false,"max_hp_per_floor":[75,75,75,75,75,75,75,75,75,75,75,75,75,75,75,75,75,75,75,75,75,75,75,75,75,75],"card_choices":[{"not_picked":["Melter","Steam"],"picked":"Leap","floor":1.0},{"not_picked":["Static Discharge","Redo"],"picked":"Coolheaded","floor":2.0},{"not_picked":["Coolheaded","Reinforced Body"],"picked":"Chaos","floor":3.0},{"not_picked":["Stack","FTL"],"picked":"Darkness","floor":5.0},{"not_picked":["Compile Driver","Beam Cell"],"picked":"Gash","floor":7.0},{"not_picked":["Barrage","Rebound"],"picked":"Heatsinks","floor":11.0},{"not_picked":["Steam","Rip and Tear","Barrage"],"picked":"SKIP","floor":14},{"not_picked":["Multi-Cast","Reboot"],"picked":"Biased Cognition","floor":16},{"not_picked":["Go for the Eyes+1","Gash"],"picked":"Darkness+1","floor":18},{"not_picked":["BootSequence","Heatsinks"],"picked":"Redo","floor":23}],"player_experience":633648,"relics_obtained":[{"floor":7.0,"key":"White Beast Statue"},{"floor":9.0,"key":"TungstenRod"},{"floor":14,"key":"Thread and Needle"},{"floor":23,"key":"PreservedInsect"}],"event_choices":[{"damage_healed":0.0,"max_hp_gain":0.0,"max_hp_loss":0.0,"gold_gain":0.0,"cards_transformed":["Defend_B"],"event_name":"Living Wall","player_choice":"Change","floor":4.0,"gold_loss":0.0,"damage_taken":0.0,"cards_obtained":["Loop"]},{"damage_healed":0.0,"max_hp_gain":0.0,"max_hp_loss":0.0,"gold_gain":175.0,"event_name":"Liars Game","player_choice":"AGREE","floor":8.0,"gold_loss":0.0,"damage_taken":0.0,"cards_obtained":["Doubt"]},{"cards_removed":["Doubt"],"damage_healed":0.0,"max_hp_gain":0.0,"max_hp_loss":0.0,"gold_gain":0.0,"event_name":"Fountain of Cleansing","player_choice":"Removed Curses","floor":10.0,"gold_loss":0.0,"damage_taken":0.0},{"cards_removed":["Strike_B"],"damage_healed":0.0,"max_hp_gain":0.0,"max_hp_loss":0.0,"gold_gain":0.0,"event_name":"The Cleric","player_choice":"Card Removal","floor":13.0,"gold_loss":50.0,"damage_taken":0.0},{"cards_removed":["Strike_B"],"damage_healed":0,"gold_gain":0,"player_choice":"Gave Gold","damage_taken":0,"max_hp_gain":0,"max_hp_loss":0,"event_name":"Beggar","floor":20,"gold_loss":75},{"damage_healed":0,"gold_gain":0,"player_choice":"Read","damage_taken":0,"max_hp_gain":0,"max_hp_loss":0,"event_name":"The Library","floor":22,"gold_loss":0,"cards_obtained":["Conserve Battery"]}],"is_beta":false,"boss_relics":[{"not_picked":["Calling Bell","Coffee Dripper"],"picked":"Astrolabe"}],"items_purged_floors":[19],"is_endless":false,"potions_floor_spawned":[1,11,14,16,18,23],"killed_by":"3 Byrds","ascension_level":7}}