{"host":"njruw0b0uprlitpx","time":1608431704,"event":{"mods":["2.2 Compatiblity","Astrologer","BaseMod","Better Altar","Better Note","Better Sensory Stone","Better Skull","Better Third Choice","BetterRewards","Block Reminder","Colored Map","Colored Powertips","Hermit","Jedi Mod","Keyboard Shortcuts","Minty Spire (QoL Compilation)","Quick Restart","Relic Stats","Replay The Spire","SacredBarkPlus","Spicy Shops","StSLib","SuperFastMode","The Blackbeard","The Bug Knight","The Construct","The Evolution","The Forsaken","The Mystic","The Problem Sleuth","The Runesmith","The Spell Scribe","Wandering Minibosses"],"gold_per_floor":[110,123,48,0,12,12,12,12,22,57,57,83,83,83,139,29,29,0,0,0,0,0,0,0,0,0,0],"floor_reached":26,"playtime":2465,"items_purged":["construct:Strike_Gold"],"score":335,"play_id":"c152d8b9-64b8-4730-b30b-da8848b873be","local_time":"20201219203504","is_ascension_mode":true,"campfire_choices":[{"data":"Enlightenment","floor":8,"key":"SMITH"},{"floor":13,"key":"REST"},{"floor":14,"key":"REST"},{"data":"construct:Isolate","floor":17,"key":"SMITH"},{"data":"construct:SiegeForm","floor":17,"key":"SMITH"},{"floor":25,"key":"REST"}],"circlet_count":0,"master_deck":["construct:Strike_Gold","construct:Strike_Gold","construct:Strike_Gold","construct:Strike_Gold","construct:Defend_Gold","construct:Defend_Gold","construct:Defend_Gold","construct:Defend_Gold","construct:Defend_Gold","construct:AttackMode","construct:DefenseMode","construct:BatteryAcid","construct:SweepLaser","construct:FierceBash","construct:PowerUp","Enlightenment+1","construct:Backfire","construct:Isolate+1","construct:SiegeForm+1","construct:MetalShell","construct:Versatility","construct:HammerDown","construct:MemoryTap","AbeCurse","construct:Overcharge","construct:Failsafe","Vault"],"relics":["construct:ClockworkPhoenix","Iron Hammer","Pear","jedi:bottledfury","jedi:ominousloannote","Replay:Arrowhead","Abe\u0027s Treasure","Nloth\u0027s Gift"],"acts_visited":["Exordium","TheCity"],"potions_floor_usage":[9,18,23,26,26],"damage_taken":[{"damage":5,"enemies":"2 Louse","floor":1,"turns":4},{"damage":3,"enemies":"Jaw Worm","floor":2,"turns":5},{"damage":0,"enemies":"Cultist","floor":5,"turns":2},{"damage":0,"enemies":"2 Fungi Beasts","floor":9,"turns":2},{"damage":46,"enemies":"HollowMod:MossKnight","floor":10,"turns":8},{"damage":25,"enemies":"3 Sentries","floor":12,"turns":9},{"damage":24,"enemies":"Gremlin Nob","floor":15,"turns":3},{"damage":26,"enemies":"Slime Boss","floor":18,"turns":7},{"damage":1,"enemies":"Chosen","floor":20,"turns":4},{"damage":0,"enemies":"3 Byrds","floor":21,"turns":2},{"damage":33,"enemies":"Centurion and Healer","floor":23,"turns":5},{"damage":82,"enemies":"Slavers","floor":26,"turns":5}],"seed_played":"4534062799500623175","potions_obtained":[{"floor":2,"key":"SpeedPotion"},{"floor":5,"key":"GamblersBrew"},{"floor":12,"key":"jedi:wingpotion"},{"floor":15,"key":"AttackPotion"},{"floor":18,"key":"ColorlessPotion"},{"floor":20,"key":"Ancient Potion"}],"is_trial":false,"path_per_floor":["M","M","$","?","M","PTL","PTL","R","M","E","T","E","R","R","?","$","R","B",null,"M","M","?","M","?","R","E"],"character_chosen":"THE_CONSTRUCT_MOD","items_purchased":["construct:PowerUp","jedi:ominousloannote","Replay:Arrowhead","construct:HammerDown"],"campfire_rested":3,"item_purchase_floors":[3,16,16,16],"current_hp_per_floor":[72,69,69,75,75,75,75,75,75,29,29,14,44,74,50,50,50,24,82,81,81,81,48,48,78,0,0],"gold":0,"neow_bonus":"THREE_CARDS","is_daily":false,"chose_seed":false,"campfire_upgraded":3,"win_rate":0.0,"timestamp":1608431704,"path_taken":["M","M","$","?","M","PTL","PTL","R","M","E","T","E","R","R","?","$","R","BOSS","M","M","?","M","?","R","E"],"items_purchased_type":["Card","Relic","Relic","Card"],"build_version":"2020-12-13","purchased_purges":1,"victory":false,"max_hp_per_floor":[85,85,85,91,91,91,91,91,91,91,91,101,101,101,101,101,101,101,101,101,101,101,101,101,101,101,101],"relic_stats":{"counters":[58,207],"Nloth\u0027s Gift":0,"obtain_stats":[{"ReplayTheSpireMod:Ring of Exchange":36,"jedi:angrymask":26,"Regal Pillow":25,"Torii":14,"Gremlin Horn":45,"Mythril_Glove":43,"TeardropLocket":0,"jedi:bottledfury":15,"construct:ClockworkPhoenix":22,"Sling":19,"theForsaken:Gavel":46,"Replay:Wanted Poster":34,"Centennial Puzzle":5,"Dream Catcher":15,"Matryoshka":26,"theSleuth:Tectrixcalibur":40,"Ribbon":10,"theForsaken:Kindling":0,"MealTicket":13,"jedi:matchstick":19,"Iron Hammer":10,"Replay:Wax Seal":13,"jedi:othersneckoeye":43,"Lee\u0027s Waffle":13,"BargainBundle":19,"Pear":12,"ReplayTheSpireMod:CursedCoin":25,"Guide Book":0,"Astrolabe":36,"Damaru":9,"PreservedInsect":13,"Ring of Chaos":19,"Letter Opener":39,"Akabeko":7,"White Beast Statue":11,"Replay:Arrowhead":16,"Runic Dome":17,"Replay:Baseball":43,"Bottled Flame":28,"jedi:ominousloannote":26,"Simple Rune":9,"Garlic":23,"Nloth\u0027s Gift":22,"PureWater":0,"Mirror":25,"Abe\u0027s Treasure":19},{"ReplayTheSpireMod:Ring of Exchange":18,"jedi:angrymask":34,"Regal Pillow":34,"Torii":8,"Gremlin Horn":41,"Mythril_Glove":20,"TeardropLocket":21,"jedi:bottledfury":53,"construct:ClockworkPhoenix":56,"Sling":10,"theForsaken:Gavel":42,"Replay:Wanted Poster":17,"Centennial Puzzle":23,"Dream Catcher":28,"Matryoshka":13,"theSleuth:Tectrixcalibur":40,"Ribbon":6,"theForsaken:Kindling":21,"MealTicket":7,"jedi:matchstick":10,"Iron Hammer":51,"Replay:Wax Seal":7,"jedi:othersneckoeye":41,"Lee\u0027s Waffle":7,"BargainBundle":10,"Pear":52,"ReplayTheSpireMod:CursedCoin":13,"Guide Book":21,"Astrolabe":39,"Damaru":5,"PreservedInsect":7,"Ring of Chaos":30,"Letter Opener":40,"Akabeko":5,"White Beast Statue":51,"Replay:Arrowhead":53,"Runic Dome":9,"Replay:Baseball":20,"Bottled Flame":35,"jedi:ominousloannote":34,"Simple Rune":24,"Garlic":13,"Nloth\u0027s Gift":56,"PureWater":0,"Mirror":13,"Abe\u0027s Treasure":54},{"ReplayTheSpireMod:Ring of Exchange":54,"jedi:angrymask":104,"Regal Pillow":104,"Torii":19,"Gremlin Horn":133,"Mythril_Glove":61,"TeardropLocket":67,"jedi:bottledfury":184,"construct:ClockworkPhoenix":197,"Sling":27,"theForsaken:Gavel":136,"Replay:Wanted Poster":51,"Centennial Puzzle":71,"Dream Catcher":82,"Matryoshka":35,"theSleuth:Tectrixcalibur":131,"Ribbon":14,"theForsaken:Kindling":67,"MealTicket":17,"jedi:matchstick":27,"Iron Hammer":172,"Replay:Wax Seal":17,"jedi:othersneckoeye":133,"Lee\u0027s Waffle":17,"BargainBundle":27,"Pear":181,"ReplayTheSpireMod:CursedCoin":35,"Guide Book":67,"Astrolabe":127,"Damaru":11,"PreservedInsect":17,"Ring of Chaos":88,"Letter Opener":131,"Akabeko":11,"White Beast Statue":172,"Replay:Arrowhead":184,"Runic Dome":23,"Replay:Baseball":61,"Bottled Flame":109,"jedi:ominousloannote":104,"Simple Rune":73,"Garlic":35,"Nloth\u0027s Gift":197,"PureWater":0,"Mirror":35,"Abe\u0027s Treasure":191}]},"card_choices":[{"not_picked":["construct:LaserCore","construct:ElectricArmor"],"picked":"construct:BatteryAcid","floor":0},{"not_picked":["construct:LaserCore","construct:Boost"],"picked":"construct:SweepLaser","floor":1},{"not_picked":["construct:Autoturret","construct:ClusterMines"],"picked":"construct:FierceBash","floor":2},{"not_picked":["construct:Electrocute","construct:Impenetrable"],"picked":"construct:Backfire","floor":5},{"not_picked":["construct:Analyze","construct:ShiftStrike"],"picked":"construct:Isolate","floor":9},{"not_picked":["construct:FocusedBeam","construct:Stasis"],"picked":"construct:SiegeForm","floor":10},{"not_picked":["construct:Backfire","construct:ScrapCannon"],"picked":"construct:MetalShell","floor":12},{"not_picked":["construct:Analyze","construct:Anticipate"],"picked":"construct:Versatility","floor":15},{"not_picked":["construct:ShieldBurst","construct:LongRangeLance"],"picked":"construct:MemoryTap","floor":18},{"not_picked":["construct:Construct_Overclock","construct:ClusterMines","construct:Analyze"],"picked":"SKIP","floor":20},{"not_picked":["construct:FierceBash","construct:Construct_Overclock+1"],"picked":"construct:Overcharge","floor":21},{"not_picked":["construct:FierceBash+1","construct:PointDefense"],"picked":"construct:Failsafe","floor":23}],"player_experience":1804483,"relics_obtained":[{"floor":10,"key":"Iron Hammer"},{"floor":11,"key":"White Beast Statue"},{"floor":12,"key":"Pear"},{"floor":15,"key":"jedi:bottledfury"}],"event_choices":[{"damage_healed":0,"gold_gain":0,"player_choice":"RENOUNCE","damage_taken":48,"max_hp_gain":0,"max_hp_loss":0,"event_name":"betterThird:BetterSerpent","floor":4,"gold_loss":48,"cards_obtained":["Enlightenment"]},{"damage_healed":0,"gold_gain":30,"player_choice":"Searched \u00272\u0027 times","damage_taken":0,"max_hp_gain":0,"max_hp_loss":0,"event_name":"Dead Adventurer","floor":15,"gold_loss":0},{"damage_healed":0,"gold_gain":0,"player_choice":"Traded Relic","damage_taken":0,"relics_obtained":["Nloth\u0027s Gift"],"max_hp_gain":0,"max_hp_loss":0,"event_name":"N\u0027loth","floor":22,"relics_lost":["White Beast Statue"],"gold_loss":0},{"cards_removed":["construct:SiegeForm"],"damage_healed":0,"gold_gain":0,"player_choice":"Take \u0026 Give","damage_taken":0,"max_hp_gain":0,"max_hp_loss":0,"event_name":"betterNote:BetterNote","floor":24,"gold_loss":0,"cards_obtained":["Vault"]}],"is_beta":false,"boss_relics":[{"not_picked":["Runic Dome","Cursed Key"],"picked":"Abe\u0027s Treasure"}],"items_purged_floors":[16],"is_endless":false,"potions_floor_spawned":[2,5,12,15,18,20,21],"killed_by":"Slavers","ascension_level":9}}