{"host":"g5ztulhog0otympt","time":1608486517,"event":{"mods":["AchievementEnabler","BaseMod","Downfall","Hermit","Minty Spire (QoL Compilation)","StSLib","The Cursed"],"gold_per_floor":[99,118,118,128,193,213,213,231,251,251,263,283,283,303,313,415,415,415,415,415,425,441,366,390,390,390,421,118,130,130,130],"floor_reached":30,"playtime":2021,"items_purged":[],"score":269,"play_id":"b106aaae-bc95-4165-86ad-58f9af1770fa","local_time":"20201220194837","is_ascension_mode":false,"campfire_choices":[{"data":"Slimebound:Strike_Slimebound","floor":1,"key":"SMITH"},{"data":"Slimebound:Split","floor":3,"key":"SMITH"},{"floor":10,"key":"REST"},{"floor":18,"key":"RECALL"},{"floor":23,"key":"REST"},{"data":"Slimebound:FinishingTackle","floor":25,"key":"SMITH"}],"circlet_count":0,"master_deck":["Slimebound:Strike_Slimebound+1","Slimebound:Strike_Slimebound+1","Slimebound:Strike_Slimebound+1","Slimebound:Tackle","Slimebound:Defend_Slimebound+1","Slimebound:Defend_Slimebound+1","Slimebound:Defend_Slimebound+1","Slimebound:Defend_Slimebound+1","Slimebound:Split+1","Slimebound:CorrosiveSpit","Slimebound:SlimeSpikes","Slimebound:Prepare","Slimebound:RainOfGoop","Slimebound:Nibble","Slimebound:SplitBruiser+1","Slimebound:PressTheAttack","Slimebound:LivingWall","Slimebound:SlimeSlap","Slimebound:LeechEnergy","Slimebound:ItLooksTasty","Slimebound:LeechLife","Slimebound:SpikyOuterGoop","Slimebound:FinishingTackle+1","Slimebound:FirmFortitude+1","Slimebound:Chomp+1","Slimebound:RollThrough"],"relics":["Slimebound:AbsorbEndCombat","Gremlin Horn","Strawberry","Eternal Feather","Tiny House","Nilry\u0027s Codex","downfall:HeartBlessingRed","Lantern","MutagenicStrength","Ancient Tea Set","Bronze Scales","Blood Vial"],"acts_visited":["Exordium","TheCity"],"potions_floor_usage":[5,11,14,16,16,21,28,30],"damage_taken":[{"damage":10,"enemies":"Cultist","floor":2,"turns":3},{"damage":14,"enemies":"Jaw Worm","floor":4,"turns":4},{"damage":67,"enemies":"Gremlin Nob","floor":5,"turns":6},{"damage":8,"enemies":"Small Slimes","floor":6,"turns":3},{"damage":11,"enemies":"Large Slime","floor":8,"turns":4},{"damage":18,"enemies":"Blue Slaver","floor":9,"turns":4},{"damage":15,"enemies":"2 Fungi Beasts","floor":11,"turns":2},{"damage":11,"enemies":"3 Louse","floor":12,"turns":3},{"damage":26,"enemies":"Large Slime","floor":14,"turns":4},{"damage":0,"enemies":"Exordium Wildlife","floor":15,"turns":1},{"damage":30,"enemies":"downfall:Watcher","floor":16,"turns":8},{"damage":26,"enemies":"3 Byrds","floor":21,"turns":4},{"damage":33,"enemies":"Cultist and Chosen","floor":22,"turns":5},{"damage":59,"enemies":"Slavers","floor":27,"turns":6},{"damage":3,"enemies":"downfall:FleeingMerchant","floor":28,"turns":4},{"damage":24,"enemies":"3 Cultists","floor":29,"turns":5},{"damage":37,"enemies":"Shelled Parasite and Fungi","floor":30,"turns":3}],"seed_played":"-5266657502208012575","potions_obtained":[{"floor":2,"key":"Regen Potion"},{"floor":8,"key":"SteroidPotion"},{"floor":11,"key":"ColorlessPotion"},{"floor":12,"key":"SpeedPotion"},{"floor":14,"key":"LiquidMemories"},{"floor":16,"key":"champ:CounterPotion"},{"floor":27,"key":"Strength Potion"},{"floor":29,"key":"BlessingOfTheForge"}],"is_trial":false,"path_per_floor":["R","M","R","M","?","M","T","M","M","R","M","M","?","M","M","B",null,"R","?","?","M","M","R","T","R","?","E","$","M","M"],"character_chosen":"SLIMEBOUND","items_purchased":["Bronze Scales","Blood Vial"],"campfire_rested":2,"item_purchase_floors":[28,28],"current_hp_per_floor":[66,60,60,56,13,19,26,27,25,46,41,42,30,24,28,20,78,78,62,62,50,45,78,78,78,78,31,32,30,0,0],"gold":130,"neow_bonus":"TEN_PERCENT_HP_BONUS","is_daily":false,"chose_seed":false,"campfire_upgraded":3,"win_rate":0.0,"timestamp":1608486517,"path_taken":["R","M","R","M","?","M","T","M","M","R","M","M","?","M","M","BOSS","R","?","?","M","M","R","T","R","?","E","$","M","M"],"items_purchased_type":["Relic","Relic"],"build_version":"2020-12-13","purchased_purges":0,"victory":false,"max_hp_per_floor":[66,66,66,66,66,66,73,73,73,73,73,73,73,73,73,73,78,78,78,78,78,78,78,78,78,78,78,78,78,78,78],"card_choices":[{"not_picked":["Slimebound:Equalize","Slimebound:RollThrough"],"picked":"Slimebound:SlimeSpikes","floor":2},{"not_picked":["Slimebound:ViciousTackle","Slimebound:RollThrough"],"picked":"Slimebound:Prepare","floor":4},{"not_picked":["Slimebound:AcidTongue","Slimebound:SplitLeeching"],"picked":"Slimebound:RainOfGoop","floor":5},{"not_picked":["Slimebound:Repurpose","Slimebound:SplitBruiser"],"picked":"Slimebound:Nibble","floor":6},{"not_picked":["Slimebound:SplitAcid","Slimebound:GoopTackle"],"picked":"Slimebound:SplitBruiser","floor":8},{"not_picked":["Slimebound:SamplingLick","Slimebound:RollThrough"],"picked":"Slimebound:PressTheAttack","floor":9},{"not_picked":["Slimebound:Gluttony","Slimebound:SlimeTap"],"picked":"Slimebound:LivingWall","floor":11},{"not_picked":["Slimebound:RejuvenatingLick","Slimebound:ComboTackle"],"picked":"Slimebound:SlimeSlap","floor":12},{"not_picked":["Slimebound:BestDefense","Slimebound:Prepare"],"picked":"Slimebound:LeechEnergy","floor":14},{"not_picked":["Slimebound:RollThrough","Slimebound:FinishingTackle"],"picked":"Slimebound:ItLooksTasty","floor":15},{"not_picked":["Slimebound:SelfFormingGoo","Slimebound:WasteNot"],"picked":"Slimebound:LeechLife","floor":16},{"not_picked":["Slimebound:ViciousTackle+1","Slimebound:SamplingLick"],"picked":"Slimebound:SpikyOuterGoop","floor":21},{"not_picked":["Slimebound:Schlurp","Slimebound:RollThrough"],"picked":"Slimebound:FinishingTackle","floor":22},{"not_picked":["Slimebound:SlimeBarrage","Slimebound:SplitLeeching"],"picked":"Slimebound:FirmFortitude+1","floor":27},{"not_picked":["Slimebound:RallyTheTroops","Slimebound:ComboTackle+1"],"picked":"Slimebound:Chomp+1","floor":28},{"not_picked":["Slimebound:SplitAcid","Slimebound:GoopSpray"],"picked":"Slimebound:RollThrough","floor":29}],"player_experience":55563,"relics_obtained":[{"floor":5,"key":"Gremlin Horn"},{"floor":7,"key":"Strawberry"},{"floor":19,"key":"Nilry\u0027s Codex"},{"floor":24,"key":"Lantern"},{"floor":27,"key":"Ancient Tea Set"}],"event_choices":[{"damage_healed":0,"gold_gain":0,"player_choice":"Success","damage_taken":12,"relics_obtained":["Eternal Feather"],"max_hp_gain":0,"max_hp_loss":0,"event_name":"Scrap Ooze","floor":13,"gold_loss":0},{"damage_healed":0,"gold_gain":0,"player_choice":"Simplicity","damage_taken":0,"max_hp_gain":0,"max_hp_loss":0,"event_name":"Back to Basics","floor":20,"gold_loss":0,"cards_upgraded":["Slimebound:Strike_Slimebound","Slimebound:Strike_Slimebound","Slimebound:Defend_Slimebound","Slimebound:Defend_Slimebound","Slimebound:Defend_Slimebound","Slimebound:Defend_Slimebound"]},{"damage_healed":0,"gold_gain":0,"player_choice":"Inject Mutagens","damage_taken":0,"relics_obtained":["MutagenicStrength"],"max_hp_gain":0,"max_hp_loss":0,"event_name":"Drug Dealer","floor":26,"gold_loss":0}],"is_beta":false,"boss_relics":[{"not_picked":["Black Star","Slimebound:AbsorbEndCombatUpgraded"],"picked":"Tiny House"}],"items_purged_floors":[],"is_endless":false,"potions_floor_spawned":[2,8,11,12,14,16,27,29],"killed_by":"Shelled Parasite and Fungi","ascension_level":0}}