{"host":"ufl0k2so27eic2iy","time":1608494999,"event":{"mods":["BaseMod","Minty Spire (QoL Compilation)","StSLib","The Animator"],"gold_per_floor":[119,119,138,63,93,93,126,126,126,126,146,171,171,201,201,274,274,286,286,298,68,68,101,120,166,247,289,289,339,32,44,44,123,123,140,140,150,150,170,170,20,50,50,69,69,69,86,104,104,104],"floor_reached":51,"playtime":3043,"items_purged":["animator:Strike","Decay","animator:Strike","animator:Strike"],"score":1275,"play_id":"c58779cd-5737-4639-9e59-7b4e9dc4dd88","local_time":"20201220200959","is_ascension_mode":true,"campfire_choices":[{"data":"animator:Guren","floor":6.0,"key":"SMITH"},{"data":"animator:Shinoa","floor":8.0,"key":"SMITH"},{"floor":10.0,"key":"REST"},{"floor":13.0,"key":"REST"},{"floor":15.0,"key":"REST"},{"floor":28,"key":"REST"},{"data":"animator:Chaa","floor":32,"key":"SMITH"},{"floor":40,"key":"RECALL"},{"floor":46,"key":"REST"},{"floor":49,"key":"REST"}],"circlet_count":0,"master_deck":["AscendersBane","animator:Strike_OwariNoSeraph","animator:Defend_OwariNoSeraph","animator:Defend","animator:Defend","animator:Defend","animator:Shinoa+1","animator:Mikaela+1","animator:Spearman","animator:HidekiHinata","animator:Guren+1","animator:Yuuichirou+1","animator:Emonzaemon+1","animator:Shigure+1","animator:Priestess+1","animator:GoblinSlayer+1","animator:ZankiKiguchi+1","animator:Yoichi","animator:Chaa+1","animator:ShidoItsuka","animator:Yusa","animator:Priestess","animator:NarberalGamma+1","animator:HiiragiShinya+1","animator:Shinoa","animator:Shinoa+1","animator:TohkaYatogami+1","animator:GoblinSlayer+1","animator:Togame","animator:Mitsuba+1","animator:YoshinoHimekawa","animator:HiiragiShinya"],"relics":["animator:LivingPicture","animator:TheMissingPiece","Paper Frog","Molten Egg 2","Gremlin Horn","Odd Mushroom","Calipers","animator:HolyGrailRelic","Lantern","HornCleat","Question Card","DollysMirror","Sozu","Dead Branch"],"acts_visited":["Exordium","TheCity","TheBeyond"],"potions_floor_usage":[33],"damage_taken":[{"damage":2.0,"enemies":"Jaw Worm","floor":1.0,"turns":4.0},{"damage":4.0,"enemies":"Small Slimes","floor":3.0,"turns":3.0},{"damage":0.0,"enemies":"Cultist","floor":5.0,"turns":4.0},{"damage":26.0,"enemies":"3 Sentries","floor":7.0,"turns":10.0},{"damage":11.0,"enemies":"The Mushroom Lair","floor":11.0,"turns":4.0},{"damage":0.0,"enemies":"3 Louse","floor":12.0,"turns":2.0},{"damage":21.0,"enemies":"Lagavulin","floor":14.0,"turns":6.0},{"damage":13.0,"enemies":"The Guardian","floor":16.0,"turns":11.0},{"damage":0.0,"enemies":"3 Byrds","floor":18.0,"turns":4.0},{"damage":0.0,"enemies":"Chosen","floor":20.0,"turns":4.0},{"damage":8.0,"enemies":"animator:HornedBat","floor":23.0,"turns":10.0},{"damage":9.0,"enemies":"Centurion and Healer","floor":24.0,"turns":7.0},{"damage":32.0,"enemies":"Slavers","floor":25.0,"turns":8.0},{"damage":7,"enemies":"3 Cultists","floor":27,"turns":5},{"damage":5,"enemies":"Shelled Parasite and Fungi","floor":31,"turns":7},{"damage":28,"enemies":"Automaton","floor":33,"turns":10},{"damage":0,"enemies":"3 Shapes","floor":35,"turns":3},{"damage":7,"enemies":"3 Darklings","floor":37,"turns":7},{"damage":0,"enemies":"Maw","floor":39,"turns":6},{"damage":37,"enemies":"Reptomancer","floor":42,"turns":7},{"damage":0,"enemies":"Spire Growth","floor":44,"turns":3},{"damage":3,"enemies":"Writhing Mass","floor":47,"turns":8},{"damage":5,"enemies":"Jaw Worm Horde","floor":48,"turns":4},{"damage":38,"enemies":"Time Eater","floor":50,"turns":7}],"seed_played":"5116901513425435342","potions_obtained":[{"floor":11.0,"key":"GamblersBrew"},{"floor":23.0,"key":"SpeedPotion"},{"floor":27,"key":"Swift Potion"},{"floor":31,"key":"EssenceOfSteel"}],"is_trial":false,"path_per_floor":["M","?","M","$","M","R","E","R","T","R","?","M","R","E","R","B",null,"M","?","M","$","?","E","M","E","T","M","R","?","$","M","R","B",null,"M","?","M","?","M","R","$","E","T","M","$","R","M","M","R","B",null],"character_chosen":"THE_ANIMATOR","items_purchased":["animator:Chaa","animator:ShidoItsuka","animator:Shinoa","DollysMirror"],"campfire_rested":6,"item_purchase_floors":[21,21,30,30],"current_hp_per_floor":[52,41,37,37,37,37,12,12,12,30,19,19,37,16,34,21,59,61,61,64,64,64,56,49,19,19,14,37,37,37,34,34,6,61,63,63,58,58,62,62,62,27,27,27,27,52,51,48,75,39],"gold":104,"neow_bonus":"UPGRADE_CARD","is_daily":false,"chose_seed":true,"campfire_upgraded":3,"win_rate":0.0,"timestamp":1608494999,"path_taken":["M","?","M","$","M","R","E","R","T","R","?","M","R","E","R","BOSS","M","?","M","$","?","E","?","E","T","M","R","?","$","M","R","BOSS","M","?","?","?","?","R","$","E","T","M","?","R","?","?","R","BOSS"],"items_purchased_type":["Card","Card","Card","Relic"],"build_version":"2020-12-13","purchased_purges":4,"victory":true,"max_hp_per_floor":[60,60,60,60,60,60,61,61,61,61,61,61,61,61,61,61,69,71,71,74,74,74,71,73,75,75,77,77,77,77,79,79,79,79,81,81,83,83,87,87,87,89,89,86,86,86,88,90,90,92],"card_choices":[{"not_picked":["animator:Demiurge","animator:Ciel"],"picked":"animator:Spearman","floor":1.0},{"not_picked":["animator:Entoma","animator:Yusa"],"picked":"animator:HidekiHinata","floor":3.0},{"not_picked":["animator:Aisha","animator:Cocytus"],"picked":"animator:Guren","floor":5.0},{"not_picked":["animator:Shigure+1","animator:CrowleyEusford+1"],"picked":"animator:Yuuichirou+1","floor":7.0},{"not_picked":["animator:Elsword+1","animator:Laby"],"picked":"animator:Emonzaemon+1","floor":11.0},{"not_picked":["animator:Yusa","animator:Yui"],"picked":"animator:Shigure+1","floor":12.0},{"not_picked":["animator:SwordMaiden","animator:PandorasActor"],"picked":"animator:Priestess","floor":14.0},{"not_picked":["animator:KotoriItsuka+1","animator:KurumiTokisaki+1"],"picked":"animator:GoblinSlayer+1","floor":16.0},{"not_picked":["animator:Ain+1","animator:Add"],"picked":"animator:ZankiKiguchi+1","floor":18.0},{"not_picked":["animator:Mikaela+1","animator:CrowleyEusford+1"],"picked":"animator:Yoichi","floor":20.0},{"not_picked":["animator:ZankiKiguchi+1","animator:HidekiHinata+1"],"picked":"animator:Yusa","floor":23.0},{"not_picked":["animator:Rena","animator:YamaiSisters+1"],"picked":"animator:Priestess","floor":24.0},{"not_picked":["animator:Konayuki+1","animator:NiaHonjou"],"picked":"animator:NarberalGamma+1","floor":25.0},{"not_picked":["animator:Shigure+1","animator:Mitsuba+1","animator:Yoichi"],"picked":"animator:HiiragiShinya","floor":27},{"not_picked":["animator:ZankiKiguchi+1","animator:Yusa","animator:YuzuruOtonashi"],"picked":"animator:TohkaYatogami+1","floor":31},{"not_picked":["animator:Albedo+1","animator:KotoriItsuka+1","animator:Eve"],"picked":"animator:GoblinSlayer+1","floor":33},{"not_picked":["animator:Chaa","animator:Evileye","animator:YamaiSisters+1","animator:Konayuki"],"picked":"SKIP","floor":35},{"not_picked":["animator:TsurugaMeisai+1","animator:Ara+1","animator:Shigure+1"],"picked":"animator:Togame","floor":37},{"not_picked":["animator:KrulTepes+1","animator:CrowleyEusford+1","animator:Mikaela+1"],"picked":"animator:Mitsuba+1","floor":39},{"not_picked":["animator:TohkaYatogami+1","animator:ZankiKiguchi+1","animator:KotoriItsuka+1","animator:Togame"],"picked":"SKIP","floor":42},{"not_picked":["animator:Mitsuba+1","animator:PandorasActor","animator:Spearman+1","animator:Yuuichirou+1"],"picked":"SKIP","floor":44},{"not_picked":["animator:Ara+1","animator:Elsword+1","animator:Entoma+1"],"picked":"animator:YoshinoHimekawa","floor":47},{"not_picked":["animator:Shinoa","animator:Mitsuba+1","animator:Shigure+1"],"picked":"animator:HiiragiShinya","floor":48}],"player_experience":2332995,"relics_obtained":[{"floor":7.0,"key":"Molten Egg 2"},{"floor":9.0,"key":"Gremlin Horn"},{"floor":11.0,"key":"Odd Mushroom"},{"floor":14.0,"key":"Calipers"},{"floor":23.0,"key":"Lantern"},{"floor":25.0,"key":"HornCleat"},{"floor":26.0,"key":"Question Card"},{"floor":42,"key":"Dead Branch"}],"event_choices":[{"damage_healed":0.0,"max_hp_gain":0.0,"max_hp_loss":0.0,"gold_gain":0.0,"event_name":"Scrap Ooze","player_choice":"Success","floor":2.0,"gold_loss":0.0,"damage_taken":11.0,"relics_obtained":["Paper Frog"]},{"damage_healed":0.0,"max_hp_gain":0.0,"max_hp_loss":0.0,"gold_gain":0.0,"event_name":"Mushrooms","player_choice":"Fought Mushrooms","floor":11.0,"gold_loss":0.0,"damage_taken":0.0},{"damage_healed":0.0,"max_hp_gain":0.0,"max_hp_loss":0.0,"gold_gain":0.0,"event_name":"Forgotten Altar","player_choice":"Smashed Altar","floor":19.0,"gold_loss":0.0,"damage_taken":0.0,"cards_obtained":["Decay"]},{"damage_healed":0.0,"max_hp_gain":0.0,"max_hp_loss":0.0,"gold_gain":0.0,"event_name":"Upgrade Shrine","player_choice":"Upgraded","floor":22.0,"gold_loss":0.0,"damage_taken":0.0,"cards_upgraded":["animator:Priestess"]},{"damage_healed":0,"gold_gain":100,"player_choice":"Bet on Murderer","damage_taken":0,"max_hp_gain":0,"max_hp_loss":0,"event_name":"The Joust","floor":29,"gold_loss":50},{"damage_healed":0,"gold_gain":0,"player_choice":"Ignored","damage_taken":0,"max_hp_gain":0,"max_hp_loss":0,"event_name":"SecretPortal","floor":36,"gold_loss":0},{"damage_healed":0,"gold_gain":0,"player_choice":"Upgraded","damage_taken":0,"max_hp_gain":0,"max_hp_loss":0,"event_name":"Upgrade Shrine","floor":38,"gold_loss":0,"cards_upgraded":["animator:HiiragiShinya"]}],"is_beta":false,"boss_relics":[{"not_picked":["SacredBark","Pandora\u0027s Box"],"picked":"animator:HolyGrailRelic"},{"not_picked":["Black Star","animator:RacePiece"],"picked":"Sozu"}],"items_purged_floors":[4,21,30,41],"is_endless":false,"potions_floor_spawned":[11,23,27,31,35,44,47],"ascension_level":15}}