{"host":"wkcoec525dnrk4jw","time":1608437951,"event":{"mods":["BaseMod","Minty Spire (QoL Compilation)","Quick Restart","Replay The Spire","Shop Mod","StSLib","TestMod","The Bug Knight","The Cursed","[IsaacMod]以撒尖塔"],"gold_per_floor":[132,145,145,176,176,206,206,235,235,235,235,235,9,23,23,127,127,140,140,31,106,119,146,159,159,184,184,184,184,211,221,221,316,316,329,329,329,4,104,104,132,132,132,178,178,72,82,100,100,100],"floor_reached":51,"playtime":2333,"items_purged":["Strike_G","Normality"],"score":1151,"play_id":"dd41d523-4e9d-48f8-bbd7-6d038bd77ad4","local_time":"20201220121911","is_ascension_mode":true,"campfire_choices":[{"floor":7.0,"key":"REST"},{"floor":10.0,"key":"REST"},{"floor":12.0,"key":"REST"},{"floor":25,"key":"REST"},{"floor":27,"key":"REST"},{"floor":29,"key":"REST"},{"data":"Finisher","floor":32,"key":"SMITH"},{"data":"Backstab","floor":40,"key":"SMITH"},{"floor":42,"key":"REST"},{"floor":49,"key":"REST"}],"circlet_count":0,"master_deck":["Strike_G","Strike_G","Strike_G","Defend_G","Defend_G","Defend_G","Defend_G","Defend_G","Survivor","Neutralize","BettingIsNotGood","Toxin Wave","Cloak And Dagger+1","Blade Dance","Infinite Blades+1","Finisher+1","Terror","Phantasmal Killer","CurseOfTheBell","Backstab+1","Die Die Die","Storm of Steel+1","Deflect+1","Outmaneuver","Distraction","Sneak Up","Riddle With Holes","Corpse Explosion","Grand Finale","Dagger Spray","Sucker Punch+1","Sucker Punch+1","Choke+1","Infinite Blades","Outmaneuver","Leg Sweep+1"],"relics":["HushsDoor","testmod-TestBox","testmod-Maize","ChewingGum","D6","testmod-Hope","Thread and Needle","TwistedFunnel","Replay:Baseball","testmod-InfectionSource","BloodDonationMachine","Leech","Pen Nib","Snake Skull","ReplayTheSpireMod:Ring of Collecting","SacredBark","White Beast Statue","Potion Belt","TheBean","Mummified Hand","Bottled Flame","Gremlin Food","Ring of Misfortune","Boot","MerchantsRug","Blood Vial"],"acts_visited":["Exordium","TheCity","TheBeyond"],"potions_floor_usage":[30,31,33,33,33,41,44,45],"damage_taken":[{"damage":1.0,"enemies":"Cultist","floor":1.0,"turns":5.0},{"damage":0.0,"enemies":"2 Louse","floor":2.0,"turns":3.0},{"damage":4.0,"enemies":"Small Slimes","floor":4.0,"turns":4.0},{"damage":36.0,"enemies":"Lagavulin","floor":6.0,"turns":7.0},{"damage":30.0,"enemies":"HollowMod:MossKnight","floor":8.0,"turns":14.0},{"damage":3.0,"enemies":"Gremlin Gang","floor":11.0,"turns":2.0},{"damage":0.0,"enemies":"Blue Slaver","floor":14.0,"turns":3.0},{"damage":0.0,"enemies":"Hexaghost","floor":16.0,"turns":2.0},{"damage":0.0,"enemies":"Spheric Guardian","floor":18.0,"turns":3.0},{"damage":7,"enemies":"2 Thieves","floor":22,"turns":4},{"damage":46,"enemies":"Slavers","floor":23,"turns":4},{"damage":6,"enemies":"Shelled Parasite and Fungi","floor":24,"turns":2},{"damage":0,"enemies":"Book of Stabbing","floor":30,"turns":3},{"damage":0,"enemies":"Chosen and Byrds","floor":31,"turns":3},{"damage":19,"enemies":"Champ","floor":33,"turns":5},{"damage":7,"enemies":"Orb Walker","floor":35,"turns":3},{"damage":29,"enemies":"Reptomancer","floor":41,"turns":4},{"damage":22,"enemies":"Nemesis","floor":44,"turns":4},{"damage":0,"enemies":"3 Shapes","floor":45,"turns":1},{"damage":0,"enemies":"3 Darklings","floor":47,"turns":3},{"damage":1,"enemies":"Spire Growth","floor":48,"turns":4},{"damage":8,"enemies":"Time Eater","floor":50,"turns":2}],"seed_played":"-8218178863356840661","potions_obtained":[{"floor":1.0,"key":"SmokeBomb"},{"floor":6.0,"key":"Milkshake"},{"floor":14.0,"key":"SpeedPotion"},{"floor":16.0,"key":"SpeedPotion"},{"floor":23,"key":"Fire Potion"},{"floor":28,"key":"CunningPotion"},{"floor":28,"key":"ColorlessPotion"},{"floor":30,"key":"Adrenaline Potion"},{"floor":31,"key":"Languid Potion"},{"floor":33,"key":"SmokeBomb"},{"floor":35,"key":"Weak Potion"},{"floor":41,"key":"SteroidPotion"},{"floor":44,"key":"Energy Potion"},{"floor":47,"key":"ColorlessPotion"},{"floor":48,"key":"Dexterity Potion"}],"is_trial":false,"path_per_floor":["M","M","?","M","?","E","R","E","T","R","M","R","$","M","R","B",null,"M","?","$","?","M","E","M","R","T","R","?","R","E","M","R","B",null,"M","?","?","$","?","R","E","R","T","E","M","$","M","M","R","B",null],"character_chosen":"THE_SILENT","items_purchased":["TwistedFunnel","Backstab","Die Die Die","Storm of Steel+1","Grand Finale","Bottled Flame","Swift Potion","Sucker Punch","MerchantsRug","Infinite Blades","Blood Vial"],"campfire_rested":8,"item_purchase_floors":[13,17,17,20,34,38,38,38,46,46,46],"current_hp_per_floor":[69,69,69,65,65,29,50,25,25,46,43,64,64,64,70,70,63,63,63,63,57,53,16,12,30,30,48,48,63,63,63,63,50,53,48,48,48,48,48,48,23,38,38,19,19,19,24,29,44,52],"gold":100,"neow_bonus":"BOSS_RELIC","is_daily":false,"chose_seed":false,"campfire_upgraded":2,"win_rate":0.0,"timestamp":1608437951,"path_taken":["M","?","?","M","?","E","R","E","T","R","M","R","$","M","R","BOSS","M","?","$","?","M","E","M","R","T","R","?","R","E","M","R","BOSS","M","?","?","$","?","R","E","R","T","E","M","$","?","M","R","BOSS"],"items_purchased_type":["Relic","Card","Card","Card","Card","Relic","Potion","Card","Relic","Card","Relic"],"build_version":"2020-12-13","purchased_purges":2,"victory":true,"max_hp_per_floor":[70,70,70,70,70,70,70,70,70,70,70,70,70,70,70,70,63,63,63,63,63,63,63,63,63,63,63,63,63,63,63,63,63,54,54,54,52,52,52,52,52,52,52,52,52,52,52,52,52,52],"card_choices":[{"not_picked":[],"picked":"BettingIsNotGood","floor":0.0},{"not_picked":["Well Laid Plans","Hidden Blade"],"picked":"Toxin Wave","floor":1.0},{"not_picked":["Flying Knee","Dagger Throw"],"picked":"Cloak And Dagger","floor":2.0},{"not_picked":["Bomb","Bane"],"picked":"Blade Dance","floor":4.0},{"not_picked":["Reflex","Night Terror"],"picked":"Infinite Blades","floor":6.0},{"not_picked":["Crippling Poison","Deadly Poison"],"picked":"Finisher","floor":8.0},{"not_picked":["Cloak And Dagger","Prepared"],"picked":"Terror","floor":14.0},{"not_picked":["Night Terror","After Image"],"picked":"Phantasmal Killer","floor":16.0},{"not_picked":["Acrobatics","Terror"],"picked":"Bane","floor":18.0},{"not_picked":["Bane","Prepared"],"picked":"Deflect+1","floor":22},{"not_picked":["Night Terror","Well Laid Plans"],"picked":"Outmaneuver","floor":23},{"not_picked":["Prepared","Deadly Poison"],"picked":"Distraction","floor":24},{"not_picked":["All Out Attack","Prepared"],"picked":"Sneak Up","floor":30},{"not_picked":["Backflip+1","Concentrate"],"picked":"Riddle With Holes","floor":31},{"not_picked":["Storm of Steel","Envenom"],"picked":"Corpse Explosion","floor":33},{"not_picked":["Deadly Poison","Hidden Blade"],"picked":"Dagger Spray","floor":35},{"not_picked":["Backflip+1","Prepared+1"],"picked":"Sucker Punch+1","floor":41},{"not_picked":["Slice+1","Bane+1"],"picked":"Choke+1","floor":44},{"not_picked":["Backflip","Heel Hook"],"picked":"Outmaneuver","floor":47},{"not_picked":["Underhanded Strike+1","Slice"],"picked":"Leg Sweep+1","floor":48}],"player_experience":135929,"relics_obtained":[{"floor":6.0,"key":"testmod-Hope"},{"floor":8.0,"key":"Juzu Bracelet"},{"floor":9.0,"key":"Thread and Needle"},{"floor":17.0,"key":"Replay:Baseball"},{"floor":17.0,"key":"testmod-InfectionSource"},{"floor":17.0,"key":"BloodDonationMachine"},{"floor":23,"key":"Pen Nib"},{"floor":26,"key":"Snake Skull"},{"floor":28,"key":"ReplayTheSpireMod:Ring of Collecting"},{"floor":28,"key":"ReplayTheSpireMod:Ring of Addiction"},{"floor":28,"key":"SacredBark"},{"floor":28,"key":"White Beast Statue"},{"floor":30,"key":"Potion Belt"},{"floor":41,"key":"Gremlin Food"},{"floor":43,"key":"Ring of Misfortune"},{"floor":43,"key":"Boot"},{"floor":44,"key":"Damocles"}],"event_choices":[{"cards_removed":["Strike_G"],"damage_healed":0.0,"max_hp_gain":0.0,"max_hp_loss":0.0,"gold_gain":0.0,"event_name":"Purifier","player_choice":"Purged","floor":5.0,"gold_loss":0.0,"damage_taken":0.0},{"damage_healed":0.0,"max_hp_gain":0.0,"max_hp_loss":0.0,"gold_gain":0.0,"event_name":"WeMeetAgain","player_choice":"Gave Potion","floor":19.0,"gold_loss":0.0,"damage_taken":0.0,"relics_obtained":["Leech"]},{"damage_healed":0,"gold_gain":75,"player_choice":"Touch","damage_taken":6,"max_hp_gain":0,"max_hp_loss":0,"event_name":"FaceTrader","floor":21,"gold_loss":0},{"damage_healed":0,"gold_gain":0,"player_choice":"Ignored","damage_taken":0,"max_hp_gain":0,"max_hp_loss":0,"event_name":"给自己的盒子","floor":36,"gold_loss":0},{"cards_removed":["Bane"],"damage_healed":0,"gold_gain":0,"player_choice":"Removed Attack","damage_taken":0,"max_hp_gain":0,"max_hp_loss":0,"event_name":"Falling","floor":37,"gold_loss":0},{"damage_healed":0,"gold_gain":100,"player_choice":"Sell","damage_taken":0,"max_hp_gain":0,"max_hp_loss":0,"event_name":"恩洛斯的盘子","floor":39,"relics_lost":["ReplayTheSpireMod:Ring of Addiction"],"gold_loss":0}],"is_beta":false,"boss_relics":[{"not_picked":["Coffee Dripper","testmod-Nine"],"picked":"Calling Bell"},{"not_picked":[]},{"not_picked":["Snecko Scales","Tiny House"],"picked":"Replay:Ancient Bell"},{"not_picked":["HollowMod:PaleOreRelic","Replay:Wax Seal"],"picked":"TheBean"},{"not_picked":["Mirror","Chameleon Ring"],"picked":"Mummified Hand"},{"not_picked":[]}],"items_purged_floors":[13,34],"is_endless":false,"potions_floor_spawned":[1,6,14,16,23,30,31,33,35,41,44,45,47,48],"ascension_level":5}}