{"host":"2n2g1vowfllvjtvi","time":1608467190,"event":{"mods":["AchievementEnabler","BaseMod","Custom Start","GifTheSpireLib","Keyboard Shortcuts","Minty Spire (QoL Compilation)","Quick Restart","Rare Cards Sparkle","StSLib","SuperFastMode"],"gold_per_floor":[112,112,112,122,122,148,168,199,252,271,271,298,314,324,324,399,399,412,426,437,14,14,39,39,39,90,90,107,107,107],"floor_reached":29,"playtime":536,"items_purged":[],"score":533,"play_id":"cf36c55a-e689-4ead-aec9-6481b62aaffb","local_time":"20201220212630","is_ascension_mode":true,"campfire_choices":[{"data":"Disarm","floor":11.0,"key":"SMITH"},{"data":"Demon Form","floor":15.0,"key":"SMITH"},{"data":"Perfected Strike","floor":24.0,"key":"SMITH"},{"data":"Bash","floor":27,"key":"SMITH"}],"circlet_count":0,"master_deck":["AscendersBane","Strike_R+1","Strike_R","Strike_R","Strike_R","Strike_R","Defend_R","Defend_R","Defend_R","Defend_R","Bash+1","Perfected Strike+1","Armaments+1","Demon Form+1","Pommel Strike+1","Disarm+1","Wild Strike","Perfected Strike+1","Warcry","Shrug It Off"],"relics":["Burning Blood","NeowsBlessing","Blue Candle","Centennial Puzzle","Whetstone","Regal Pillow","Peace Pipe","SlaversCollar","Lee\u0027s Waffle","Matryoshka","Pantograph","HornCleat","Pen Nib"],"acts_visited":["Exordium","TheCity"],"potions_floor_usage":[],"damage_taken":[{"damage":0.0,"enemies":"Small Slimes","floor":1.0,"turns":1.0},{"damage":0.0,"enemies":"Jaw Worm","floor":4.0,"turns":1.0},{"damage":0.0,"enemies":"Gremlin Nob","floor":6.0,"turns":1.0},{"damage":6.0,"enemies":"Cultist","floor":7.0,"turns":3.0},{"damage":25.0,"enemies":"Lagavulin","floor":8.0,"turns":8.0},{"damage":4.0,"enemies":"2 Fungi Beasts","floor":10.0,"turns":4.0},{"damage":29.0,"enemies":"3 Sentries","floor":12.0,"turns":9.0},{"damage":20.0,"enemies":"Gremlin Gang","floor":13.0,"turns":6.0},{"damage":2.0,"enemies":"3 Louse","floor":14.0,"turns":3.0},{"damage":14.0,"enemies":"Hexaghost","floor":16.0,"turns":7.0},{"damage":30.0,"enemies":"2 Thieves","floor":18.0,"turns":5.0},{"damage":31.0,"enemies":"Shell Parasite","floor":19.0,"turns":11.0},{"damage":2.0,"enemies":"Snecko","floor":20.0,"turns":4.0},{"damage":30.0,"enemies":"Gremlin Leader","floor":23.0,"turns":5.0},{"damage":38,"enemies":"3 Cultists","floor":28,"turns":6},{"damage":0,"enemies":"Centurion and Healer","floor":29,"turns":1}],"seed_played":"8854113171668680258","potions_obtained":[{"floor":6.0,"key":"SpeedPotion"},{"floor":8.0,"key":"FearPotion"},{"floor":13.0,"key":"Fire Potion"},{"floor":14.0,"key":"GamblersBrew"},{"floor":18.0,"key":"FairyPotion"}],"is_trial":false,"path_per_floor":["M","?","?","M","?","E","M","E","T","M","R","E","M","M","R","B",null,"M","M","M","$","?","E","R","?","T","R","M","M"],"character_chosen":"IRONCLAD","items_purchased":["Lee\u0027s Waffle","Perfected Strike","Matryoshka"],"campfire_rested":0,"item_purchase_floors":[21,21,21],"current_hp_per_floor":[74,63,63,69,69,75,75,56,56,58,58,35,21,25,25,17,61,37,16,20,86,86,62,62,96,96,96,64,64,64],"gold":107,"neow_bonus":"THREE_ENEMY_KILL","is_daily":false,"chose_seed":false,"campfire_upgraded":4,"win_rate":0.0,"timestamp":1608467190,"path_taken":["M","?","?","?","?","E","M","E","T","M","R","E","M","M","R","BOSS","M","M","M","$","?","E","R","?","T","R","M","M"],"items_purchased_type":["Relic","Card","Relic"],"build_version":"2020-12-13","purchased_purges":0,"victory":false,"max_hp_per_floor":[75,75,75,75,75,75,75,75,75,75,75,75,75,75,75,75,75,75,79,79,86,86,86,86,96,96,96,96,96,96],"card_choices":[{"not_picked":["Whirlwind","Rage"],"picked":"Perfected Strike","floor":1.0},{"not_picked":["Anger","Entrench"],"picked":"Armaments","floor":4.0},{"not_picked":["True Grit","Dark Embrace"],"picked":"Demon Form","floor":6.0},{"not_picked":["Rupture","Anger","Clash"],"picked":"SKIP","floor":7.0},{"not_picked":["Second Wind","Havoc"],"picked":"Pommel Strike","floor":8.0},{"not_picked":["Body Slam","Headbutt"],"picked":"Disarm","floor":10.0},{"not_picked":["Reckless Charge","Cleave","Warcry"],"picked":"SKIP","floor":12.0},{"not_picked":["Armaments","Whirlwind"],"picked":"Wild Strike","floor":13.0},{"not_picked":["Cleave","Barricade","Warcry"],"picked":"SKIP","floor":14.0},{"not_picked":["Juggernaut","Barricade"],"picked":"Feed","floor":16.0},{"not_picked":["Sword Boomerang","Iron Wave","Flex"],"picked":"SKIP","floor":18.0},{"not_picked":["Body Slam","Thunderclap","Sever Soul"],"picked":"SKIP","floor":19.0},{"not_picked":["Blood for Blood","Spot Weakness","Havoc"],"picked":"SKIP","floor":20.0},{"not_picked":["Uppercut","Combust"],"picked":"Warcry","floor":23.0},{"not_picked":["Thunderclap","Power Through"],"picked":"Shrug It Off","floor":28}],"player_experience":435718,"relics_obtained":[{"floor":6.0,"key":"Centennial Puzzle"},{"floor":8.0,"key":"Whetstone"},{"floor":9.0,"key":"Regal Pillow"},{"floor":12.0,"key":"Peace Pipe"},{"floor":23.0,"key":"Pantograph"},{"floor":26.0,"key":"HornCleat"},{"floor":26.0,"key":"Pen Nib"}],"event_choices":[{"damage_healed":0.0,"max_hp_gain":0.0,"max_hp_loss":0.0,"gold_gain":0.0,"event_name":"Scrap Ooze","player_choice":"Success","floor":2.0,"gold_loss":0.0,"damage_taken":11.0,"relics_obtained":["Blue Candle"]},{"damage_healed":0.0,"max_hp_gain":0.0,"max_hp_loss":0.0,"gold_gain":0.0,"event_name":"Upgrade Shrine","player_choice":"Upgraded","floor":3.0,"gold_loss":0.0,"damage_taken":0.0,"cards_upgraded":["Perfected Strike"]},{"damage_healed":0.0,"max_hp_gain":0.0,"max_hp_loss":0.0,"gold_gain":0.0,"event_name":"Living Wall","player_choice":"Grow","floor":5.0,"gold_loss":0.0,"damage_taken":0.0,"cards_upgraded":["Armaments"]},{"damage_healed":0.0,"max_hp_gain":0.0,"max_hp_loss":0.0,"gold_gain":0.0,"event_name":"Ghosts","player_choice":"Ignored","floor":22.0,"gold_loss":0.0,"damage_taken":0.0},{"cards_removed":["Feed"],"damage_healed":24.0,"max_hp_gain":10.0,"max_hp_loss":0.0,"gold_gain":0.0,"event_name":"Bonfire Elementals","player_choice":"Offered Rare","floor":25.0,"gold_loss":0.0,"damage_taken":0.0}],"is_beta":false,"boss_relics":[{"not_picked":["Coffee Dripper","Mark of Pain"],"picked":"SlaversCollar"}],"items_purged_floors":[],"is_endless":false,"potions_floor_spawned":[6,8,10,13,14,18,19],"killed_by":"Centurion and Healer","ascension_level":15}}