{"host":"bbcqjedmotowk2e9","time":1608458274,"event":{"mods":["A Magickal Journey","AchievementEnabler","Aspiration","BaseMod","BetterRewards","Colored Powertips","Conspire","Energized Spire","GifTheSpireLib","Halation","Hubris","Hyrulean Relics","Minty Spire (QoL Compilation)","Permanent Neow","Quick Restart","Relic Stats","Replay The Spire","Spires And Sneckos","StSLib","Stuff the Spire","Synergy Search","The Disciple","vexMod"],"gold_per_floor":[119,119,134,134,55,82,82,82,82,112,187,211,45,55,55,55,55],"floor_reached":16,"playtime":363,"items_purged":[],"score":170,"play_id":"521ec2a0-47ff-4aa8-ae64-a59e38f0aa1f","local_time":"20201220125754","is_ascension_mode":true,"campfire_choices":[{"data":"Calculated Gamble","floor":8,"key":"SMITH"},{"floor":15,"key":"REST"}],"circlet_count":0,"master_deck":["Strike_G","Strike_G","Strike_G","Strike_G","Strike_G","Defend_G","Defend_G","Defend_G","Defend_G","Defend_G","Survivor","Neutralize","Flying Knee+1","Calculated Gamble+1","StuffTheSpire:Shiver+1","Deflect","ReplayTheSpireMod:Scrap Shanks","Finesse","Endless Agony"],"relics":["Ring of the Snake","NeowsBlessing","halation:PinkSoulGem","Replay:Ringing Soul","hubris:PeanutButter","Letter Opener","vexMod:BarristanHead","ReplayTheSpireMod:CursedCoin","ReplayTheSpireMod:TigerMarble"],"acts_visited":["Exordium"],"potions_floor_usage":[],"damage_taken":[{"damage":0,"enemies":"2 Louse","floor":1,"turns":1},{"damage":0,"enemies":"conspire:RoseBush","floor":3,"turns":1},{"damage":0,"enemies":"Gremlin Nob","floor":6,"turns":1},{"damage":23,"enemies":"Lagavulin","floor":10,"turns":8},{"damage":0,"enemies":"Small Slimes","floor":14,"turns":2},{"damage":170,"enemies":"The Guardian","floor":16,"turns":6}],"seed_played":"804954302334323404","potions_obtained":[{"floor":3,"key":"Dexterity Potion"},{"floor":6,"key":"Adrenaline Potion"}],"is_trial":false,"path_per_floor":["M","?","M","?","$","E","?","R","T","E","?","T","$","M","R","B"],"character_chosen":"THE_SILENT","items_purchased":["Calculated Gamble","ReplayTheSpireMod:Scrap Shanks","Finesse","ReplayTheSpireMod:CursedCoin","ReplayTheSpireMod:TigerMarble"],"campfire_rested":1,"item_purchase_floors":[5,13,13,13,13],"current_hp_per_floor":[63,63,63,63,63,66,66,66,66,46,35,35,38,41,65,0,0],"gold":55,"neow_bonus":"THREE_ENEMY_KILL","is_daily":false,"chose_seed":false,"campfire_upgraded":1,"win_rate":0.0,"timestamp":1608458274,"path_taken":["M","?","M","?","$","E","?","R","T","E","?","?","$","?","R","BOSS"],"items_purchased_type":["Card","Card","Card","Relic","Relic"],"build_version":"2020-12-13","purchased_purges":0,"victory":false,"max_hp_per_floor":[70,70,70,70,70,73,73,73,73,76,76,76,79,82,82,82,82],"relic_stats":{"counters":[6,19],"Letter Opener":[23],"obtain_stats":[{"Replay:Ringing Soul":6,"vexMod:BarristanHead":12,"NeowsBlessing":0,"ReplayTheSpireMod:CursedCoin":13,"hubris:PeanutButter":9,"ReplayTheSpireMod:TigerMarble":13,"Letter Opener":10,"halation:PinkSoulGem":2,"Ring of the Snake":0},{"Replay:Ringing Soul":3,"vexMod:BarristanHead":4,"NeowsBlessing":0,"ReplayTheSpireMod:CursedCoin":4,"hubris:PeanutButter":3,"ReplayTheSpireMod:TigerMarble":4,"Letter Opener":4,"halation:PinkSoulGem":1,"Ring of the Snake":0},{"Replay:Ringing Soul":3,"vexMod:BarristanHead":11,"NeowsBlessing":0,"ReplayTheSpireMod:CursedCoin":11,"hubris:PeanutButter":3,"ReplayTheSpireMod:TigerMarble":11,"Letter Opener":11,"halation:PinkSoulGem":1,"Ring of the Snake":0}],"Ring of the Snake":[13]},"card_choices":[{"not_picked":["Backflip","Outmaneuver"],"picked":"Flying Knee","floor":1},{"not_picked":["All Out Attack","Masterful Stab","Outmaneuver"],"picked":"SKIP","floor":3},{"not_picked":["StuffTheSpire:Injection","Sucker Punch"],"picked":"StuffTheSpire:Shiver","floor":6},{"not_picked":["Eviscerate","Dodge and Roll"],"picked":"Deflect","floor":10},{"not_picked":["StuffTheSpire:BrimstoneBlast","Riddle With Holes"],"picked":"Endless Agony","floor":14}],"player_experience":532405,"relics_obtained":[{"floor":6,"key":"Replay:Ringing Soul"},{"floor":9,"key":"hubris:PeanutButter"},{"floor":10,"key":"Letter Opener"},{"floor":12,"key":"vexMod:BarristanHead"}],"event_choices":[{"damage_healed":0,"gold_gain":0,"player_choice":"Grow","damage_taken":0,"max_hp_gain":0,"max_hp_loss":0,"event_name":"Living Wall","floor":4,"gold_loss":0,"cards_upgraded":["Flying Knee"]},{"damage_healed":0,"gold_gain":75,"player_choice":"Gather Gold","damage_taken":11,"max_hp_gain":0,"max_hp_loss":0,"event_name":"World of Goop","floor":11,"gold_loss":0}],"is_beta":false,"boss_relics":[],"items_purged_floors":[],"is_endless":false,"potions_floor_spawned":[3,6],"killed_by":"The Guardian","ascension_level":6}}