{"host":"5gc11emcm5chfr5t","time":1608446526,"event":{"mods":["2.2 Compatiblity","AchievementEnabler","BaseMod","Bestiary","Better Note","Colored Map","Colored Powertips","Downfall","Googly Eyes","Minty Spire (QoL Compilation)","Rare Cards Sparkle","StSLib"],"gold_per_floor":[149,168,198,256,3,19,19,19,47,47,47,47,124,134,148,148,148],"floor_reached":16,"playtime":624,"items_purged":[],"score":205,"play_id":"c5db37ce-4d01-43db-a6d2-03a2a27f3ae7","local_time":"20201220014206","is_ascension_mode":true,"campfire_choices":[{"floor":1,"key":"RECALL"},{"floor":8,"key":"REST"},{"floor":10,"key":"REST"}],"circlet_count":0,"master_deck":["AscendersBane","sneckomod:Strike","sneckomod:Strike","sneckomod:Strike","sneckomod:Defend","sneckomod:Defend","sneckomod:Defend+1","sneckomod:TailWhip","sneckomod:SnekBite","sneckomod:Unknown","sneckomod:Unknown","sneckomod:ImprovisedAttack","sneckomod:Unknown1Cost","sneckomod:UnknownColorless","sneckomod:UnknownWeak+1","sneckomod:IronFang","Panache","sneckomod:SnakeSap","sneckomod:SoulRoll","sneckomod:UnknownClassRED+1","sneckomod:SnekBeam","sneckomod:WideSting"],"relics":["Tiny House","StrikeDummy","sneckomod:UnknownEgg","Juzu Bracelet","Lantern","Anchor","downfall:BrokenWingStatue","The Courier"],"acts_visited":["Exordium"],"potions_floor_usage":[2,5,15,15,16],"damage_taken":[{"damage":0,"enemies":"Jaw Worm","floor":2,"turns":1},{"damage":40,"enemies":"3 Sentries","floor":3,"turns":12},{"damage":19,"enemies":"Gremlin Nob","floor":4,"turns":4},{"damage":0,"enemies":"downfall:FleeingMerchant","floor":5,"turns":4},{"damage":3,"enemies":"2 Louse","floor":6,"turns":2},{"damage":8,"enemies":"Lagavulin","floor":9,"turns":6},{"damage":0,"enemies":"Small Slimes","floor":14,"turns":3},{"damage":5,"enemies":"Large Slime","floor":15,"turns":5},{"damage":46,"enemies":"downfall:Defect","floor":16,"turns":6}],"seed_played":"4580398028104234473","potions_obtained":[{"floor":0,"key":"DistilledChaos"},{"floor":4,"key":"Weak Potion"},{"floor":9,"key":"SteroidPotion"},{"floor":14,"key":"SteroidPotion"},{"floor":15,"key":"LiquidBronze"}],"is_trial":false,"path_per_floor":["R","M","E","?","$","M","T","R","E","R","?","?","T","M","M","B"],"character_chosen":"THE_SNECKO","items_purchased":["Panache","sneckomod:SnakeSap"],"campfire_rested":2,"item_purchase_floors":[5,5],"current_hp_per_floor":[80,80,40,21,21,18,18,44,36,62,51,51,51,51,46,0,0],"gold":148,"neow_bonus":"BOSS_RELIC","is_daily":false,"chose_seed":false,"campfire_upgraded":0,"win_rate":0.0,"timestamp":1608446526,"path_taken":["R","M","E","?","$","M","T","R","E","R","?","?","?","M","M","BOSS"],"items_purchased_type":["Card","Card"],"build_version":"2020-12-13","purchased_purges":0,"victory":false,"max_hp_per_floor":[88,88,88,88,88,88,88,88,88,88,88,88,88,88,88,88,88],"card_choices":[{"not_picked":["sneckomod:DiceCrush","sneckomod:UnknownWeak"],"picked":"sneckomod:ImprovisedAttack","floor":0},{"not_picked":["sneckomod:UnknownBlock","sneckomod:RainOfDice"],"picked":"sneckomod:Unknown1Cost","floor":2},{"not_picked":["sneckomod:IronFang","sneckomod:UnknownVulnerable"],"picked":"sneckomod:UnknownColorless","floor":3},{"not_picked":["sneckomod:UnknownCommonSkill+1","sneckomod:MasterEye"],"picked":"sneckomod:UnknownWeak+1","floor":4},{"not_picked":["sneckomod:DefensiveFlair","sneckomod:SoulDraw"],"picked":"sneckomod:IronFang","floor":5},{"not_picked":["sneckomod:Restock","sneckomod:MixItUp"],"picked":"sneckomod:SoulRoll","floor":6},{"not_picked":["sneckomod:SoulRoll","sneckomod:QuickBite"],"picked":"sneckomod:UnknownClassRED+1","floor":9},{"not_picked":["sneckomod:UnknownCommonSkill+1","sneckomod:UnknownExhaust+1"],"picked":"sneckomod:SnekBeam","floor":14},{"not_picked":["sneckomod:DiceBoulder","sneckomod:UnknownStrike+1"],"picked":"sneckomod:WideSting","floor":15}],"player_experience":447876,"relics_obtained":[{"floor":3,"key":"StrikeDummy"},{"floor":4,"key":"sneckomod:UnknownEgg"},{"floor":7,"key":"Juzu Bracelet"},{"floor":9,"key":"Lantern"},{"floor":13,"key":"The Courier"}],"event_choices":[{"damage_healed":0,"gold_gain":0,"player_choice":"Success","damage_taken":11,"relics_obtained":["Anchor"],"max_hp_gain":0,"max_hp_loss":0,"event_name":"Scrap Ooze","floor":11,"gold_loss":0}],"is_beta":false,"boss_relics":[],"items_purged_floors":[],"is_endless":false,"potions_floor_spawned":[4,9,14,15],"killed_by":"downfall:Defect","ascension_level":18}}