{"host":"xb2tau8pgi8aflss","time":1608459865,"event":{"mods":["AchievementEnabler","BaseMod","Minty Spire (QoL Compilation)","StSLib","SuperFastMode"],"gold_per_floor":[118,138,158,233,183,213,213,231,231,25,25,25],"floor_reached":11,"playtime":233,"items_purged":[],"score":73,"play_id":"202a0785-db5f-43bc-917c-b2eec2f9ad9e","local_time":"20201220192425","is_ascension_mode":false,"campfire_choices":[{"data":"Dualcast","floor":7.0,"key":"SMITH"}],"circlet_count":0,"master_deck":["Strike_B","Strike_B","Strike_B","Defend_B","Defend_B","Defend_B","Defend_B","Zap","Dualcast+1","Multi-Cast","Self Repair","Cold Snap","Sunder","Chill"],"relics":["Cracked Core","Peace Pipe","FossilizedHelix","Membership Card"],"acts_visited":["Exordium"],"potions_floor_usage":[11],"damage_taken":[{"damage":6.0,"enemies":"Jaw Worm","floor":1.0,"turns":3.0},{"damage":0.0,"enemies":"Small Slimes","floor":2.0,"turns":3.0},{"damage":6.0,"enemies":"Cultist","floor":3.0,"turns":3.0},{"damage":31.0,"enemies":"Lagavulin","floor":6.0,"turns":6.0},{"damage":5.0,"enemies":"2 Fungi Beasts","floor":8.0,"turns":3.0},{"damage":45,"enemies":"Gremlin Nob","floor":11,"turns":5}],"seed_played":"7548627241787592025","potions_obtained":[{"floor":1.0,"key":"GamblersBrew"},{"floor":3.0,"key":"FearPotion"},{"floor":6.0,"key":"SpeedPotion"}],"is_trial":false,"path_per_floor":["M","M","M","?","?","E","R","M","T","$","E"],"character_chosen":"DEFECT","items_purchased":["Membership Card","Sunder","Chill"],"campfire_rested":0,"item_purchase_floors":[10,10,10],"current_hp_per_floor":[69,75,75,64,64,40,40,42,42,42,0,0],"gold":25,"neow_bonus":"ONE_RANDOM_RARE_CARD","is_daily":false,"chose_seed":false,"campfire_upgraded":1,"win_rate":0.0,"timestamp":1608459865,"path_taken":["M","M","M","?","?","E","R","M","T","$","E"],"items_purchased_type":["Relic","Card","Card"],"build_version":"2020-12-13","purchased_purges":0,"victory":false,"max_hp_per_floor":[75,75,75,75,75,75,75,75,75,75,75,75],"card_choices":[{"not_picked":["Redo","Ball Lightning"],"picked":"Self Repair","floor":1.0},{"not_picked":["White Noise","Lockon","Sweeping Beam"],"picked":"SKIP","floor":2.0},{"not_picked":["Melter","Doom and Gloom","Steam"],"picked":"SKIP","floor":3.0},{"not_picked":["Hello World","Compile Driver","Cold Snap"],"picked":"SKIP","floor":6.0},{"not_picked":["Stack","Melter"],"picked":"Cold Snap","floor":8.0}],"player_experience":718539,"relics_obtained":[{"floor":6.0,"key":"Peace Pipe"},{"floor":9.0,"key":"FossilizedHelix"}],"event_choices":[{"damage_healed":0.0,"max_hp_gain":0.0,"max_hp_loss":0.0,"gold_gain":75.0,"event_name":"World of Goop","player_choice":"Gather Gold","floor":4.0,"gold_loss":0.0,"damage_taken":11.0},{"cards_removed":["Strike_B"],"damage_healed":0.0,"max_hp_gain":0.0,"max_hp_loss":0.0,"gold_gain":0.0,"event_name":"The Cleric","player_choice":"Card Removal","floor":5.0,"gold_loss":50.0,"damage_taken":0.0}],"is_beta":false,"boss_relics":[],"items_purged_floors":[],"is_endless":false,"potions_floor_spawned":[1,3,6],"killed_by":"Gremlin Nob","ascension_level":0}}