{"host":"1rlxwz5wgb7zwurx","time":1608436503,"event":{"mods":["Act Like it!","Aspiration","BaseMod","Better Third Choice","Colored Map","Colored Powertips","Conspire","Downfall","Fiend Mod","Halation","Hallownest","Hermit","Hubris","Ironclad Rager","JesterMod","Minty Spire (QoL Compilation)","Quick Restart","READ ME - Guardian Mod","Replay The Spire","Retaliation","Shade Mod","Somnambulant","StSLib","Synergy Search","The Bladedancer","The Bug Knight","The Construct","The Cursed","The Disciple","The Druid","The Elementalist","The Hierophant","The Juggle","The Jungle","The Mystic","The Necromancer","The Runesmith","The Servant 0.9.4","The Spell Scribe","The Valiant","thorton","vexMod"],"gold_per_floor":[68,95,95,20,20,55,5,21,21,21,57,14,50,0,0,128,128,154,167,16,16,35,35,52,52,52,52,80,125,125,166,166,264,264,283,47,47,1,1,32,32,64,89,89,116,116,163,200,200,302,302,302,16,46,46,46],"floor_reached":55,"playtime":12900,"items_purged":[],"score":956,"play_id":"84bdd781-0c96-4039-9265-a7510a8b076b","local_time":"20201219225503","is_ascension_mode":false,"campfire_choices":[{"data":"GracefulSiphon","floor":10,"key":"SMITH"},{"floor":15,"key":"RECALL"},{"data":"Radiance","floor":23,"key":"SMITH"},{"data":"FullAwakening","floor":25,"key":"SMITH"},{"data":"DivineFavor","floor":27,"key":"SMITH"},{"data":"TearPsyche","floor":32,"key":"SMITH"},{"data":"Backstab","floor":44,"key":"SMITH"},{"data":"FlyingSleeves","floor":46,"key":"SMITH"},{"data":"Brilliance","floor":49,"key":"SMITH"},{"data":"Quick Slash","floor":52,"key":"SMITH"}],"circlet_count":0,"master_deck":["Strike_Valiant","Strike_Valiant","Defend_Valiant","Defend_Valiant","Defend_Valiant","Defend_Valiant","BlindingLight","MinorHealing","MinorHealing","ArcaneHealing","StrainingSmite","Radiance+1","Writhe","GracefulSiphon+1","conspire:SpireCoStock","SeekAnswers","ZealousSmite","DivineFavor+1","CombatDance+1","FullAwakening+1","EmptyMind","CombatStance","Consecrate","Hallownest:attackAdjustingAction","Charge+1","CombatDance+1","TearPsyche+1","Nirvana+1","Brilliance+1","Replay:LoomingThreat+1","EmptyFist+1","Replay:ManipulateFuture","Replay:ManipulateFuture","FlyingSleeves+1","Replay:Hum+1","Dash","Quick Slash+1","Backstab+1","ForeignInfluence+1","Radiance+1","Perseverance+1","Swivel+1","Wish+1","expansioncontent:QuickStudy+1","FollowUp+1"],"relics":["Cross Pendant","Calipers","ReplayTheSpireMod:Ring of Addiction","Ring of Fury","Toy Ornithopter","hubris:EmptyBottle","Hallownest:BankAccountRelic","hubris:SlimyHat","Thread and Needle","PreservedInsect","Centennial Puzzle","aspiration:WatcherSkillbook","Toolbox","Bird Faced Urn","conspire:DecoderRing","hubris:Icosahedron","halation:KoshaPiece","vexMod:EndlessSickness","Replay:Rubber Ducky","Juzu Bracelet","Toxic Egg 2","Bag of Preparation","Happy Flower","hubris:BundleOfHerbs","OrangePellets","ReplayTheSpireMod:Ninjato"],"acts_visited":["Exordium","Hallownest:Greenpath","Hallownest:CityofTears","TheEnding"],"potions_floor_usage":[6,6,6,11,11,13,13,16,22,28,33,33,35,40,42,42,47,47,47,50,50,50,50,55,55],"damage_taken":[{"damage":0,"enemies":"2_ Uuma","floor":1,"turns":7},{"damage":18,"enemies":"Hallownest:eliteMossKnight","floor":6,"turns":12},{"damage":7,"enemies":"Hallownest:eliteCrystalGuardian","floor":11,"turns":5},{"damage":41,"enemies":"Hallownest:eliteMossKnight","floor":13,"turns":12},{"damage":86,"enemies":"Hallownest:BossHornet","floor":16,"turns":18},{"damage":25,"enemies":"Hallownest:Guard_and_Sentry","floor":18,"turns":4},{"damage":10,"enemies":"Hallownest:3_Youths","floor":19,"turns":9},{"damage":23,"enemies":"Hallownest:monsterMisterMushroom","floor":22,"turns":9},{"damage":31,"enemies":"Hallownest:monsterShrumalOgre","floor":24,"turns":7},{"damage":30,"enemies":"Hallownest:2_Flukemon","floor":28,"turns":7},{"damage":15,"enemies":"Hallownest:eliteSoulWarrior","floor":29,"turns":5},{"damage":20,"enemies":"Hallownest:Nosk","floor":31,"turns":6},{"damage":80,"enemies":"Hallownest:BossMantisLord","floor":33,"turns":7},{"damage":13,"enemies":"Hallownest:Shield_Heavy","floor":35,"turns":5},{"damage":33,"enemies":"Hallownest:eliteHiveKnight","floor":40,"turns":6},{"damage":10,"enemies":"Hallownest:StalkingDevout","floor":42,"turns":4},{"damage":21,"enemies":"Hallownest:eliteHiveKnight","floor":45,"turns":4},{"damage":15,"enemies":"Hallownest:eliteCollector","floor":47,"turns":4},{"damage":5,"enemies":"Hallownest:3_Siblings","floor":48,"turns":7},{"damage":74,"enemies":"Hallownest:BossGreyPrinceZote","floor":50,"turns":6},{"damage":47,"enemies":"Shield and Spear","floor":54,"turns":6},{"damage":148,"enemies":"The Heart","floor":55,"turns":6}],"seed_played":"7509520317834786982","potions_obtained":[{"floor":1,"key":"Dexterity Potion"},{"floor":3,"key":"SpeedPotion"},{"floor":3,"key":"Guardian:BlockOnCardUsePotion"},{"floor":11,"key":"sneckomod:MuddlingPotion"},{"floor":19,"key":"Weak Potion"},{"floor":24,"key":"hexamod:EctoCoolerPotion"},{"floor":29,"key":"DistilledChaos"},{"floor":40,"key":"Explosive Potion"},{"floor":45,"key":"PowerPotion"},{"floor":48,"key":"BlessingOfTheForge"},{"floor":50,"key":"Regen Potion"}],"is_trial":false,"path_per_floor":["M","?","?","?","?","E","?","$","T","R","E","$","E","?","R","B",null,"M","M","$","?","M","R","M","R","T","R","M","E","?","E","R","B",null,"M","$","?","$","?","E","?","E","T","R","E","R","E","M","R","B",null,"R","$","E","B"],"character_chosen":"TheValiant","items_purchased":["SeekAnswers","DivineFavor","CombatDance+1","Toolbox","Consecrate","Replay:Rubber Ducky","PowerPotion","LiquidMemories","Replay:ManipulateFuture","FlyingSleeves","expansioncontent:QuickStudy+1","OrangePellets"],"campfire_rested":0,"item_purchase_floors":[8,12,12,20,20,36,36,36,38,38,53,53],"current_hp_per_floor":[100,100,100,100,112,104,104,104,104,104,107,107,95,95,95,37,110,96,107,107,107,105,105,91,91,91,91,99,88,88,88,88,30,104,104,104,104,104,102,90,90,96,96,96,89,89,95,100,100,64,100,100,100,57,0,0],"gold":46,"neow_bonus":"THREE_CARDS","is_daily":false,"chose_seed":false,"campfire_upgraded":9,"win_rate":0.0,"timestamp":1608436503,"path_taken":["M","?","?","?","?","E","?","$","T","R","E","?","E","?","R","BOSS","M","M","$","?","?","R","M","R","T","R","M","E","?","E","R","BOSS","M","$","?","$","?","E","?","E","T","R","E","R","E","M","R","BOSS","R","$","E","BOSS"],"items_purchased_type":["Card","Card","Card","Relic","Card","Relic","Potion","Potion","Card","Card","Card","Relic"],"build_version":"2020-12-13","purchased_purges":0,"victory":false,"max_hp_per_floor":[100,100,100,100,112,112,112,112,112,110,110,110,110,110,110,110,110,110,110,108,108,108,108,108,108,106,106,106,106,106,106,104,104,104,104,104,104,104,102,102,102,102,102,102,102,100,100,100,100,100,100,100,100,98,98,98],"card_choices":[{"not_picked":["PiercingStab","FuriousSmite"],"picked":"ArcaneHealing","floor":0},{"not_picked":["FuriousSmite","Charge"],"picked":"StrainingSmite","floor":1},{"not_picked":["TakeAim","SeekAnswers"],"picked":"Radiance","floor":2},{"not_picked":["Execution","PiercingStab"],"picked":"GracefulSiphon","floor":6},{"not_picked":["AbandonReason","CombatDance"],"picked":"ZealousSmite","floor":11},{"not_picked":["WeakForm","TearSoul","HolyLight"],"picked":"SKIP","floor":13},{"not_picked":["FinalGambit","HolyStorm"],"picked":"FullAwakening","floor":16},{"not_picked":["ICR:YinYang","EmptyFist","Zen"],"picked":"EmptyMind","floor":18},{"not_picked":["PushOnward","ICR:Serenity","BowlingBash"],"picked":"CombatStance","floor":19},{"not_picked":["Zen","JustLucky","DivineFavor"],"picked":"Charge+1","floor":22},{"not_picked":["Chainer","StrainingSmite","Wireheading"],"picked":"CombatDance+1","floor":24},{"not_picked":["ArcaneHealing","ZealousPersecution+1","WideSmite"],"picked":"TearPsyche","floor":28},{"not_picked":["Meaballize","Retaliate","Desperation"],"picked":"Nirvana+1","floor":29},{"not_picked":["Fasting2","Nirvana","Quickstep"],"picked":"Brilliance","floor":31},{"not_picked":["AtAllCosts","DeadlyPlay","Execution"],"picked":"Replay:LoomingThreat","floor":33},{"not_picked":["Consecrate+1","InsightfulPrayer","AbandonReason+1"],"picked":"EmptyFist+1","floor":35},{"not_picked":["Replay:AtTheReady","RecklessSmite","PiercingStab+1"],"picked":"Replay:Hum+1","floor":40},{"not_picked":["FearNoEvil","FlashOfAnger+1","Wallop"],"picked":"ForeignInfluence+1","floor":42},{"not_picked":["Replay:ManipulateFuture+1","AtAllCosts+1","ArcaneHealing+1"],"picked":"Radiance+1","floor":45},{"not_picked":["Conclude","TakeAim+1","Indignation+1"],"picked":"Perseverance+1","floor":47},{"not_picked":["RecklessSmite+1","Replay:Anticipation+1","HolyLight"],"picked":"Swivel+1","floor":48},{"not_picked":["FinalGambit","Ragnarok","AlmightySmite"],"picked":"Wish+1","floor":50},{"not_picked":["CutThroughFate+1","QuickSiphon+1","Zen"],"picked":"FollowUp+1","floor":54}],"player_experience":444195,"relics_obtained":[{"floor":2,"key":"Calipers"},{"floor":3,"key":"ReplayTheSpireMod:Ring of Addiction"},{"floor":3,"key":"Ring of Fury"},{"floor":3,"key":"Toy Ornithopter"},{"floor":3,"key":"hubris:EmptyBottle"},{"floor":6,"key":"hubris:SlimyHat"},{"floor":11,"key":"Thread and Needle"},{"floor":13,"key":"PreservedInsect"},{"floor":26,"key":"Bird Faced Urn"},{"floor":29,"key":"conspire:DecoderRing"},{"floor":31,"key":"halation:KoshaPiece"},{"floor":40,"key":"Juzu Bracelet"},{"floor":42,"key":"Toxic Egg 2"},{"floor":43,"key":"Bag of Preparation"},{"floor":45,"key":"Happy Flower"},{"floor":47,"key":"hubris:BundleOfHerbs"},{"floor":54,"key":"ReplayTheSpireMod:Ninjato"}],"event_choices":[{"damage_healed":0,"gold_gain":0,"player_choice":"Invest 1","damage_taken":0,"max_hp_gain":0,"max_hp_loss":0,"event_name":"conspire:Investor","floor":7,"gold_loss":0}],"is_beta":false,"boss_relics":[{"not_picked":["thethorton:GreedFountain","hubris:VirtuousBlindfold"],"picked":"aspiration:WatcherSkillbook"},{"not_picked":["Black Star","halation:Risk"],"picked":"vexMod:EndlessSickness"}],"items_purged_floors":[],"is_endless":false,"potions_floor_spawned":[1,11,19,24,29,40,45,48,50],"killed_by":"The Heart","ascension_level":0}}