{"host":"4cz9gr89nglr7k8k","time":1608502640,"event":{"mods":["BaseMod","Minty Spire (QoL Compilation)","Relic Stats","Slay-I"],"gold_per_floor":[111,111,111,127,127,127,158,158,158,176,176,187,212,212,212,287,287,297,297,312,312,312],"floor_reached":21,"playtime":619,"items_purged":[],"score":365,"play_id":"525d055f-6ed4-4d43-8bcf-8d7de3269cad","local_time":"20201220231720","is_ascension_mode":true,"campfire_choices":[{"floor":6,"key":"REST"},{"floor":8,"key":"REST"},{"data":"Zap","floor":11,"key":"SMITH"},{"data":"Undo","floor":15,"key":"SMITH"}],"circlet_count":0,"master_deck":["AscendersBane","Strike_B","Strike_B+1","Strike_B","Strike_B","Defend_B","Defend_B+1","Defend_B","Zap+1","Dualcast+1","Ball Lightning","Ball Lightning","Cold Snap","BootSequence","Undo+1","Melter","Thunder Strike","Conserve Battery","Cold Snap"],"relics":["Cracked Core","Bronze Scales","Cables","The Courier","Bag of Marbles","Empty Cage"],"acts_visited":["Exordium","TheCity"],"potions_floor_usage":[7,7,21,21],"damage_taken":[{"damage":14,"enemies":"Jaw Worm","floor":1,"turns":4},{"damage":1,"enemies":"Small Slimes","floor":4,"turns":2},{"damage":8,"enemies":"Gremlin Nob","floor":7,"turns":3},{"damage":2,"enemies":"Cultist","floor":10,"turns":3},{"damage":0,"enemies":"2 Fungi Beasts","floor":12,"turns":2},{"damage":10,"enemies":"3 Sentries","floor":13,"turns":5},{"damage":50,"enemies":"The Guardian","floor":16,"turns":8},{"damage":11,"enemies":"Spheric Guardian","floor":18,"turns":4},{"damage":13,"enemies":"Shell Parasite","floor":20,"turns":5},{"damage":46,"enemies":"Cultist and Chosen","floor":21,"turns":5}],"seed_played":"4625276121519396161","potions_obtained":[{"floor":1,"key":"PotionOfCapacity"},{"floor":4,"key":"FocusPotion"},{"floor":12,"key":"Regen Potion"},{"floor":20,"key":"Fruit Juice"}],"is_trial":false,"path_per_floor":["M","?","?","M","?","R","E","R","T","M","R","M","E","?","R","B",null,"M","?","M","M"],"character_chosen":"DEFECT","items_purchased":[],"campfire_rested":2,"item_purchase_floors":[],"current_hp_per_floor":[57,34,34,33,28,51,43,66,66,64,64,64,54,73,73,23,62,51,40,27,0,0],"gold":312,"neow_bonus":"TEN_PERCENT_HP_BONUS","is_daily":false,"chose_seed":false,"campfire_upgraded":2,"win_rate":0.0,"timestamp":1608502640,"path_taken":["M","?","?","?","?","R","E","R","T","M","R","M","E","?","R","BOSS","M","?","M","?"],"items_purchased_type":[],"build_version":"2020-12-13","purchased_purges":0,"victory":false,"max_hp_per_floor":[78,78,78,78,78,78,78,78,78,78,78,78,78,78,78,78,75,75,75,75,80,80],"relic_stats":{"counters":[10,41],"Bronze Scales":[81],"obtain_stats":[{"Bronze Scales":5,"The Courier":9,"Bag of Marbles":13,"Cracked Core":0,"Empty Cage":17,"Cables":7},{"Bronze Scales":2,"The Courier":3,"Bag of Marbles":6,"Cracked Core":0,"Empty Cage":7,"Cables":3},{"Bronze Scales":6,"The Courier":9,"Bag of Marbles":19,"Cracked Core":0,"Empty Cage":27,"Cables":9}],"Cables":[25,22,3,0,0]},"card_choices":[{"not_picked":["Darkness","Tempest"],"picked":"Ball Lightning","floor":1},{"not_picked":["Stack","Compile Driver"],"picked":"Ball Lightning","floor":4},{"not_picked":["Sweeping Beam","Compile Driver"],"picked":"Cold Snap","floor":7},{"not_picked":["Streamline","Double Energy"],"picked":"BootSequence","floor":10},{"not_picked":["Cold Snap","Sweeping Beam"],"picked":"Undo","floor":12},{"not_picked":["Hologram","Gash"],"picked":"Melter","floor":13},{"not_picked":["Meteor Strike","Amplify"],"picked":"Thunder Strike","floor":16},{"not_picked":["Redo","Hologram"],"picked":"Conserve Battery","floor":18},{"not_picked":["Barrage","Steam Power"],"picked":"Cold Snap","floor":20}],"player_experience":1451610,"relics_obtained":[{"floor":7,"key":"Cables"},{"floor":9,"key":"The Courier"},{"floor":13,"key":"Bag of Marbles"}],"event_choices":[{"damage_healed":0,"gold_gain":0,"player_choice":"Entered Light","damage_taken":23,"max_hp_gain":0,"max_hp_loss":0,"event_name":"Shining Light","floor":2,"gold_loss":0,"cards_upgraded":["Defend_B","Strike_B"]},{"damage_healed":0,"gold_gain":0,"player_choice":"Forge","damage_taken":0,"max_hp_gain":0,"max_hp_loss":0,"event_name":"Accursed Blacksmith","floor":3,"gold_loss":0,"cards_upgraded":["Dualcast"]},{"damage_healed":0,"gold_gain":0,"player_choice":"Success","damage_taken":5,"relics_obtained":["Bronze Scales"],"max_hp_gain":0,"max_hp_loss":0,"event_name":"Scrap Ooze","floor":5,"gold_loss":0},{"damage_healed":19,"gold_gain":0,"player_choice":"Healed and dodged fight","damage_taken":0,"max_hp_gain":0,"max_hp_loss":0,"event_name":"Mushrooms","floor":14,"gold_loss":0,"cards_obtained":["Parasite"]},{"damage_healed":0,"gold_gain":0,"player_choice":"Damaged","damage_taken":11,"max_hp_gain":0,"max_hp_loss":0,"event_name":"Wheel of Change","floor":19,"gold_loss":0}],"is_beta":false,"boss_relics":[{"not_picked":["Coffee Dripper","Snecko Eye"],"picked":"Empty Cage"}],"items_purged_floors":[],"is_endless":false,"potions_floor_spawned":[1,4,12,20],"killed_by":"Cultist and Chosen","ascension_level":19}}