{"host":"4amcrcg6ktw8dbzk","time":1608441990,"event":{"mods":["ATMod(°¢èªMod)","BaseMod","Dota2Spire","Minty Spire (QoL Compilation)","MostiFishMod","Spicy Shops","StSLib","Waifu the Spire"],"gold_per_floor":[116,17,27,39,56,84,84,111,111,111,131,131,150,150,150,252,252,268,268,288,288],"floor_reached":20,"playtime":838,"items_purged":["Strike_P"],"score":298,"play_id":"1ee66bf7-9bf8-4095-b881-16191e2d2d00","local_time":"20201220132630","is_ascension_mode":true,"campfire_choices":[{"floor":7,"key":"REST"},{"data":"MostiFishMod:LegendTransform","floor":10,"key":"SMITH"},{"data":"Study","floor":15,"key":"SMITH"}],"circlet_count":0,"master_deck":["AscendersBane","Strike_P","Defend_P","Defend_P","Defend_P","Defend_P","Eruption","Vigilance","AT_BodySlamDance","FollowUp","Protect","SignatureMove","EmptyMind","Study+1","BowlingBash","MostiFishMod:LegendTransform+1","Blasphemy","LessonLearned","TalkToTheHand"],"relics":["PureWater","DaveBox","AT_ATBox","ArrowTower","Question Card","Blood Vial","Gremlin Horn","Peace Pipe","ImportantClient","HaiYi:Twilight"],"acts_visited":["Exordium","TheCity"],"potions_floor_usage":[],"damage_taken":[{"damage":0,"enemies":"Cultist","floor":1,"turns":3},{"damage":0,"enemies":"Jaw Worm","floor":3,"turns":1},{"damage":0,"enemies":"2 Louse","floor":4,"turns":3},{"damage":0,"enemies":"Exordium Wildlife","floor":5,"turns":2},{"damage":36,"enemies":"Gremlin Nob","floor":6,"turns":4},{"damage":20,"enemies":"3 Sentries","floor":8,"turns":4},{"damage":1,"enemies":"Red Slaver","floor":11,"turns":4},{"damage":0,"enemies":"3 Louse","floor":13,"turns":2},{"damage":29,"enemies":"The Guardian","floor":16,"turns":6},{"damage":3,"enemies":"Spheric Guardian","floor":18,"turns":3},{"damage":38,"enemies":"Shell Parasite","floor":20,"turns":6}],"seed_played":"-6842490840852741425","potions_obtained":[{"floor":5,"key":"Strength Potion"},{"floor":13,"key":"Ancient Potion"}],"is_trial":false,"path_per_floor":["M","$","M","M","M","E","R","E","T","R","M","?","M","?","R","B",null,"M","?","M"],"character_chosen":"WATCHER","items_purchased":["Protect"],"campfire_rested":1,"item_purchase_floors":[2],"current_hp_per_floor":[72,72,72,72,72,36,59,41,41,41,42,42,44,37,37,10,62,61,46,10,10],"gold":288,"neow_bonus":"TEN_PERCENT_HP_BONUS","is_daily":false,"chose_seed":false,"campfire_upgraded":2,"win_rate":0.0,"timestamp":1608441990,"path_taken":["M","$","?","M","M","E","R","E","T","R","M","?","M","?","R","BOSS","M","?","M"],"items_purchased_type":["Card"],"build_version":"2020-12-13","purchased_purges":1,"victory":false,"max_hp_per_floor":[79,79,79,79,79,79,79,79,79,79,79,79,79,79,79,79,79,79,84,84,84],"card_choices":[{"not_picked":["Evaluate","Halt"],"picked":"FollowUp","floor":1},{"not_picked":["MostiFishMod:MemoryFragments","MostiFishMod:Speedup","BowlingBash"],"picked":"SignatureMove","floor":3},{"not_picked":["AT_SoftenMuscles","Consecrate","PathToVictory"],"picked":"EmptyMind","floor":4},{"not_picked":["FlyingSleeves","WindmillStrike","CutThroughFate"],"picked":"Study","floor":5},{"not_picked":["Consecrate","SpiritShield","Crescendo"],"picked":"BowlingBash","floor":6},{"not_picked":["Tantrum","ThirdEye","Prostrate"],"picked":"MostiFishMod:LegendTransform","floor":8},{"not_picked":["CutThroughFate","Consecrate","Halt","ClearTheMind"],"picked":"SKIP","floor":11},{"not_picked":["PathToVictory","ThirdEye","FollowUp","FlyingSleeves"],"picked":"SKIP","floor":13},{"not_picked":["MostiFishMod:Zero-Sum","MostiFishMod:StarLaLaLa","Omniscience"],"picked":"LessonLearned","floor":16},{"not_picked":["SignatureMove","WheelKick","FearNoEvil"],"picked":"TalkToTheHand","floor":18}],"player_experience":290155,"relics_obtained":[{"floor":1,"key":"Question Card"},{"floor":6,"key":"Blood Vial"},{"floor":8,"key":"Gremlin Horn"},{"floor":9,"key":"Peace Pipe"},{"floor":16,"key":"ImportantClient"}],"event_choices":[{"damage_healed":0,"gold_gain":0,"cards_transformed":["Strike_P"],"player_choice":"Change","damage_taken":0,"max_hp_gain":0,"max_hp_loss":0,"event_name":"Living Wall","floor":12,"gold_loss":0,"cards_obtained":["Blasphemy"]},{"cards_removed":["Strike_P"],"damage_healed":0,"gold_gain":0,"player_choice":"Card Removal","damage_taken":7,"max_hp_gain":0,"max_hp_loss":0,"event_name":"Golden Wing","floor":14,"gold_loss":0},{"damage_healed":0,"gold_gain":0,"player_choice":"Shed Blood","damage_taken":20,"max_hp_gain":5,"max_hp_loss":0,"event_name":"Forgotten Altar","floor":19,"gold_loss":0}],"is_beta":false,"boss_relics":[{"not_picked":["Snecko Eye","Empty Cage"],"picked":"HaiYi:Twilight"}],"items_purged_floors":[2],"is_endless":false,"potions_floor_spawned":[5,13,16,20],"killed_by":"Shell Parasite","ascension_level":12}}