{"host":"95i1gxnztdrdyvhi","time":1608504433,"event":{"mods":["AchievementEnabler","Act Like it!","BaseMod","Minty Spire (QoL Compilation)","Quick Restart","StSLib","The Marked"],"gold_per_floor":[118,118,133,133,15,44,44,78,146,172,182,202,220,251,251,349,349,369,382,68,68,68,97,107,123,149,164,196,48,59,89,89,193,193,209,209,226,241,255,281,181,199,199,199,249,249,249,280,280,280,280,280,21,51,51],"floor_reached":56,"playtime":2676,"items_purged":["theMarked:Strike","theMarked:Defend"],"score":1447,"play_id":"110f8249-e510-40ec-a5bf-766e4ec30a84","local_time":"20201220224713","is_ascension_mode":false,"campfire_choices":[{"data":"theMarked:Polarize","floor":7.0,"key":"SMITH"},{"data":"theMarked:GodGivenPower","floor":15.0,"key":"SMITH"},{"data":"theMarked:Levitate","floor":32.0,"key":"SMITH"},{"data":"theMarked:SoldierOfQuellstein","floor":46.0,"key":"SMITH"},{"floor":49.0,"key":"RECALL"},{"data":"theMarked:ReduceFriction","floor":52.0,"key":"SMITH"}],"circlet_count":0,"master_deck":["theMarked:Strike+1","theMarked:Defend+1","theMarked:Defend+1","theMarked:Defend","theMarked:SoldierOfQuellstein+1","theMarked:TurnInvisible","theMarked:GodGivenPower+1","theMarked:ReduceFriction+1","theMarked:Electrocute+1","theMarked:Polarize+1","theMarked:TakeOffHeels","theMarked:Electrify","theMarked:Overcharge","theMarked:Static+1","theMarked:GodGivenPower+1","theMarked:EnhanceMovement","theMarked:Polarize+1","theMarked:EnhanceMovement+1","theMarked:Levitate+1","theMarked:Electrocute+1","theMarked:Reabsorb+1","theMarked:RepellingDischarge+1"],"relics":["theMarked:ArtifactOfAir","Art of War","Whetstone","InkBottle","Juzu Bracelet","theMarked:DemonDagger","Empty Cage","Gremlin Horn","War Paint","Bag of Preparation","Anchor","DollysMirror","StrikeDummy","Coffee Dripper","Ancient Tea Set","Mango","PreservedInsect","Bottled Lightning","Bronze Scales"],"acts_visited":["Exordium","TheCity","TheBeyond","TheEnding"],"potions_floor_usage":[55,55],"damage_taken":[{"damage":0.0,"enemies":"Small Slimes","floor":1.0,"turns":4.0},{"damage":1.0,"enemies":"Cultist","floor":3.0,"turns":3.0},{"damage":18.0,"enemies":"3 Sentries","floor":6.0,"turns":6.0},{"damage":21.0,"enemies":"Gremlin Nob","floor":8.0,"turns":5.0},{"damage":0.0,"enemies":"Lagavulin","floor":10.0,"turns":4.0},{"damage":0.0,"enemies":"Jaw Worm","floor":11.0,"turns":3.0},{"damage":4.0,"enemies":"Blue Slaver","floor":12.0,"turns":3.0},{"damage":0.0,"enemies":"Gremlin Gang","floor":13.0,"turns":1.0},{"damage":0.0,"enemies":"Gremlin Nob","floor":14.0,"turns":2.0},{"damage":0.0,"enemies":"The Guardian","floor":16.0,"turns":4.0},{"damage":0.0,"enemies":"Spheric Guardian","floor":18.0,"turns":2.0},{"damage":2.0,"enemies":"Shell Parasite","floor":19.0,"turns":2.0},{"damage":31.0,"enemies":"Slavers","floor":23.0,"turns":4.0},{"damage":1.0,"enemies":"Snecko","floor":24.0,"turns":3.0},{"damage":0.0,"enemies":"Sentry and Sphere","floor":25.0,"turns":2.0},{"damage":0.0,"enemies":"Snake Plant","floor":27.0,"turns":1.0},{"damage":1.0,"enemies":"Gremlin Leader","floor":28.0,"turns":4.0},{"damage":0.0,"enemies":"3 Cultists","floor":30.0,"turns":2.0},{"damage":2.0,"enemies":"Slavers","floor":31.0,"turns":3.0},{"damage":3.0,"enemies":"Automaton","floor":33.0,"turns":4.0},{"damage":0.0,"enemies":"3 Darklings","floor":35.0,"turns":2.0},{"damage":0.0,"enemies":"Orb Walker","floor":37.0,"turns":2.0},{"damage":0.0,"enemies":"Jaw Worm Horde","floor":38.0,"turns":2.0},{"damage":0.0,"enemies":"3 Darklings","floor":39.0,"turns":3.0},{"damage":3.0,"enemies":"Nemesis","floor":40.0,"turns":3.0},{"damage":0.0,"enemies":"4 Shapes","floor":42.0,"turns":2.0},{"damage":0.0,"enemies":"Mind Bloom Boss Battle","floor":45.0,"turns":3.0},{"damage":0.0,"enemies":"Giant Head","floor":48.0,"turns":3.0},{"damage":28.0,"enemies":"Time Eater","floor":50.0,"turns":3.0},{"damage":0.0,"enemies":"Shield and Spear","floor":54.0,"turns":1.0},{"damage":78,"enemies":"The Heart","floor":55,"turns":8}],"seed_played":"5493044985066894065","potions_obtained":[{"floor":3.0,"key":"CultistPotion"},{"floor":8.0,"key":"GamblersBrew"},{"floor":10.0,"key":"AttackPotion"},{"floor":14.0,"key":"SmokeBomb"},{"floor":19.0,"key":"Dexterity Potion"},{"floor":28.0,"key":"FearPotion"},{"floor":36.0,"key":"LiquidBronze"}],"is_trial":false,"path_per_floor":["M","?","M","?","$","E","R","E","T","E","M","M","M","E","R","B",null,"M","M","$","?","?","E","M","M","T","M","E","$","M","E","R","B",null,"M","?","M","M","M","E","$","M","T","?","?","R","?","E","R","B",null,"R","$","E","B",null],"character_chosen":"THE_DEFAULT","items_purchased":["theMarked:Electrocute","theMarked:Polarize","Gremlin Horn","DollysMirror","Bottled Lightning"],"campfire_rested":0,"item_purchase_floors":[5,5,20,29,53],"current_hp_per_floor":[70,70,69,69,69,51,51,30,30,30,30,26,26,26,26,26,70,70,68,68,68,68,37,36,36,36,36,35,35,35,33,33,30,70,70,70,70,70,70,67,67,67,67,66,80,80,80,80,80,52,80,80,80,80,2],"gold":51,"neow_bonus":"ONE_RANDOM_RARE_CARD","is_daily":false,"chose_seed":false,"campfire_upgraded":5,"win_rate":0.0,"timestamp":1608504433,"path_taken":["M","?","?","?","$","E","R","E","T","E","M","M","M","E","R","BOSS","M","M","$","?","?","E","M","M","T","M","E","$","M","E","R","BOSS","M","?","M","M","M","E","$","M","T","?","?","R","?","E","R","BOSS","R","$","E","BOSS"],"items_purchased_type":["Card","Card","Relic","Relic","Relic"],"build_version":"2020-12-13","purchased_purges":2,"victory":true,"max_hp_per_floor":[70,70,70,70,70,70,70,70,70,70,70,70,70,70,70,70,70,70,70,70,70,70,70,70,70,70,70,70,70,70,70,70,70,70,70,70,70,70,70,70,70,70,70,66,80,80,80,80,80,80,80,80,80,80,80],"card_choices":[{"not_picked":["theMarked:Electrocute","theMarked:HeightenedSenses"],"picked":"theMarked:GodGivenPower","floor":1.0},{"not_picked":["theMarked:WastefulAttack","theMarked:SwordAndMagic"],"picked":"theMarked:ReduceFriction","floor":3.0},{"not_picked":["theMarked:ElectricStrings","theMarked:Improvise","theMarked:Electrocute"],"picked":"SKIP","floor":6.0},{"not_picked":["theMarked:EmpowerWeapon","theMarked:Convert"],"picked":"theMarked:TakeOffHeels","floor":8.0},{"not_picked":["theMarked:RogueSparks","theMarked:HeightenedSenses","theMarked:EternalStudent"],"picked":"SKIP","floor":10.0},{"not_picked":["theMarked:ResourceFulStrike","theMarked:Electrocute"],"picked":"theMarked:Electrify","floor":11.0},{"not_picked":["theMarked:TwofoldDefense","theMarked:EmpowerWeapon","theMarked:Frustration"],"picked":"SKIP","floor":12.0},{"not_picked":["theMarked:SwordAndMagic","theMarked:BanishingStrike","theMarked:EmpowerWeapon"],"picked":"SKIP","floor":13.0},{"not_picked":["theMarked:SwordAndMagic","theMarked:WastefulDefense"],"picked":"theMarked:Overcharge","floor":14.0},{"not_picked":["theMarked:Challenge","theMarked:UnarmedFury"],"picked":"theMarked:TakeOffHeels","floor":16.0},{"not_picked":["theMarked:BanishingStrike","theMarked:ElectricStrings","theMarked:Improvise+1"],"picked":"SKIP","floor":18.0},{"not_picked":["theMarked:BanishingStrike","theMarked:ResourceFulStrike"],"picked":"theMarked:Static+1","floor":19.0},{"not_picked":["theMarked:ShockingTouch","theMarked:DispelDoubt","theMarked:Parkour"],"picked":"SKIP","floor":23.0},{"not_picked":["theMarked:HeritageOfTheMarked","theMarked:TwofoldDefense+1","theMarked:EnhancedHearing"],"picked":"SKIP","floor":24.0},{"not_picked":["theMarked:WardOff","theMarked:ChainLightning","theMarked:Static"],"picked":"SKIP","floor":25.0},{"not_picked":["theMarked:Electrocute","theMarked:FavorableWinds"],"picked":"theMarked:EnhanceMovement","floor":27.0},{"not_picked":["theMarked:ChainLightning","theMarked:HeightenedSenses","theMarked:LightningStrikesTwice"],"picked":"SKIP","floor":28.0},{"not_picked":["theMarked:SelfDefenseTraining","theMarked:TwofoldDefense"],"picked":"theMarked:EnhanceMovement+1","floor":30.0},{"not_picked":["theMarked:ChainLightning","theMarked:Overcharge+1"],"picked":"theMarked:Levitate","floor":31.0},{"not_picked":["theMarked:ResourceFulStrike","theMarked:Static+1","theMarked:Improvise"],"picked":"SKIP","floor":35.0},{"not_picked":["theMarked:BanishingStrike","theMarked:ChainLightning"],"picked":"theMarked:Electrocute+1","floor":37.0},{"not_picked":["theMarked:Electrify","theMarked:Overthink"],"picked":"theMarked:Reabsorb+1","floor":38.0},{"not_picked":["theMarked:CreepingChasm","theMarked:ChainLightning","theMarked:Overthink"],"picked":"SKIP","floor":39.0},{"not_picked":["theMarked:Static+1","theMarked:Panic+1"],"picked":"theMarked:RepellingDischarge+1","floor":40.0},{"not_picked":["theMarked:Electrify","theMarked:Electrocute","theMarked:WardOff+1"],"picked":"SKIP","floor":42.0},{"not_picked":["theMarked:WardOff+1","theMarked:ResourceFulStrike+1","theMarked:Reabsorb"],"picked":"SKIP","floor":48.0},{"not_picked":["theMarked:Opportunist+1","theMarked:EternalStudent","theMarked:MysticalArsenal+1"],"picked":"SKIP","floor":54.0}],"player_experience":653228,"relics_obtained":[{"floor":6.0,"key":"Art of War"},{"floor":8.0,"key":"Whetstone"},{"floor":9.0,"key":"InkBottle"},{"floor":10.0,"key":"Juzu Bracelet"},{"floor":14.0,"key":"theMarked:DemonDagger"},{"floor":23.0,"key":"War Paint"},{"floor":26.0,"key":"Bag of Preparation"},{"floor":28.0,"key":"Anchor"},{"floor":31.0,"key":"StrikeDummy"},{"floor":40.0,"key":"Ancient Tea Set"},{"floor":45.0,"key":"Mango"},{"floor":48.0,"key":"PreservedInsect"},{"floor":54.0,"key":"Bronze Scales"}],"event_choices":[{"damage_healed":0.0,"max_hp_gain":0.0,"max_hp_loss":0.0,"gold_gain":0.0,"event_name":"WeMeetAgain","player_choice":"Ignored","floor":2.0,"gold_loss":0.0,"damage_taken":0.0},{"cards_removed":["theMarked:Strike"],"damage_healed":0.0,"max_hp_gain":0.0,"max_hp_loss":0.0,"gold_gain":0.0,"event_name":"Living Wall","player_choice":"Forget","floor":4.0,"gold_loss":0.0,"damage_taken":0.0},{"damage_healed":0.0,"max_hp_gain":0.0,"max_hp_loss":0.0,"gold_gain":0.0,"event_name":"Duplicator","player_choice":"Copied","floor":21.0,"gold_loss":0.0,"damage_taken":0.0,"cards_obtained":["theMarked:GodGivenPower"]},{"damage_healed":0.0,"max_hp_gain":0.0,"max_hp_loss":0.0,"gold_gain":0.0,"event_name":"Lab","player_choice":"Got Potions","floor":36.0,"gold_loss":0.0,"damage_taken":0.0},{"damage_healed":0.0,"max_hp_gain":0.0,"max_hp_loss":4.0,"gold_gain":0.0,"event_name":"Winding Halls","player_choice":"Max HP","floor":44.0,"gold_loss":0.0,"damage_taken":0.0},{"damage_healed":0.0,"max_hp_gain":0.0,"max_hp_loss":0.0,"gold_gain":0.0,"event_name":"MindBloom","player_choice":"Fight","floor":45.0,"gold_loss":0.0,"damage_taken":0.0},{"cards_removed":["theMarked:TakeOffHeels"],"damage_healed":0.0,"max_hp_gain":0.0,"max_hp_loss":0.0,"gold_gain":0.0,"event_name":"Falling","player_choice":"Removed Skill","floor":47.0,"gold_loss":0.0,"damage_taken":0.0}],"is_beta":false,"boss_relics":[{"not_picked":["Tiny House","Fusion Hammer"],"picked":"Empty Cage"},{"not_picked":["Runic Pyramid","Astrolabe"],"picked":"Coffee Dripper"}],"items_purged_floors":[20,41],"is_endless":false,"potions_floor_spawned":[3,8,10,14,19,27,28,38,40,42],"ascension_level":0}}