{"host":"5gc11emcm5chfr5t","time":1608447289,"event":{"mods":["2.2 Compatiblity","AchievementEnabler","BaseMod","Bestiary","Better Note","Colored Map","Colored Powertips","Downfall","Googly Eyes","Minty Spire (QoL Compilation)","Rare Cards Sparkle","StSLib"],"gold_per_floor":[149,182,107,170,320,320,397,322,322,351,362,373,385,397,397,476,476,476,492,492,492,492,492],"floor_reached":22,"playtime":745,"items_purged":[],"score":402,"play_id":"0d20ccb5-afb8-4cb6-b384-138ba7576965","local_time":"20201220015449","is_ascension_mode":true,"campfire_choices":[{"floor":1,"key":"RECALL"},{"floor":3,"key":"REST"},{"floor":8,"key":"REST"},{"data":"sneckomod:UnknownRarePower","floor":18,"key":"SMITH"}],"circlet_count":0,"master_deck":["AscendersBane","sneckomod:Defend","sneckomod:Defend","sneckomod:TailWhip","sneckomod:SnekBite","sneckomod:Unknown+1","sneckomod:Unknown","sneckomod:UnknownStrength","sneckomod:UnknownColorless","sneckomod:UnknownBlock","sneckomod:UnknownClassPURPLE","sneckomod:UnknownRareAttack","sneckomod:SoulRoll","sneckomod:SnekBeam","sneckomod:PureSnecko","sneckomod:UnknownRarePower+1","sneckomod:UnknownWeak+1","sneckomod:UnknownStrength+1","sneckomod:UnknownClassSLIMEBOUND+1","sneckomod:WideSting","sneckomod:ImprovisedGuard"],"relics":["Tiny House","Potion Belt","downfall:HeartBlessingRed","sneckomod:ConfusingCodex","InkBottle","downfall:HeartBlessingBlue","Spirit Poop","Question Card","Astrolabe"],"acts_visited":["Exordium","TheCity"],"potions_floor_usage":[15,16,21],"damage_taken":[{"damage":30,"enemies":"Lagavulin","floor":2,"turns":5},{"damage":65,"enemies":"3 Sentries","floor":4,"turns":13},{"damage":6,"enemies":"Gremlin Nob","floor":10,"turns":3},{"damage":0,"enemies":"Small Slimes","floor":11,"turns":2},{"damage":0,"enemies":"2 Louse","floor":12,"turns":3},{"damage":11,"enemies":"Cultist","floor":13,"turns":5},{"damage":0,"enemies":"Exordium Wildlife","floor":14,"turns":2},{"damage":0,"enemies":"Lots of Slimes","floor":15,"turns":1},{"damage":15,"enemies":"downfall:Watcher","floor":16,"turns":13},{"damage":46,"enemies":"Shell Parasite","floor":19,"turns":5},{"damage":18,"enemies":"Book of Stabbing","floor":21,"turns":4},{"damage":0,"enemies":"downfall:FleeingMerchant","floor":22,"turns":1}],"seed_played":"5182825099593711098","potions_obtained":[{"floor":0,"key":"SmokeBomb"},{"floor":2,"key":"SmokeBomb"},{"floor":11,"key":"FearPotion"},{"floor":16,"key":"CultistPotion"}],"is_trial":false,"path_per_floor":["R","E","R","?","?","?","T","R","?","E","M","M","M","M","M","B",null,"R","M","?","E","$"],"character_chosen":"THE_SNECKO","items_purchased":[],"campfire_rested":2,"item_purchase_floors":[],"current_hp_per_floor":[80,50,76,11,11,6,6,45,45,39,39,39,28,28,28,13,77,77,31,31,13,13,13],"gold":492,"neow_bonus":"BOSS_RELIC","is_daily":false,"chose_seed":false,"campfire_upgraded":1,"win_rate":0.0,"timestamp":1608447289,"path_taken":["R","E","R","?","?","?","T","R","?","E","M","M","?","M","M","BOSS","R","M","?","E","$"],"items_purchased_type":[],"build_version":"2020-12-13","purchased_purges":0,"victory":false,"max_hp_per_floor":[88,88,88,88,88,88,88,98,98,98,98,98,98,98,98,98,98,98,98,98,98,98,98],"card_choices":[{"not_picked":["sneckomod:UnknownVulnerable","sneckomod:UnknownWeak"],"picked":"sneckomod:UnknownStrength","floor":0},{"not_picked":["sneckomod:UnknownBlock","sneckomod:DefensiveFlair"],"picked":"sneckomod:UnknownColorless","floor":2},{"not_picked":["sneckomod:DiceBoulder","sneckomod:UnknownStrike"],"picked":"sneckomod:UnknownBlock","floor":4},{"not_picked":["sneckomod:UnknownStrike","sneckomod:UnknownVulnerable"],"picked":"sneckomod:UnknownClassPURPLE","floor":10},{"not_picked":["sneckomod:UnknownStrike","sneckomod:RainOfDice","sneckomod:UnknownWeak"],"picked":"sneckomod:UnknownRareAttack","floor":11},{"not_picked":["sneckomod:UnknownClassGUARDIAN","sneckomod:UnknownCommonSkill","sneckomod:UnknownClassBLUE"],"picked":"sneckomod:SoulRoll","floor":12},{"not_picked":["sneckomod:QuickMove","sneckomod:UnknownVulnerable","sneckomod:Unknown1Cost"],"picked":"sneckomod:SnekBeam","floor":13},{"not_picked":["sneckomod:UnknownClassRED","sneckomod:SoulDraw","sneckomod:UnknownUncommonSkill"],"picked":"sneckomod:PureSnecko","floor":14},{"not_picked":["sneckomod:UnknownRareSkill","sneckomod:Cheat","sneckomod:UnlimitedRolls"],"picked":"sneckomod:UnknownRarePower","floor":16},{"not_picked":["sneckomod:DiceBlock+1","sneckomod:UnknownCommonSkill","sneckomod:UnknownVulnerable"],"picked":"sneckomod:WideSting","floor":19}],"player_experience":448500,"relics_obtained":[{"floor":2,"key":"Potion Belt"},{"floor":4,"key":"sneckomod:ConfusingCodex"},{"floor":10,"key":"Question Card"}],"event_choices":[{"damage_healed":0,"gold_gain":0,"player_choice":"Success","damage_taken":5,"relics_obtained":["InkBottle"],"max_hp_gain":0,"max_hp_loss":0,"event_name":"Scrap Ooze","floor":6,"gold_loss":0},{"cards_removed":["Doubt"],"damage_healed":0,"gold_gain":0,"player_choice":"Offered Curse","damage_taken":0,"relics_obtained":["Spirit Poop"],"max_hp_gain":0,"max_hp_loss":0,"event_name":"Bonfire Elementals","floor":9,"gold_loss":0},{"damage_healed":0,"gold_gain":0,"cards_transformed":["sneckomod:Strike"],"player_choice":"Transformed","damage_taken":0,"max_hp_gain":0,"max_hp_loss":0,"event_name":"Transmorgrifier","floor":20,"gold_loss":0,"cards_obtained":["sneckomod:ImprovisedGuard"]}],"is_beta":false,"boss_relics":[{"not_picked":["Ectoplasm","Runic Dome"],"picked":"Astrolabe"}],"items_purged_floors":[],"is_endless":false,"potions_floor_spawned":[2,11,15,16,21],"killed_by":"downfall:FleeingMerchant","ascension_level":18}}