{"host":"sav7uxregyirlf69","time":1608444039,"event":{"mods":["AchievementEnabler","BaseMod","Colored Map","DeckTracker","Keyboard Shortcuts","Minty Spire (QoL Compilation)","READ ME - Guardian Mod","StSLib","SuperFastMode"],"gold_per_floor":[15,15,34,34,57,57,97,97,147,161,161,111,111,126,126,126,126],"floor_reached":16,"playtime":503,"items_purged":["Strike_P"],"score":200,"play_id":"374127b8-4040-43e1-8d3e-f08b5c075c33","local_time":"20201220150039","is_ascension_mode":true,"campfire_choices":[{"data":"Eruption","floor":6,"key":"SMITH"},{"data":"CrushJoints","floor":8,"key":"SMITH"},{"data":"Vigilance","floor":13,"key":"SMITH"},{"data":"DevaForm","floor":15,"key":"SMITH"}],"circlet_count":0,"master_deck":["AscendersBane","Strike_P","Strike_P","Defend_P","Defend_P","Defend_P","Defend_P","Eruption+1","Vigilance+1","Consecrate","CrushJoints+1","FollowUp","DevaForm+1"],"relics":["PureWater","Golden Idol","Smiling Mask","MealTicket"],"acts_visited":["Exordium"],"potions_floor_usage":[7],"damage_taken":[{"damage":0,"enemies":"Jaw Worm","floor":1,"turns":2},{"damage":0,"enemies":"Small Slimes","floor":3,"turns":2},{"damage":0,"enemies":"2 Louse","floor":5,"turns":2},{"damage":2,"enemies":"3 Sentries","floor":7,"turns":4},{"damage":18,"enemies":"Gremlin Gang","floor":10,"turns":6},{"damage":0,"enemies":"Red Slaver","floor":14,"turns":3},{"damage":64,"enemies":"The Guardian","floor":16,"turns":15}],"seed_played":"-7449994642486919089","potions_obtained":[{"floor":1,"key":"AttackPotion"}],"is_trial":false,"path_per_floor":["M","?","M","?","M","R","E","R","T","M","?","$","R","M","R","B"],"character_chosen":"WATCHER","items_purchased":[],"campfire_rested":0,"item_purchase_floors":[],"current_hp_per_floor":[73,45,45,38,38,38,36,36,36,18,44,59,59,59,59,0,0],"gold":126,"neow_bonus":"TWENTY_PERCENT_HP_BONUS","is_daily":false,"chose_seed":false,"campfire_upgraded":4,"win_rate":0.0,"timestamp":1608444039,"path_taken":["M","?","M","?","M","R","E","R","T","M","?","$","R","M","R","BOSS"],"items_purchased_type":[],"build_version":"2020-12-13","purchased_purges":1,"victory":false,"max_hp_per_floor":[80,80,80,80,80,80,80,80,80,80,80,80,80,80,80,80,80],"card_choices":[{"not_picked":["SandsOfTime","FlyingSleeves"],"picked":"Consecrate","floor":1},{"not_picked":["MentalFortress","ReachHeaven"],"picked":"CrushJoints","floor":3},{"not_picked":["Swivel","EmptyBody"],"picked":"FollowUp","floor":5},{"not_picked":["CrushJoints","Swivel","ThirdEye"],"picked":"SKIP","floor":7},{"not_picked":["Conclude","FlyingSleeves","PathToVictory"],"picked":"SKIP","floor":10},{"not_picked":["CrushJoints","SashWhip"],"picked":"DevaForm","floor":14}],"player_experience":964572,"relics_obtained":[{"floor":7,"key":"Smiling Mask"},{"floor":9,"key":"MealTicket"}],"event_choices":[{"damage_healed":0,"gold_gain":0,"player_choice":"Take Damage","damage_taken":28,"relics_obtained":["Golden Idol"],"max_hp_gain":0,"max_hp_loss":0,"event_name":"Golden Idol","floor":2,"gold_loss":0},{"cards_removed":["Strike_P"],"damage_healed":0,"gold_gain":0,"player_choice":"Card Removal","damage_taken":7,"max_hp_gain":0,"max_hp_loss":0,"event_name":"Golden Wing","floor":4,"gold_loss":0},{"damage_healed":26,"gold_gain":0,"player_choice":"Banana","damage_taken":0,"max_hp_gain":0,"max_hp_loss":0,"event_name":"Big Fish","floor":11,"gold_loss":0}],"is_beta":false,"boss_relics":[],"items_purged_floors":[12],"is_endless":false,"potions_floor_spawned":[1],"killed_by":"The Guardian","ascension_level":20}}