{"host":"mm0v83pkg2fvsdgl","time":1608446545,"event":{"mods":["2.2 Compatiblity","Alarm Clock","AlwaysNeverKeys","BaseMod","Beaked The Cultist","Better Altar","Better Match","Better Note","Better Sensory Stone","Better Silent Start","Better Third Choice","Clawfect","Displayed Cursed Tome","Energized Spire","Friendly Minions","Highlight Path","Ironclad Rager","Keyboard Shortcuts","Lotus Mark","Marisa????????","Marked Mod","Mimic Mod","Minty Spire (QoL Compilation)","Permanent Neow","Railgun Mod","Remove Card Discount Mod","Shade Mod","Somnambulant","Spicy Shops","StSLib","Swap Starting Deck Mod","The Construct","The Disciple","The Dragon Tamer","The Hierophant","TheHeartMod","TheVacant","Transform Curses","Unceasing Turn Reminder","Wandering Minibosses"],"gold_per_floor":[114,114,129,129,144,144,93,93,123,123,0,30,30,30,30,130,130,145,160,175,82,97,127,42,42,67,61,61,61,91,91,91,91,91,91],"floor_reached":33,"playtime":1849,"items_purged":["Regret","Regret","DTMod:Strike","DTMod:Strike","DTMod:Strike","DTMod:Strike","DTMod:DragonDance","DTMod:DragonDance","DTMod:DragonDance","DTMod:DragonDance","DTMod:DragonDance","DTMod:DragonDance","DTMod:DragonDance","DTMod:DragonDance","DTMod:DragonDance","DTMod:DragonDance","DTMod:DragonDance","DTMod:DragonDance","DTMod:BurningEnergy","DTMod:BurningEnergy","DTMod:BurningEnergy","DTMod:CleansingStrike","DTMod:TargetDefense","DTMod:TargetDefense","DTMod:TargetDefense","DTMod:TargetDefense","DTMod:DoubleHit","DTMod:Adaptation","DTMod:Adaptation","Regret","Regret","Regret"],"score":404,"play_id":"58871f02-860b-46ab-b20e-4bf4b9a320b0","local_time":"20201220014225","daily_mods":["Specialized","Hoarder","Terminal"],"is_ascension_mode":false,"metric_token":2579,"campfire_choices":[{"data":"DTMod:Training","floor":6,"key":"SMITH"},{"data":"DTMod:Training","floor":8,"key":"SMITH"},{"data":"DTMod:Training","floor":10,"key":"SMITH"},{"data":"DTMod:CleansingStrike","floor":13,"key":"SMITH"},{"data":"DTMod:CleansingStrike","floor":15,"key":"SMITH"},{"data":"DTMod:Adaptation","floor":25,"key":"SMITH"},{"data":"DTMod:Overwhelm","floor":28,"key":"SMITH"},{"data":"DTMod:ForkedFire","floor":32,"key":"SMITH"}],"dtmod_dragon_data":[0,50,3,-1,6,0],"circlet_count":0,"master_deck":["DTMod:SwitchingTactic","DTMod:DragonDance","DTMod:DragonDance","DTMod:DragonDance","DTMod:Dissolve","DTMod:Dissolve","DTMod:Dissolve","DTMod:ForkedFire+1","DTMod:ForkedFire","DTMod:ForkedFire","DTMod:Training+1","DTMod:Training+1","DTMod:Training+1","DTMod:CrossStep","DTMod:CrossStep","DTMod:CrossStep","DTMod:CleansingStrike+1","DTMod:CleansingStrike+1","DTMod:LightShield","DTMod:LightShield","DTMod:LightShield","DTMod:BurningEnergy+1","DTMod:BurningEnergy+1","DTMod:BurningEnergy+1","DTMod:Overwhelm+1","DTMod:Overwhelm","DTMod:Overwhelm","DTMod:Adaptation+1","DTMod:InvisibleFlame","DTMod:InvisibleFlame","DTMod:InvisibleFlame","DTMod:Observe","DTMod:Observe","DTMod:Observe","DTMod:Threaten","DTMod:Threaten","DTMod:Threaten","DTMod:Observe","DTMod:Observe","DTMod:Observe"],"relics":["DTMod:PactStone","Ancient Tea Set","Potion Belt","Sling","Bronze Scales","Cursed Key","Boot","DTMod:DragonFood","Blood Vial","White Beast Statue"],"acts_visited":["Exordium","TheCity"],"potions_floor_usage":[30,30,30,33,33],"damage_taken":[{"damage":0,"enemies":"Small Slimes","floor":1,"turns":4},{"damage":0,"enemies":"2 Louse","floor":3,"turns":2},{"damage":6,"enemies":"Jaw Worm","floor":5,"turns":4},{"damage":0,"enemies":"Gremlin Gang","floor":9,"turns":5},{"damage":0,"enemies":"Gremlin Nob","floor":12,"turns":4},{"damage":23,"enemies":"The Guardian","floor":16,"turns":9},{"damage":0,"enemies":"3 Byrds","floor":18,"turns":4},{"damage":0,"enemies":"2 Thieves","floor":19,"turns":2},{"damage":0,"enemies":"Centurion and Healer","floor":20,"turns":8},{"damage":0,"enemies":"Snecko","floor":22,"turns":5},{"damage":0,"enemies":"Book of Stabbing","floor":23,"turns":6},{"damage":0,"enemies":"Slavers","floor":30,"turns":6},{"damage":23,"enemies":"Champ","floor":33,"turns":8}],"seed_played":"4005297234989847306","potions_obtained":[{"floor":1,"key":"Fire Potion"},{"floor":5,"key":"AttackPotion"},{"floor":12,"key":"SpeedPotion"},{"floor":14,"key":"Energy Potion"},{"floor":14,"key":"DuplicationPotion"},{"floor":19,"key":"AttackPotion"},{"floor":30,"key":"Weak Potion"}],"is_trial":false,"path_per_floor":["M","?","M","?","M","R","$","R","MIM","R","$","E","R","?","R","B",null,"M","M","M","$","M","E","$","R","T","$","R","?","E","?","R","B"],"character_chosen":"THE_DT","items_purchased":["DTMod:CrossStep","DTMod:BurningEnergy","Sling","Boot","DTMod:InvisibleFlame"],"campfire_rested":0,"item_purchase_floors":[7,11,11,21,24],"current_hp_per_floor":[43,42,41,34,28,28,28,28,28,28,28,28,28,28,28,5,27,26,25,24,23,22,21,20,19,18,17,16,15,14,13,12,0,0,0],"gold":91,"neow_bonus":"","is_daily":true,"chose_seed":false,"campfire_upgraded":8,"win_rate":0.0,"timestamp":1608446545,"path_taken":["M","?","M","?","?","R","$","R","MIM","R","$","E","R","?","R","BOSS","M","M","M","$","M","E","?","R","T","$","R","?","E","?","R","BOSS"],"items_purchased_type":["Card","Card","Relic","Relic","Card"],"build_version":"2020-12-13","purchased_purges":32,"victory":false,"max_hp_per_floor":[43,42,41,40,39,38,37,36,35,34,33,32,31,30,29,28,27,26,25,24,23,22,21,20,19,18,17,16,15,14,13,12,12,12,12],"card_choices":[{"not_picked":["DTMod:BizarreTactic","DTMod:Overwhelm"],"picked":"DTMod:Dissolve","floor":1},{"not_picked":["DTMod:StarRain","DTMod:BizarreTactic"],"picked":"DTMod:ForkedFire","floor":3},{"not_picked":["DTMod:Hide","DTMod:FlameSlash"],"picked":"DTMod:Training","floor":5},{"not_picked":["DTMod:Cover","DTMod:Threaten"],"picked":"DTMod:CleansingStrike","floor":9},{"not_picked":["DTMod:Threaten","DTMod:Punisher","DTMod:BizarreTactic"],"picked":"SKIP","floor":12},{"not_picked":["DTMod:EchoTactic","DTMod:TriAttack"],"picked":"DTMod:LightShield","floor":16},{"not_picked":["DTMod:FlameSlash+1","DTMod:Weaken"],"picked":"DTMod:BurningEnergy+1","floor":18},{"not_picked":["DTMod:Dissolve","DTMod:CleansingStrike","DTMod:ComboAttack"],"picked":"SKIP","floor":19},{"not_picked":["DTMod:Hide+1","DTMod:Dissolve","DTMod:Haste"],"picked":"SKIP","floor":20},{"not_picked":["DTMod:QuickFly","DTMod:CleansingStrike"],"picked":"DTMod:Overwhelm","floor":22},{"not_picked":["DTMod:Dissolve","DTMod:BlazingStrike"],"picked":"DTMod:Adaptation","floor":23},{"not_picked":["DTMod:Punisher","DTMod:Feint"],"picked":"DTMod:Threaten","floor":30}],"player_experience":637886,"relics_obtained":[{"floor":9,"key":"Potion Belt"},{"floor":12,"key":"Bronze Scales"},{"floor":23,"key":"DTMod:DragonFood"},{"floor":26,"key":"Blood Vial"},{"floor":30,"key":"White Beast Statue"}],"event_choices":[{"damage_healed":0,"gold_gain":0,"player_choice":"Box","damage_taken":0,"relics_obtained":["Ancient Tea Set"],"max_hp_gain":0,"max_hp_loss":0,"event_name":"Big Fish","floor":2,"gold_loss":0,"cards_obtained":["Regret"]},{"cards_removed":["Regret"],"damage_healed":0,"gold_gain":0,"player_choice":"Card Removal","damage_taken":7,"max_hp_gain":0,"max_hp_loss":0,"event_name":"Golden Wing","floor":4,"gold_loss":0},{"damage_healed":0,"gold_gain":0,"player_choice":"Got Potions","damage_taken":0,"max_hp_gain":0,"max_hp_loss":0,"event_name":"Lab","floor":14,"gold_loss":0},{"damage_healed":0,"gold_gain":0,"player_choice":"Read","damage_taken":0,"max_hp_gain":0,"max_hp_loss":0,"event_name":"The Library","floor":29,"gold_loss":0,"cards_obtained":["DTMod:Observe"]},{"damage_healed":0,"gold_gain":0,"player_choice":"Copied","damage_taken":0,"max_hp_gain":0,"max_hp_loss":0,"event_name":"Duplicator","floor":31,"gold_loss":0,"cards_obtained":["DTMod:Observe"]}],"is_beta":false,"boss_relics":[{"not_picked":["Empty Cage","Sozu"],"picked":"Cursed Key"}],"items_purged_floors":[7,7,7,7,7,7,11,11,11,11,11,11,11,11,11,11,11,11,21,21,21,21,21,21,21,21,21,24,24,27,27,27],"is_endless":false,"potions_floor_spawned":[1,5,12,19,20,30],"killed_by":"Champ","ascension_level":0}}