{"host":"Aysed","time":1608467976,"event":{"mods":["AchievementEnabler","BaseMod","Colored Powertips","Downfall","Faster Ascension Climbing","Minty Spire (QoL Compilation)","Quick Restart","StSLib","SuperFastMode"],"gold_per_floor":[16,16,26,74,84,84,84,8,35,35,49,49,124,143,143,143,143],"floor_reached":16,"playtime":295,"items_purged":[],"score":90,"play_id":"51134b09-aa2a-48f4-865c-4ddcad8b3790","local_time":"20201220133936","is_ascension_mode":false,"campfire_choices":[{"data":"Heatsinks","floor":6,"key":"SMITH"},{"data":"Tempest","floor":12,"key":"SMITH"},{"data":"Storm","floor":15,"key":"SMITH"}],"circlet_count":0,"master_deck":["Strike_B","Strike_B","Defend_B","Defend_B","Defend_B","Defend_B","Zap","Dualcast","Heatsinks+1","Regret","Tempest+1","Storm+1"],"relics":["Cracked Core","Happy Flower","Vajra","Lantern","Ancient Tea Set"],"acts_visited":["Exordium"],"potions_floor_usage":[16,16],"damage_taken":[{"damage":5,"enemies":"Jaw Worm","floor":1,"turns":4},{"damage":1,"enemies":"Cultist","floor":3,"turns":3},{"damage":2,"enemies":"2 Louse","floor":5,"turns":3},{"damage":28,"enemies":"Exordium Wildlife","floor":11,"turns":6},{"damage":22,"enemies":"2 Fungi Beasts","floor":14,"turns":3},{"damage":7,"enemies":"Hexaghost","floor":16,"turns":5}],"seed_played":"1498820983771928867","potions_obtained":[{"floor":5,"key":"Dexterity Potion"},{"floor":11,"key":"Ancient Potion"},{"floor":14,"key":"SkillPotion"}],"is_trial":false,"path_per_floor":["M","?","M","T","M","R","?","$","T","$","M","R","?","M","R","B"],"character_chosen":"DEFECT","items_purchased":["Tempest"],"campfire_rested":0,"item_purchase_floors":[8],"current_hp_per_floor":[70,70,69,69,67,67,67,67,67,67,39,39,28,6,6,0,0],"gold":143,"neow_bonus":"REMOVE_TWO","is_daily":false,"chose_seed":false,"campfire_upgraded":3,"win_rate":0.0,"timestamp":1608467976,"path_taken":["M","?","?","?","M","R","?","$","T","?","M","R","?","?","R","BOSS"],"items_purchased_type":["Card"],"build_version":"2020-12-18","purchased_purges":0,"victory":false,"max_hp_per_floor":[75,75,75,75,75,75,75,75,75,75,75,75,75,75,75,75,75],"card_choices":[{"not_picked":["Sweeping Beam","Steam","Cold Snap"],"picked":"SKIP","floor":1},{"not_picked":["Gash","Reinforced Body"],"picked":"Heatsinks","floor":3},{"not_picked":["Aggregate","Coolheaded","Go for the Eyes"],"picked":"SKIP","floor":5},{"not_picked":["Fission","Compile Driver","Turbo"],"picked":"SKIP","floor":11},{"not_picked":["Consume","Go for the Eyes"],"picked":"Storm","floor":14}],"player_experience":38841,"relics_obtained":[{"floor":2,"key":"Happy Flower"},{"floor":4,"key":"Vajra"},{"floor":9,"key":"Ancient Tea Set"}],"event_choices":[{"damage_healed":0,"gold_gain":0,"player_choice":"Relic","damage_taken":0,"max_hp_gain":0,"max_hp_loss":0,"event_name":"Wheel of Change","floor":2,"gold_loss":0},{"damage_healed":0,"gold_gain":0,"player_choice":"Box","damage_taken":0,"relics_obtained":["Lantern"],"max_hp_gain":0,"max_hp_loss":0,"event_name":"Big Fish","floor":7,"gold_loss":0,"cards_obtained":["Regret"]},{"damage_healed":0,"gold_gain":75,"player_choice":"Gather Gold","damage_taken":11,"max_hp_gain":0,"max_hp_loss":0,"event_name":"World of Goop","floor":13,"gold_loss":0}],"is_beta":true,"boss_relics":[],"items_purged_floors":[],"is_endless":false,"potions_floor_spawned":[5,11,14],"killed_by":"Hexaghost","ascension_level":0}}