{"host":"sav7uxregyirlf69","time":1608441496,"event":{"mods":["AchievementEnabler","BaseMod","Colored Map","DeckTracker","Keyboard Shortcuts","Minty Spire (QoL Compilation)","READ ME - Guardian Mod","StSLib","SuperFastMode"],"gold_per_floor":[110,110,121,41,52,84,84,102,102,102,114,114,132,152,152,152,152],"floor_reached":16,"playtime":316,"items_purged":[],"score":208,"play_id":"2931dc8c-907f-44e0-9a07-4ba3c4545d1d","local_time":"20201220141816","is_ascension_mode":true,"campfire_choices":[{"data":"Eruption","floor":7,"key":"SMITH"},{"floor":12,"key":"REST"},{"data":"Adaptation","floor":15,"key":"SMITH"}],"circlet_count":0,"master_deck":["AscendersBane","Strike_P","Strike_P","Strike_P","Strike_P","Defend_P","Defend_P","Defend_P","Eruption+1","Vigilance","TalkToTheHand","FollowUp","Adaptation+1","MentalFortress","EmptyFist","FlurryOfBlows","BattleHymn"],"relics":["PureWater","NeowsBlessing","Ancient Tea Set","Smiling Mask"],"acts_visited":["Exordium"],"potions_floor_usage":[6,14,16,16],"damage_taken":[{"damage":0,"enemies":"Jaw Worm","floor":1,"turns":1},{"damage":0,"enemies":"Cultist","floor":3,"turns":1},{"damage":0,"enemies":"Small Slimes","floor":5,"turns":1},{"damage":14,"enemies":"Lagavulin","floor":6,"turns":8},{"damage":22,"enemies":"Exordium Thugs","floor":8,"turns":4},{"damage":17,"enemies":"3 Louse","floor":11,"turns":4},{"damage":2,"enemies":"Blue Slaver","floor":13,"turns":3},{"damage":1,"enemies":"Gremlin Gang","floor":14,"turns":6},{"damage":25,"enemies":"The Guardian","floor":16,"turns":8}],"seed_played":"-507696911237160650","potions_obtained":[{"floor":1,"key":"SteroidPotion"},{"floor":5,"key":"Fire Potion"},{"floor":6,"key":"GamblersBrew"},{"floor":10,"key":"StancePotion"},{"floor":14,"key":"Fire Potion"}],"is_trial":false,"path_per_floor":["M","?","M","$","M","E","R","M","T","?","M","R","M","M","R","B"],"character_chosen":"WATCHER","items_purchased":["Adaptation"],"campfire_rested":1,"item_purchase_floors":[4],"current_hp_per_floor":[61,61,61,61,61,47,47,25,25,25,8,28,26,25,25,0,0],"gold":152,"neow_bonus":"THREE_ENEMY_KILL","is_daily":false,"chose_seed":false,"campfire_upgraded":2,"win_rate":0.0,"timestamp":1608441496,"path_taken":["M","?","?","$","M","E","R","M","T","?","M","R","M","?","R","BOSS"],"items_purchased_type":["Card"],"build_version":"2020-12-13","purchased_purges":0,"victory":false,"max_hp_per_floor":[68,68,68,68,68,68,68,68,68,68,68,68,68,68,68,68,68],"card_choices":[{"not_picked":["Collect","Prostrate"],"picked":"TalkToTheHand","floor":1},{"not_picked":["Evaluate","CrushJoints"],"picked":"FollowUp","floor":3},{"not_picked":["Prostrate","Halt"],"picked":"MentalFortress","floor":5},{"not_picked":["Nirvana","JustLucky"],"picked":"EmptyFist","floor":6},{"not_picked":["BowlingBash","WreathOfFlame","FlyingSleeves"],"picked":"SKIP","floor":8},{"not_picked":["SashWhip","LikeWater","Devotion"],"picked":"SKIP","floor":11},{"not_picked":["Protect","ClearTheMind"],"picked":"FlurryOfBlows","floor":13},{"not_picked":["FollowUp","Prostrate","BattleHymn"],"picked":"SKIP","floor":14},{"not_picked":["FollowUp","Prostrate"],"picked":"BattleHymn","floor":14}],"player_experience":963794,"relics_obtained":[{"floor":6,"key":"Ancient Tea Set"},{"floor":9,"key":"Smiling Mask"}],"event_choices":[{"cards_removed":["Defend_P"],"damage_healed":0,"gold_gain":0,"player_choice":"Card Removal","damage_taken":0,"max_hp_gain":0,"max_hp_loss":0,"event_name":"Wheel of Change","floor":2,"gold_loss":0},{"damage_healed":0,"gold_gain":0,"player_choice":"Got Potions","damage_taken":0,"max_hp_gain":0,"max_hp_loss":0,"event_name":"Lab","floor":10,"gold_loss":0}],"is_beta":false,"boss_relics":[],"items_purged_floors":[],"is_endless":false,"potions_floor_spawned":[1,5,6,14],"killed_by":"The Guardian","ascension_level":20}}