{"host":"8fjsnt81u6xsmhji","time":1608464673,"event":{"mods":["BaseMod","Colored Powertips","Downfall","Glutton Mod","Minty Spire (QoL Compilation)","Quick Restart","Somnambulant","StSLib","The Bug Knight","The Construct","The Forsaken","The Hierophant","The Mystic"],"gold_per_floor":[116,126,126,139,154,154,189,189,268,284,296,296,296,325,325,420,420,438,353,46,0,0,35,54,54,54,72,72,89,89,89],"floor_reached":30,"playtime":1249,"items_purged":[],"score":286,"play_id":"70ff536c-bb8f-45dd-ac87-8c8d9abadecc","local_time":"20201220054433","is_ascension_mode":true,"campfire_choices":[{"floor":6.0,"key":"RECALL"},{"floor":8.0,"key":"REST"},{"floor":13.0,"key":"REST"},{"data":"DevaForm","floor":15.0,"key":"SMITH"},{"floor":25.0,"key":"REST"}],"circlet_count":0,"master_deck":["Strike_P","Strike_P","Strike_P","Strike_P","Defend_P","Defend_P","Defend_P","Defend_P","Eruption","Vigilance","Establishment","FlyingSleeves","Pray+1","DevaForm+1","CarveReality","SandsOfTime","FlurryOfBlows","FlurryOfBlows","FlurryOfBlows","Ragnarok","DeceiveReality","Evaluate+1","Crescendo+1","Perseverance"],"relics":["PureWater","CaptainsWheel","Mummified Hand","theForsaken:Lifeblossom","construct:ClawGrip","Yang","Turnip","Omamori","Frozen Egg 2"],"acts_visited":["Exordium","TheCity"],"potions_floor_usage":[30],"damage_taken":[{"damage":1.0,"enemies":"Small Slimes","floor":1.0,"turns":4.0},{"damage":0.0,"enemies":"Cultist","floor":2.0,"turns":2.0},{"damage":0.0,"enemies":"2 Louse","floor":4.0,"turns":3.0},{"damage":12.0,"enemies":"Blue Slaver","floor":5.0,"turns":5.0},{"damage":26.0,"enemies":"Gremlin Nob","floor":7.0,"turns":4.0},{"damage":0.0,"enemies":"Large Slime","floor":10.0,"turns":5.0},{"damage":9.0,"enemies":"Looter","floor":11.0,"turns":3.0},{"damage":9.0,"enemies":"3 Sentries","floor":14.0,"turns":4.0},{"damage":61.0,"enemies":"The Guardian","floor":16.0,"turns":7.0},{"damage":31.0,"enemies":"Shell Parasite","floor":18.0,"turns":6.0},{"damage":11.0,"enemies":"Gremlin Leader","floor":23.0,"turns":6.0},{"damage":4.0,"enemies":"Spheric Guardian","floor":24.0,"turns":4.0},{"damage":19.0,"enemies":"3 Cultists","floor":27.0,"turns":4.0},{"damage":25.0,"enemies":"Centurion and Healer","floor":29.0,"turns":5.0},{"damage":36,"enemies":"Cultist and Chosen","floor":30,"turns":6}],"seed_played":"-1342463037948585000","potions_obtained":[{"floor":1.0,"key":"LiquidMemories"},{"floor":5.0,"key":"Swift Potion"},{"floor":11.0,"key":"AttackPotion"},{"floor":18.0,"key":"PowerPotion"},{"floor":24.0,"key":"FearPotion"}],"is_trial":false,"path_per_floor":["M","M","?","M","M","R","E","R","T","M","M","?","R","E","R","B",null,"M","?","$","?","?","E","M","R","T","M","$","M","M"],"character_chosen":"WATCHER","items_purchased":["Turnip"],"campfire_rested":3,"item_purchase_floors":[20],"current_hp_per_floor":[71,71,71,71,59,59,33,54,54,54,45,45,66,57,57,2,72,44,44,44,44,44,39,41,62,62,49,49,30,0,0],"gold":89,"neow_bonus":"THREE_RARE_CARDS","is_daily":false,"chose_seed":false,"campfire_upgraded":1,"win_rate":0.0,"timestamp":1608464673,"path_taken":["M","M","?","M","M","R","E","R","T","M","?","?","R","E","R","BOSS","M","?","$","?","?","E","?","R","T","M","$","M","M"],"items_purchased_type":["Relic"],"build_version":"2020-12-13","purchased_purges":0,"victory":false,"max_hp_per_floor":[72,72,72,72,72,72,72,72,72,72,72,72,72,72,72,72,72,72,72,72,72,72,72,72,72,72,72,72,72,72,72],"card_choices":[{"not_picked":["Wish","Brilliance"],"picked":"Establishment","floor":0.0},{"not_picked":["SashWhip","Consecrate"],"picked":"FlyingSleeves","floor":1.0},{"not_picked":["EmptyFist","Halt"],"picked":"Pray","floor":2.0},{"not_picked":["BattleHymn","Nirvana"],"picked":"DevaForm","floor":4.0},{"not_picked":["SashWhip","Prostrate"],"picked":"CarveReality","floor":5.0},{"not_picked":["ReachHeaven","JustLucky"],"picked":"SandsOfTime","floor":7.0},{"not_picked":["Evaluate","PathToVictory"],"picked":"FlurryOfBlows","floor":10.0},{"not_picked":["Halt","Indignation"],"picked":"FlurryOfBlows","floor":11.0},{"not_picked":["Weave","Nirvana"],"picked":"FlurryOfBlows","floor":14.0},{"not_picked":["DevaForm","SpiritShield"],"picked":"Ragnarok","floor":16.0},{"not_picked":["Pray","Wireheading","CarveReality+1"],"picked":"SKIP","floor":18.0},{"not_picked":["FearNoEvil","InnerPeace"],"picked":"DeceiveReality","floor":23.0},{"not_picked":["ThirdEye+1","Sanctity"],"picked":"Evaluate+1","floor":24.0},{"not_picked":["CutThroughFate+1","EmptyFist"],"picked":"Crescendo+1","floor":27.0},{"not_picked":["Weave","CarveReality"],"picked":"Perseverance","floor":29.0}],"player_experience":609534,"relics_obtained":[{"floor":7.0,"key":"CaptainsWheel"},{"floor":9.0,"key":"Mummified Hand"},{"floor":14.0,"key":"theForsaken:Lifeblossom"},{"floor":23.0,"key":"Omamori"},{"floor":26.0,"key":"Frozen Egg 2"}],"event_choices":[{"damage_healed":0.0,"max_hp_gain":0.0,"max_hp_loss":0.0,"gold_gain":0.0,"event_name":"Upgrade Shrine","player_choice":"Upgraded","floor":3.0,"gold_loss":0.0,"damage_taken":0.0,"cards_upgraded":["Pray"]},{"damage_healed":0.0,"max_hp_gain":0.0,"max_hp_loss":0.0,"gold_gain":0.0,"event_name":"Shining Light","player_choice":"Ignored","floor":12.0,"gold_loss":0.0,"damage_taken":0.0},{"damage_healed":0.0,"max_hp_gain":0.0,"max_hp_loss":0.0,"gold_gain":0.0,"event_name":"Addict","player_choice":"Obtained Relic","floor":19.0,"gold_loss":85.0,"damage_taken":0.0,"relics_obtained":["Yang"]},{"damage_healed":0.0,"max_hp_gain":0.0,"max_hp_loss":0.0,"gold_gain":0.0,"event_name":"Masked Bandits","player_choice":"Paid Fearfully","floor":21.0,"gold_loss":46.0,"damage_taken":0.0},{"cards_removed":["Shame"],"damage_healed":0.0,"max_hp_gain":0.0,"max_hp_loss":0.0,"gold_gain":0.0,"event_name":"Purifier","player_choice":"Purged","floor":22.0,"gold_loss":0.0,"damage_taken":0.0}],"is_beta":false,"boss_relics":[{"not_picked":["Coffee Dripper","Pandora\u0027s Box"],"picked":"construct:ClawGrip"}],"items_purged_floors":[],"is_endless":false,"potions_floor_spawned":[1,5,11,18,24],"killed_by":"Cultist and Chosen","ascension_level":2}}