{"host":"g8sjq9ki9zl67elp","time":1608430673,"event":{"mods":["BaseMod","Colored Map","Highlight Path","Hubris","Infinite Spire","Mimic Mod","Minty Spire (QoL Compilation)","Replay The Spire","StSLib","everything is the same but u backflip on backflip"],"gold_per_floor":[10,10,36,110,129,156,166,182,182,215,215,242,242,260,260,260,260],"floor_reached":16,"playtime":744,"items_purged":[],"score":126,"play_id":"0de22a2c-1540-4152-9463-12e272a28397","local_time":"20201219181753","is_ascension_mode":true,"campfire_choices":[{"data":"ReplayTheSpireMod:Muscle Training","floor":11,"key":"SMITH"},{"data":"ReplayTheSpireMod:Muscle Training","floor":13,"key":"SMITH"},{"data":"Heavy Blade","floor":15,"key":"SMITH"}],"circlet_count":0,"master_deck":["Strike_R","Strike_R+1","Strike_R","Defend_R","Defend_R+1","Defend_R","Defend_R","Bash","Massacre+1","ReplayTheSpireMod:Muscle Training+1","ReplayTheSpireMod:Muscle Training+1","Heavy Blade+1","Ghostly Armor"],"relics":["Burning Blood","Simple Rune","Art of War","InkBottle","Sundial","Durian"],"acts_visited":["Exordium"],"potions_floor_usage":[10,12,16,16],"damage_taken":[{"damage":5,"enemies":"Small Slimes","floor":1,"turns":4},{"damage":1,"enemies":"Jaw Worm","floor":5,"turns":3},{"damage":20,"enemies":"Gremlin Nob","floor":6,"turns":4},{"damage":2,"enemies":"2 Louse","floor":7,"turns":3},{"damage":12,"enemies":"Looter","floor":8,"turns":3},{"damage":26,"enemies":"3 Sentries","floor":10,"turns":6},{"damage":13,"enemies":"Gremlin Nob","floor":12,"turns":3},{"damage":1,"enemies":"Gremlin Gang","floor":14,"turns":3},{"damage":41,"enemies":"Fading Forest","floor":16,"turns":9}],"seed_played":"-2658473503803010767","potions_obtained":[{"floor":4,"key":"SmokeBomb"},{"floor":4,"key":"infinitespire:BlackPotion"},{"floor":4,"key":"FearPotion"},{"floor":7,"key":"DuplicationPotion"},{"floor":8,"key":"BloodPotion"},{"floor":10,"key":"Cursed Concoction"},{"floor":12,"key":"Doom Potion"}],"is_trial":false,"path_per_floor":["M","?","T","?","M","E","M","M","T","E","R","E","R","M","R","B"],"character_chosen":"IRONCLAD","items_purchased":[],"campfire_rested":0,"item_purchase_floors":[],"current_hp_per_floor":[80,80,80,48,53,39,43,37,37,33,33,31,31,36,36,0,0],"gold":260,"neow_bonus":"REMOVE_TWO","is_daily":false,"chose_seed":false,"campfire_upgraded":3,"win_rate":0.0,"timestamp":1608430673,"path_taken":["M","?","?","?","M","E","M","M","T","E","R","E","R","M","R","BOSS"],"items_purchased_type":[],"build_version":"2020-12-13","purchased_purges":0,"victory":false,"max_hp_per_floor":[80,80,80,80,80,80,80,80,80,80,80,85,85,85,85,85,85],"card_choices":[{"not_picked":["Cleave","Bloodletting"],"picked":"Massacre","floor":1},{"not_picked":["Headbutt","Intimidate"],"picked":"ReplayTheSpireMod:Muscle Training","floor":4},{"not_picked":["Combust","Reckless Charge","Evolve"],"picked":"SKIP","floor":5},{"not_picked":["Havoc","ReplayTheSpireMod:Limb From Limb","Body Slam"],"picked":"SKIP","floor":6},{"not_picked":["hubris:ReadiedAction","Replay:Undeath\u0027s Touch"],"picked":"ReplayTheSpireMod:Muscle Training","floor":7},{"not_picked":["Carnage","Whirlwind"],"picked":"Heavy Blade","floor":8},{"not_picked":["Reckless Charge","Perfected Strike","Wild Strike"],"picked":"SKIP","floor":10},{"not_picked":["Carnage","Body Slam","Feel No Pain"],"picked":"SKIP","floor":12},{"not_picked":["Blood for Blood","Twin Strike"],"picked":"Ghostly Armor","floor":14}],"player_experience":166003,"relics_obtained":[{"floor":3,"key":"Simple Rune"},{"floor":6,"key":"Art of War"},{"floor":9,"key":"InkBottle"},{"floor":10,"key":"Sundial"},{"floor":12,"key":"Durian"}],"event_choices":[{"damage_healed":0,"gold_gain":0,"player_choice":"Grow","damage_taken":0,"max_hp_gain":0,"max_hp_loss":0,"event_name":"Living Wall","floor":2,"gold_loss":0,"cards_upgraded":["Massacre"]}],"is_beta":false,"boss_relics":[],"items_purged_floors":[],"is_endless":false,"potions_floor_spawned":[7,8,10,12],"killed_by":"Fading Forest","ascension_level":1}}