{"host":"1hv1kueuvc4r3rdp","time":1608497209,"event":{"mods":["AchievementEnabler","BaseMod","DeckTracker","Highlight Path","Minty Spire (QoL Compilation)","Permanent Neow","StSLib"],"gold_per_floor":[117,131,6,17,28,28,28,43,43,76,42,77,77,107,107,205,205,220,232,246,264,264,264],"floor_reached":22,"playtime":1356,"items_purged":["Regret"],"score":270,"play_id":"b5246edb-a4dc-401f-8fdc-75eed0c42717","local_time":"20201220144649","is_ascension_mode":true,"campfire_choices":[{"data":"Streamline","floor":6,"key":"SMITH"},{"floor":13,"key":"REST"},{"data":"Zap","floor":15,"key":"SMITH"}],"circlet_count":0,"master_deck":["Strike_B","Strike_B","Strike_B","Strike_B","Defend_B","Defend_B","Defend_B","Defend_B","Zap+1","Dualcast","Streamline+1","Conserve Battery","Sweeping Beam","BootSequence","Redo","Melter","Capacitor","FTL","Auto Shields+1","Steam+1"],"relics":["Cracked Core","Girya","White Beast Statue","Turnip","Cables","StrikeDummy","Black Star"],"acts_visited":["Exordium","TheCity"],"potions_floor_usage":[8,15,16,22,22,22],"damage_taken":[{"damage":5,"enemies":"2 Louse","floor":1,"turns":4},{"damage":10,"enemies":"Small Slimes","floor":2,"turns":3},{"damage":2,"enemies":"Jaw Worm","floor":4,"turns":3},{"damage":1,"enemies":"Looter","floor":5,"turns":3},{"damage":0,"enemies":"Lots of Slimes","floor":8,"turns":2},{"damage":25,"enemies":"Gremlin Nob","floor":10,"turns":4},{"damage":23,"enemies":"Lagavulin","floor":12,"turns":5},{"damage":18,"enemies":"3 Sentries","floor":14,"turns":5},{"damage":30,"enemies":"The Guardian","floor":16,"turns":9},{"damage":5,"enemies":"Chosen","floor":18,"turns":4},{"damage":12,"enemies":"3 Byrds","floor":19,"turns":5},{"damage":23,"enemies":"Shelled Parasite and Fungi","floor":20,"turns":4},{"damage":20,"enemies":"Cultist and Chosen","floor":21,"turns":6},{"damage":6,"enemies":"3 Cultists","floor":22,"turns":4}],"seed_played":"-6318293187984242327","potions_obtained":[{"floor":4,"key":"SkillPotion"},{"floor":5,"key":"SpeedPotion"},{"floor":8,"key":"Ancient Potion"},{"floor":14,"key":"Fruit Juice"},{"floor":16,"key":"ColorlessPotion"},{"floor":18,"key":"Swift Potion"},{"floor":19,"key":"EntropicBrew"},{"floor":21,"key":"LiquidMemories"}],"is_trial":false,"path_per_floor":["M","M","$","M","M","R","?","M","T","E","$","E","R","E","R","B",null,"M","M","M","M","M"],"character_chosen":"DEFECT","items_purchased":["Block Potion","Melter"],"campfire_rested":1,"item_purchase_floors":[3,11],"current_hp_per_floor":[63,53,53,51,50,50,75,75,75,50,50,27,49,31,36,6,62,57,45,22,2,0,0],"gold":264,"neow_bonus":"ONE_RARE_RELIC","is_daily":false,"chose_seed":false,"campfire_upgraded":2,"win_rate":0.0,"timestamp":1608497209,"path_taken":["M","M","$","M","M","R","?","M","T","E","$","E","R","E","R","BOSS","M","M","M","M","M"],"items_purchased_type":["Potion","Card"],"build_version":"2020-12-13","purchased_purges":1,"victory":false,"max_hp_per_floor":[75,75,75,75,75,75,75,75,75,75,75,75,75,75,80,80,80,80,80,80,80,80,80],"card_choices":[{"not_picked":["Melter","Hologram"],"picked":"Streamline","floor":1},{"not_picked":["Skim","Leap"],"picked":"Conserve Battery","floor":2},{"not_picked":["Cold Snap","Coolheaded"],"picked":"Sweeping Beam","floor":4},{"not_picked":["Conserve Battery","Force Field","Recycle"],"picked":"SKIP","floor":5},{"not_picked":["Undo","White Noise"],"picked":"BootSequence","floor":8},{"not_picked":["Consume","Steam"],"picked":"Redo","floor":10},{"not_picked":["Chaos","Fission"],"picked":"Capacitor","floor":12},{"not_picked":["Blizzard","Seek"],"picked":"FTL","floor":14},{"not_picked":["Capacitor+1","Stack+1"],"picked":"Auto Shields+1","floor":18},{"not_picked":["Gash","Force Field+1","Compile Driver"],"picked":"SKIP","floor":19},{"not_picked":["Compile Driver","White Noise"],"picked":"Steam+1","floor":20},{"not_picked":["Stack","Scrape+1","Sweeping Beam"],"picked":"SKIP","floor":21}],"player_experience":1072187,"relics_obtained":[{"floor":9,"key":"White Beast Statue"},{"floor":10,"key":"Turnip"},{"floor":12,"key":"Cables"},{"floor":14,"key":"StrikeDummy"}],"event_choices":[{"damage_healed":25,"gold_gain":0,"player_choice":"Banana","damage_taken":0,"max_hp_gain":0,"max_hp_loss":0,"event_name":"Big Fish","floor":7,"gold_loss":0}],"is_beta":false,"boss_relics":[{"not_picked":["Runic Dome","Ectoplasm"],"picked":"Black Star"}],"items_purged_floors":[3],"is_endless":false,"potions_floor_spawned":[4,5,8,10,12,14,16,18,19,20,21],"killed_by":"3 Cultists","ascension_level":6}}