{"host":"3h5qf14xt40jhha0","time":1608454839,"event":{"mods":["AlwaysNeverKeys","BaseMod","Colored Powertips","Minty Spire (QoL Compilation)","Permanent Neow","Relic Stats","StSLib"],"gold_per_floor":[119,137,150,150,163,163,204,223,302,302,314,348,83,102,102,183,183,209,124,124,139,156,188,26,70,70,70,70,108,162,172,172,260,260,284,634,653,662,426,426,436,106,106,122,144,193,193,234,234,234,234,234,234,10,45,45,45],"floor_reached":56,"playtime":3286,"items_purged":["Strike_B+1"],"score":1829,"play_id":"d621303d-83ee-44e4-917b-dd7124867ff3","local_time":"20201220040039","is_ascension_mode":true,"campfire_choices":[{"data":"Go for the Eyes","floor":6,"key":"SMITH"},{"data":"Zap","floor":10,"key":"SMITH"},{"data":"Defragment","floor":15,"key":"SMITH"},{"floor":28,"key":"REST"},{"floor":32,"key":"REST"},{"floor":40,"key":"RECALL"},{"floor":47,"key":"REST"},{"floor":49,"key":"REST"},{"floor":53,"key":"REST"}],"circlet_count":0,"master_deck":["AscendersBane","Strike_B+1","Strike_B+1","Defend_B+1","Defend_B+1","Defend_B+1","Defend_B+1","Zap+1","Dualcast+1","Melter","Compile Driver","Go for the Eyes+1","Cold Snap","Cold Snap","BootSequence","Defragment+1","Doom and Gloom","Undo+1","Creative AI","Turbo+1","Beam Cell+1","Coolheaded","Core Surge","Glacier","Blizzard+1","Capacitor","Compile Driver","Core Surge","White Noise"],"relics":["Cracked Core","Bag of Preparation","CeramicFish","StrikeDummy","TungstenRod","Art of War","Fusion Hammer","Tiny Chest","Toy Ornithopter","Vajra","MealTicket","Meat on the Bone","Red Mask","Omamori","Nuclear Battery","Old Coin","Runic Capacitor","ClockworkSouvenir","Oddly Smooth Stone","Regal Pillow","Pocketwatch","War Paint","Mercury Hourglass"],"acts_visited":["Exordium","TheCity","TheBeyond","TheEnding"],"potions_floor_usage":[7,12,23,25,33,44,51,51,55],"damage_taken":[{"damage":1,"enemies":"Small Slimes","floor":1,"turns":4},{"damage":1,"enemies":"Cultist","floor":2,"turns":3},{"damage":0,"enemies":"2 Louse","floor":3,"turns":2},{"damage":5,"enemies":"Large Slime","floor":5,"turns":5},{"damage":25,"enemies":"Lagavulin","floor":7,"turns":5},{"damage":1,"enemies":"Looter","floor":8,"turns":3},{"damage":2,"enemies":"3 Louse","floor":11,"turns":3},{"damage":7,"enemies":"3 Sentries","floor":12,"turns":10},{"damage":2,"enemies":"Exordium Thugs","floor":14,"turns":3},{"damage":8,"enemies":"Hexaghost","floor":16,"turns":10},{"damage":0,"enemies":"3 Byrds","floor":18,"turns":4},{"damage":0,"enemies":"Spheric Guardian","floor":21,"turns":1},{"damage":5,"enemies":"Snake Plant","floor":22,"turns":3},{"damage":21,"enemies":"Book of Stabbing","floor":23,"turns":5},{"damage":30,"enemies":"Gremlin Leader","floor":25,"turns":5},{"damage":21,"enemies":"Masked Bandits","floor":29,"turns":5},{"damage":0,"enemies":"Centurion and Healer","floor":31,"turns":4},{"damage":11,"enemies":"Collector","floor":33,"turns":13},{"damage":0,"enemies":"Orb Walker","floor":35,"turns":4},{"damage":49,"enemies":"2 Orb Walkers","floor":36,"turns":5},{"damage":0,"enemies":"3 Darklings","floor":37,"turns":9},{"damage":28,"enemies":"Maw","floor":41,"turns":7},{"damage":31,"enemies":"Jaw Worm Horde","floor":44,"turns":4},{"damage":5,"enemies":"4 Shapes","floor":45,"turns":8},{"damage":51,"enemies":"Reptomancer","floor":48,"turns":8},{"damage":59,"enemies":"Awakened One","floor":50,"turns":15},{"damage":30,"enemies":"Donu and Deca","floor":51,"turns":10},{"damage":50,"enemies":"Shield and Spear","floor":55,"turns":8},{"damage":52,"enemies":"The Heart","floor":56,"turns":3}],"seed_played":"-4581853742233785991","potions_obtained":[{"floor":3,"key":"BlessingOfTheForge"},{"floor":5,"key":"SneckoOil"},{"floor":7,"key":"SneckoOil"},{"floor":8,"key":"FocusPotion"},{"floor":16,"key":"Fire Potion"},{"floor":23,"key":"LiquidMemories"},{"floor":33,"key":"FocusPotion"},{"floor":35,"key":"PotionOfCapacity"},{"floor":36,"key":"Fire Potion"},{"floor":44,"key":"SpeedPotion"}],"is_trial":false,"path_per_floor":["M","M","M","?","M","R","E","M","T","R","M","E","$","M","R","B",null,"M","?","?","M","M","E","$","E","T","?","R","?","T","M","R","B",null,"M","?","M","?","$","R","M","$","T","M","M","T","R","E","R","B","B",null,"R","$","E","B"],"character_chosen":"DEFECT","items_purchased":["Defragment","Doom and Gloom","Art of War","Vajra","Runic Capacitor","ClockworkSouvenir","Oddly Smooth Stone","FocusPotion","War Paint"],"campfire_rested":5,"item_purchase_floors":[13,13,13,24,39,42,42,54,54],"current_hp_per_floor":[63,62,62,62,57,57,32,31,31,31,29,22,22,20,20,12,56,56,56,56,56,51,30,30,5,5,5,26,17,17,29,50,44,64,64,27,39,39,54,54,38,53,53,39,46,46,71,32,68,21,13,57,71,71,38,0,0],"gold":45,"neow_bonus":"RANDOM_COMMON_RELIC","is_daily":false,"chose_seed":false,"campfire_upgraded":3,"win_rate":0.0,"timestamp":1608454839,"path_taken":["M","M","M","?","M","R","E","M","T","R","?","E","$","M","R","BOSS","M","?","?","M","M","E","$","E","T","?","R","?","?","M","R","BOSS","M","?","M","?","$","R","M","$","T","?","M","?","R","E","R","BOSS","BOSS","R","$","E","BOSS"],"items_purchased_type":["Card","Card","Relic","Relic","Relic","Relic","Relic","Potion","Relic"],"build_version":"2020-12-13","purchased_purges":1,"victory":false,"max_hp_per_floor":[71,71,71,71,71,71,71,71,71,71,71,71,71,71,71,71,71,71,71,71,71,71,71,71,71,71,71,71,71,71,71,71,71,71,71,71,71,71,71,71,71,71,71,71,71,71,71,71,71,71,71,71,71,71,71,71,71],"relic_stats":{"Regal Pillow":19,"counters":[29,169],"CeramicFish":153,"Bag of Preparation":[58],"War Paint":["Undo","Dualcast"],"Mercury Hourglass":[9],"Tiny Chest":2,"MealTicket":30,"Art of War":[4],"obtain_stats":[{"Regal Pillow":46,"CeramicFish":7,"Vajra":24,"Oddly Smooth Stone":42,"Bag of Preparation":0,"Omamori":30,"Runic Capacitor":39,"War Paint":54,"Nuclear Battery":34,"Old Coin":36,"ClockworkSouvenir":42,"Mercury Hourglass":55,"Tiny Chest":19,"MealTicket":25,"Fusion Hammer":17,"Art of War":13,"Red Mask":29,"Cracked Core":0,"StrikeDummy":9,"TungstenRod":12,"Toy Ornithopter":23,"Meat on the Bone":26,"Pocketwatch":48},{"Regal Pillow":24,"CeramicFish":5,"Vajra":14,"Oddly Smooth Stone":22,"Bag of Preparation":0,"Omamori":16,"Runic Capacitor":21,"War Paint":27,"Nuclear Battery":18,"Old Coin":20,"ClockworkSouvenir":22,"Mercury Hourglass":28,"Tiny Chest":11,"MealTicket":15,"Fusion Hammer":10,"Art of War":8,"Red Mask":16,"Cracked Core":0,"StrikeDummy":6,"TungstenRod":8,"Toy Ornithopter":14,"Meat on the Bone":15,"Pocketwatch":25},{"Regal Pillow":125,"CeramicFish":19,"Vajra":61,"Oddly Smooth Stone":113,"Bag of Preparation":0,"Omamori":71,"Runic Capacitor":106,"War Paint":158,"Nuclear Battery":88,"Old Coin":97,"ClockworkSouvenir":113,"Mercury Hourglass":166,"Tiny Chest":52,"MealTicket":66,"Fusion Hammer":48,"Art of War":35,"Red Mask":71,"Cracked Core":0,"StrikeDummy":22,"TungstenRod":35,"Toy Ornithopter":61,"Meat on the Bone":66,"Pocketwatch":133}],"TungstenRod":76,"Toy Ornithopter":30,"Meat on the Bone":132,"Pocketwatch":[15]},"card_choices":[{"not_picked":["Turbo","Leap"],"picked":"Melter","floor":1},{"not_picked":["Capacitor","Steam Power"],"picked":"Compile Driver","floor":2},{"not_picked":["Capacitor","Reprogram","Turbo"],"picked":"SKIP","floor":3},{"not_picked":["Thunder Strike","Chaos"],"picked":"Go for the Eyes","floor":5},{"not_picked":["Storm","Sunder"],"picked":"Cold Snap","floor":7},{"not_picked":["Recycle","Gash"],"picked":"Cold Snap","floor":8},{"not_picked":["Streamline","Coolheaded","Aggregate"],"picked":"SKIP","floor":11},{"not_picked":["Chaos","Cold Snap"],"picked":"BootSequence","floor":12},{"not_picked":["Sweeping Beam","Blizzard"],"picked":"Undo","floor":14},{"not_picked":["Hyperbeam","Meteor Strike"],"picked":"Creative AI","floor":16},{"not_picked":["Conserve Battery","Cold Snap"],"picked":"Turbo+1","floor":18},{"not_picked":["Leap","Conserve Battery","Hologram"],"picked":"SKIP","floor":21},{"not_picked":["Reprogram","Blizzard","Turbo"],"picked":"SKIP","floor":22},{"not_picked":["Amplify","Turbo","Ball Lightning"],"picked":"SKIP","floor":23},{"not_picked":["Conserve Battery","Steam Power"],"picked":"Beam Cell+1","floor":25},{"not_picked":["Ball Lightning","Turbo"],"picked":"Coolheaded","floor":29},{"not_picked":["Auto Shields","Hologram","Conserve Battery"],"picked":"SKIP","floor":31},{"not_picked":["Biased Cognition","Meteor Strike"],"picked":"Core Surge","floor":33},{"not_picked":["Conserve Battery","Melter"],"picked":"Glacier","floor":35},{"not_picked":["Redo","Tempest"],"picked":"Blizzard+1","floor":37},{"not_picked":["Sweeping Beam+1","Coolheaded","Melter"],"picked":"SKIP","floor":41},{"not_picked":["Auto Shields","Doom and Gloom","Turbo"],"picked":"SKIP","floor":44},{"not_picked":["Cold Snap+1","Capacitor"],"picked":"Compile Driver","floor":45},{"not_picked":["Sunder","Consume"],"picked":"Core Surge","floor":48},{"not_picked":["Rebound+1","Beam Cell+1"],"picked":"White Noise","floor":55}],"player_experience":1261230,"relics_obtained":[{"floor":7,"key":"CeramicFish"},{"floor":9,"key":"StrikeDummy"},{"floor":12,"key":"TungstenRod"},{"floor":23,"key":"Toy Ornithopter"},{"floor":25,"key":"MealTicket"},{"floor":26,"key":"Meat on the Bone"},{"floor":29,"key":"Red Mask"},{"floor":30,"key":"Omamori"},{"floor":36,"key":"Old Coin"},{"floor":46,"key":"Regal Pillow"},{"floor":48,"key":"Pocketwatch"},{"floor":55,"key":"Mercury Hourglass"}],"event_choices":[{"cards_removed":["Strike_B"],"damage_healed":0,"gold_gain":0,"player_choice":"Offered Basic","damage_taken":0,"max_hp_gain":0,"max_hp_loss":0,"event_name":"Bonfire Elementals","floor":4,"gold_loss":0},{"damage_healed":0,"gold_gain":0,"player_choice":"Obtained Relic","damage_taken":0,"relics_obtained":["Tiny Chest"],"max_hp_gain":0,"max_hp_loss":0,"event_name":"Addict","floor":19,"gold_loss":85},{"damage_healed":0,"gold_gain":0,"player_choice":"Simplicity","damage_taken":0,"max_hp_gain":0,"max_hp_loss":0,"event_name":"Back to Basics","floor":20,"gold_loss":0,"cards_upgraded":["Strike_B","Strike_B","Strike_B","Defend_B","Defend_B","Defend_B","Defend_B"]},{"damage_healed":0,"gold_gain":0,"player_choice":"Ignored","damage_taken":0,"max_hp_gain":0,"max_hp_loss":0,"event_name":"Ghosts","floor":27,"gold_loss":0},{"damage_healed":0,"gold_gain":0,"player_choice":"Fought Bandits","damage_taken":0,"max_hp_gain":0,"max_hp_loss":0,"event_name":"Masked Bandits","floor":29,"gold_loss":0},{"damage_healed":0,"gold_gain":0,"player_choice":"Fight","damage_taken":0,"max_hp_gain":0,"max_hp_loss":0,"event_name":"Mysterious Sphere","floor":36,"gold_loss":0},{"damage_healed":0,"gold_gain":0,"player_choice":"1 cards matched","damage_taken":0,"max_hp_gain":0,"max_hp_loss":0,"event_name":"Match and Keep!","floor":38,"gold_loss":0,"cards_obtained":["Capacitor"]}],"is_beta":false,"boss_relics":[{"not_picked":["Inserter","SlaversCollar"],"picked":"Fusion Hammer"},{"not_picked":["Sozu","Snecko Eye"],"picked":"Nuclear Battery"}],"items_purged_floors":[39],"is_endless":false,"potions_floor_spawned":[3,5,7,8,16,18,23,33,35,36,37,44],"killed_by":"The Heart","ascension_level":20}}