{"host":"aqym1xxr3lb31d9m","time":1608455720,"event":{"mods":["BaseMod","Block Reminder","Colored Map","Colored Powertips","DeckTracker","Highlight Path","Minty Spire (QoL Compilation)","Practice Mode","Quick Restart","Random Character Button","StSLib","SuperFastMode"],"gold_per_floor":[110,110,185,185,204,245,245,265,265,281,281,314,314,464,464,555,555,580,505,505,523,82,82,108,108,108,108,441,458,472,484,484,556,556,566,581,581,592,617,642,642,655,682,694,714,742,742,756,756,756,756,756,756,167,195,195,195],"floor_reached":56,"playtime":6049,"items_purged":["BowlingBash"],"score":2044,"play_id":"ef8ff744-1d5a-464b-a9c3-1498c8cc1339","local_time":"20201220181520","is_ascension_mode":true,"campfire_choices":[{"data":"BowlingBash","floor":7.0,"key":"SMITH"},{"data":"Vigilance","floor":11.0,"key":"SMITH"},{"data":"FlyingSleeves","floor":15.0,"key":"SMITH"},{"data":"ForeignInfluence","floor":23.0,"key":"SMITH"},{"data":"Fasting2","floor":27.0,"key":"SMITH"},{"data":"SpiritShield","floor":32,"key":"SMITH"},{"data":"TalkToTheHand","floor":41,"key":"SMITH"},{"floor":49,"key":"RECALL"},{"data":"Apotheosis","floor":53,"key":"SMITH"}],"circlet_count":0,"master_deck":["AscendersBane","Eruption+1","Vigilance+1","SpiritShield+1","EmptyFist","BowlingBash+1","Consecrate","FlyingSleeves+1","Protect","Wireheading","Ragnarok","ForeignInfluence+1","CarveReality+1","Omniscience","ForeignInfluence","SandsOfTime","SashWhip","SashWhip+1","Vengeance","LikeWater","Protect","Fasting2+1","FlyingSleeves","Collect","Evaluate","Protect","SandsOfTime+1","Vault","Fasting2+1","MentalFortress+1","TalkToTheHand+1","EmptyBody","Tantrum+1","Swivel","Collect","Evaluate+1","ThirdEye+1","Apotheosis+1","Finesse","Dark Shackles","Fasting2","EmptyBody","TalkToTheHand"],"relics":["PureWater","Bloody Idol","FaceOfCleric","Yang","Shuriken","Odd Mushroom","Pandora\u0027s Box","OrangePellets","Bronze Scales","Eternal Feather","Centennial Puzzle","Old Coin","Snecko Eye","FossilizedHelix","Strawberry","Meat on the Bone","ClockworkSouvenir","Whetstone","Blood Vial"],"acts_visited":["Exordium","TheCity","TheBeyond","TheEnding"],"potions_floor_usage":[51,55,56,56],"damage_taken":[{"damage":8.0,"enemies":"Small Slimes","floor":1.0,"turns":6.0},{"damage":2.0,"enemies":"Jaw Worm","floor":5.0,"turns":5.0},{"damage":12.0,"enemies":"3 Sentries","floor":6.0,"turns":13.0},{"damage":0.0,"enemies":"2 Louse","floor":8.0,"turns":2.0},{"damage":1.0,"enemies":"Red Slaver","floor":10.0,"turns":5.0},{"damage":0.0,"enemies":"The Mushroom Lair","floor":12.0,"turns":2.0},{"damage":19.0,"enemies":"The Guardian","floor":16.0,"turns":16.0},{"damage":13.0,"enemies":"Spheric Guardian","floor":18.0,"turns":5.0},{"damage":0.0,"enemies":"3 Byrds","floor":21.0,"turns":4.0},{"damage":14.0,"enemies":"Slavers","floor":24.0,"turns":2.0},{"damage":5.0,"enemies":"Book of Stabbing","floor":28.0,"turns":5.0},{"damage":0,"enemies":"Snake Plant","floor":29,"turns":5},{"damage":6,"enemies":"Snecko","floor":30,"turns":4},{"damage":23,"enemies":"Centurion and Healer","floor":31,"turns":5},{"damage":52,"enemies":"Automaton","floor":33,"turns":9},{"damage":4,"enemies":"3 Darklings","floor":35,"turns":3},{"damage":0,"enemies":"Orb Walker","floor":36,"turns":4},{"damage":0,"enemies":"Maw","floor":38,"turns":5},{"damage":0,"enemies":"Mind Bloom Boss Battle","floor":39,"turns":4},{"damage":0,"enemies":"Reptomancer","floor":40,"turns":6},{"damage":0,"enemies":"Jaw Worm Horde","floor":42,"turns":3},{"damage":0,"enemies":"Writhing Mass","floor":44,"turns":6},{"damage":9,"enemies":"Sphere and 2 Shapes","floor":45,"turns":11},{"damage":0,"enemies":"Nemesis","floor":46,"turns":5},{"damage":0,"enemies":"3 Darklings","floor":48,"turns":4},{"damage":24,"enemies":"Awakened One","floor":50,"turns":15},{"damage":8,"enemies":"Donu and Deca","floor":51,"turns":8},{"damage":42,"enemies":"Shield and Spear","floor":55,"turns":7},{"damage":71,"enemies":"The Heart","floor":56,"turns":9}],"seed_played":"5383488919840469300","potions_obtained":[{"floor":8.0,"key":"EssenceOfSteel"},{"floor":10.0,"key":"BlessingOfTheForge"},{"floor":21.0,"key":"FearPotion"},{"floor":30,"key":"Ancient Potion"},{"floor":33,"key":"Dexterity Potion"},{"floor":36,"key":"StancePotion"},{"floor":46,"key":"SteroidPotion"},{"floor":55,"key":"Strength Potion"}],"is_trial":false,"path_per_floor":["M","?","?","?","M","E","R","M","T","M","R","?","?","?","R","B",null,"M","?","?","M","$","R","E","?","T","R","E","M","M","M","R","B",null,"M","M","?","M","?","E","R","M","T","M","M","E","?","M","R","B","B",null,"R","$","E","B"],"character_chosen":"WATCHER","items_purchased":["OrangePellets","Bronze Scales","LikeWater","Protect","ClockworkSouvenir","Fasting2","EmptyBody","Dexterity Potion","Whetstone"],"campfire_rested":0,"item_purchase_floors":[22,22,22,22,54,54,54,54,54],"current_hp_per_floor":[53,53,42,42,41,30,30,31,31,31,31,32,37,37,37,19,60,48,48,48,54,54,54,46,46,46,58,64,70,70,53,68,22,66,68,74,74,80,85,93,93,94,94,95,92,97,87,93,98,75,68,92,100,100,64,0,0],"gold":195,"neow_bonus":"ONE_RANDOM_RARE_CARD","is_daily":false,"chose_seed":false,"campfire_upgraded":8,"win_rate":0.0,"timestamp":1608455720,"path_taken":["M","?","?","?","?","E","R","M","T","M","R","?","?","?","R","BOSS","M","?","?","?","?","R","E","?","T","R","E","M","M","?","R","BOSS","M","M","?","?","?","E","R","M","T","M","M","E","?","M","R","BOSS","BOSS","R","$","E","BOSS"],"items_purchased_type":["Relic","Relic","Card","Card","Relic","Card","Card","Potion","Relic"],"build_version":"2020-12-13","purchased_purges":1,"victory":false,"max_hp_per_floor":[68,62,62,62,63,64,64,65,65,66,66,67,72,72,72,73,73,74,74,74,75,75,75,76,76,76,76,77,78,79,80,80,81,81,82,83,83,84,85,93,93,94,94,95,96,97,97,98,98,99,100,100,100,100,101,101,101],"card_choices":[{"not_picked":["CrushJoints","FlyingSleeves"],"picked":"EmptyFist","floor":1.0},{"not_picked":["FollowUp","Meditate"],"picked":"BowlingBash","floor":5.0},{"not_picked":["PathToVictory","Alpha"],"picked":"Consecrate","floor":6.0},{"not_picked":["EmptyBody","Halt"],"picked":"FlyingSleeves","floor":8.0},{"not_picked":["LikeWater","BowlingBash"],"picked":"Protect","floor":10.0},{"not_picked":["Conclude","Perseverance"],"picked":"Wireheading","floor":12.0},{"not_picked":["Scrawl","DevaForm"],"picked":"Ragnarok","floor":16.0},{"not_picked":["Adaptation","CutThroughFate"],"picked":"SashWhip+1","floor":18.0},{"not_picked":["FlyingSleeves","WaveOfTheHand"],"picked":"Vengeance","floor":21.0},{"not_picked":["FlyingSleeves","Indignation"],"picked":"Fasting2","floor":24.0},{"not_picked":["Judgement","Crescendo"],"picked":"Collect","floor":28.0},{"not_picked":["FlyingSleeves","WaveOfTheHand"],"picked":"Evaluate","floor":29},{"not_picked":["WreathOfFlame","Consecrate"],"picked":"Protect","floor":30},{"not_picked":["Indignation","EmptyFist"],"picked":"SandsOfTime+1","floor":31},{"not_picked":["Scrawl","Alpha"],"picked":"Vault","floor":33},{"not_picked":["LikeWater","TalkToTheHand"],"picked":"Fasting2+1","floor":35},{"not_picked":["Swivel+1","Evaluate"],"picked":"MentalFortress+1","floor":36},{"not_picked":["CrushJoints","Halt"],"picked":"TalkToTheHand","floor":38},{"not_picked":["ReachHeaven","Wireheading"],"picked":"EmptyBody","floor":39},{"not_picked":["ClearTheMind","Wireheading+1"],"picked":"Tantrum+1","floor":40},{"not_picked":["WheelKick","Crescendo"],"picked":"Swivel","floor":42},{"not_picked":["ReachHeaven","ForeignInfluence"],"picked":"Collect","floor":44},{"not_picked":["FlyingSleeves+1","Prostrate"],"picked":"Evaluate+1","floor":45},{"not_picked":["SashWhip","Prostrate+1"],"picked":"ThirdEye+1","floor":46},{"not_picked":["Finesse","Jack Of All Trades"],"picked":"Apotheosis","floor":47},{"not_picked":["Chrysalis","Secret Weapon"],"picked":"Finesse","floor":47},{"not_picked":["Madness","Thinking Ahead"],"picked":"Dark Shackles","floor":47},{"not_picked":["ClearTheMind","EmptyFist+1","Study"],"picked":"SKIP","floor":48},{"not_picked":["FlurryOfBlows","Evaluate"],"picked":"TalkToTheHand","floor":55}],"player_experience":3894669,"relics_obtained":[{"floor":6.0,"key":"Yang"},{"floor":9.0,"key":"Shuriken"},{"floor":12.0,"key":"Odd Mushroom"},{"floor":24.0,"key":"Eternal Feather"},{"floor":26.0,"key":"Centennial Puzzle"},{"floor":28.0,"key":"Old Coin"},{"floor":39,"key":"FossilizedHelix"},{"floor":40,"key":"Strawberry"},{"floor":46,"key":"Meat on the Bone"},{"floor":55,"key":"Blood Vial"}],"event_choices":[{"damage_healed":0.0,"max_hp_gain":0.0,"max_hp_loss":6.0,"gold_gain":0.0,"event_name":"Golden Idol","player_choice":"Lose Max HP","floor":2.0,"gold_loss":0.0,"damage_taken":0.0,"relics_obtained":["Golden Idol"]},{"damage_healed":0.0,"max_hp_gain":0.0,"max_hp_loss":0.0,"gold_gain":75.0,"event_name":"World of Goop","player_choice":"Gather Gold","floor":3.0,"gold_loss":0.0,"damage_taken":11.0},{"damage_healed":0.0,"max_hp_gain":0.0,"max_hp_loss":0.0,"gold_gain":0.0,"event_name":"FaceTrader","player_choice":"Trade","floor":4.0,"gold_loss":0.0,"damage_taken":0.0,"relics_obtained":["FaceOfCleric"]},{"damage_healed":0.0,"max_hp_gain":0.0,"max_hp_loss":0.0,"gold_gain":0.0,"event_name":"Mushrooms","player_choice":"Fought Mushrooms","floor":12.0,"gold_loss":0.0,"damage_taken":0.0},{"damage_healed":0.0,"max_hp_gain":5.0,"max_hp_loss":0.0,"gold_gain":0.0,"event_name":"Big Fish","player_choice":"Donut","floor":13.0,"gold_loss":0.0,"damage_taken":0.0},{"damage_healed":0.0,"max_hp_gain":0.0,"max_hp_loss":0.0,"gold_gain":150.0,"event_name":"Liars Game","player_choice":"AGREE","floor":14.0,"gold_loss":0.0,"damage_taken":0.0,"cards_obtained":["Doubt"]},{"cards_removed":["Doubt"],"damage_healed":0.0,"max_hp_gain":0.0,"max_hp_loss":0.0,"gold_gain":0.0,"event_name":"Beggar","player_choice":"Gave Gold","floor":19.0,"gold_loss":75.0,"damage_taken":0.0},{"damage_healed":0.0,"max_hp_gain":0.0,"max_hp_loss":0.0,"gold_gain":0.0,"event_name":"Forgotten Altar","player_choice":"Gave Idol","floor":20.0,"relics_lost":["Golden Idol"],"gold_loss":0.0,"damage_taken":0.0,"relics_obtained":["Bloody Idol"]},{"damage_healed":0.0,"max_hp_gain":0.0,"max_hp_loss":0.0,"gold_gain":0.0,"cards_transformed":["ForeignInfluence"],"event_name":"Transmorgrifier","player_choice":"Transformed","floor":25.0,"gold_loss":0.0,"damage_taken":0.0,"cards_obtained":["FlyingSleeves"]},{"damage_healed":0,"gold_gain":0,"player_choice":"Ignored","damage_taken":0,"max_hp_gain":0,"max_hp_loss":0,"event_name":"SecretPortal","floor":37,"gold_loss":0},{"damage_healed":0,"gold_gain":0,"player_choice":"Fight","damage_taken":0,"max_hp_gain":0,"max_hp_loss":0,"event_name":"MindBloom","floor":39,"gold_loss":0},{"damage_healed":0,"gold_gain":0,"player_choice":"Memory 3","damage_taken":10,"max_hp_gain":0,"max_hp_loss":0,"event_name":"SensoryStone","floor":47,"gold_loss":0}],"is_beta":false,"boss_relics":[{"not_picked":["Busted Crown","Sozu"],"picked":"Pandora\u0027s Box"},{"not_picked":["Tiny House","Black Star"],"picked":"Snecko Eye"}],"items_purged_floors":[54],"is_endless":false,"potions_floor_spawned":[8,10,21,30,33,36,38,42,44,46,55],"killed_by":"The Heart","ascension_level":20}}