{"host":"dfkuodafa8pjwif8","time":1608448294,"event":{"mods":["AchievementEnabler","Aspiration","Bard","BaseMod","Beaked The Cultist","Better Altar","Better Match","Better Note","Better Sensory Stone","Better Skull","Better Third Choice","BetterRewards","CCEM","Clawfect","Colored Map","Conspire","Downfall","GifTheSpireLib","Googly Eyes","Halation","Hermit","Highlight Path","Hubris","Hunter ??","Infinite Spire","Jedi Mod","Jorbs\u0027s Wanderer Trilogy","Mad Scientist","Marisa????????","Mimic Mod","Minty Spire (QoL Compilation)","Permanent Neow","Replay The Spire","Shade Mod","Shop Mod","Spicy Shops","StSLib","Stuff the Spire","The Administrix","The Blackbeard","The Bug Knight","The Construct","The Cursed","The Disciple","The Gatherer","The Hierophant","The IronCluck","The Jungle","The Mystic","The Necromancer","The Problem Sleuth","The Runesmith","The Servant 0.9.4","The Spell Scribe","The Witch","Unceasing Turn Reminder","[IsaacMod]????","everything is the same but u backflip on backflip","slay the spire mod where everything is the same but ironclad has a cowboy hat"],"gold_per_floor":[99,111,111,124,124,139,162,87,12,39,24,48,48,61,77,180,180,105,135,135,135,166,166,217,37,37,37,69,69,69,69,110,110,126,230,230,155,166,185,231,231,281,304,315,328,328,341,56,67,85,95,191,191,191,291,341,374,374,390,390,390,423,471,539,589,609,625,639,639,639],"floor_reached":69,"playtime":10245,"items_purged":["stsjorbsmod:Procrastination"],"score":1037,"play_id":"a5afcad5-e581-4085-845f-3b4ae604c5f5","local_time":"20201220021134","is_ascension_mode":false,"campfire_choices":[{"floor":1,"key":"RECALL"},{"data":"Guardian:TwinSlam","floor":8,"key":"SMITH"},{"data":"Guardian:ConstructionForm","floor":18,"key":"SMITH"},{"floor":20,"key":"REST"},{"data":"Guardian:PrismaticBarrier","floor":23,"key":"SMITH"},{"data":"Guardian:TimeCapacitor","floor":29,"key":"SMITH"},{"data":"Midas Touch","floor":37,"key":"SMITH"},{"floor":41,"key":"REST"},{"floor":46,"key":"REST"},{"data":"hubris:DuctTapeCard","floor":54,"key":"SMITH"},{"data":"Guardian:PiercingHide","floor":58,"key":"SMITH"},{"data":"Guardian:RevengeProtocol","floor":61,"key":"SMITH"}],"circlet_count":1,"master_deck":["Guardian:Strike_Guardian","Guardian:Strike_Guardian","Guardian:Strike_Guardian","Guardian:Strike_Guardian","Guardian:Defend_Guardian","Guardian:Defend_Guardian","Guardian:Defend_Guardian","Guardian:Defend_Guardian","Guardian:CurlUp","Guardian:TwinSlam+1","BettingIsNotGood","Guardian:SentryBeam","Guardian:ChargeUp","Discovery+1","Guardian:PrismaticBarrier+1","Guardian:PiercingHide","Guardian:ChargeCore","Guardian:PrimingBeam","Guardian:ConstructionForm+1","Guardian:TimeSifter","Guardian:RollAttack","Guardian:SpikerProtocol","Midas Touch+1","Guardian:AncientConstruct","Guardian:TemporalShield+1","Guardian:RevengeProtocol+1","Guardian:PiercingHide+1","Guardian:Suspension+1","Guardian:DonusPower+1","Guardian:WalkerClaw+1","hubris:DuctTapeCard+2","Sentinel"],"relics":["Vampire_Amulet","HushsDoor","conspire:GiftBox","jedi:shrinkray","TheBible","jedi:crownofsimplicity","downfall:HeartBlessingRed","Ice Cream","aspiration:MobileForge","downfall:HeartBlessingBlue","Singing Bowl","Bag of Preparation","CCEMRelics:JestersCrown","Chaos","Circlet","Onion Ring","downfall:HeartBlessingGreen","hubris:ScarierMask","HowToJump","aspiration:FrozenJewel","halation:Toothbrush","hubris:DuctTape","Turnip","downfall:CloakOfManyFaces","CultistMask","FaceOfCleric","NlothsMask","GremlinMask","SsserpentHead","Replay:Wax Seal","infinitespire:Cubic Diamond"],"acts_visited":["Exordium","Exordium","TheBeyond","Exordium"],"potions_floor_usage":[11,16,19,22,35,40,40,45,51,52,52,62,62,63,69,69],"damage_taken":[{"damage":3,"enemies":"Jaw Worm","floor":2,"turns":5},{"damage":5,"enemies":"Small Slimes","floor":4,"turns":5},{"damage":2,"enemies":"Cultist","floor":6,"turns":3},{"damage":0,"enemies":"Lagavulin","floor":10,"turns":2},{"damage":0,"enemies":"downfall:FleeingMerchant","floor":11,"turns":4},{"damage":2,"enemies":"downfall:FleeingMerchant","floor":13,"turns":4},{"damage":8,"enemies":"Large Slime","floor":14,"turns":3},{"damage":0,"enemies":"2 Fungi Beasts","floor":15,"turns":1},{"damage":23,"enemies":"downfall:Silent","floor":16,"turns":7},{"damage":29,"enemies":"Nightmare","floor":19,"turns":8},{"damage":3,"enemies":"theJungle:MUSHROOMGANG","floor":22,"turns":6},{"damage":0,"enemies":"downfall:FleeingMerchant","floor":25,"turns":1},{"damage":0,"enemies":"theJungle:Cassacara","floor":28,"turns":7},{"damage":3,"enemies":"theJungle:5_Spyders","floor":34,"turns":5},{"damage":13,"enemies":"downfall:Ironclad","floor":35,"turns":9},{"damage":0,"enemies":"3 Darklings","floor":38,"turns":5},{"damage":10,"enemies":"3 Shapes","floor":39,"turns":6},{"damage":33,"enemies":"Reptomancer","floor":40,"turns":11},{"damage":14,"enemies":"Hiden Room Battle","floor":42,"turns":3},{"damage":6,"enemies":"Sphere and 2 Shapes","floor":44,"turns":1},{"damage":1,"enemies":"Transient","floor":45,"turns":5},{"damage":5,"enemies":"3 Darklings","floor":47,"turns":3},{"damage":0,"enemies":"Jaw Worm Horde","floor":49,"turns":4},{"damage":3,"enemies":"Sphere and 2 Shapes","floor":50,"turns":2},{"damage":8,"enemies":"Maw","floor":51,"turns":6},{"damage":2,"enemies":"downfall:Watcher","floor":52,"turns":11},{"damage":0,"enemies":"downfall:FaceTrader","floor":55,"turns":4},{"damage":0,"enemies":"Lagavulin","floor":57,"turns":7},{"damage":0,"enemies":"2 Louse","floor":59,"turns":2},{"damage":0,"enemies":"Cultist","floor":62,"turns":2},{"damage":0,"enemies":"3 Sentries","floor":63,"turns":6},{"damage":0,"enemies":"Jaw Worm","floor":64,"turns":3},{"damage":0,"enemies":"Exordium Thugs","floor":66,"turns":2},{"damage":0,"enemies":"Blue Slaver","floor":67,"turns":1},{"damage":0,"enemies":"Exordium Wildlife","floor":68,"turns":2},{"damage":259,"enemies":"Delirium","floor":69,"turns":12}],"seed_played":"-4619371218273009549","potions_obtained":[{"floor":4,"key":"SkillPotion"},{"floor":10,"key":"FearPotion"},{"floor":15,"key":"Energy Potion"},{"floor":16,"key":"jedi:hoardpotion"},{"floor":28,"key":"Block Potion"},{"floor":34,"key":"ColorlessPotion"},{"floor":35,"key":"FairyPotion"},{"floor":39,"key":"Adrenaline Potion"},{"floor":44,"key":"SkillPotion"},{"floor":45,"key":"CultistPotion"},{"floor":47,"key":"Swift Potion"},{"floor":50,"key":"Regen Potion"},{"floor":51,"key":"PowerPotion"},{"floor":57,"key":"Energy Potion"},{"floor":62,"key":"GamblersBrew"},{"floor":67,"key":"AttackPotion"},{"floor":68,"key":"PowerPotion"}],"is_trial":false,"path_per_floor":["R","M","?","M","?","M","T","R","?","E","$","T","$","M","M","B",null,"R","NM","R","?","M","R","T","$","PTL","PTL","E","R","$","AVR","?","?","M","B",null,"R","M","M","E","R","?","T","M","M","R","M","$","M","M","M","B",null,"R","?","?","E","R","M","T","R","M","E","M","?","M","M","M","B"],"character_chosen":"GUARDIAN","items_purchased":["Guardian:SpikerProtocol","CCEMRelics:JestersCrown","Midas Touch","hubris:DuctTape","Guardian:Gem_Lightblue"],"campfire_rested":3,"item_purchase_floors":[25,25,25,48,48],"current_hp_per_floor":[80,80,83,78,78,81,81,81,81,81,81,81,79,71,71,53,83,93,64,91,91,88,88,88,88,88,88,93,93,93,98,83,83,80,67,98,98,98,88,55,84,55,55,51,55,85,82,82,84,83,89,99,110,113,115,76,89,89,90,90,93,96,99,102,102,107,112,117,0,0],"gold":639,"neow_bonus":"ONE_RARE_RELIC","is_daily":false,"chose_seed":false,"campfire_upgraded":8,"win_rate":0.0,"timestamp":1608448294,"path_taken":["R","M","?","?","?","?","T","R","?","E","$","?","$","M","M","BOSS","R","NM","R","?","M","R","T","$","PTL","PTL","E","R","$","AVR","?","?","M","BOSS","R","M","M","E","R","?","T","M","M","R","M","$","M","?","M","BOSS","R","?","?","E","R","M","T","R","M","E","?","?","M","M","M","BOSS"],"items_purchased_type":["Card","Relic","Card","Relic","Card"],"build_version":"2020-12-13","purchased_purges":1,"victory":false,"max_hp_per_floor":[80,80,83,83,83,83,83,83,83,83,83,83,83,83,83,83,83,93,93,93,93,93,93,93,93,93,93,93,93,93,98,98,98,98,98,98,98,98,98,98,98,98,98,100,100,100,102,102,104,106,108,110,110,113,115,115,118,118,119,119,122,125,128,131,131,134,137,140,140,140],"card_choices":[{"not_picked":[],"picked":"BettingIsNotGood","floor":0},{"not_picked":["Guardian:RevengeProtocol","Guardian:HyperBeam_Guardian"],"picked":"Guardian:Gem_Orange","floor":0},{"not_picked":["Guardian:VentSteam","Guardian:Gem_Cyan"],"picked":"Guardian:Gem_Red","floor":2},{"not_picked":["Guardian:CrystalBeam","Guardian:WalkerClaw"],"picked":"Guardian:SentryBeam","floor":4},{"not_picked":["Guardian:WalkerClaw","Guardian:Gem_Purple"],"picked":"Guardian:ChargeUp","floor":6},{"not_picked":["expansioncontent:HyperBeam+1","expansioncontent:CaCaw+1"],"picked":"Discovery+1","floor":9},{"not_picked":["Guardian:ShieldCharger","Guardian:Gem_Cyan"],"picked":"Guardian:PrismaticBarrier","floor":10},{"not_picked":["Guardian:Suspension","Guardian:ShieldCharger"],"picked":"Guardian:PiercingHide","floor":11},{"not_picked":["Guardian:TemporalShield","Guardian:Gem_Lightblue"],"picked":"Guardian:ChargeCore","floor":13},{"not_picked":["Guardian:PiercingHide","Guardian:WalkerClaw"],"picked":"Guardian:TimeCapacitor","floor":14},{"not_picked":["Guardian:Gem_Red","Guardian:Gem_Cyan"],"picked":"Guardian:PrimingBeam","floor":15},{"not_picked":["Guardian:Preprogram","Guardian:TemporalShield"],"picked":"Guardian:RollAttack","floor":19},{"not_picked":["Guardian:Emergency","Guardian:VentSteam"],"picked":"Guardian:Gem_Blue","floor":22},{"not_picked":["Guardian:VentSteam","Guardian:FastForward"],"picked":"Guardian:Gem_Lightblue","floor":25},{"not_picked":["Guardian:PolyBeam","Guardian:TemporalShield"],"picked":"Guardian:AncientConstruct","floor":28},{"not_picked":["Guardian:RollAttack","Guardian:Gem_Red"],"picked":"Guardian:TemporalShield+1","floor":34},{"not_picked":["Guardian:ConstructionForm","Guardian:ExploitGems"],"picked":"Guardian:RevengeProtocol","floor":35},{"not_picked":["Guardian:MultiBeam","Guardian:TemporalStrike"],"picked":"Guardian:TimeCapacitor","floor":38},{"not_picked":["Guardian:Gem_Red","Guardian:DecasProtection"],"picked":"Guardian:PiercingHide","floor":39},{"not_picked":["Guardian:Incinerate+1","Guardian:Gem_Cyan"],"picked":"Guardian:Suspension+1","floor":40},{"not_picked":["Guardian:BaubleBeam","Guardian:Reroute"],"picked":"Guardian:DonusPower+1","floor":42},{"not_picked":["Guardian:DonusPower+1","Guardian:BronzeArmor","Guardian:Reroute"],"picked":"Singing Bowl","floor":44},{"not_picked":["Guardian:PrismaticBarrier","Guardian:VentSteam+1"],"picked":"Guardian:WalkerClaw+1","floor":45},{"not_picked":["Guardian:RollAttack","Guardian:PiercingHide+1","Guardian:PrimingBeam+1"],"picked":"Singing Bowl","floor":47},{"not_picked":["Guardian:WalkerClaw+1","Guardian:Planning","Guardian:TemporalShield"],"picked":"Singing Bowl","floor":49},{"not_picked":["Guardian:Emergency+1","Guardian:PolyBeam","Guardian:ChargeCore+1"],"picked":"Singing Bowl","floor":50},{"not_picked":["Guardian:CrystalBeam","Guardian:Planning","Guardian:Gem_Red"],"picked":"Singing Bowl","floor":51},{"not_picked":["Guardian:StasisStrike","Guardian:TimeSifter","Guardian:ConstructionForm"],"picked":"Singing Bowl","floor":52},{"not_picked":["Guardian:ChargeUp","Guardian:Gem_Red","Guardian:TemporalStrike"],"picked":"Singing Bowl","floor":55},{"not_picked":["Guardian:Repulse","Guardian:Incinerate","Guardian:MultiBeam"],"picked":"Singing Bowl","floor":57},{"not_picked":["Guardian:RollAttack","Guardian:Recover"],"picked":"Guardian:Gem_Lightblue","floor":59},{"not_picked":["Guardian:Preprogram","Guardian:Reroute","Guardian:RollAttack"],"picked":"Singing Bowl","floor":62},{"not_picked":["Guardian:ConstructionForm","Guardian:DecasProtection","Guardian:Gem_Purple"],"picked":"Singing Bowl","floor":63},{"not_picked":["Guardian:TemporalStrike","Guardian:VentSteam","Guardian:RefractedBeam"],"picked":"Singing Bowl","floor":64},{"not_picked":["Guardian:Suspension","Guardian:Recover","Guardian:Gem_Green"],"picked":"Singing Bowl","floor":66},{"not_picked":["Guardian:Gem_Blue","Guardian:PrimingBeam","Guardian:PiercingHide"],"picked":"Singing Bowl","floor":67},{"not_picked":["Guardian:Gem_White","Guardian:ExploitGems","Guardian:VentSteam"],"picked":"Singing Bowl","floor":68}],"player_experience":242845,"relics_obtained":[{"floor":5,"key":"jedi:shrinkray"},{"floor":7,"key":"jedi:crownofsimplicity"},{"floor":10,"key":"Ice Cream"},{"floor":19,"key":"Singing Bowl"},{"floor":24,"key":"Bag of Preparation"},{"floor":28,"key":"Chaos"},{"floor":40,"key":"hubris:ScarierMask"},{"floor":42,"key":"HowToJump"},{"floor":42,"key":"aspiration:FrozenJewel"},{"floor":43,"key":"halation:Toothbrush"},{"floor":55,"key":"downfall:CloakOfManyFaces"}],"event_choices":[{"damage_healed":0,"gold_gain":0,"player_choice":"2","damage_taken":0,"max_hp_gain":0,"max_hp_loss":0,"event_name":"betterMatch:BetterMatch","floor":9,"gold_loss":0,"cards_obtained":["betterMatch:ColorlessUncommonCard"]},{"damage_healed":0,"gold_gain":0,"player_choice":"Gold","damage_taken":0,"max_hp_gain":0,"max_hp_loss":0,"event_name":"Wheel of Change","floor":21,"gold_loss":0},{"damage_healed":0,"gold_gain":0,"player_choice":"Fight","damage_taken":0,"max_hp_gain":0,"max_hp_loss":0,"event_name":"HidenRoomEvent","floor":42,"gold_loss":0}],"is_beta":false,"boss_relics":[{"not_picked":["conspire:SpecialSausage","hubris:Backtick"],"picked":"aspiration:MobileForge"},{"not_picked":[]},{"not_picked":["HornCleat","jedi:paperlyon"],"picked":"Onion Ring"},{"not_picked":[]},{"not_picked":["hubris:BundleOfHerbs","Meat on the Bone"],"picked":"Turnip"},{"not_picked":[]}],"items_purged_floors":[25],"is_endless":true,"potions_floor_spawned":[4,10,15,16,28,34,35,39,44,45,47,50,51,57,62,67,68],"killed_by":"Delirium","ascension_level":0}}