{"host":"ijaho54sjpvyy1fy","time":1608470649,"event":{"mods":["BaseMod","Colored Map","DeckTracker","Minty Spire (QoL Compilation)","Permanent Neow","Quick Restart","StSLib","The Bug Knight","The Cursed","The Witch"],"gold_per_floor":[109,58,78,78,78,78,110,110,110,110,57,68,97,117,117,220,220,234,250,78,88,99,428,428,177,177,177,206,226,226,226,226,324,324,341,163,163,173,93,93,93,110,110,160,160,160,174,194,194,194],"floor_reached":51,"playtime":3079,"items_purged":["Strike_B","Strike_B","Strike_B"],"score":743,"play_id":"f713259c-e317-4fb2-a992-cd2e9a99ef40","local_time":"20201220102409","is_ascension_mode":false,"campfire_choices":[{"data":"Gash","floor":6,"key":"SMITH"},{"data":"Steam","floor":10,"key":"SMITH"},{"data":"Hologram","floor":15,"key":"SMITH"},{"data":"Scrape","floor":24,"key":"SMITH"},{"data":"Hologram","floor":27,"key":"SMITH"},{"data":"All For One","floor":30,"key":"SMITH"},{"data":"Gash","floor":32,"key":"SMITH"},{"data":"Scrape","floor":40,"key":"SMITH"},{"data":"Steam","floor":46,"key":"SMITH"},{"floor":49,"key":"REST"}],"circlet_count":0,"master_deck":["Defend_B","Defend_B","Defend_B","Defend_B","Zap+1","Dualcast","Steam+1","Cold Snap","Gash+1","Skim","Steam+1","Hologram+1","Coolheaded","Gash+1","Beam Cell+1","Scrape+1","Gash","Hologram+1","All For One+1","Gash","Steam+1","Scrape+1"],"relics":["Cracked Core","NeowsBlessing","Vajra","Darkstone Periapt","Pantograph","Inserter","Old Coin","Lee\u0027s Waffle","War Paint","Shuriken","MutagenicStrength","Runic Pyramid","Letter Opener","Pocketwatch","Pear"],"acts_visited":["Exordium","TheCity","TheBeyond"],"potions_floor_usage":[22,23,23,28,42,50,50,50],"damage_taken":[{"damage":0,"enemies":"2 Louse","floor":1,"turns":1},{"damage":0,"enemies":"Jaw Worm","floor":3,"turns":1},{"damage":0,"enemies":"3 Sentries","floor":7,"turns":1},{"damage":0,"enemies":"Cultist","floor":12,"turns":3},{"damage":24,"enemies":"Lagavulin","floor":13,"turns":7},{"damage":3,"enemies":"Lots of Slimes","floor":14,"turns":3},{"damage":19,"enemies":"The Guardian","floor":16,"turns":9},{"damage":20,"enemies":"2 Thieves","floor":18,"turns":4},{"damage":1,"enemies":"Shell Parasite","floor":19,"turns":4},{"damage":8,"enemies":"3 Cultists","floor":21,"turns":5},{"damage":23,"enemies":"Snecko","floor":22,"turns":5},{"damage":7,"enemies":"Book of Stabbing","floor":23,"turns":4},{"damage":12,"enemies":"Slavers","floor":28,"turns":3},{"damage":18,"enemies":"Cultist and Chosen","floor":29,"turns":5},{"damage":37,"enemies":"Automaton","floor":33,"turns":8},{"damage":0,"enemies":"Orb Walker","floor":35,"turns":1},{"damage":0,"enemies":"3 Darklings","floor":38,"turns":4},{"damage":9,"enemies":"Jaw Worm Horde","floor":42,"turns":3},{"damage":21,"enemies":"Mind Bloom Boss Battle","floor":44,"turns":3},{"damage":17,"enemies":"Writhing Mass","floor":47,"turns":4},{"damage":6,"enemies":"3 Darklings","floor":48,"turns":3},{"damage":24,"enemies":"Donu and Deca","floor":50,"turns":6}],"seed_played":"6941902071158244899","potions_obtained":[{"floor":1,"key":"BlessingOfTheForge"},{"floor":3,"key":"Dexterity Potion"},{"floor":16,"key":"EntropicBrew"},{"floor":18,"key":"Fire Potion"},{"floor":22,"key":"SneckoOil"},{"floor":28,"key":"Explosive Potion"},{"floor":29,"key":"Strength Potion"},{"floor":33,"key":"SpeedPotion"},{"floor":38,"key":"EssenceOfSteel"},{"floor":47,"key":"LiquidBronze"}],"is_trial":false,"path_per_floor":["M","$","M","?","?","R","E","?","T","R","$","M","E","M","R","B",null,"M","M","$","M","M","E","R","$","T","R","E","M","R","?","R","B",null,"M","$","?","M","$","R","?","M","T","?","T","R","M","M","R","B",null],"character_chosen":"DEFECT","items_purchased":["Cold Snap","Steam","Gash","Hologram","Lee\u0027s Waffle","Steam","Scrape"],"campfire_rested":1,"item_purchase_floors":[2,11,20,20,25,36,39],"current_hp_per_floor":[75,75,75,75,80,80,80,80,80,80,80,80,56,53,53,59,80,60,59,59,51,28,21,21,87,87,87,75,57,57,57,57,45,87,87,87,87,87,87,87,83,74,74,62,72,72,55,49,76,69],"gold":194,"neow_bonus":"THREE_ENEMY_KILL","is_daily":false,"chose_seed":false,"campfire_upgraded":9,"win_rate":0.0,"timestamp":1608470649,"path_taken":["M","$","M","?","?","R","E","?","T","R","?","M","E","M","R","BOSS","M","M","$","M","M","E","R","$","T","R","E","M","R","?","R","BOSS","M","$","?","M","$","R","?","M","T","?","?","R","M","M","R","BOSS"],"items_purchased_type":["Card","Card","Card","Card","Relic","Card","Card"],"build_version":"2020-12-13","purchased_purges":3,"victory":true,"max_hp_per_floor":[75,75,75,75,80,80,80,80,80,80,80,80,80,80,80,80,80,80,80,80,80,80,80,80,87,87,87,87,87,87,87,87,87,87,87,87,87,87,87,87,83,83,83,83,93,93,93,93,93,93],"card_choices":[{"not_picked":["Auto Shields","Redo"],"picked":"Steam","floor":1},{"not_picked":["Barrage","Ball Lightning"],"picked":"Gash","floor":3},{"not_picked":["Amplify","Compile Driver","Skim"],"picked":"SKIP","floor":7},{"not_picked":["Sweeping Beam","Glacier"],"picked":"Hologram","floor":12},{"not_picked":["Redo","Steam"],"picked":"Coolheaded","floor":13},{"not_picked":["Reboot","Sweeping Beam"],"picked":"Gash","floor":14},{"not_picked":["Redo","Cold Snap"],"picked":"Beam Cell+1","floor":18},{"not_picked":["Ball Lightning","Fusion+1"],"picked":"Scrape","floor":19},{"not_picked":["Streamline","Beam Cell","Lockon"],"picked":"SKIP","floor":21},{"not_picked":["Fusion","Stack"],"picked":"All For One","floor":22},{"not_picked":["Rip and Tear","Cold Snap+1"],"picked":"Gash","floor":23},{"not_picked":["Heatsinks","Steam","Conserve Battery+1"],"picked":"SKIP","floor":28},{"not_picked":["Redo","BootSequence+1","Cold Snap"],"picked":"SKIP","floor":29},{"not_picked":["Go for the Eyes","Ball Lightning+1","Defragment"],"picked":"SKIP","floor":35},{"not_picked":["Consume+1","Self Repair+1","Go for the Eyes"],"picked":"SKIP","floor":38},{"not_picked":["Hello World","Force Field","Ball Lightning+1"],"picked":"SKIP","floor":42},{"not_picked":["Redo","Cold Snap","Streamline+1"],"picked":"SKIP","floor":47},{"not_picked":["Barrage","Amplify","Rip and Tear"],"picked":"SKIP","floor":48}],"player_experience":18036,"relics_obtained":[{"floor":7,"key":"Vajra"},{"floor":9,"key":"Darkstone Periapt"},{"floor":13,"key":"Pantograph"},{"floor":23,"key":"Old Coin"},{"floor":26,"key":"War Paint"},{"floor":28,"key":"Shuriken"},{"floor":43,"key":"Letter Opener"},{"floor":44,"key":"Pocketwatch"},{"floor":45,"key":"Pear"}],"event_choices":[{"damage_healed":0,"gold_gain":0,"cards_transformed":["Strike_B"],"player_choice":"Change","damage_taken":0,"max_hp_gain":0,"max_hp_loss":0,"event_name":"Living Wall","floor":4,"gold_loss":0,"cards_obtained":["Skim"]},{"damage_healed":0,"gold_gain":0,"player_choice":"Donut","damage_taken":0,"max_hp_gain":5,"max_hp_loss":0,"event_name":"Big Fish","floor":5,"gold_loss":0},{"damage_healed":0,"gold_gain":0,"player_choice":"Ignored","damage_taken":0,"max_hp_gain":0,"max_hp_loss":0,"event_name":"Golden Idol","floor":8,"gold_loss":0},{"damage_healed":0,"gold_gain":0,"player_choice":"Inject Mutagens","damage_taken":0,"relics_obtained":["MutagenicStrength"],"max_hp_gain":0,"max_hp_loss":0,"event_name":"Drug Dealer","floor":31,"gold_loss":0},{"damage_healed":0,"gold_gain":0,"player_choice":"Memory 1","damage_taken":0,"max_hp_gain":0,"max_hp_loss":0,"event_name":"SensoryStone","floor":37,"gold_loss":0},{"damage_healed":0,"gold_gain":0,"player_choice":"Max HP","damage_taken":0,"max_hp_gain":0,"max_hp_loss":4,"event_name":"Winding Halls","floor":41,"gold_loss":0},{"damage_healed":0,"gold_gain":0,"player_choice":"Fight","damage_taken":0,"max_hp_gain":0,"max_hp_loss":0,"event_name":"MindBloom","floor":44,"gold_loss":0}],"is_beta":false,"boss_relics":[{"not_picked":["Runic Dome","FrozenCore"],"picked":"Inserter"},{"not_picked":["Fusion Hammer","Snecko Eye"],"picked":"Runic Pyramid"}],"items_purged_floors":[20,25,36],"is_endless":false,"potions_floor_spawned":[1,3,16,18,22,28,29,33,38,47],"ascension_level":0}}