{"host":"pf5oese4ka0eje7d","time":1608480036,"event":{"mods":["AchievementEnabler","Aspiration","BaseMod","Colored Map","Downfall","Hermit","Hubris","Koishi","Minty Spire (QoL Compilation)","Replay The Spire","StSLib","SuperFastMode","The Necromancer"],"gold_per_floor":[99,99,99,99,99,99,99,110,14,14,14,32,52,52,68,165,165,115,131,165,180,198,148,195,145,164,114,124,134,134,148,159,256,256,206,47,47,61,11,41,66,66,16,41,41,118,118,138,150,150],"floor_reached":51,"playtime":2092,"items_purged":[],"score":715,"play_id":"2c85178e-ac57-4c16-8678-62f3ce405959","local_time":"20201220170036","is_ascension_mode":false,"campfire_choices":[{"data":"Slimebound:CorrosiveSpit","floor":1,"key":"SMITH"},{"floor":4,"key":"REST"},{"data":"Slimebound:Tackle","floor":6,"key":"SMITH"},{"data":"Slimebound:Split","floor":10,"key":"SMITH"},{"data":"Slimebound:MassRepurpose","floor":18,"key":"SMITH"},{"data":"Slimebound:SplitLeeching","floor":23,"key":"SMITH"},{"data":"Slimebound:SplitLeeching","floor":25,"key":"SMITH"},{"data":"Slimebound:SlimeSpikes","floor":27,"key":"SMITH"},{"data":"Slimebound:SelfFormingGoo","floor":35,"key":"SMITH"},{"data":"Slimebound:SplitBruiser","floor":37,"key":"SMITH"},{"data":"Slimebound:MassRepurpose","floor":39,"key":"SMITH"},{"data":"Slimebound:SplitBruiser","floor":43,"key":"SMITH"}],"circlet_count":0,"master_deck":["Slimebound:Strike_Slimebound","Slimebound:Strike_Slimebound","Slimebound:Tackle+1","Slimebound:Defend_Slimebound","Slimebound:Defend_Slimebound","Slimebound:Defend_Slimebound","Slimebound:Defend_Slimebound","Slimebound:Split+1","Slimebound:CorrosiveSpit+1","Slimebound:Schlurp","Slimebound:HauntingLick","Slimebound:SplitLeeching+1","Slimebound:RollThrough","Slimebound:SamplingLick","Slimebound:MassRepurpose+1","Slimebound:TongueLash+1","Slimebound:SplitLeeching+1","Slimebound:SlimeSpikes+1","Slimebound:SplitBruiser+1","Slimebound:SplitMire+1","Slimebound:SelfFormingGoo+1","Slimebound:RainOfGoop+1","Slimebound:MassRepurpose+1","Slimebound:SplitBruiser+1","Slimebound:PressTheAttack","Slimebound:SlimeBarrage+1"],"relics":["Slimebound:AbsorbEndCombat","Lantern","Pen Nib","Eternal Feather","Replay:Wax Seal","Slimebound:GreedOozeRelic","aspiration:BabyByrd","hubris:SlimyHat","Oddly Smooth Stone","Sozu","Slimebound:SelfDamagePreventRelic","ReplayTheSpireMod:Ninjato","Regal Pillow","Iron Hammer","Golden Egg"],"acts_visited":["Exordium","TheCity","TheBeyond"],"potions_floor_usage":[20,31,50],"damage_taken":[{"damage":11,"enemies":"Small Slimes","floor":8,"turns":3},{"damage":12,"enemies":"downfall:FleeingMerchant","floor":9,"turns":4},{"damage":11,"enemies":"2 Louse","floor":12,"turns":1},{"damage":13,"enemies":"Jaw Worm","floor":13,"turns":3},{"damage":32,"enemies":"Exordium Wildlife","floor":15,"turns":4},{"damage":70,"enemies":"downfall:Silent","floor":16,"turns":9},{"damage":35,"enemies":"3 Byrds","floor":19,"turns":4},{"damage":47,"enemies":"Slavers","floor":20,"turns":5},{"damage":17,"enemies":"Chosen","floor":21,"turns":4},{"damage":16,"enemies":"Snake Plant","floor":22,"turns":3},{"damage":22,"enemies":"Centurion and Healer","floor":26,"turns":5},{"damage":30,"enemies":"Cultist and Chosen","floor":28,"turns":5},{"damage":23,"enemies":"Sentry and Sphere","floor":29,"turns":4},{"damage":24,"enemies":"Snecko","floor":31,"turns":4},{"damage":26,"enemies":"Snake Plant","floor":32,"turns":3},{"damage":58,"enemies":"downfall:Ironclad","floor":33,"turns":8},{"damage":16,"enemies":"downfall:FleeingMerchant","floor":36,"turns":4},{"damage":29,"enemies":"3 Darklings","floor":38,"turns":3},{"damage":71,"enemies":"Giant Head","floor":40,"turns":9},{"damage":36,"enemies":"R_Hoarder","floor":44,"turns":5},{"damage":13,"enemies":"Orb Walker","floor":48,"turns":3},{"damage":36,"enemies":"Maw","floor":49,"turns":6},{"damage":80,"enemies":"downfall:Defect","floor":50,"turns":6}],"seed_played":"-3807829839232866646","potions_obtained":[{"floor":8,"key":"Slimebound:ThreeZeroPotion"},{"floor":13,"key":"SpeedPotion"},{"floor":16,"key":"SpeedPotion"},{"floor":21,"key":"sneckomod:MuddlingPotion"},{"floor":33,"key":"champ:CounterPotion"}],"is_trial":false,"path_per_floor":["R","?","?","R","?","R","T","M","$","R","?","M","M","?","M","B",null,"R","M","E","M","M","R","T","R","M","R","M","M","?","M","M","B",null,"R","$","R","M","R","E","T","?","R","E","?","T","?","M","M","B",null],"character_chosen":"SLIMEBOUND","items_purchased":["Replay:Wax Seal","Slimebound:SelfDamagePreventRelic"],"campfire_rested":1,"item_purchase_floors":[9,36],"current_hp_per_floor":[60,35,35,53,53,53,53,50,58,60,60,60,60,60,48,18,60,60,41,34,53,60,60,60,60,60,60,46,55,55,60,50,48,60,60,60,60,60,60,41,41,41,53,60,60,60,60,55,60,32],"gold":150,"neow_bonus":"RANDOM_COMMON_RELIC","is_daily":false,"chose_seed":false,"campfire_upgraded":11,"win_rate":0.0,"timestamp":1608480036,"path_taken":["R","?","?","R","?","R","T","M","$","R","?","M","?","?","M","BOSS","R","M","E","M","M","R","T","R","M","R","M","M","?","M","M","BOSS","R","$","R","M","R","E","T","?","R","E","?","?","?","?","M","BOSS"],"items_purchased_type":["Relic","Relic"],"build_version":"2020-12-13","purchased_purges":0,"victory":true,"max_hp_per_floor":[60,60,60,60,60,60,60,60,60,60,60,60,60,60,60,60,60,60,60,60,60,60,60,60,60,60,60,60,60,60,60,60,60,60,60,60,60,60,60,60,60,60,60,60,60,60,60,60,60,60],"card_choices":[{"not_picked":["Slimebound:AcidTongue","Slimebound:DisruptingSlam"],"picked":"Slimebound:Schlurp","floor":8},{"not_picked":["Slimebound:SpikyOuterGoop","Slimebound:SamplingLick"],"picked":"Slimebound:HauntingLick","floor":9},{"not_picked":["Slimebound:Grow","Slimebound:LeechingTouch"],"picked":"Slimebound:SplitLeeching","floor":12},{"not_picked":["Slimebound:Schlurp","Slimebound:LivingWall"],"picked":"Slimebound:RollThrough","floor":13},{"not_picked":["Slimebound:LeechingTouch","Slimebound:RainOfGoop"],"picked":"Slimebound:SamplingLick","floor":15},{"not_picked":["Slimebound:DuplicatedForm","Slimebound:LeechLife"],"picked":"Slimebound:MassRepurpose","floor":16},{"not_picked":["Slimebound:RollThrough","Slimebound:ProtectTheBoss"],"picked":"Slimebound:TongueLash+1","floor":19},{"not_picked":["Slimebound:Grow+1","Slimebound:GoopTackle"],"picked":"Slimebound:SplitLeeching","floor":20},{"not_picked":["Slimebound:Schlurp","Slimebound:FinishingTackle","Slimebound:LeechEnergy"],"picked":"SKIP","floor":21},{"not_picked":["Slimebound:LeechingTouch","Slimebound:ForwardTackle","Slimebound:GoopSpray"],"picked":"SKIP","floor":22},{"not_picked":["Slimebound:GoopSpray","Slimebound:GoopTackle+1"],"picked":"Slimebound:SlimeSpikes","floor":26},{"not_picked":["Slimebound:ItLooksTasty","Slimebound:GoopSpray+1"],"picked":"Slimebound:SplitBruiser","floor":28},{"not_picked":["Slimebound:SpikyOuterGoop","Slimebound:LeechingTouch"],"picked":"Slimebound:SplitMire","floor":29},{"not_picked":["Slimebound:LeechingTouch+1","Slimebound:Equalize"],"picked":"Slimebound:SelfFormingGoo","floor":31},{"not_picked":["Slimebound:Gluttony+1","Slimebound:LeechEnergy+1"],"picked":"Slimebound:RainOfGoop+1","floor":32},{"not_picked":["Slimebound:OozeBath","Slimebound:SlimeSlap"],"picked":"Slimebound:MassRepurpose","floor":33},{"not_picked":["Slimebound:SplitAcid","Slimebound:HauntingLick"],"picked":"Slimebound:SplitBruiser","floor":36},{"not_picked":["Slimebound:GrowthPunch+1","Slimebound:LeechingTouch+1","Slimebound:RollThrough+1"],"picked":"SKIP","floor":38},{"not_picked":["Slimebound:Gluttony+1","Slimebound:Schlurp+1","Slimebound:ViciousTackle+1"],"picked":"SKIP","floor":40},{"not_picked":["Slimebound:GoopSpray+1","Slimebound:RainOfGoop+1"],"picked":"Slimebound:PressTheAttack","floor":44},{"not_picked":["Slimebound:GrowthPunch+1","Slimebound:GoopSpray","Slimebound:PressTheAttack"],"picked":"SKIP","floor":48},{"not_picked":["Slimebound:Equalize","Slimebound:DisruptingSlam+1"],"picked":"Slimebound:SlimeBarrage+1","floor":49}],"player_experience":396730,"relics_obtained":[{"floor":7,"key":"Eternal Feather"},{"floor":20,"key":"hubris:SlimyHat"},{"floor":24,"key":"Oddly Smooth Stone"},{"floor":40,"key":"ReplayTheSpireMod:Ninjato"},{"floor":41,"key":"Regal Pillow"},{"floor":44,"key":"Iron Hammer"},{"floor":46,"key":"Golden Egg"}],"event_choices":[{"damage_healed":0,"gold_gain":0,"player_choice":"Success","damage_taken":25,"relics_obtained":["Pen Nib"],"max_hp_gain":0,"max_hp_loss":0,"event_name":"Scrap Ooze","floor":2,"gold_loss":0}],"is_beta":false,"boss_relics":[{"not_picked":["aspiration:PoetsPen_weak","Slimebound:TarBlob","hubris:BlackHole"]},{"not_picked":["Replay:Bronze Core","aspiration:FutureDiary"],"picked":"Sozu"}],"items_purged_floors":[],"is_endless":false,"potions_floor_spawned":[8,13,16,19,21,26,33,38,48,49],"ascension_level":0}}