{"host":"4a0aa7b2d8dxohwr","time":1608458392,"event":{"mods":["Act Like it!","BaseMod","Dota2Spire","Gensokyo","GifTheSpireLib","GungeonMod","Lobotomy","LobotomyExtend","Marisa£®ÏF”Í°°ƒß¿Ì…≥£©","Minty Spire (QoL Compilation)","Reimu£®≤©¿ˆ¡È√Œ£©","Remilia£®¿Ÿ√◊¿Ú—«£©","Replay The Spire","Shop Mod","StSLib","The Senshi","Youmu£®ªÍ∆«—˝√Œ£©"],"gold_per_floor":[115,129,147,165,165,200,200,229,252,269,269,269,282,301,301,375,375,391,391,403,414,414,449,116,147,147,4,35,35,35,35,35,110,110,127,143,143,161,179,179,204,223,248,51,77,77,127,172,172,172],"floor_reached":51,"playtime":2910,"items_purged":["Strike_RM","ReplayTheSpireMod:Restless Dread"],"score":1704,"play_id":"9696bae0-93af-4ade-a73a-f3b81b22a657","local_time":"20201220175952","is_ascension_mode":true,"campfire_choices":[{"data":"BombardNight","floor":7.0,"key":"SMITH"},{"data":"BloodRain","floor":11.0,"key":"SMITH"},{"data":"DiffusionOfMisfortune","floor":15.0,"key":"SMITH"},{"data":"QueenOfMidnight","floor":30.0,"key":"SMITH"},{"data":"Stigmanizer","floor":32.0,"key":"SMITH"},{"data":"TricksterDevil","floor":40,"key":"SMITH"},{"data":"BatForm","floor":49,"key":"SMITH"}],"circlet_count":0,"master_deck":["RedMoon","MeatLantern","StarOfDavid","NightDance","ScarletSymphony","QueenOfMidnight+1","NightLord+1","Stigmanizer+1","ScarletMeister","ScarletNetherworld","BatForm+1","ScarletDevilSign+1","CeilingFear"],"relics":["ScarletHat","CogitoBucket","LetterFromLob","Replay:Rubber Ducky","Vajra","Boot","HellTrain","ChewingGum","SkinProphecy","DemoMod:BlueGuonStone","AntiCross","Dota2Spire:BlackKingBar","Akabeko","DemoMod:MeatBun","Dota2Spire:MaskOfMadness","DemoMod:Bottle","Replay:Grab Bag","SlaversCollar","Cursed Key","Empty Cage","Black Star","AtMidnight","AspirationHeart","Smiling Mask","Juzu Bracelet","Membership Card","Dota2Spire:ArmletOfMordiggian","FairyMaid","TungstenRod","Mummified Hand","DemoMod:SuperHotWatch"],"acts_visited":["Exordium","Gensokyo:Gensokyoer","TheBeyond"],"potions_floor_usage":[],"damage_taken":[{"damage":5.0,"enemies":"Cultist","floor":1.0,"turns":4.0},{"damage":0.0,"enemies":"2 Louse","floor":2.0,"turns":3.0},{"damage":0.0,"enemies":"Jaw Worm","floor":3.0,"turns":6.0},{"damage":11.0,"enemies":"Lots of Slimes","floor":4.0,"turns":4.0},{"damage":5.0,"enemies":"3 Sentries","floor":6.0,"turns":14.0},{"damage":0.0,"enemies":"Gremlin Nob","floor":8.0,"turns":12.0},{"damage":0.0,"enemies":"3 Louse","floor":10.0,"turns":1.0},{"damage":0.0,"enemies":"Blue Slaver","floor":13.0,"turns":2.0},{"damage":0.0,"enemies":"Large Slime","floor":14.0,"turns":5.0},{"damage":26.0,"enemies":"Hexaghost","floor":16.0,"turns":9.0},{"damage":0.0,"enemies":"Gensokyo:Chomper","floor":18.0,"turns":4.0},{"damage":21.0,"enemies":"Gensokyo:AngelMirror","floor":20.0,"turns":5.0},{"damage":0.0,"enemies":"Gensokyo:3_Gloops","floor":21.0,"turns":2.0},{"damage":0.0,"enemies":"Gensokyo:Reisen","floor":23.0,"turns":5.0},{"damage":17.0,"enemies":"Gensokyo:Tenshi","floor":25.0,"turns":3.0},{"damage":0.0,"enemies":"Gensokyo:Koishi","floor":28.0,"turns":2.0},{"damage":7.0,"enemies":"Gensokyo:Kaguya","floor":33.0,"turns":5.0},{"damage":3,"enemies":"3 Shapes","floor":35,"turns":5},{"damage":0,"enemies":"3 Darklings","floor":36,"turns":3},{"damage":0,"enemies":"Transient","floor":38,"turns":5},{"damage":9,"enemies":"Maw","floor":39,"turns":6},{"damage":50,"enemies":"Giant Head","floor":41,"turns":3},{"damage":4,"enemies":"Jaw Worm Horde","floor":42,"turns":2},{"damage":0,"enemies":"Nemesis","floor":45,"turns":3},{"damage":0,"enemies":"2 Orb Walkers","floor":47,"turns":3},{"damage":8,"enemies":"R_Hoarder","floor":48,"turns":5},{"damage":12,"enemies":"Donu and Deca","floor":50,"turns":4}],"seed_played":"-6937760528802740485","potions_obtained":[{"floor":4.0,"key":"Strength Potion"},{"floor":10.0,"key":"Dota2Spire:HealingSalve"},{"floor":14.0,"key":"Explosive Potion"},{"floor":23.0,"key":"Adrenaline Potion"},{"floor":38,"key":"Fire Potion"},{"floor":39,"key":"Explosive Potion"},{"floor":47,"key":"PowerPotion"},{"floor":48,"key":"Dexterity Potion"}],"is_trial":false,"path_per_floor":["M","M","M","M","?","E","R","E","T","M","R","?","M","M","R","B",null,"M","?","M","M","?","E","$","E","T","$","E","?","R","T","R","B",null,"M","M","?","M","M","R","E","M","T","$","E","?","?","E","R","B",null],"character_chosen":"REMILIA","items_purchased":["AntiCross","DemoMod:MeatBun","Membership Card"],"campfire_rested":0,"item_purchase_floors":[24,27,44],"current_hp_per_floor":[63,63,63,56,56,68,68,75,75,75,75,75,75,75,75,64,72,74,74,55,52,52,54,54,37,37,51,49,49,49,49,49,47,76,95,92,92,103,105,105,107,105,105,105,102,111,113,115,115,110],"gold":172,"neow_bonus":"","is_daily":false,"chose_seed":false,"campfire_upgraded":7,"win_rate":0.0,"timestamp":1608458392,"path_taken":["M","M","?","M","?","E","R","E","T","M","R","?","?","?","R","BOSS","M","?","M","M","?","E","?","E","T","$","E","?","R","?","R","BOSS","M","M","?","M","?","R","E","M","T","?","E","?","?","E","R","BOSS"],"items_purchased_type":["Relic","Relic","Relic"],"build_version":"2020-12-13","purchased_purges":2,"victory":true,"max_hp_per_floor":[75,75,75,75,75,75,75,75,75,75,75,75,75,75,75,75,75,75,75,75,77,77,79,79,81,81,81,83,83,83,83,83,85,85,99,101,101,103,105,105,107,109,109,109,111,111,113,115,115,117],"card_choices":[{"not_picked":["CherryBlossoms","SpiderBud"],"picked":"MeatLantern","floor":1.0},{"not_picked":["UltimateOffering","LeisurelyOfLord"],"picked":"BombardNight","floor":1.0},{"not_picked":["ScarletDevil","UltimateOffering"],"picked":"MastersStateliness","floor":2.0},{"not_picked":["OSAHOGD","BeautyBeast"],"picked":"FairyFestival","floor":3.0},{"not_picked":["UnderTheZenith","ScarletNetherworld"],"picked":"StarOfDavid","floor":3.0},{"not_picked":["StarOfDavid","MastersStateliness","ScarletDevil"],"picked":"SKIP","floor":4.0},{"not_picked":["ReincarnationDial","FavorOfDestiny"],"picked":"BloodRain","floor":6.0},{"not_picked":["RedMagic","FavorOfDestiny"],"picked":"NightDance","floor":8.0},{"not_picked":["ScarletImprint","StarOfDavid"],"picked":"DiffusionOfMisfortune","floor":10.0},{"not_picked":["UnderTheZenith","NightDance"],"picked":"Ultimatum","floor":13.0},{"not_picked":["VampireKiss","FitfulNightmare"],"picked":"ScarletSymphony","floor":14.0},{"not_picked":["BloodRain","KillingBlow"],"picked":"QueenOfMidnight","floor":16.0},{"not_picked":["SuperhumanBloodyKnife+1","BlasphemousPunishment"],"picked":"NightLord+1","floor":18.0},{"not_picked":["BloodyMagicSquare","EndlessAdversity","UltimateOffering+1"],"picked":"SKIP","floor":18.0},{"not_picked":["ForbiddenFruit","TricksterDevil"],"picked":"Stigmanizer","floor":20.0},{"not_picked":["DiffusionOfMisfortune","RedNightlessCastle"],"picked":"ScarletMeister","floor":20.0},{"not_picked":["RedRainbow","EndlessAdversity"],"picked":"ScarletDevilSign","floor":21.0},{"not_picked":["EternalNight","TransientEternity"],"picked":"VampireClaw","floor":23.0},{"not_picked":["ScarletImprint","BloodHunter","RedRainbow"],"picked":"SKIP","floor":25.0},{"not_picked":["UnderTheZenith","FitfulNightmare+1","EndlessAdversity"],"picked":"SKIP","floor":28.0},{"not_picked":["CurseOfVladTepes","BloodyCatastrophe"],"picked":"TricksterDevil","floor":33.0},{"not_picked":["FavorOfDestiny+1","CharismaGuard","ScarletGensokyo"],"picked":"SKIP","floor":35},{"not_picked":["LeisurelyOfLord","ScarletSymphony","BlasphemousPunishment"],"picked":"SKIP","floor":36},{"not_picked":["Maim","ScarletSymphony","CharismaGuard"],"picked":"SKIP","floor":38},{"not_picked":["ReincarnationDial","StarOfDavid","UnderTheZenith+1"],"picked":"SKIP","floor":39},{"not_picked":["TricksterDevil","NightDance","TwelveNightmare+1"],"picked":"SKIP","floor":41},{"not_picked":["UnstableMagic","RedMagic","ScarletDevilSign"],"picked":"SKIP","floor":42},{"not_picked":["RedMagic","VampireFantasy+1"],"picked":"BatForm","floor":45},{"not_picked":["BombardNight","RedRainbow+1","BloodyTrap"],"picked":"SKIP","floor":45},{"not_picked":["Ultimatum+1","RedRainbow+1"],"picked":"ScarletDevilSign+1","floor":47},{"not_picked":["Septette","EndlessAdversity"],"picked":"CeilingFear","floor":48}],"player_experience":444291,"relics_obtained":[{"floor":1.0,"key":"LetterFromLob"},{"floor":6.0,"key":"Replay:Rubber Ducky"},{"floor":8.0,"key":"Vajra"},{"floor":9.0,"key":"Boot"},{"floor":23.0,"key":"DemoMod:BlueGuonStone"},{"floor":25.0,"key":"Dota2Spire:BlackKingBar"},{"floor":26.0,"key":"Akabeko"},{"floor":28.0,"key":"Dota2Spire:MaskOfMadness"},{"floor":31.0,"key":"DemoMod:Bottle"},{"floor":35,"key":"AtMidnight"},{"floor":41,"key":"Smiling Mask"},{"floor":41,"key":"Juzu Bracelet"},{"floor":45,"key":"Dota2Spire:ArmletOfMordiggian"},{"floor":45,"key":"FairyMaid"},{"floor":47,"key":"TungstenRod"},{"floor":48,"key":"Mummified Hand"},{"floor":48,"key":"DemoMod:SuperHotWatch"}],"event_choices":[{"damage_healed":0.0,"max_hp_gain":0.0,"max_hp_loss":0.0,"gold_gain":0.0,"event_name":"Accursed Blacksmith","player_choice":"Forge","floor":5.0,"gold_loss":0.0,"damage_taken":0.0,"cards_upgraded":["MastersStateliness"]},{"damage_healed":0,"gold_gain":0,"cards_transformed":["Strike_RM"],"player_choice":"Transformed","damage_taken":0,"max_hp_gain":0,"max_hp_loss":0,"event_name":"Transmorgrifier","floor":37,"gold_loss":0,"cards_obtained":["ScarletNetherworld"]},{"damage_healed":0,"gold_gain":0,"player_choice":"Fight","damage_taken":0,"max_hp_gain":0,"max_hp_loss":0,"event_name":"Mysterious Sphere","floor":47,"gold_loss":0}],"is_beta":false,"boss_relics":[{"not_picked":["Ring of Chaos","Runic Dome"],"picked":"ChewingGum"},{"not_picked":["RedLine:ReiMu","Philosopher\u0027s Stone"],"picked":"Replay:Grab Bag"},{"not_picked":["Fusion Hammer","Busted Crown"],"picked":"SlaversCollar"},{"not_picked":["Velvet Choker","Sozu"],"picked":"Cursed Key"},{"not_picked":["theSenshi:MoonKaleidoScopeRelic","DemoMod:WaxWing"],"picked":"Empty Cage"},{"not_picked":["Astrolabe","Runic Pyramid"],"picked":"Black Star"}],"items_purged_floors":[24,44],"is_endless":false,"potions_floor_spawned":[4,10,14,23,25,38,39,47],"ascension_level":13}}