{"host":"coame8l8goqx0svj","time":1608478383,"event":{"mods":["BaseMod","Downfall","Minty Spire (QoL Compilation)","StSLib"],"gold_per_floor":[99,9,41,141,66,78,150,450,450,485,485,495,495,0,17,117,117,42,42,77,77,110,110,110,110,60,60,70,70,93,111,125,224,224,149,199,199,300,300,332,355,372,372,405,258,271,118,137,156,156,156,186,36,36,36,36],"floor_reached":55,"playtime":5009,"items_purged":["Regret"],"score":1113,"play_id":"be980a2d-13ae-491d-85f1-5058f2ae3bc7","local_time":"20201220163303","is_ascension_mode":true,"campfire_choices":[{"floor":1,"key":"RECALL"},{"data":"Mayhem","floor":5,"key":"SMITH"},{"floor":9,"key":"REST"},{"data":"Apotheosis","floor":18,"key":"SMITH"},{"floor":25,"key":"REST"},{"data":"sneckomod:UnknownRarePower","floor":27,"key":"SMITH"},{"data":"sneckomod:UnknownRarePower","floor":35,"key":"SMITH"},{"data":"sneckomod:UnknownRareSkill","floor":43,"key":"SMITH"},{"data":"sneckomod:UnknownColorless","floor":54,"key":"SMITH"}],"circlet_count":0,"master_deck":["sneckomod:Strike","sneckomod:Strike","sneckomod:Strike","sneckomod:Defend","sneckomod:Defend+1","sneckomod:Defend+1","sneckomod:TailWhip","sneckomod:SnekBite","sneckomod:Unknown","sneckomod:Unknown","Mayhem+1","sneckomod:ImprovisedGuard","sneckomod:MasterEye","Slimebound:Icky","Slimebound:Icky","sneckomod:PureSnecko","Parasite","sneckomod:SoulCleanse","Apotheosis+1","sneckomod:UnknownRarePower+1","sneckomod:UnknownUncommonSkill","sneckomod:UnknownRarePower+1","sneckomod:UnknownStrength","sneckomod:SoulRoll","sneckomod:IronFang+1","sneckomod:UnknownRareSkill+1","sneckomod:SoulExchange","sneckomod:Rotation+1","expansioncontent:DefensiveMode","sneckomod:UnknownX","sneckomod:SerpentMind","sneckomod:UnknownColorless+1","sneckomod:Rotation+1","sneckomod:UnknownClassRED+1"],"relics":["sneckomod:SneckoSoul","War Paint","downfall:HeartBlessingRed","Meat on the Bone","Blue Candle","Incense Burner","SlaversCollar","downfall:HeartBlessingGreen","MutagenicStrength","Ancient Tea Set","HornCleat","Snecko Eye","downfall:HeartBlessingBlue","Ginger","Kunai","Bag of Marbles","Juzu Bracelet","hexamod:BolsterEngine","Strawberry","Bronze Scales","Bird Faced Urn","HandDrill"],"acts_visited":["Exordium","TheCity","TheBeyond","TheEnding"],"potions_floor_usage":[22,28,33,46,48,55,55,55],"damage_taken":[{"damage":5,"enemies":"downfall:FleeingMerchant","floor":2,"turns":4},{"damage":47,"enemies":"Lagavulin","floor":3,"turns":7},{"damage":3,"enemies":"2 Louse","floor":6,"turns":2},{"damage":56,"enemies":"Gremlin Nob","floor":10,"turns":5},{"damage":2,"enemies":"Small Slimes","floor":12,"turns":3},{"damage":9,"enemies":"downfall:FleeingMerchant","floor":14,"turns":4},{"damage":14,"enemies":"Jaw Worm","floor":15,"turns":5},{"damage":5,"enemies":"downfall:Silent","floor":16,"turns":7},{"damage":48,"enemies":"Book of Stabbing","floor":20,"turns":7},{"damage":56,"enemies":"Slavers","floor":22,"turns":5},{"damage":6,"enemies":"downfall:FleeingMerchant","floor":26,"turns":4},{"damage":6,"enemies":"Shell Parasite","floor":28,"turns":4},{"damage":24,"enemies":"Spheric Guardian","floor":31,"turns":6},{"damage":13,"enemies":"Snake Plant","floor":32,"turns":5},{"damage":0,"enemies":"downfall:Defect","floor":33,"turns":9},{"damage":1,"enemies":"Mind Bloom Boss Battle","floor":36,"turns":4},{"damage":0,"enemies":"downfall:FleeingMerchant","floor":38,"turns":3},{"damage":55,"enemies":"Nemesis","floor":40,"turns":7},{"damage":0,"enemies":"3 Shapes","floor":42,"turns":4},{"damage":7,"enemies":"Reptomancer","floor":44,"turns":3},{"damage":2,"enemies":"3 Darklings","floor":46,"turns":2},{"damage":53,"enemies":"Writhing Mass","floor":48,"turns":4},{"damage":13,"enemies":"Sphere and 2 Shapes","floor":49,"turns":4},{"damage":0,"enemies":"downfall:Watcher","floor":50,"turns":6},{"damage":58,"enemies":"downfall:CharBossMerchant","floor":52,"turns":9},{"damage":155,"enemies":"downfall:NeowBoss","floor":55,"turns":19}],"seed_played":"-990152104021700484","potions_obtained":[{"floor":10,"key":"Weak Potion"},{"floor":15,"key":"FearPotion"},{"floor":16,"key":"Fire Potion"},{"floor":22,"key":"sneckomod:OffclassReductionPotion"},{"floor":32,"key":"Dexterity Potion"},{"floor":36,"key":"Regen Potion"},{"floor":48,"key":"Fire Potion"},{"floor":52,"key":"sneckomod:CheatPotion"}],"is_trial":false,"path_per_floor":["R","$","E","?","R","M","T","?","R","E","?","M","?","$","M","B",null,"R","?","E","?","E","?","T","R","$","R","M","?","T","M","M","B",null,"R","?","?","$","?","E","T","M","R","E","$","M","$","M","M","B",null,"E","$","R","B"],"character_chosen":"THE_SNECKO","items_purchased":["Apotheosis","Incense Burner","sneckomod:UnknownStrength","Kunai","Strawberry","Bronze Scales","HandDrill"],"campfire_rested":2,"item_purchase_floors":[14,14,26,38,45,47,53],"current_hp_per_floor":[90,85,38,38,38,35,35,35,62,18,40,52,57,48,46,54,96,96,96,61,61,18,18,18,47,54,54,63,43,43,31,41,53,105,115,114,114,115,115,60,60,60,60,66,73,76,76,75,74,74,124,97,97,97,0,0],"gold":36,"neow_bonus":"RANDOM_COLORLESS_2","is_daily":false,"chose_seed":false,"campfire_upgraded":6,"win_rate":0.0,"timestamp":1608478383,"path_taken":["R","$","E","?","R","M","T","?","R","E","?","M","?","$","M","BOSS","R","?","E","?","E","?","T","R","$","R","?","?","?","M","M","BOSS","R","?","?","$","?","E","T","M","R","E","$","M","$","M","M","BOSS","E","$","R","BOSS"],"items_purchased_type":["Card","Relic","Card","Relic","Relic","Relic","Relic"],"build_version":"2020-12-13","purchased_purges":1,"victory":false,"max_hp_per_floor":[90,90,90,90,90,90,90,90,90,90,90,90,95,95,95,96,96,96,96,97,97,98,98,98,98,99,99,99,104,104,104,105,105,105,115,115,115,116,116,116,116,116,116,117,124,124,124,124,124,124,124,125,125,125,125,125],"card_choices":[{"not_picked":["Chrysalis","Metamorphosis"],"picked":"Mayhem","floor":0},{"not_picked":["sneckomod:Rotation","sneckomod:Nope","sneckomod:DiceBlock"],"picked":"SKIP","floor":2},{"not_picked":["sneckomod:SoulRoll","sneckomod:Unknown1Cost"],"picked":"sneckomod:ImprovisedGuard","floor":3},{"not_picked":["sneckomod:UnknownStrength","sneckomod:UnknownClassGREEN"],"picked":"sneckomod:MasterEye","floor":6},{"not_picked":["sneckomod:SoulDraw","sneckomod:SerpentIdol"],"picked":"sneckomod:PureSnecko","floor":10},{"not_picked":["sneckomod:Nope","sneckomod:WideSting","sneckomod:MixItUp"],"picked":"SKIP","floor":12},{"not_picked":["sneckomod:UnknownStrike","sneckomod:IronFang"],"picked":"sneckomod:SoulCleanse","floor":14},{"not_picked":["sneckomod:UnknownBlock","sneckomod:UnknownClassHEXA_GHOST_PURPLE","sneckomod:DiceBlock"],"picked":"SKIP","floor":15},{"not_picked":["sneckomod:Mudshield","sneckomod:UnknownRareAttack"],"picked":"sneckomod:UnknownRarePower","floor":16},{"not_picked":["sneckomod:UnknownStrike+1","sneckomod:QuickMove"],"picked":"sneckomod:UnknownUncommonSkill","floor":20},{"not_picked":["sneckomod:UnknownX","sneckomod:SoulRoll"],"picked":"sneckomod:UnknownRarePower","floor":22},{"not_picked":["sneckomod:UnknownStrike+1","sneckomod:MasterEye","sneckomod:IronFang"],"picked":"SKIP","floor":26},{"not_picked":["sneckomod:DiceCrush","sneckomod:WideSting"],"picked":"sneckomod:SoulRoll","floor":28},{"not_picked":["sneckomod:UnknownClassGREEN","sneckomod:SoulDraw+1"],"picked":"sneckomod:IronFang+1","floor":31},{"not_picked":["sneckomod:UnknownCommonAttack+1","sneckomod:WideSting"],"picked":"sneckomod:UnknownRareSkill","floor":32},{"not_picked":["sneckomod:Cheat","sneckomod:Mudshield"],"picked":"sneckomod:SoulExchange","floor":33},{"not_picked":["sneckomod:QuickMove","sneckomod:UnknownCommonSkill"],"picked":"sneckomod:Rotation+1","floor":36},{"not_picked":["expansioncontent:SlimeTackle","expansioncontent:PolyBeam"],"picked":"expansioncontent:DefensiveMode","floor":37},{"not_picked":["sneckomod:SoulRoll","sneckomod:Nope+1"],"picked":"sneckomod:UnknownX","floor":38},{"not_picked":["sneckomod:UnknownStrike","sneckomod:SerpentMind","sneckomod:SoulRoll"],"picked":"SKIP","floor":40},{"not_picked":["sneckomod:Nope","sneckomod:WideSting","sneckomod:UnknownClassGREEN"],"picked":"SKIP","floor":42},{"not_picked":["sneckomod:UnknownRareAttack","sneckomod:SoulRoll"],"picked":"sneckomod:UnknownColorless","floor":44},{"not_picked":["sneckomod:Nope","sneckomod:UnknownVulnerable"],"picked":"sneckomod:Rotation+1","floor":46},{"not_picked":["sneckomod:SoulRoll","sneckomod:UnknownUncommonPower","sneckomod:RainOfDice"],"picked":"SKIP","floor":48},{"not_picked":["sneckomod:Unknown1Cost+1","sneckomod:UnknownCommonAttack+1","sneckomod:RainOfDice+1"],"picked":"SKIP","floor":49},{"not_picked":["sneckomod:UnknownStrike","sneckomod:WideSting"],"picked":"sneckomod:UnknownClassRED+1","floor":52}],"player_experience":1689822,"relics_obtained":[{"floor":3,"key":"War Paint"},{"floor":7,"key":"Meat on the Bone"},{"floor":10,"key":"Blue Candle"},{"floor":20,"key":"Centennial Puzzle"},{"floor":22,"key":"Ancient Tea Set"},{"floor":24,"key":"HornCleat"},{"floor":36,"key":"Ginger"},{"floor":40,"key":"Bag of Marbles"},{"floor":41,"key":"Juzu Bracelet"},{"floor":44,"key":"hexamod:BolsterEngine"},{"floor":52,"key":"Bird Faced Urn"}],"event_choices":[{"damage_healed":22,"gold_gain":0,"player_choice":"Healed and dodged fight","damage_taken":0,"max_hp_gain":0,"max_hp_loss":0,"event_name":"Mushrooms","floor":11,"gold_loss":0,"cards_obtained":["Parasite"]},{"damage_healed":0,"gold_gain":0,"player_choice":"Donut","damage_taken":0,"max_hp_gain":5,"max_hp_loss":0,"event_name":"Big Fish","floor":13,"gold_loss":0},{"damage_healed":0,"gold_gain":0,"player_choice":"Ignored","damage_taken":0,"max_hp_gain":0,"max_hp_loss":0,"event_name":"Ghosts","floor":19,"gold_loss":0},{"damage_healed":0,"gold_gain":0,"player_choice":"Inject Mutagens","damage_taken":0,"relics_obtained":["MutagenicStrength"],"max_hp_gain":0,"max_hp_loss":0,"event_name":"Drug Dealer","floor":21,"gold_loss":0}],"is_beta":false,"boss_relics":[{"not_picked":["Runic Dome","Philosopher\u0027s Stone"],"picked":"SlaversCollar"},{"not_picked":["SacredBark","Velvet Choker"],"picked":"Snecko Eye"}],"items_purged_floors":[2],"is_endless":false,"potions_floor_spawned":[10,15,16,20,22,32,36,40,48,52],"killed_by":"downfall:NeowBoss","ascension_level":4}}