{"host":"wwqaob8nn4pt4am5","time":1608442229,"event":{"mods":["BaseMod","Better Vampires","Colored Map","Colored Powertips","KinomotoSakuraMod(ƒæ÷Æ±æ”£)","Marisa£®ÏF”Í°°ƒß¿Ì…≥£©","Minty Spire (QoL Compilation)","MostiFishMod","Quick Restart","Remilia£®¿Ÿ√◊¿Ú—«£©","Replay The Spire","StSLib","The Cursed","The Servant 0.9.4","WarShipGirlsR/’ΩΩ¢…Ÿ≈ÆR mod","Youmu£®ªÍ∆«—˝√Œ£©","vexMod","°æ“≈ŒÔø®≈∆°øREMEMod"],"gold_per_floor":[114,114,129,129,149,149,98,126,126,126,146,162,177,197,197,294,294,313,326,340,359,284,314,314,339,339,438,471,471,482,498,498,603,-797,-777,-767,-767,0,12,47,47,47,71,126,171,0,49,70,70,97,97,97,97,122,125],"floor_reached":56,"playtime":1220,"items_purged":[],"score":1744,"play_id":"98770161-02d7-476b-949a-368bc879364d","local_time":"20201220133029","is_ascension_mode":true,"campfire_choices":[{"data":"Dagger Spray","floor":6,"key":"SMITH"},{"floor":10,"key":"RECALL"},{"data":"Infinite Blades","floor":15,"key":"SMITH"},{"data":"MostiFishMod:Volcan","floor":24,"key":"SMITH"},{"floor":29,"key":"REST"},{"floor":32,"key":"REST"},{"data":"Phantasmal Killer","floor":41,"key":"SMITH"},{"floor":49,"key":"DIG"},{"data":"Terror","floor":52,"key":"SMITH"}],"circlet_count":0,"master_deck":["Strike_G","Strike_G","Strike_G","Strike_G","Strike_G","Defend_G","Defend_G","Defend_G","Defend_G","Defend_G","Neutralize","Tantrum+1","Quick Slash","Poisoned Stab","Dagger Spray+1","Noxious Fumes+1","Skewer+1","Quick Slash+1","Backstab+1","Infinite Blades+1","Flying Knee+1","MostiFishMod:Volcan+1","MostiFishMod:FrostNova","MostiFishMod:WinterMarkForm+1","Accuracy","Terror+1","Cloak And Dagger","Bullet Time+1","Blade Dance","Backflip","Replay:Bag of Tricks","Phantasmal Killer+1","Blade Dance","Leg Sweep+1","MostiFishMod:PerfectParry","Endless Agony+1","Outmaneuver+1","Outmaneuver+1","Backstab+1"],"relics":["Ring of the Snake","REME_ComplimentaryCards","DaveBox","ShadowXiaoBlade","NeowsBlessing","Question Card","Gremlin Food","Molten Egg 2","ImportantClient","FrostBlade","Whetstone","Bag of Marbles","Boot","SynthV:MejaisSoulstealer","Matryoshka","REME_ArchaeologicalTools","Bronze Scales","Replay:WaspNest","Red Mask","Dream Catcher","Paper Crane","TungstenRod"],"acts_visited":["Exordium","TheCity","TheBeyond","TheEnding"],"potions_floor_usage":[16,16,23,23,50,55],"damage_taken":[{"damage":0,"enemies":"2 Louse","floor":1,"turns":1},{"damage":0,"enemies":"Cultist","floor":3,"turns":1},{"damage":0,"enemies":"Small Slimes","floor":5,"turns":1},{"damage":0,"enemies":"Lagavulin","floor":8,"turns":2},{"damage":0,"enemies":"Gremlin Gang","floor":11,"turns":1},{"damage":0,"enemies":"Lots of Slimes","floor":12,"turns":1},{"damage":0,"enemies":"Looter","floor":13,"turns":1},{"damage":4,"enemies":"2 Fungi Beasts","floor":14,"turns":2},{"damage":12,"enemies":"The Guardian","floor":16,"turns":2},{"damage":12,"enemies":"Shell Parasite","floor":18,"turns":3},{"damage":5,"enemies":"Chosen","floor":19,"turns":3},{"damage":1,"enemies":"3 Cultists","floor":20,"turns":3},{"damage":0,"enemies":"Snake Plant","floor":21,"turns":2},{"damage":12,"enemies":"Book of Stabbing","floor":23,"turns":2},{"damage":0,"enemies":"Slavers","floor":25,"turns":2},{"damage":7,"enemies":"Gremlin Leader","floor":28,"turns":3},{"damage":0,"enemies":"Centurion and Healer","floor":30,"turns":2},{"damage":0,"enemies":"Chosen and Byrds","floor":31,"turns":1},{"damage":0,"enemies":"Collector","floor":33,"turns":3},{"damage":0,"enemies":"3 Darklings","floor":35,"turns":2},{"damage":0,"enemies":"3 Shapes","floor":36,"turns":1},{"damage":0,"enemies":"Maw","floor":39,"turns":1},{"damage":0,"enemies":"Reptomancer","floor":40,"turns":2},{"damage":0,"enemies":"Jaw Worm Horde","floor":44,"turns":1},{"damage":0,"enemies":"Nemesis","floor":45,"turns":1},{"damage":0,"enemies":"Giant Head","floor":47,"turns":3},{"damage":0,"enemies":"4 Shapes","floor":48,"turns":1},{"damage":0,"enemies":"Awakened One","floor":50,"turns":5},{"damage":0,"enemies":"Shield and Spear","floor":54,"turns":2},{"damage":11,"enemies":"The Heart","floor":55,"turns":3}],"seed_played":"8300878138986236409","potions_obtained":[{"floor":3,"key":"Elixir"},{"floor":11,"key":"Energy Potion"},{"floor":12,"key":"Strength Potion"},{"floor":16,"key":"AttackPotion"},{"floor":19,"key":"SkillPotion"},{"floor":20,"key":"Elixir"},{"floor":25,"key":"Death Potion"},{"floor":31,"key":"LiquidMemories"},{"floor":33,"key":"FairyPotion"},{"floor":39,"key":"Strength Potion"}],"is_trial":false,"path_per_floor":["M","?","M","?","M","R","$","E","T","R","M","M","M","M","R","B",null,"M","M","M","M","?","E","R","E","T","?","E","R","M","M","R","B",null,"M","M","?","?","M","E","R","?","T","M","E","?","E","M","R_BF","B",null,"R","$","E","B",null],"character_chosen":"THE_SILENT","items_purchased":["Noxious Fumes+1"],"campfire_rested":2,"item_purchase_floors":[7],"current_hp_per_floor":[70,70,70,70,70,70,70,70,70,70,70,70,70,66,66,54,70,58,53,52,52,52,40,40,40,40,40,33,54,54,54,70,70,70,70,70,70,70,70,70,70,70,70,70,70,70,70,70,70,70,70,70,70,70,59],"gold":125,"neow_bonus":"THREE_ENEMY_KILL","is_daily":false,"chose_seed":false,"campfire_upgraded":5,"win_rate":0.0,"timestamp":1608442229,"path_taken":["M","?","?","?","?","R","$","E","T","R","M","M","M","M","R","BOSS","M","M","M","?","?","E","R","E","T","?","E","R","M","M","R","BOSS","M","M","?","?","M","E","R","?","T","M","E","?","E","M","R_BF","BOSS","R","$","E","BOSS"],"items_purchased_type":["Card"],"build_version":"2020-12-13","purchased_purges":0,"victory":true,"max_hp_per_floor":[70,70,70,70,70,70,70,70,70,70,70,70,70,70,70,70,70,70,70,70,70,70,70,70,70,70,70,70,70,70,70,70,70,70,70,70,70,70,70,70,70,70,70,70,70,70,70,70,70,70,70,70,70,70,70],"card_choices":[{"not_picked":["Bane","Escape Plan"],"picked":"Quick Slash","floor":1},{"not_picked":["Acrobatics","Bouncing Flask","Sneak Up"],"picked":"Poisoned Stab","floor":3},{"not_picked":["Flying Knee","Quick Slash","Malaise"],"picked":"Dagger Spray","floor":5},{"not_picked":["Draining Mist","Noxious Fumes","Dodge and Roll"],"picked":"Skewer","floor":8},{"not_picked":["Deflect","Sucker Punch+1","Deadly Poison"],"picked":"Quick Slash+1","floor":11},{"not_picked":["Dagger Throw+1","Flechettes+1","Terror"],"picked":"Backstab+1","floor":12},{"not_picked":["Slice+1","Blur","Cloak And Dagger"],"picked":"Infinite Blades","floor":13},{"not_picked":["Dodge and Roll","ReplayTheSpireMod:Tripwire","Dagger Spray+1"],"picked":"Flying Knee+1","floor":14},{"not_picked":["MostiFishMod:Confrontation","MostiFishMod:Neurotoxin","REME_GrazeFinale+1"],"picked":"MostiFishMod:Volcan","floor":16},{"not_picked":["REME_GreenPollution","Deadly Poison","Terror"],"picked":"Accuracy","floor":18},{"not_picked":["Cloak And Dagger","Flechettes+1","Deadly Poison"],"picked":"Terror","floor":19},{"not_picked":["PiercingWail","Dodge and Roll","Underhanded Strike+1"],"picked":"Cloak And Dagger","floor":20},{"not_picked":["Hidden Blade","Dagger Throw+1","Caltrops"],"picked":"Bullet Time","floor":21},{"not_picked":["Distraction","Concentrate","Cloak And Dagger","Expertise"],"picked":"SKIP","floor":23},{"not_picked":["ReplayTheSpireMod:Scrap Shanks","Cloak And Dagger","ReplayTheSpireMod:Speed Training"],"picked":"Blade Dance","floor":25},{"not_picked":["Outmaneuver","Distraction","Terror"],"picked":"Backflip","floor":28},{"not_picked":["ReplayTheSpireMod:The Works","Prepared+1","Blade Dance","Escape Plan"],"picked":"SKIP","floor":30},{"not_picked":["Quick Slash+1","MostiFishMod:PerfectParry","Accuracy"],"picked":"Replay:Bag of Tricks","floor":31},{"not_picked":["MostiFishMod:SpreadingSpore","MostiFishMod:Confrontation","MostiFishMod:WinterMarkForm"],"picked":"Phantasmal Killer","floor":33},{"not_picked":["Riddle With Holes+1","ReplayTheSpireMod:Shiv Toss","Prepared+1","Setup"],"picked":"SKIP","floor":35},{"not_picked":["Riddle With Holes+1","Sucker Punch+1","Outmaneuver"],"picked":"Blade Dance","floor":36},{"not_picked":["Hidden Blade","Bane+1","ReplayTheSpireMod:Speed Training"],"picked":"Leg Sweep+1","floor":39},{"not_picked":["Backflip","Skewer+1","ReplayTheSpireMod:The Works"],"picked":"MostiFishMod:PerfectParry","floor":40},{"not_picked":["Hidden Blade+1","Quick Slash+1","Noxious Fumes"],"picked":"Endless Agony+1","floor":44},{"not_picked":["PiercingWail","Dagger Spray+1","MostiFishMod:Neurotoxin"],"picked":"Outmaneuver+1","floor":45},{"not_picked":["Tactician","Quick Slash+1","Prepared","Terror"],"picked":"SKIP","floor":47},{"not_picked":["Dodge and Roll","Sucker Punch+1","All Out Attack+1"],"picked":"Outmaneuver+1","floor":48},{"not_picked":["Leg Sweep+1","Poisoned Stab+1","Hidden Blade"],"picked":"Backstab+1","floor":54}],"player_experience":55179,"relics_obtained":[{"floor":1,"key":"Question Card"},{"floor":8,"key":"Gremlin Food"},{"floor":9,"key":"Molten Egg 2"},{"floor":16,"key":"ImportantClient"},{"floor":23,"key":"Whetstone"},{"floor":25,"key":"Bag of Marbles"},{"floor":28,"key":"Boot"},{"floor":40,"key":"Matryoshka"},{"floor":43,"key":"REME_ArchaeologicalTools"},{"floor":43,"key":"Bronze Scales"},{"floor":45,"key":"Replay:WaspNest"},{"floor":47,"key":"Dream Catcher"},{"floor":49,"key":"Paper Crane"},{"floor":54,"key":"TungstenRod"}],"event_choices":[{"cards_removed":["Survivor"],"damage_healed":0,"gold_gain":0,"player_choice":"Offered Basic","damage_taken":0,"max_hp_gain":0,"max_hp_loss":0,"event_name":"Bonfire Elementals","floor":2,"gold_loss":0},{"damage_healed":0,"gold_gain":0,"player_choice":"1 cards matched","damage_taken":0,"max_hp_gain":0,"max_hp_loss":0,"event_name":"Match and Keep!","floor":4,"gold_loss":0,"cards_obtained":["REME_SpectralBlade"]},{"cards_removed":["REME_SpectralBlade"],"damage_healed":0,"gold_gain":0,"player_choice":"Gave Gold","damage_taken":0,"max_hp_gain":0,"max_hp_loss":0,"event_name":"Beggar","floor":22,"gold_loss":75},{"damage_healed":0,"gold_gain":99,"player_choice":"Stole From Cult","damage_taken":0,"max_hp_gain":0,"max_hp_loss":0,"event_name":"Nest","floor":27,"gold_loss":0},{"damage_healed":0,"gold_gain":0,"player_choice":"Paid","damage_taken":0,"relics_obtained":["Red Mask"],"max_hp_gain":0,"max_hp_loss":0,"event_name":"Tomb of Lord Red Mask","floor":46,"gold_loss":171}],"is_beta":false,"boss_relics":[{"not_picked":["Snecko Scales","vexMod:DeviousBotling"],"picked":"FrostBlade"},{"not_picked":["BirthdayGift-Tetrahedron","SlaversCollar"],"picked":"SynthV:MejaisSoulstealer"}],"items_purged_floors":[],"is_endless":false,"potions_floor_spawned":[3,11,12,16,19,20,25,31,33,39,40,44],"ascension_level":1}}