{"host":"07tcb8n8jdavk3gs","time":1608497618,"event":{"mods":["BaseMod","Colored Map","Hermit","Marisa????????","Minty Spire (QoL Compilation)","StSLib","The Animator","The Cursed","The Servant 0.9.4"],"gold_per_floor":[117,136,199,199,44,44,56,90,90,90,125,125,152,77,77,148,148,162,162,77,10,38,67,67,71,71],"floor_reached":25,"playtime":1398,"items_purged":["Parasite"],"score":411,"play_id":"8223a59f-1864-4ea0-9a96-06257a80735a","local_time":"20201220145338","is_ascension_mode":true,"campfire_choices":[{"data":"animator:MetalKnight","floor":6.0,"key":"SMITH"},{"floor":12.0,"key":"REST"},{"data":"animator:Defend_Overlord","floor":15.0,"key":"SMITH"},{"floor":24,"key":"REST"}],"circlet_count":0,"master_deck":["AscendersBane","animator:Strike_Overlord","animator:Defend_Overlord+1","animator:Strike","animator:Strike","animator:Strike","animator:Defend","animator:Defend","animator:Defend","animator:Cocytus","animator:Demiurge","animator:MetalKnight+1","animator:MetalKnight","animator:UneriGinkaku","animator:Emonzaemon","Writhe","animator:EmiyaShirou","animator:Albedo","animator:Chris"],"relics":["animator:LivingPicture","animator:TheMissingPiece","animator:PurgingStone","FossilizedHelix","PrismaticShard","Mummified Hand","Pear","animator:BattleDrones","Strawberry","Toy Ornithopter","Black Star","Paper Frog","animator:Hoodie","Gambling Chip","WingedGreaves"],"acts_visited":["Exordium","TheCity"],"potions_floor_usage":[22,23,25],"damage_taken":[{"damage":0.0,"enemies":"2 Louse","floor":1.0,"turns":4.0},{"damage":3.0,"enemies":"Jaw Worm","floor":2.0,"turns":4.0},{"damage":0.0,"enemies":"Cultist","floor":7.0,"turns":4.0},{"damage":15.0,"enemies":"3 Sentries","floor":8.0,"turns":9.0},{"damage":20.0,"enemies":"Lagavulin","floor":11.0,"turns":7.0},{"damage":21.0,"enemies":"Gremlin Nob","floor":13.0,"turns":6.0},{"damage":16.0,"enemies":"The Guardian","floor":16.0,"turns":12.0},{"damage":8,"enemies":"Chosen","floor":18,"turns":5},{"damage":11,"enemies":"Spheric Guardian","floor":22,"turns":6},{"damage":29,"enemies":"animator:HornedBat","floor":23,"turns":9},{"damage":53,"enemies":"Slavers","floor":25,"turns":4}],"seed_played":"-6980817407106292648","potions_obtained":[{"floor":2.0,"key":"AttackPotion"},{"floor":7.0,"key":"BlessingOfTheForge"},{"floor":16.0,"key":"SpeedPotion"},{"floor":22,"key":"Fire Potion"},{"floor":23,"key":"FearPotion"}],"is_trial":false,"path_per_floor":["M","M","?","?","$","R","M","E","T","T","E","R","E","$","R","B",null,"M","?","?","$","M","E","R","E"],"character_chosen":"THE_ANIMATOR","items_purchased":["PrismaticShard","animator:EmiyaShirou"],"campfire_rested":2,"item_purchase_floors":[5,21],"current_hp_per_floor":[54,51,51,51,51,51,51,36,46,46,33,56,35,35,35,19,60,52,52,52,52,46,22,44,0,0],"gold":71,"neow_bonus":"ONE_RARE_RELIC","is_daily":false,"chose_seed":false,"campfire_upgraded":2,"win_rate":0.0,"timestamp":1608497618,"path_taken":["M","M","?","?","?","R","?","E","T","?","E","R","E","$","R","BOSS","M","?","?","?","?","E","R","E"],"items_purchased_type":["Relic","Card"],"build_version":"2020-12-13","purchased_purges":1,"victory":false,"max_hp_per_floor":[60,60,60,60,60,60,60,60,70,70,77,77,77,74,74,74,74,74,74,74,74,74,74,74,74,74],"card_choices":[{"not_picked":["animator:Verdia","animator:Raven"],"picked":"animator:MetalKnight","floor":1.0},{"not_picked":["animator:GuildGirl","animator:Genos"],"picked":"animator:MetalKnight","floor":2.0},{"not_picked":["animator:Priestess","AlicesGift","Wireheading"],"picked":"SKIP","floor":7.0},{"not_picked":["animator:IrohaTamaki","animator:MumenRider"],"picked":"animator:UneriGinkaku","floor":11.0},{"not_picked":["animator:PandorasActor","animator:Shalltear","TheCursedMod:BloodBarrier"],"picked":"SKIP","floor":13.0},{"not_picked":["animator:Vanir","animator:Lancer"],"picked":"animator:Emonzaemon","floor":18},{"not_picked":["animator:Sebas","animator:Cocytus"],"picked":"animator:Albedo","floor":22},{"not_picked":["animator:Zero","animator:Vanir"],"picked":"animator:Chris","floor":23}],"player_experience":902959,"relics_obtained":[{"floor":8.0,"key":"Mummified Hand"},{"floor":9.0,"key":"Pear"},{"floor":10.0,"key":"animator:BattleDrones"},{"floor":11.0,"key":"Strawberry"},{"floor":13.0,"key":"Toy Ornithopter"},{"floor":23,"key":"Gambling Chip"},{"floor":23,"key":"WingedGreaves"}],"event_choices":[{"damage_healed":0.0,"max_hp_gain":0.0,"max_hp_loss":0.0,"gold_gain":63.0,"event_name":"Golden Wing","player_choice":"Gained Gold","floor":3.0,"gold_loss":0.0,"damage_taken":0.0},{"damage_healed":0.0,"max_hp_gain":0.0,"max_hp_loss":0.0,"gold_gain":0.0,"event_name":"Liars Game","player_choice":"Ignored","floor":4.0,"gold_loss":0.0,"damage_taken":0.0},{"damage_healed":0,"gold_gain":0,"player_choice":"Opened","damage_taken":0,"relics_obtained":["Paper Frog"],"max_hp_gain":0,"max_hp_loss":0,"event_name":"The Mausoleum","floor":19,"gold_loss":0,"cards_obtained":["Writhe"]},{"damage_healed":0,"gold_gain":0,"player_choice":"Obtained Relic","damage_taken":0,"relics_obtained":["animator:Hoodie"],"max_hp_gain":0,"max_hp_loss":0,"event_name":"Addict","floor":20,"gold_loss":85}],"is_beta":false,"boss_relics":[{"not_picked":["animator:RacePiece","Empty Cage"],"picked":"Black Star"}],"items_purged_floors":[14],"is_endless":false,"potions_floor_spawned":[2,7,16,22,23],"killed_by":"Slavers","ascension_level":15}}