{"host":"athd8lg4sftw81ak","time":1608487418,"event":{"mods":["BaseMod","Downfall","Hermit","Jorbs\u0027s Wanderer Trilogy","Minty Spire (QoL Compilation)","StSLib"],"gold_per_floor":[99,113,140,140,240,240,267,284,284,318,335,347,35,49,69,69,69],"floor_reached":16,"playtime":807,"items_purged":[],"score":118,"play_id":"cb34691a-bf35-47f8-b716-c13a0760b4ab","local_time":"20201220130338","is_ascension_mode":true,"campfire_choices":[{"data":"champ:PerfectedStrike","floor":1,"key":"SMITH"},{"data":"champ:Taunt","floor":6,"key":"SMITH"},{"data":"champ:SkillfulDodge","floor":9,"key":"SMITH"}],"circlet_count":0,"master_deck":["champ:Strike","champ:Strike","champ:Strike","champ:Strike","champ:Defend","champ:Defend","champ:Defend","champ:Defend","champ:Execute","champ:Taunt+1","champ:PerfectedStrike+1","champ:GladiatorStyle","champ:AdrenalArmor","champ:SkillfulDodge+1","champ:StanceDance","champ:FocusedBerserking","champ:PerfectForm","champ:CalledShot","champ:BladeFlurry","expansioncontent:QuickStudy","champ:Encircle","champ:DefensiveShout"],"relics":["champ:ChampionCrown","Blood Vial","champ:LiftRelic","Centennial Puzzle","champ:FightingForDummies"],"acts_visited":["Exordium"],"potions_floor_usage":[3,12,14,16],"damage_taken":[{"damage":3,"enemies":"Jaw Worm","floor":2,"turns":2},{"damage":24,"enemies":"Gremlin Nob","floor":3,"turns":3},{"damage":5,"enemies":"Small Slimes","floor":8,"turns":2},{"damage":17,"enemies":"Lagavulin","floor":10,"turns":6},{"damage":5,"enemies":"2 Louse","floor":11,"turns":3},{"damage":0,"enemies":"Exordium Wildlife","floor":12,"turns":2},{"damage":13,"enemies":"downfall:FleeingMerchant","floor":13,"turns":4},{"damage":2,"enemies":"Gremlin Gang","floor":14,"turns":4},{"damage":0,"enemies":"Large Slime","floor":15,"turns":3},{"damage":87,"enemies":"downfall:Defect","floor":16,"turns":6}],"seed_played":"-4762568712855247449","potions_obtained":[{"floor":2,"key":"BlessingOfTheForge"},{"floor":3,"key":"sneckomod:MuddlingPotion"},{"floor":10,"key":"SteroidPotion"}],"is_trial":false,"path_per_floor":["R","M","E","?","?","R","T","M","R","E","M","M","$","M","M","B"],"character_chosen":"THE_CHAMP","items_purchased":["champ:BladeFlurry","expansioncontent:QuickStudy","Fire Potion"],"campfire_rested":0,"item_purchase_floors":[13,13,13],"current_hp_per_floor":[90,87,73,73,73,73,73,75,75,67,69,71,73,75,77,0,0],"gold":69,"neow_bonus":"THREE_CARDS","is_daily":false,"chose_seed":false,"campfire_upgraded":3,"win_rate":0.0,"timestamp":1608487418,"path_taken":["R","M","E","?","?","R","T","M","R","E","M","M","$","M","M","BOSS"],"items_purchased_type":["Card","Card","Potion"],"build_version":"2020-12-13","purchased_purges":0,"victory":false,"max_hp_per_floor":[90,90,90,90,90,90,90,90,90,90,90,90,90,90,90,90,90],"card_choices":[{"not_picked":["champ:GladiatorStyle","champ:RapidStrikes"],"picked":"champ:PerfectedStrike","floor":0},{"not_picked":["champ:Circumvent","champ:StanceDance"],"picked":"champ:GladiatorStyle","floor":2},{"not_picked":["champ:Control","champ:FanOfKnives"],"picked":"champ:AdrenalArmor","floor":3},{"not_picked":["champ:BringItOn","champ:ShieldWall"],"picked":"champ:SkillfulDodge","floor":8},{"not_picked":["champ:AdrenalArmor","champ:ViciousMockery"],"picked":"champ:StanceDance","floor":10},{"not_picked":["champ:Circumvent","champ:CrookedStrike"],"picked":"champ:FocusedBerserking","floor":11},{"not_picked":["champ:FlashCut","champ:Backstep"],"picked":"champ:PerfectForm","floor":12},{"not_picked":["champ:DefensiveShout","champ:Aggression"],"picked":"champ:CalledShot","floor":13},{"not_picked":["champ:DeathBlow","champ:Circumvent"],"picked":"champ:Encircle","floor":14},{"not_picked":["champ:BladeFlurry","champ:FocusedDefense"],"picked":"champ:DefensiveShout","floor":15}],"player_experience":563649,"relics_obtained":[{"floor":3,"key":"Blood Vial"},{"floor":7,"key":"Centennial Puzzle"},{"floor":10,"key":"champ:FightingForDummies"}],"event_choices":[],"is_beta":false,"boss_relics":[],"items_purged_floors":[],"is_endless":false,"potions_floor_spawned":[2,3,10],"killed_by":"downfall:Defect","ascension_level":1}}