{"host":"eil9x6nly2al6731","time":1608451551,"event":{"mods":["Aspiration","BaseMod","Better Third Choice","Colored Powertips","Conspire","Energized Spire","Friendly Minions","Halation","Hubris","Infinite Spire","Minty Spire (QoL Compilation)","Random Character Button","Replay The Spire","Robot Space Explorer","Shop Mod","StSLib","The Druid","The Factory","The Jungle","The Mystic","The Servant 0.9.4","TheBandit"],"gold_per_floor":[112,32,32,47,142,170,170,282,282,282,301,313,347,360,360,457,457,474,58,68,68,82,82,97,125,204,204,231,246,246,257,257,355,355,372,150,150,167,180,180,180,180],"floor_reached":41,"playtime":1793,"items_purged":["RobotSpaceExplorer:Electropulse"],"score":570,"play_id":"85596369-60da-41fa-a57c-6c9ad503e1c1","local_time":"20201220160551","is_ascension_mode":false,"campfire_choices":[{"data":"RobotSpaceExplorer:FreezeRay","floor":10,"key":"SMITH"},{"data":"RobotSpaceExplorer:StarLightning","floor":15,"key":"SMITH"},{"data":"RobotSpaceExplorer:StarDust","floor":23,"key":"SMITH"},{"data":"RobotSpaceExplorer:Fix","floor":27,"key":"SMITH"},{"data":"RobotSpaceExplorer:FreezingShield","floor":30,"key":"SMITH"},{"data":"RobotSpaceExplorer:PlasmaMissile","floor":32,"key":"SMITH"},{"data":"RobotSpaceExplorer:Blaster","floor":40,"key":"SMITH"}],"circlet_count":0,"master_deck":["RobotSpaceExplorer:Strike","RobotSpaceExplorer:Strike","RobotSpaceExplorer:Strike","RobotSpaceExplorer:Defend","RobotSpaceExplorer:Defend","RobotSpaceExplorer:Defend","RobotSpaceExplorer:Defend","RobotSpaceExplorer:Scan","RobotSpaceExplorer:MiniLasers","RobotSpaceExplorer:GlueShot","RobotSpaceExplorer:StarLightning+1","RobotSpaceExplorer:ScrapMissile","RobotSpaceExplorer:PlasmaMissile+1","RobotSpaceExplorer:Fix+1","RobotSpaceExplorer:IronShell","RobotSpaceExplorer:FreezeRay+1","RobotSpaceExplorer:MiniDrones","RobotSpaceExplorer:FreezingShield+1","RobotSpaceExplorer:ChargingLaser","RobotSpaceExplorer:StarDust+1","RobotSpaceExplorer:TurboDodge","RobotSpaceExplorer:StarLightning+1","RobotSpaceExplorer:Blaster+1","RobotSpaceExplorer:PowerGlove","Panache","Bandage Up","RobotSpaceExplorer:StarLightning+1"],"relics":["RobotSpaceExplorer:RoboCore","NeowsBlessing","hubris:Icosahedron","The Courier","Gremlin Horn","aspiration:FrozenJewel","energizedSpire:DeadBattery","RobotSpaceExplorer:ClockworkSextant","MerchantsRug","hubris:BottledHeart","hubris:PeanutButter","Sundial"],"acts_visited":["Exordium","TheCity","TheBeyond"],"potions_floor_usage":[13,25,38],"damage_taken":[{"damage":0,"enemies":"Cultist","floor":1,"turns":1},{"damage":0,"enemies":"Jaw Worm","floor":4,"turns":1},{"damage":0,"enemies":"3 Sentries","floor":6,"turns":1},{"damage":0,"enemies":"Small Slimes","floor":8,"turns":3},{"damage":0,"enemies":"Gremlin Gang","floor":11,"turns":4},{"damage":0,"enemies":"2 Fungi Beasts","floor":12,"turns":3},{"damage":10,"enemies":"Gremlin Nob","floor":13,"turns":3},{"damage":3,"enemies":"Blue Slaver","floor":14,"turns":4},{"damage":37,"enemies":"Slime Boss","floor":16,"turns":11},{"damage":9,"enemies":"Chosen","floor":18,"turns":6},{"damage":6,"enemies":"Spheric Guardian","floor":20,"turns":5},{"damage":0,"enemies":"conspire:HollyBat","floor":22,"turns":7},{"damage":0,"enemies":"Cultist and Chosen","floor":24,"turns":6},{"damage":0,"enemies":"Slavers","floor":25,"turns":5},{"damage":0,"enemies":"Nightmare","floor":28,"turns":8},{"damage":0,"enemies":"Shelled Parasite and Fungi","floor":29,"turns":5},{"damage":0,"enemies":"Centurion and Healer","floor":31,"turns":5},{"damage":0,"enemies":"Collector","floor":33,"turns":8},{"damage":0,"enemies":"Orb Walker","floor":35,"turns":4},{"damage":0,"enemies":"3 Darklings","floor":38,"turns":5},{"damage":0,"enemies":"Transient","floor":39,"turns":5},{"damage":1,"enemies":"Nightmare","floor":41,"turns":9}],"seed_played":"5496201026451807987","potions_obtained":[{"floor":1,"key":"Explosive Potion"},{"floor":8,"key":"Strength Potion"},{"floor":14,"key":"Energy Potion"},{"floor":28,"key":"Languid Potion"},{"floor":38,"key":"Fruit Juice"},{"floor":39,"key":"Dexterity Potion"}],"is_trial":false,"path_per_floor":["M","$","?","M","?","E","?","M","T","R","M","M","E","M","R","B",null,"M","$","M","?","M","R","M","E","T","R","NM","M","R","M","R","B",null,"M","$","?","M","M","R","NM"],"character_chosen":"RobotSpaceExplorer","items_purchased":["RobotSpaceExplorer:StarLightning","RobotSpaceExplorer:StarDust","RobotSpaceExplorer:ClockworkSextant","RobotSpaceExplorer:TurboDodge","MerchantsRug","Panache","Bandage Up"],"campfire_rested":0,"item_purchase_floors":[2,19,19,19,19,36,36],"current_hp_per_floor":[75,75,75,75,57,57,57,61,61,61,65,65,55,56,56,38,75,66,66,64,1,1,1,1,1,1,1,1,1,1,1,1,1,1,1,1,1,1,1,1,0,0],"gold":180,"neow_bonus":"THREE_ENEMY_KILL","is_daily":false,"chose_seed":false,"campfire_upgraded":7,"win_rate":0.0,"timestamp":1608451551,"path_taken":["M","$","?","M","?","E","?","?","T","R","M","M","E","M","R","BOSS","M","$","M","?","M","R","M","E","T","R","NM","M","R","M","R","BOSS","M","$","?","?","M","R","NM"],"items_purchased_type":["Card","Card","Relic","Card","Relic","Card","Card"],"build_version":"2020-12-13","purchased_purges":1,"victory":false,"max_hp_per_floor":[75,75,75,75,75,75,75,75,75,75,75,75,75,75,75,75,75,75,75,75,1,1,1,1,1,1,1,1,1,1,1,1,1,1,1,1,1,1,1,1,1,1],"card_choices":[{"not_picked":["RobotSpaceExplorer:FranticSearch","RobotSpaceExplorer:Ammunition"],"picked":"RobotSpaceExplorer:GlueShot","floor":1},{"not_picked":["RobotSpaceExplorer:ImprovisedAttack","RobotSpaceExplorer:BigMissile","RobotSpaceExplorer:Ammunition"],"picked":"SKIP","floor":4},{"not_picked":["RobotSpaceExplorer:SurgingStrike","RobotSpaceExplorer:FranticSearch"],"picked":"RobotSpaceExplorer:ScrapMissile","floor":5},{"not_picked":["RobotSpaceExplorer:ShockKick","RobotSpaceExplorer:MiniDrones"],"picked":"RobotSpaceExplorer:PlasmaMissile","floor":5},{"not_picked":["RobotSpaceExplorer:ShockKick","RobotSpaceExplorer:SwiftStep"],"picked":"RobotSpaceExplorer:Fix","floor":5},{"not_picked":["RobotSpaceExplorer:Calculate","RobotSpaceExplorer:GlueSpray"],"picked":"RobotSpaceExplorer:IronShell","floor":6},{"not_picked":["RobotSpaceExplorer:SlimeMissile","RobotSpaceExplorer:Asteroid"],"picked":"RobotSpaceExplorer:FreezeRay","floor":8},{"not_picked":["RobotSpaceExplorer:RigExplosive","RobotSpaceExplorer:Ammunition","RobotSpaceExplorer:ShovelStrike"],"picked":"SKIP","floor":11},{"not_picked":["RobotSpaceExplorer:ScrapMissile","RobotSpaceExplorer:FranticSearch"],"picked":"RobotSpaceExplorer:Electropulse","floor":12},{"not_picked":["RobotSpaceExplorer:Reload","RobotSpaceExplorer:DoubleFind"],"picked":"RobotSpaceExplorer:MiniDrones","floor":13},{"not_picked":["RobotSpaceExplorer:DualCore","RobotSpaceExplorer:ShovelStrike"],"picked":"RobotSpaceExplorer:FreezingShield","floor":14},{"not_picked":["RobotSpaceExplorer:Exploration","RobotSpaceExplorer:Accelerator"],"picked":"RobotSpaceExplorer:ChargingLaser","floor":16},{"not_picked":["RobotSpaceExplorer:ShockKick+1","RobotSpaceExplorer:ShovelStrike","RobotSpaceExplorer:SurgingStrike+1"],"picked":"SKIP","floor":18},{"not_picked":["RobotSpaceExplorer:SwiftStep","RobotSpaceExplorer:FrostMissile","RobotSpaceExplorer:SlimeMissile+1"],"picked":"SKIP","floor":20},{"not_picked":["RobotSpaceExplorer:Ammunition","RobotSpaceExplorer:Probe","RobotSpaceExplorer:Discharger+1"],"picked":"SKIP","floor":22},{"not_picked":["RobotSpaceExplorer:SurgingStrike","RobotSpaceExplorer:Smokescreen","RobotSpaceExplorer:SurgingShield"],"picked":"SKIP","floor":24},{"not_picked":["RobotSpaceExplorer:SelfCleaning+1","RobotSpaceExplorer:ExhaustFan+1","RobotSpaceExplorer:SlimeMissile+1"],"picked":"SKIP","floor":25},{"not_picked":["RobotSpaceExplorer:Discharger","RobotSpaceExplorer:ChargingLaser","RobotSpaceExplorer:ShockKick"],"picked":"SKIP","floor":28},{"not_picked":["RobotSpaceExplorer:StunGrenade","RobotSpaceExplorer:SurgingShield","RobotSpaceExplorer:ShovelStrike"],"picked":"SKIP","floor":29},{"not_picked":["RobotSpaceExplorer:JunkDive+1","RobotSpaceExplorer:ScrapShield"],"picked":"RobotSpaceExplorer:StarLightning+1","floor":31},{"not_picked":["RobotSpaceExplorer:ChargingLaser","RobotSpaceExplorer:ShockMissile"],"picked":"RobotSpaceExplorer:Blaster","floor":33},{"not_picked":["RobotSpaceExplorer:ImprovisedAttack+1","RobotSpaceExplorer:SwiftStep"],"picked":"RobotSpaceExplorer:PowerGlove","floor":35},{"not_picked":["RobotSpaceExplorer:SurgingStrike+1","RobotSpaceExplorer:DoubleFind","RobotSpaceExplorer:PowerGlove+1"],"picked":"SKIP","floor":38},{"not_picked":["RobotSpaceExplorer:FrostMissile","RobotSpaceExplorer:SurgingShield","RobotSpaceExplorer:DoubleFind+1"],"picked":"SKIP","floor":39}],"player_experience":1457199,"relics_obtained":[{"floor":6,"key":"The Courier"},{"floor":9,"key":"Gremlin Horn"},{"floor":13,"key":"aspiration:FrozenJewel"},{"floor":25,"key":"hubris:PeanutButter"},{"floor":28,"key":"Sundial"}],"event_choices":[{"cards_removed":["RobotSpaceExplorer:Strike"],"damage_healed":0,"gold_gain":0,"player_choice":"Offered Basic","damage_taken":0,"max_hp_gain":0,"max_hp_loss":0,"event_name":"Bonfire Elementals","floor":7,"gold_loss":0},{"damage_healed":0,"gold_gain":0,"player_choice":"Copied","damage_taken":0,"max_hp_gain":0,"max_hp_loss":0,"event_name":"Duplicator","floor":37,"gold_loss":0,"cards_obtained":["RobotSpaceExplorer:StarLightning"]}],"is_beta":false,"boss_relics":[{"not_picked":["aspiration:FutureDiary","halation:PlatinumPhoenix"],"picked":"energizedSpire:DeadBattery"},{"not_picked":["hubris:BlackHole","halation:PinkAlligatorPlush","energizedSpire:MagnifyingGlass"]}],"items_purged_floors":[19],"is_endless":false,"potions_floor_spawned":[1,8,12,14,16,18,28,31,33,38,39],"killed_by":"Nightmare","ascension_level":0}}