{"host":"6azrrw3tf7wb0f4b","time":1608482880,"event":{"mods":["BaseMod","DeckTracker","Minty Spire (QoL Compilation)","SuperFastMode"],"gold_per_floor":[119,138,138,63,83,83,96,96,96,106,56,72,90,108,108,209,209,226,226,141,153,181,193,205,205],"floor_reached":24,"playtime":475,"items_purged":["Strike_B"],"score":257,"play_id":"4018fd64-c3cd-4373-9fcb-d60e15f23c6b","local_time":"20201221014800","is_ascension_mode":true,"campfire_choices":[{"data":"Sweeping Beam","floor":6,"key":"SMITH"},{"data":"Dualcast","floor":8,"key":"SMITH"},{"data":"Defragment","floor":15,"key":"SMITH"},{"data":"Coolheaded","floor":23,"key":"SMITH"}],"circlet_count":0,"master_deck":["Strike_B+1","Strike_B+1","Defend_B+1","Defend_B+1","Defend_B+1","Defend_B+1","Zap","Dualcast+1","Sweeping Beam+1","White Noise","Conserve Battery","Biased Cognition","Rebound","Redo","Hyperbeam","Coolheaded+1","Gash","Defragment+1","Hologram","Seek","CurseOfTheBell","Redo+1","Go for the Eyes","Ball Lightning"],"relics":["Cracked Core","Prayer Wheel","Shuriken","Calling Bell","Smiling Mask","InkBottle","FossilizedHelix","MawBank"],"acts_visited":["Exordium","TheCity"],"potions_floor_usage":[16],"damage_taken":[{"damage":4,"enemies":"2 Louse","floor":1,"turns":3},{"damage":0,"enemies":"Cultist","floor":2,"turns":4},{"damage":7,"enemies":"Jaw Worm","floor":5,"turns":5},{"damage":0,"enemies":"Blue Slaver","floor":7,"turns":4},{"damage":1,"enemies":"2 Fungi Beasts","floor":10,"turns":3},{"damage":0,"enemies":"Large Slime","floor":12,"turns":3},{"damage":4,"enemies":"Blue Slaver","floor":13,"turns":4},{"damage":9,"enemies":"2 Fungi Beasts","floor":14,"turns":3},{"damage":35,"enemies":"Hexaghost","floor":16,"turns":7},{"damage":53,"enemies":"3 Byrds","floor":18,"turns":5},{"damage":13,"enemies":"Chosen","floor":22,"turns":6},{"damage":21,"enemies":"Slavers","floor":24,"turns":1}],"seed_played":"62216443533198965","potions_obtained":[{"floor":7,"key":"EssenceOfSteel"},{"floor":10,"key":"BlessingOfTheForge"},{"floor":13,"key":"SneckoOil"},{"floor":22,"key":"Swift Potion"}],"is_trial":false,"path_per_floor":["M","M","?","$","M","R","M","R","T","M","?","M","M","M","R","B",null,"M","?","?","?","M","R","E"],"character_chosen":"DEFECT","items_purchased":[],"campfire_rested":0,"item_purchase_floors":[],"current_hp_per_floor":[64,64,64,64,57,57,57,57,57,56,56,56,52,43,43,8,58,5,30,30,30,17,17,0,0],"gold":205,"neow_bonus":"THREE_CARDS","is_daily":false,"chose_seed":false,"campfire_upgraded":4,"win_rate":0.0,"timestamp":1608482880,"path_taken":["M","M","?","?","M","R","M","R","T","M","?","M","M","M","R","BOSS","M","?","?","?","M","R","E"],"items_purchased_type":[],"build_version":"2020-12-13","purchased_purges":1,"victory":false,"max_hp_per_floor":[75,75,75,75,75,75,75,75,75,75,75,75,75,75,75,75,75,75,75,75,75,75,75,75,75],"card_choices":[{"not_picked":["Steam","Beam Cell"],"picked":"Sweeping Beam","floor":0},{"not_picked":["Lockon","Blizzard"],"picked":"Conserve Battery","floor":1},{"not_picked":["Barrage","Leap"],"picked":"White Noise","floor":2},{"not_picked":["Storm","Ball Lightning"],"picked":"Conserve Battery","floor":5},{"not_picked":["Go for the Eyes","Sweeping Beam"],"picked":"Biased Cognition","floor":5},{"not_picked":["Genetic Algorithm","Sunder"],"picked":"Rebound","floor":7},{"not_picked":["Gash","Chaos","Rebound"],"picked":"SKIP","floor":7},{"not_picked":["Genetic Algorithm","Leap"],"picked":"Redo","floor":10},{"not_picked":["Barrage","Static Discharge"],"picked":"Hyperbeam","floor":10},{"not_picked":["Recycle","Conserve Battery"],"picked":"Coolheaded","floor":12},{"not_picked":["Barrage","Melter"],"picked":"Gash","floor":12},{"not_picked":["Streamline","Beam Cell"],"picked":"Defragment","floor":13},{"not_picked":["Sunder","Streamline"],"picked":"Hologram","floor":13},{"not_picked":["Coolheaded","Cold Snap","Redo"],"picked":"SKIP","floor":14},{"not_picked":["Fission","Barrage","Coolheaded"],"picked":"SKIP","floor":14},{"not_picked":["Reboot","Buffer"],"picked":"Seek","floor":16},{"not_picked":["Auto Shields+1","Hologram"],"picked":"Redo+1","floor":18},{"not_picked":["Sweeping Beam","Stack"],"picked":"Go for the Eyes","floor":18},{"not_picked":["Cold Snap","Lockon"],"picked":"Ball Lightning","floor":22},{"not_picked":["Barrage","Stack","Doom and Gloom"],"picked":"SKIP","floor":22}],"player_experience":638295,"relics_obtained":[{"floor":9,"key":"Shuriken"},{"floor":17,"key":"Smiling Mask"},{"floor":17,"key":"InkBottle"},{"floor":17,"key":"FossilizedHelix"}],"event_choices":[{"cards_removed":["Conserve Battery"],"damage_healed":0,"gold_gain":0,"player_choice":"Gave Card","damage_taken":0,"relics_obtained":["Prayer Wheel"],"max_hp_gain":0,"max_hp_loss":0,"event_name":"WeMeetAgain","floor":3,"gold_loss":0},{"cards_removed":["Strike_B"],"damage_healed":0,"gold_gain":0,"player_choice":"Card Removal","damage_taken":0,"max_hp_gain":0,"max_hp_loss":0,"event_name":"The Cleric","floor":11,"gold_loss":50},{"damage_healed":25,"gold_gain":0,"player_choice":"Heal","damage_taken":0,"max_hp_gain":0,"max_hp_loss":0,"event_name":"The Library","floor":19,"gold_loss":0},{"damage_healed":0,"gold_gain":0,"player_choice":"Obtained Relic","damage_taken":0,"relics_obtained":["MawBank"],"max_hp_gain":0,"max_hp_loss":0,"event_name":"Addict","floor":20,"gold_loss":85},{"damage_healed":0,"gold_gain":0,"player_choice":"Simplicity","damage_taken":0,"max_hp_gain":0,"max_hp_loss":0,"event_name":"Back to Basics","floor":21,"gold_loss":0,"cards_upgraded":["Strike_B","Strike_B","Defend_B","Defend_B","Defend_B","Defend_B"]}],"is_beta":false,"boss_relics":[{"not_picked":["Empty Cage","Velvet Choker"],"picked":"Calling Bell"}],"items_purged_floors":[4],"is_endless":false,"potions_floor_spawned":[7,10,13,14,22],"killed_by":"Slavers","ascension_level":7}}