{"host":"e40jm352kjzixotw","time":1608492534,"event":{"mods":["BaseMod","Better Altar","BetterRewards","Colored Map","Colored Powertips","DeckTracker","Dota2Spire","Downfall","Infinite Spire","Koishi","Luminous","Marisa????????","Minty Spire (QoL Compilation)","Rare Cards Sparkle","Relic Stats","StSLib","Td1madao Mod","The Animator","The Marked","The Mystic","The Servant 0.9.4","???????????mod"],"gold_per_floor":[117,62,16,191,37,69,88,117,140,154,168,168,200,100,100,198,198,217,232,12,32,32],"floor_reached":21,"playtime":2008,"items_purged":["Doubt","theMarked:Strike","theMarked:Strike"],"score":224,"play_id":"52ef5238-b851-4bfd-95d7-e0cf9570b64f","local_time":"20201220202854","is_ascension_mode":false,"campfire_choices":[{"floor":12,"key":"REST"},{"floor":15,"key":"REST"}],"circlet_count":0,"master_deck":["theMarked:Strike+1","theMarked:Strike","theMarked:Strike+1","theMarked:Defend","theMarked:Defend","theMarked:Defend","theMarked:Defend","theMarked:SoldierOfQuellstein","theMarked:Aftermath","theMarked:BanishingStrike","theMarked:MysticalArsenal","theMarked:Opportunist","theMarked:Frustration","theMarked:GodGivenPower","theMarked:WardOff","theMarked:Overcharge"],"relics":["theMarked:ArtifactOfAir","NeowsBlessing","Vajra","Bird Faced Urn","Whetstone","infinitespire:FocusingShard","Black Star","Membership Card"],"acts_visited":["Exordium","TheCity"],"potions_floor_usage":[11,13,13],"damage_taken":[{"damage":0,"enemies":"2 Louse","floor":1,"turns":1},{"damage":0,"enemies":"3 Sentries","floor":6,"turns":1},{"damage":0,"enemies":"Cultist","floor":7,"turns":1},{"damage":55,"enemies":"Gremlin Nob","floor":8,"turns":5},{"damage":1,"enemies":"Jaw Worm","floor":10,"turns":3},{"damage":5,"enemies":"Looter","floor":11,"turns":2},{"damage":17,"enemies":"3 Sentries","floor":13,"turns":7},{"damage":39,"enemies":"Slime Boss","floor":16,"turns":9},{"damage":2,"enemies":"Chosen","floor":18,"turns":4},{"damage":29,"enemies":"3 Byrds","floor":19,"turns":6},{"damage":36,"enemies":"Snake Plant","floor":21,"turns":5}],"seed_played":"-832600807345742992","potions_obtained":[{"floor":6,"key":"SkillPotion"},{"floor":7,"key":"ColorlessPotion"},{"floor":11,"key":"EssenceOfSteel"},{"floor":16,"key":"sneckomod:MuddlingPotion"}],"is_trial":false,"path_per_floor":["M","?","$","?","$","E","M","E","T","M","M","R","E","$","R","B",null,"M","M","$","M"],"character_chosen":"THE_DEFAULT","items_purchased":["theMarked:BanishingStrike","theMarked:MysticalArsenal","Membership Card"],"campfire_rested":2,"item_purchase_floors":[3,5,20],"current_hp_per_floor":[70,70,70,70,70,70,70,15,15,18,13,34,23,23,44,11,70,70,47,47,15,15],"gold":32,"neow_bonus":"THREE_ENEMY_KILL","is_daily":false,"chose_seed":false,"campfire_upgraded":0,"win_rate":0.0,"timestamp":1608492534,"path_taken":["M","?","?","?","$","E","M","E","T","M","M","R","E","$","R","BOSS","M","M","$","M"],"items_purchased_type":["Card","Card","Relic"],"build_version":"2020-12-13","purchased_purges":3,"victory":false,"max_hp_per_floor":[70,70,70,70,70,70,70,70,70,70,70,70,70,70,70,70,70,70,70,70,70,70],"relic_stats":{"counters":[11,44],"Bird Faced Urn":[28],"Black Star":0,"Whetstone":["theMarked:Strike","theMarked:Strike"],"obtain_stats":[{"theMarked:ArtifactOfAir":0,"NeowsBlessing":0,"Bird Faced Urn":6,"Vajra":2,"infinitespire:FocusingShard":13,"Black Star":17,"Whetstone":8,"Membership Card":20},{"theMarked:ArtifactOfAir":0,"NeowsBlessing":0,"Bird Faced Urn":2,"Vajra":1,"infinitespire:FocusingShard":7,"Black Star":8,"Whetstone":4,"Membership Card":10},{"theMarked:ArtifactOfAir":0,"NeowsBlessing":0,"Bird Faced Urn":2,"Vajra":1,"infinitespire:FocusingShard":20,"Black Star":29,"Whetstone":8,"Membership Card":39}]},"card_choices":[{"not_picked":["theMarked:SwordAndMagic","theMarked:EmpowerWeapon"],"picked":"theMarked:Aftermath","floor":1},{"not_picked":["theMarked:SwordAndMagic","theMarked:Seal"],"picked":"theMarked:Opportunist","floor":6},{"not_picked":["theMarked:Defy","theMarked:Electrocute"],"picked":"theMarked:Frustration","floor":7},{"not_picked":["theMarked:TwofoldDefense","theMarked:Static","theMarked:TurnInvisible"],"picked":"SKIP","floor":8},{"not_picked":["theMarked:RepellingDischarge","theMarked:Overthink","theMarked:Panic"],"picked":"SKIP","floor":10},{"not_picked":["theMarked:ResourceFulStrike","theMarked:Improvise"],"picked":"theMarked:GodGivenPower","floor":11},{"not_picked":["theMarked:BanishingStrike","theMarked:MaelstromOfLightning"],"picked":"theMarked:WardOff","floor":13},{"not_picked":["theMarked:Panic","theMarked:RepellingDischarge","theMarked:Reabsorb+1"],"picked":"SKIP","floor":18},{"not_picked":["theMarked:WardOff","theMarked:ChainLightning"],"picked":"theMarked:Overcharge","floor":19}],"player_experience":1232457,"relics_obtained":[{"floor":6,"key":"Bird Faced Urn"},{"floor":8,"key":"Whetstone"},{"floor":13,"key":"infinitespire:FocusingShard"}],"event_choices":[{"damage_healed":0,"gold_gain":0,"player_choice":"Paid Gold","damage_taken":0,"relics_obtained":["Vajra"],"max_hp_gain":0,"max_hp_loss":0,"event_name":"WeMeetAgain","floor":2,"gold_loss":55},{"damage_healed":0,"gold_gain":175,"player_choice":"AGREE","damage_taken":0,"max_hp_gain":0,"max_hp_loss":0,"event_name":"Liars Game","floor":4,"gold_loss":0,"cards_obtained":["Doubt"]}],"is_beta":false,"boss_relics":[{"not_picked":["theMarked:SpiritSword","Philosopher\u0027s Stone"],"picked":"Black Star"}],"items_purged_floors":[5,14,20],"is_endless":false,"potions_floor_spawned":[6,7,11,16],"killed_by":"Snake Plant","ascension_level":0}}