{"host":"ek3xvuouaw6vk9if","time":1608448148,"event":{"mods":["BaseMod","BetterRewards","Downfall","Minty Spire (QoL Compilation)","Permanent Neow","Quick Restart","Replay The Spire","StSLib"],"gold_per_floor":[99,113,38,38,63,24,24,9,9,9,9],"floor_reached":10,"playtime":376,"items_purged":[],"score":71,"play_id":"ee9e731e-4336-4bea-9541-1b9180f969c9","local_time":"20201220020908","is_ascension_mode":true,"campfire_choices":[{"floor":1,"key":"RECALL"},{"data":"champ:BerserkersShout","floor":3,"key":"SMITH"},{"data":"1","floor":9,"key":"LIFT"}],"circlet_count":0,"master_deck":["champ:Strike","champ:Strike","champ:Strike","champ:Strike","champ:Defend","champ:Defend","champ:Defend","champ:Defend","champ:Taunt","champ:BerserkersShout+1","champ:FaceSlap+1","champ:Encircle","champ:EndlessRage","champ:FanOfKnives","champ:SteelEdge"],"relics":["champ:ChampionCrown","Durian","downfall:HeartBlessingRed","Pocketwatch","Girya"],"acts_visited":["Exordium"],"potions_floor_usage":[10],"damage_taken":[{"damage":18,"enemies":"Jaw Worm","floor":2,"turns":4},{"damage":36,"enemies":"Gremlin Nob","floor":5,"turns":4},{"damage":23,"enemies":"downfall:FleeingMerchant","floor":6,"turns":4},{"damage":11,"enemies":"downfall:FleeingMerchant","floor":8,"turns":4},{"damage":36,"enemies":"3 Sentries","floor":10,"turns":4}],"seed_played":"6419097613330097279","potions_obtained":[{"floor":5,"key":"Languid Potion"}],"is_trial":false,"path_per_floor":["R","M","R","?","E","$","T","$","R","E"],"character_chosen":"THE_CHAMP","items_purchased":["champ:FanOfKnives"],"campfire_rested":0,"item_purchase_floors":[6],"current_hp_per_floor":[86,73,73,73,43,38,38,33,33,0,0],"gold":9,"neow_bonus":"ONE_RARE_RELIC","is_daily":false,"chose_seed":false,"campfire_upgraded":1,"win_rate":0.0,"timestamp":1608448148,"path_taken":["R","M","R","?","E","$","T","$","R","E"],"items_purchased_type":["Card"],"build_version":"2020-12-13","purchased_purges":0,"victory":false,"max_hp_per_floor":[86,86,86,86,86,86,86,86,86,86,86],"card_choices":[{"not_picked":["champ:ShieldWall","champ:BladeFlurry"],"picked":"champ:BerserkersShout","floor":2},{"not_picked":["champ:BringItOn","champ:GladiatorsShout"],"picked":"champ:Encircle","floor":5},{"not_picked":["champ:RecklessLeap","champ:ShieldWall"],"picked":"champ:EndlessRage","floor":6},{"not_picked":["champ:StanceDance","champ:RapidStrikes"],"picked":"champ:SteelEdge","floor":8}],"player_experience":697362,"relics_obtained":[{"floor":5,"key":"Pocketwatch"},{"floor":7,"key":"Girya"}],"event_choices":[],"is_beta":false,"boss_relics":[],"items_purged_floors":[],"is_endless":false,"potions_floor_spawned":[5],"killed_by":"3 Sentries","ascension_level":3}}