{"host":"5trcja4hacd149zc","time":1608445880,"event":{"mods":["BaseMod","Colored Map","GifTheSpireLib","Minty Spire (QoL Compilation)","Relic Stats","StSLib"],"gold_per_floor":[114,114,2,12,12,12,38,38,64,91,91,123,142,167,167,246,246,266,266,108,121,139,167,193,193,270,14,14,14,14,25,25,100,100,112,124,149,149,167,167,202,202,202,212,212,242,266,278,290,302,314,326,338,76,111,111,111],"floor_reached":56,"playtime":2341,"items_purged":["Strike_R","Strike_R","Strike_R"],"score":2198,"play_id":"afbca498-25df-4d81-bfca-029da8e2c423","local_time":"20201220003120","is_ascension_mode":true,"campfire_choices":[{"data":"Whirlwind","floor":6,"key":"SMITH"},{"data":"Bash","floor":11,"key":"SMITH"},{"data":"Dual Wield","floor":15,"key":"SMITH"},{"data":"True Grit","floor":25,"key":"SMITH"},{"data":"True Grit","floor":29,"key":"SMITH"},{"data":"Dropkick","floor":32,"key":"SMITH"},{"data":"Pommel Strike","floor":40,"key":"SMITH"},{"data":"Corruption","floor":42,"key":"SMITH"},{"floor":45,"key":"RECALL"},{"data":"Power Through","floor":49,"key":"SMITH"},{"floor":53,"key":"REST"}],"circlet_count":0,"master_deck":["AscendersBane","Defend_R","Defend_R","Defend_R","Bash+1","Power Through+1","Dropkick+1","Whirlwind+1","Pommel Strike+1","Dual Wield+1","Shrug It Off","Corruption+1","True Grit+1","True Grit+1","Shockwave+1"],"relics":["Busted Crown","Strawberry","Pen Nib","Mercury Hourglass","Anchor","Incense Burner","Toy Ornithopter","Happy Flower","Runic Pyramid","Meat on the Bone","Red Mask","The Courier","Chemical X","Empty Cage","Prayer Wheel","Ancient Tea Set","MawBank","FossilizedHelix","Ice Cream"],"acts_visited":["Exordium","TheCity","TheBeyond","TheEnding"],"potions_floor_usage":[16,16,23],"damage_taken":[{"damage":8,"enemies":"2 Louse","floor":1,"turns":3},{"damage":0,"enemies":"Cultist","floor":4,"turns":3},{"damage":10,"enemies":"3 Sentries","floor":7,"turns":4},{"damage":21,"enemies":"Gremlin Nob","floor":10,"turns":4},{"damage":0,"enemies":"3 Sentries","floor":12,"turns":2},{"damage":0,"enemies":"Jaw Worm","floor":13,"turns":2},{"damage":10,"enemies":"Lagavulin","floor":14,"turns":4},{"damage":23,"enemies":"Slime Boss","floor":16,"turns":12},{"damage":8,"enemies":"Chosen","floor":18,"turns":4},{"damage":0,"enemies":"3 Byrds","floor":21,"turns":3},{"damage":0,"enemies":"Snake Plant","floor":22,"turns":2},{"damage":18,"enemies":"Gremlin Leader","floor":23,"turns":4},{"damage":2,"enemies":"Masked Bandits","floor":24,"turns":2},{"damage":0,"enemies":"Snecko","floor":31,"turns":4},{"damage":0,"enemies":"Collector","floor":33,"turns":4},{"damage":0,"enemies":"3 Darklings","floor":35,"turns":1},{"damage":0,"enemies":"3 Shapes","floor":36,"turns":6},{"damage":0,"enemies":"Mind Bloom Boss Battle","floor":37,"turns":6},{"damage":1,"enemies":"Spire Growth","floor":39,"turns":5},{"damage":0,"enemies":"Giant Head","floor":41,"turns":3},{"damage":8,"enemies":"4 Shapes","floor":44,"turns":8},{"damage":0,"enemies":"Nemesis","floor":46,"turns":4},{"damage":8,"enemies":"Writhing Mass","floor":47,"turns":3},{"damage":31,"enemies":"Time Eater","floor":50,"turns":6},{"damage":6,"enemies":"Awakened One","floor":51,"turns":4},{"damage":0,"enemies":"Shield and Spear","floor":55,"turns":4},{"damage":93,"enemies":"The Heart","floor":56,"turns":5}],"seed_played":"-7193854690462670146","potions_obtained":[{"floor":1,"key":"SpeedPotion"},{"floor":10,"key":"EntropicBrew"},{"floor":12,"key":"DuplicationPotion"},{"floor":24,"key":"Energy Potion"}],"is_trial":false,"path_per_floor":["M","?","$","M","?","R","E","?","T","E","R","E","M","E","R","B",null,"M","?","$","M","M","E","?","R","T","$","?","R","$","M","R","B",null,"M","M","?","?","M","R","E","R","T","M","R","E","M","?","R","B","B",null,"R","$","E","B"],"character_chosen":"IRONCLAD","items_purchased":["Dropkick","True Grit","Chemical X","True Grit","FossilizedHelix"],"campfire_rested":1,"item_purchase_floors":[3,20,27,27,54],"current_hp_per_floor":[60,67,67,67,62,62,52,57,57,36,36,36,36,26,26,13,69,61,61,61,61,61,48,46,46,46,46,21,21,21,33,33,45,80,80,80,80,80,79,79,79,79,79,71,71,71,63,63,63,44,50,82,92,92,92,0,0],"gold":111,"neow_bonus":"BOSS_RELIC","is_daily":false,"chose_seed":false,"campfire_upgraded":9,"win_rate":0.0,"timestamp":1608445880,"path_taken":["M","?","$","?","?","R","E","?","T","E","R","E","M","E","R","BOSS","M","?","$","M","M","E","?","R","T","$","?","R","?","?","R","BOSS","M","M","?","?","M","R","E","R","T","M","R","E","?","?","R","BOSS","BOSS","R","$","E","BOSS"],"items_purchased_type":["Card","Card","Relic","Card","Relic"],"build_version":"2020-12-13","purchased_purges":3,"victory":false,"max_hp_per_floor":[75,82,82,82,82,82,82,87,87,87,87,87,87,87,87,87,87,87,87,87,87,87,87,87,87,87,87,92,92,92,92,92,92,92,92,92,92,92,92,92,92,92,92,92,92,92,92,92,92,92,92,92,92,92,92,92,92],"relic_stats":{"Busted Crown":54,"Happy Flower":[30],"counters":[27,112],"Prayer Wheel":3,"Pen Nib":[38],"Chemical X":[11],"MawBank":96,"obtain_stats":[{"Ice Cream":55,"Happy Flower":14,"Pen Nib":5,"The Courier":26,"Incense Burner":10,"Empty Cage":34,"Ancient Tea Set":41,"MawBank":46,"Burning Blood":0,"Mercury Hourglass":7,"Anchor":9,"Busted Crown":0,"Strawberry":2,"Prayer Wheel":37,"Red Mask":24,"Chemical X":27,"Toy Ornithopter":12,"FossilizedHelix":54,"Runic Pyramid":17,"Meat on the Bone":23},{"Ice Cream":26,"Happy Flower":7,"Pen Nib":2,"The Courier":13,"Incense Burner":4,"Empty Cage":15,"Ancient Tea Set":20,"MawBank":22,"Burning Blood":0,"Mercury Hourglass":3,"Anchor":3,"Busted Crown":0,"Strawberry":1,"Prayer Wheel":18,"Red Mask":13,"Chemical X":13,"Toy Ornithopter":5,"FossilizedHelix":25,"Runic Pyramid":8,"Meat on the Bone":12},{"Ice Cream":107,"Happy Flower":22,"Pen Nib":6,"The Courier":49,"Incense Burner":14,"Empty Cage":57,"Ancient Tea Set":78,"MawBank":90,"Burning Blood":0,"Mercury Hourglass":10,"Anchor":10,"Busted Crown":0,"Strawberry":3,"Prayer Wheel":70,"Red Mask":49,"Chemical X":49,"Toy Ornithopter":16,"FossilizedHelix":103,"Runic Pyramid":34,"Meat on the Bone":47}],"Toy Ornithopter":15,"Mercury Hourglass":[450],"Meat on the Bone":48},"card_choices":[{"not_picked":[],"picked":"Power Through","floor":1},{"not_picked":[],"picked":"Whirlwind","floor":4},{"not_picked":["Cleave"],"picked":"SKIP","floor":7},{"not_picked":[],"picked":"Pommel Strike","floor":10},{"not_picked":["Dual Wield"],"picked":"SKIP","floor":12},{"not_picked":[],"picked":"Dual Wield","floor":12},{"not_picked":[],"picked":"Shrug It Off","floor":13},{"not_picked":["Dual Wield"],"picked":"SKIP","floor":14},{"not_picked":[],"picked":"Corruption","floor":16},{"not_picked":["Thunderclap"],"picked":"SKIP","floor":18},{"not_picked":["Pummel"],"picked":"SKIP","floor":21},{"not_picked":["Body Slam+1"],"picked":"SKIP","floor":22},{"not_picked":["Clothesline+1"],"picked":"SKIP","floor":23},{"not_picked":["Perfected Strike"],"picked":"SKIP","floor":31},{"not_picked":["Headbutt"],"picked":"SKIP","floor":35},{"not_picked":["Shockwave"],"picked":"SKIP","floor":36},{"not_picked":[],"picked":"Shockwave","floor":36},{"not_picked":["Perfected Strike"],"picked":"SKIP","floor":39},{"not_picked":["Uppercut"],"picked":"SKIP","floor":39},{"not_picked":["Hemokinesis"],"picked":"SKIP","floor":41},{"not_picked":["Seeing Red"],"picked":"SKIP","floor":44},{"not_picked":["Heavy Blade+1"],"picked":"SKIP","floor":44},{"not_picked":["Headbutt"],"picked":"SKIP","floor":46},{"not_picked":["Headbutt"],"picked":"SKIP","floor":46},{"not_picked":["Immolate"],"picked":"SKIP","floor":47},{"not_picked":["Battle Trance"],"picked":"SKIP","floor":47},{"not_picked":["Combust"],"picked":"SKIP","floor":55}],"player_experience":750611,"relics_obtained":[{"floor":7,"key":"Mercury Hourglass"},{"floor":9,"key":"Anchor"},{"floor":10,"key":"Incense Burner"},{"floor":12,"key":"Toy Ornithopter"},{"floor":14,"key":"Happy Flower"},{"floor":23,"key":"Meat on the Bone"},{"floor":24,"key":"Red Mask"},{"floor":26,"key":"The Courier"},{"floor":37,"key":"Prayer Wheel"},{"floor":41,"key":"Ancient Tea Set"},{"floor":46,"key":"MawBank"},{"floor":55,"key":"Ice Cream"}],"event_choices":[{"damage_healed":0,"gold_gain":0,"player_choice":"Gave Potion","damage_taken":0,"relics_obtained":["Strawberry"],"max_hp_gain":0,"max_hp_loss":0,"event_name":"WeMeetAgain","floor":2,"gold_loss":0},{"damage_healed":0,"gold_gain":0,"player_choice":"Success","damage_taken":5,"relics_obtained":["Pen Nib"],"max_hp_gain":0,"max_hp_loss":0,"event_name":"Scrap Ooze","floor":5,"gold_loss":0},{"damage_healed":0,"gold_gain":0,"player_choice":"Donut","damage_taken":0,"max_hp_gain":5,"max_hp_loss":0,"event_name":"Big Fish","floor":8,"gold_loss":0},{"damage_healed":0,"gold_gain":0,"player_choice":"Ignored","damage_taken":0,"max_hp_gain":0,"max_hp_loss":0,"event_name":"Vampires","floor":19,"gold_loss":0},{"damage_healed":0,"gold_gain":0,"player_choice":"Fought Bandits","damage_taken":0,"max_hp_gain":0,"max_hp_loss":0,"event_name":"Masked Bandits","floor":24,"gold_loss":0},{"damage_healed":0,"gold_gain":0,"player_choice":"Shed Blood","damage_taken":30,"max_hp_gain":5,"max_hp_loss":0,"event_name":"Forgotten Altar","floor":28,"gold_loss":0},{"damage_healed":0,"gold_gain":0,"player_choice":"Fight","damage_taken":0,"max_hp_gain":0,"max_hp_loss":0,"event_name":"MindBloom","floor":37,"gold_loss":0},{"damage_healed":0,"gold_gain":0,"player_choice":"Upgraded","damage_taken":0,"max_hp_gain":0,"max_hp_loss":0,"event_name":"Upgrade Shrine","floor":38,"gold_loss":0,"cards_upgraded":["Shockwave"]},{"cards_removed":["Defend_R"],"damage_healed":0,"gold_gain":0,"player_choice":"Removed Skill","damage_taken":0,"max_hp_gain":0,"max_hp_loss":0,"event_name":"Falling","floor":48,"gold_loss":0}],"is_beta":false,"boss_relics":[{"not_picked":["SacredBark","Velvet Choker"],"picked":"Runic Pyramid"},{"not_picked":["Calling Bell","Black Star"],"picked":"Empty Cage"}],"items_purged_floors":[3,20,27],"is_endless":false,"potions_floor_spawned":[1,10,12,14,18,24,31,35,39,44,46],"killed_by":"The Heart","ascension_level":20}}