{"host":"g1dfl30o7gson6fx","time":1608446980,"event":{"mods":["AchievementEnabler","BaseMod","CapriCore","Colored Map","Minty Spire (QoL Compilation)","Quick Restart","Remove Card Discount Mod","Shop Mod","StSLib","SuperFastMode","The Immortal"],"gold_per_floor":[114,126,126,141,216,241,314,334,405,43,59,59,71,86,86,86,86,86],"floor_reached":16,"playtime":588,"items_purged":["MokouMod:Strike","MokouMod:Strike","MokouMod:Defend"],"score":104,"play_id":"64c074bf-8ede-455c-b890-3a00d33f94c5","local_time":"20201220154940","is_ascension_mode":false,"campfire_choices":[{"floor":12.0,"key":"REST"},{"floor":15.0,"key":"RECALL"}],"circlet_count":0,"master_deck":["MokouMod:Strike","MokouMod:Strike","MokouMod:Strike","MokouMod:Defend","MokouMod:Defend","MokouMod:Defend","MokouMod:HeatSpark","MokouMod:BlazingComet","MokouMod:IndiscriminateIgnition","MokouMod:TemporalFireSeal","MokouMod:Fireball","MokouMod:EnchantingBambooForest","MokouMod:Meltdown","MokouMod:ImperishableFlame","MokouMod:InfernalWave","MokouMod:EnchantingBambooForest","MokouMod:Overheat","MokouMod:Geothermal","MokouMod:ResonanceReactor"],"relics":["MokouMod:PhoenixFeather","NeowsBlessing","Peace Pipe","DollysMirror"],"acts_visited":["Exordium"],"potions_floor_usage":[],"damage_taken":[{"damage":0.0,"enemies":"2 Louse","floor":1.0,"turns":1.0},{"damage":0.0,"enemies":"Cultist","floor":2.0,"turns":1.0},{"damage":0.0,"enemies":"Small Slimes","floor":4.0,"turns":1.0},{"damage":61.0,"enemies":"Lagavulin","floor":6.0,"turns":7.0},{"damage":13.0,"enemies":"Looter","floor":8.0,"turns":3.0},{"damage":24.0,"enemies":"Red Slaver","floor":11.0,"turns":4.0},{"damage":3.0,"enemies":"Exordium Thugs","floor":13.0,"turns":3.0},{"damage":15.0,"enemies":"Looter","floor":14.0,"turns":4.0},{"damage":61,"enemies":"Slime Boss","floor":16,"turns":7}],"seed_played":"7542022743136245901","potions_obtained":[{"floor":1.0,"key":"CultistPotion"},{"floor":2.0,"key":"Fruit Juice"},{"floor":3.0,"key":"Strength Potion"},{"floor":14.0,"key":"Dexterity Potion"}],"is_trial":false,"path_per_floor":["M","M","?","M","?","E","?","M","T","$","M","R","M","M","R","B"],"character_chosen":"MKU","items_purchased":["MokouMod:Meltdown","MokouMod:ImperishableFlame","MokouMod:InfernalWave","DollysMirror"],"campfire_rested":1,"item_purchase_floors":[10,10,10,10],"current_hp_per_floor":[75,75,75,75,64,3,3,9,9,9,6,28,30,15,15,0,0,0],"gold":86,"neow_bonus":"THREE_ENEMY_KILL","is_daily":false,"chose_seed":false,"campfire_upgraded":0,"win_rate":0.0,"timestamp":1608446980,"path_taken":["M","M","?","?","?","E","?","M","T","$","M","R","M","M","R","BOSS"],"items_purchased_type":["Card","Card","Card","Relic"],"build_version":"2020-12-13","purchased_purges":3,"victory":false,"max_hp_per_floor":[75,75,75,75,75,75,75,75,75,75,75,75,80,80,80,80,80,80],"card_choices":[{"not_picked":["MokouMod:Stoke","MokouMod:AdaptivePyromancy"],"picked":"MokouMod:BlazingComet","floor":1.0},{"not_picked":["MokouMod:FlareStarter","MokouMod:Firecracker"],"picked":"MokouMod:IndiscriminateIgnition","floor":2.0},{"not_picked":["MokouMod:Singe","MokouMod:RetainTemperature"],"picked":"MokouMod:TemporalFireSeal","floor":4.0},{"not_picked":["MokouMod:Stoke","MokouMod:EternalBurstReactor"],"picked":"MokouMod:Fireball","floor":6.0},{"not_picked":["MokouMod:BlazingComet","MokouMod:Stoke"],"picked":"MokouMod:EnchantingBambooForest","floor":8.0},{"not_picked":["MokouMod:Combust","MokouMod:EternalBurstReactor"],"picked":"MokouMod:Overheat","floor":11.0},{"not_picked":["MokouMod:CrimsonFlare","MokouMod:Sear"],"picked":"MokouMod:Geothermal","floor":13.0},{"not_picked":["MokouMod:Sear","MokouMod:FujiyamaVolcano"],"picked":"MokouMod:ResonanceReactor","floor":14.0}],"player_experience":55288,"relics_obtained":[{"floor":6.0,"key":"Peace Pipe"}],"event_choices":[{"damage_healed":0.0,"max_hp_gain":0.0,"max_hp_loss":0.0,"gold_gain":0.0,"event_name":"Lab","player_choice":"Got Potions","floor":3.0,"gold_loss":0.0,"damage_taken":0.0},{"damage_healed":0.0,"max_hp_gain":0.0,"max_hp_loss":0.0,"gold_gain":75.0,"event_name":"World of Goop","player_choice":"Gather Gold","floor":5.0,"gold_loss":0.0,"damage_taken":11.0},{"damage_healed":0.0,"max_hp_gain":0.0,"max_hp_loss":0.0,"gold_gain":73.0,"event_name":"Golden Wing","player_choice":"Gained Gold","floor":7.0,"gold_loss":0.0,"damage_taken":0.0}],"is_beta":false,"boss_relics":[],"items_purged_floors":[10,10,10],"is_endless":false,"potions_floor_spawned":[1,2,14],"killed_by":"Slime Boss","ascension_level":0}}