{"host":"yts3k7tnnujxb1o4","time":1608497417,"event":{"mods":["2.2 Compatiblity","AchievementEnabler","BaseMod","Bestiary","Better Altar","Better Match","Better Note","Better Sensory Stone","Better Skull","Better Third Choice","BetterRewards","Colored Map","Colored Powertips","DeckTracker","Displayed Cursed Tome","Emptier Cage","Filter the Spire","Minty Spire (QoL Compilation)","Quick Restart","RNG Fix","Rare Cards Sparkle","Relic Sorter","Relic Stats","Spicy Shops","StSLib","Synergy Search","The Blue Laboratory"],"gold_per_floor":[114,126,96,111,111,111,139,139,139,165,181,194,210,21,21,117,117,133,146,146,57,67,98,98,108,162,162,162],"floor_reached":27,"playtime":1615,"items_purged":["Defend_R","Brutality"],"score":419,"play_id":"14b5ffaa-79a1-411f-bf64-eae67a5ed3a6","local_time":"20201220205017","is_ascension_mode":true,"campfire_choices":[{"floor":6,"key":"REST"},{"floor":8,"key":"REST"},{"floor":15,"key":"REST"},{"floor":24,"key":"REST"}],"circlet_count":0,"master_deck":["Bash","Armaments","Thunderclap","Flame Barrier","Spot Weakness","Berserk","Infernal Blade","Shockwave","Cleave","Feed","Intimidate","Dark Embrace","Impervious","Impervious","Impervious","Rage","Brutality","Ghostly Armor","Body Slam","Battle Trance","Double Tap","Carnage","Sentinel"],"relics":["Burning Blood","PreservedInsect","Paper Frog","betterThird:SlimedRelic","Regal Pillow","Ornamental Fan","Dream Catcher","Boot","Membership Card","Pandora\u0027s Box","Nunchaku","Du-Vu Doll","Ancient Tea Set"],"acts_visited":["Exordium","TheCity"],"potions_floor_usage":[23,23,23,25],"damage_taken":[{"damage":12,"enemies":"Jaw Worm","floor":1,"turns":5},{"damage":6,"enemies":"Cultist","floor":2,"turns":3},{"damage":11,"enemies":"2 Louse","floor":4,"turns":3},{"damage":25,"enemies":"Lagavulin","floor":7,"turns":11},{"damage":0,"enemies":"Blue Slaver","floor":11,"turns":5},{"damage":21,"enemies":"Exordium Thugs","floor":12,"turns":5},{"damage":5,"enemies":"Looter","floor":13,"turns":4},{"damage":33,"enemies":"Hexaghost","floor":16,"turns":9},{"damage":28,"enemies":"Chosen","floor":18,"turns":5},{"damage":25,"enemies":"3 Byrds","floor":19,"turns":6},{"damage":6,"enemies":"Snake Plant","floor":22,"turns":5},{"damage":25,"enemies":"Slavers","floor":23,"turns":4},{"damage":26,"enemies":"Centurion and Healer","floor":25,"turns":10},{"damage":37,"enemies":"Chosen and Byrds","floor":27,"turns":7}],"seed_played":"2625007289527028834","potions_obtained":[{"floor":11,"key":"blueLaboratory:TrueEctoplasm"},{"floor":12,"key":"blueLaboratory:NullPotion"},{"floor":16,"key":"blueLaboratory:NullPotion"},{"floor":22,"key":"blueLaboratory:PolymorphPotion"},{"floor":23,"key":"blueLaboratory:FruitPunch"}],"is_trial":false,"path_per_floor":["M","M","?","M","?","R","E","R","T","T","M","M","M","$","R","B",null,"M","M","?","$","M","E","R","M","T","M"],"character_chosen":"IRONCLAD","items_purchased":["PreservedInsect","Paper Frog","Armaments","Membership Card","Battle Trance"],"campfire_rested":4,"item_purchase_floors":[0,0,0,14,21],"current_hp_per_floor":[55,55,44,39,22,61,42,80,80,80,80,65,66,66,80,53,73,51,32,32,32,32,13,52,34,34,0,0],"gold":162,"neow_bonus":"","is_daily":false,"chose_seed":false,"campfire_upgraded":0,"win_rate":0.0,"timestamp":1608497417,"path_taken":["M","M","?","?","?","R","E","R","T","?","M","M","?","$","R","BOSS","M","M","?","$","?","E","R","M","T","M"],"items_purchased_type":["Relic","Relic","Card","Relic","Card"],"build_version":"2020-12-13","purchased_purges":2,"victory":false,"max_hp_per_floor":[80,80,80,80,80,80,80,80,80,80,80,80,80,80,80,80,80,80,80,80,80,80,80,80,82,82,82,82],"relic_stats":{"Regal Pillow":44,"Dream Catcher":3,"Nunchaku":[2],"counters":[28,147],"Ornamental Fan":[12],"Pandora\u0027s Box":["Intimidate","Dark Embrace","Impervious","Impervious","Impervious","Brutality","Rage","Brutality"],"PreservedInsect":67,"Boot":[28],"obtain_stats":[{"Regal Pillow":5,"Gremlin Horn":26,"Juzu Bracelet":23,"Bottled Tornado":9,"Empty Cage":17,"Boot":10,"Ancient Tea Set":26,"Burning Blood":0,"Frozen Eye":11,"Dream Catcher":7,"Nunchaku":20,"Tiny Chest":7,"Red Skull":19,"Runic Pyramid":34,"Paper Frog":0,"Golden Idol":2,"Self Forming Clay":20,"Oddly Smooth Stone":27,"Pen Nib":0,"PreservedInsect":0,"Du-Vu Doll":23,"Ornamental Fan":5,"Bronze Scales":14,"betterThird:SlimedRelic":3,"Molten Egg 2":0,"Pandora\u0027s Box":17,"Membership Card":14},{"Regal Pillow":17,"Gremlin Horn":9,"Juzu Bracelet":8,"Bottled Tornado":3,"Empty Cage":6,"Boot":18,"Ancient Tea Set":27,"Burning Blood":0,"Frozen Eye":4,"Dream Catcher":18,"Nunchaku":24,"Tiny Chest":2,"Red Skull":7,"Runic Pyramid":10,"Paper Frog":14,"Golden Idol":1,"Self Forming Clay":7,"Oddly Smooth Stone":9,"Pen Nib":0,"PreservedInsect":14,"Du-Vu Doll":26,"Ornamental Fan":17,"Bronze Scales":5,"betterThird:SlimedRelic":16,"Molten Egg 2":0,"Pandora\u0027s Box":22,"Membership Card":21},{"Regal Pillow":76,"Gremlin Horn":37,"Juzu Bracelet":33,"Bottled Tornado":13,"Empty Cage":24,"Boot":87,"Ancient Tea Set":140,"Burning Blood":0,"Frozen Eye":16,"Dream Catcher":87,"Nunchaku":121,"Tiny Chest":11,"Red Skull":29,"Runic Pyramid":48,"Paper Frog":65,"Golden Idol":3,"Self Forming Clay":29,"Oddly Smooth Stone":37,"Pen Nib":0,"PreservedInsect":65,"Du-Vu Doll":130,"Ornamental Fan":76,"Bronze Scales":19,"betterThird:SlimedRelic":73,"Molten Egg 2":0,"Pandora\u0027s Box":110,"Membership Card":101}],"Burning Blood":150},"card_choices":[{"not_picked":["Sever Soul","Sword Boomerang","Evolve"],"picked":"SKIP","floor":1},{"not_picked":["Perfected Strike","Clothesline"],"picked":"Thunderclap","floor":2},{"not_picked":["Uppercut","Warcry"],"picked":"Flame Barrier","floor":4},{"not_picked":["Perfected Strike","Pommel Strike","Iron Wave"],"picked":"SKIP","floor":7},{"not_picked":["Warcry","Flex"],"picked":"Spot Weakness","floor":8},{"not_picked":["Havoc","Armaments"],"picked":"Berserk","floor":11},{"not_picked":["Headbutt","Heavy Blade"],"picked":"Infernal Blade","floor":12},{"not_picked":["Iron Wave","Dark Embrace"],"picked":"Shockwave","floor":13},{"not_picked":["Pommel Strike","Headbutt"],"picked":"Cleave","floor":15},{"not_picked":["Double Tap","Corruption"],"picked":"Feed","floor":16},{"not_picked":["Warcry+1","Pommel Strike"],"picked":"Ghostly Armor","floor":18},{"not_picked":["Dropkick","Iron Wave"],"picked":"Body Slam","floor":19},{"not_picked":["True Grit","Clothesline","Infernal Blade"],"picked":"SKIP","floor":22},{"not_picked":["Flex+1","Thunderclap+1"],"picked":"Double Tap","floor":23},{"not_picked":["Heavy Blade","Havoc"],"picked":"Carnage","floor":24},{"not_picked":["Infernal Blade+1","Evolve"],"picked":"Sentinel","floor":25}],"player_experience":184974,"relics_obtained":[{"floor":7,"key":"Dream Catcher"},{"floor":10,"key":"Boot"},{"floor":23,"key":"Du-Vu Doll"},{"floor":26,"key":"Ancient Tea Set"}],"event_choices":[{"damage_healed":0,"gold_gain":0,"player_choice":"Slimed","damage_taken":11,"max_hp_gain":0,"max_hp_loss":0,"event_name":"betterThird:BetterGoop","floor":3,"gold_loss":30},{"damage_healed":0,"gold_gain":1,"player_choice":"Relic Relic ","damage_taken":17,"max_hp_gain":0,"max_hp_loss":0,"event_name":"betterThird:BetterScrap","floor":5,"gold_loss":0,"cards_obtained":["Study"]},{"damage_healed":0,"gold_gain":0,"player_choice":"Opened","damage_taken":0,"relics_obtained":["Nunchaku"],"max_hp_gain":0,"max_hp_loss":0,"event_name":"The Mausoleum","floor":20,"gold_loss":0}],"is_beta":false,"boss_relics":[{"not_picked":["Runic Dome","Runic Pyramid"],"picked":"Pandora\u0027s Box"}],"items_purged_floors":[14,21],"is_endless":false,"potions_floor_spawned":[11,12,16,18,22,23],"killed_by":"Chosen and Byrds","ascension_level":5}}