{"host":"ssahdsoo349p0ms1","time":1608502713,"event":{"mods":["AchievementEnabler","BaseMod","Colored Powertips","Downfall","Minty Spire (QoL Compilation)","StSLib"],"gold_per_floor":[99,112,142,142,142,176,203,228,228,262,279,279,32,87,99,194,194,69,169,200,444,462,487,511,461,491,366,380,396,407,407,419,522,522,472,507,523,523,577,608,690,710,726,601,601,351,364,364,383,383,383,409,60,10,10],"floor_reached":56,"playtime":3908,"items_purged":["Slimebound:Strike_Slimebound","Slimebound:Defend_Slimebound"],"score":1446,"play_id":"66618bc0-d2f6-4698-b619-a0a1148215d7","local_time":"20201220161833","is_ascension_mode":true,"campfire_choices":[{"data":"Slimebound:Split","floor":1.0,"key":"SMITH"},{"data":"Slimebound:LivingWall","floor":4.0,"key":"SMITH"},{"floor":9.0,"key":"RECALL"},{"data":"Slimebound:DuplicatedForm","floor":18.0,"key":"SMITH"},{"data":"Slimebound:DouseInSlime","floor":25.0,"key":"SMITH"},{"data":"Slimebound:RainOfGoop","floor":27.0,"key":"SMITH"},{"data":"Slimebound:CheckThePlaybook","floor":35.0,"key":"SMITH"},{"floor":44.0,"key":"DIG"},{"data":"Slimebound:LevelUp","floor":54,"key":"SMITH"}],"circlet_count":0,"master_deck":["Slimebound:Tackle","Slimebound:Defend_Slimebound","Slimebound:Defend_Slimebound","Slimebound:Split+1","Slimebound:LeadByExample+1","Slimebound:RejuvenatingLick+1","Slimebound:ComboTackle+1","Slimebound:MegaLick","Slimebound:LivingWall+1","Slimebound:SplitLeeching","Slimebound:SamplingLick","Slimebound:DouseInSlime+1","Slimebound:LeechingTouch","Slimebound:LeechLife","Slimebound:SplitMire+1","Slimebound:RainOfGoop+1","Slimebound:DuplicatedForm+1","Slimebound:ServeAndProtect+1","Slimebound:FirmFortitude","Slimebound:Nibble","Slimebound:LivingWall+1","Slimebound:LevelUp+1","Slimebound:RollThrough+1","Slimebound:Prepare+1","Slimebound:CheckThePlaybook+1","Slimebound:LeechLife","Slimebound:MegaLick+1","Slimebound:ComboTackle+1","Slimebound:OneTwoCombo","expansioncontent:ManipulateTime","expansioncontent:BronzeBeam","Slimebound:HauntingLick+1","Slimebound:DisruptingSlam+1","Finesse"],"relics":["Astrolabe","Sundial","PreservedInsect","Centennial Puzzle","Akabeko","Juzu Bracelet","Slimebound:GreedOozeRelic","Mercury Hourglass","Coffee Dripper","downfall:HeartBlessingRed","Lantern","Slimebound:AggressiveSlimeRelic","Orichalcum","Question Card","downfall:HeartBlessingGreen","Sozu","Ancient Tea Set","Shovel","War Paint","downfall:HeartBlessingBlue","Pantograph","Strawberry","Shuriken","Slimebound:MaxSlimesRelic"],"acts_visited":["Exordium","TheCity","TheBeyond","TheEnding"],"potions_floor_usage":[],"damage_taken":[{"damage":17.0,"enemies":"Jaw Worm","floor":2.0,"turns":3.0},{"damage":18.0,"enemies":"Lagavulin","floor":3.0,"turns":5.0},{"damage":9.0,"enemies":"3 Sentries","floor":6.0,"turns":8.0},{"damage":12.0,"enemies":"Lagavulin","floor":8.0,"turns":4.0},{"damage":12.0,"enemies":"3 Sentries","floor":10.0,"turns":5.0},{"damage":8.0,"enemies":"Cultist","floor":11.0,"turns":2.0},{"damage":12.0,"enemies":"downfall:FleeingMerchant","floor":13.0,"turns":4.0},{"damage":12.0,"enemies":"Lagavulin Event","floor":14.0,"turns":3.0},{"damage":12.0,"enemies":"Small Slimes","floor":15.0,"turns":2.0},{"damage":50.0,"enemies":"downfall:Defect","floor":16.0,"turns":5.0},{"damage":55.0,"enemies":"Book of Stabbing","floor":20.0,"turns":5.0},{"damage":40.0,"enemies":"downfall:FleeingMerchant","floor":21.0,"turns":4.0},{"damage":12.0,"enemies":"Spheric Guardian","floor":22.0,"turns":3.0},{"damage":20.0,"enemies":"Gremlin Leader","floor":23.0,"turns":6.0},{"damage":23.0,"enemies":"Book of Stabbing","floor":26.0,"turns":3.0},{"damage":42.0,"enemies":"Snake Plant","floor":28.0,"turns":4.0},{"damage":27.0,"enemies":"Centurion and Healer","floor":29.0,"turns":4.0},{"damage":20.0,"enemies":"Shelled Parasite and Fungi","floor":30.0,"turns":3.0},{"damage":14.0,"enemies":"Snake Plant","floor":32.0,"turns":3.0},{"damage":69.0,"enemies":"downfall:Watcher","floor":33.0,"turns":5.0},{"damage":38.0,"enemies":"Giant Head","floor":36.0,"turns":4.0},{"damage":16.0,"enemies":"3 Darklings","floor":37.0,"turns":4.0},{"damage":19.0,"enemies":"2 Orb Walkers","floor":39.0,"turns":3.0},{"damage":27.0,"enemies":"Reptomancer","floor":40.0,"turns":4.0},{"damage":20.0,"enemies":"Orb Walker","floor":42.0,"turns":2.0},{"damage":12.0,"enemies":"4 Shapes","floor":43.0,"turns":2.0},{"damage":8.0,"enemies":"Jaw Worm Horde","floor":47.0,"turns":2.0},{"damage":16.0,"enemies":"Spire Growth","floor":49.0,"turns":3.0},{"damage":39.0,"enemies":"downfall:Silent","floor":50.0,"turns":5.0},{"damage":34.0,"enemies":"downfall:CharBossMerchant","floor":52.0,"turns":4.0},{"damage":64,"enemies":"downfall:NeowBoss","floor":55,"turns":17}],"seed_played":"-8129630129188632322","potions_obtained":[{"floor":2.0,"key":"SneckoOil"},{"floor":3.0,"key":"sneckomod:MuddlingPotion"},{"floor":5.0,"key":"Slimebound:ThreeZeroPotion"},{"floor":5.0,"key":"Energy Potion"},{"floor":5.0,"key":"SteroidPotion"},{"floor":14.0,"key":"Energy Potion"},{"floor":29.0,"key":"AttackPotion"}],"is_trial":false,"path_per_floor":["R","M","E","R","?","E","T","E","R","E","M","?","$","?","M","B",null,"R","?","E","$","M","E","T","R","E","R","M","M","M","?","M","B",null,"R","E","M","?","?","E","T","M","M","R","?","$","M","?","M","B",null,"E","$","R","B",null],"character_chosen":"SLIMEBOUND","items_purchased":["Slimebound:LeechLife","Slimebound:FirmFortitude","Strawberry","Slimebound:MaxSlimesRelic","Finesse"],"campfire_rested":0,"item_purchase_floors":[13,21,46,53,53],"current_hp_per_floor":[60,53,45,45,45,48,48,50,50,52,54,54,56,58,60,60,60,60,60,60,47,49,53,53,53,60,60,60,56,56,35,48,41,60,60,55,58,58,53,55,55,60,60,70,70,77,73,63,65,72,77,76,76,76,57],"gold":10,"neow_bonus":"BOSS_RELIC","is_daily":false,"chose_seed":false,"campfire_upgraded":7,"win_rate":0.0,"timestamp":1608502713,"path_taken":["R","M","E","R","?","E","T","E","R","E","M","?","$","?","M","BOSS","R","?","E","?","M","E","T","R","E","R","M","M","M","?","M","BOSS","R","E","M","?","?","E","T","M","M","R","?","$","M","?","M","BOSS","E","$","R","BOSS"],"items_purchased_type":["Card","Card","Relic","Relic","Card"],"build_version":"2020-12-13","purchased_purges":2,"victory":true,"max_hp_per_floor":[60,60,60,60,60,60,60,60,60,60,60,60,60,60,60,60,60,60,60,60,60,60,60,60,60,60,60,60,60,60,60,60,60,60,60,60,60,60,60,60,60,60,60,70,70,77,77,77,77,77,77,77,77,77,77],"card_choices":[{"not_picked":["Slimebound:Chomp","Slimebound:PressTheAttack"],"picked":"Slimebound:MegaLick","floor":2.0},{"not_picked":["Slimebound:ViciousTackle","Slimebound:AcidTongue"],"picked":"Slimebound:LivingWall","floor":3.0},{"not_picked":["Slimebound:RejuvenatingLick","Slimebound:LeechEnergy"],"picked":"Slimebound:SplitLeeching","floor":6.0},{"not_picked":["Slimebound:Repurpose","Slimebound:DivideAndConquer"],"picked":"Slimebound:SamplingLick","floor":8.0},{"not_picked":["Slimebound:Equalize","Slimebound:SlimeSpikes"],"picked":"Slimebound:DouseInSlime","floor":10.0},{"not_picked":["Slimebound:SplitBruiser","Slimebound:DivideAndConquer"],"picked":"Slimebound:LevelUp","floor":11.0},{"not_picked":["Slimebound:Grow","Slimebound:LeechEnergy"],"picked":"Slimebound:LeechingTouch","floor":13.0},{"not_picked":["Slimebound:PressTheAttack","Slimebound:ServeAndProtect"],"picked":"Slimebound:SplitMire","floor":14.0},{"not_picked":["Slimebound:LeechEnergy","Slimebound:Schlurp"],"picked":"Slimebound:RainOfGoop","floor":15.0},{"not_picked":["Slimebound:SelfFormingGoo","Slimebound:CheckThePlaybook"],"picked":"Slimebound:DuplicatedForm","floor":16.0},{"not_picked":["Slimebound:Equalize+1","Slimebound:Replication","Slimebound:Prepare"],"picked":"SKIP","floor":20.0},{"not_picked":["Slimebound:ViciousTackle","Slimebound:SplitLeeching+1"],"picked":"Slimebound:ServeAndProtect+1","floor":21.0},{"not_picked":["Slimebound:ForwardTackle","Slimebound:Chomp","Slimebound:Schlurp"],"picked":"SKIP","floor":22.0},{"not_picked":["Slimebound:SpikyOuterGoop","Slimebound:SplitMire+1"],"picked":"Slimebound:Nibble","floor":23.0},{"not_picked":["Slimebound:ProtectTheBoss","Slimebound:FirmFortitude"],"picked":"Slimebound:LivingWall","floor":26.0},{"not_picked":["Slimebound:DivideAndConquer","Slimebound:GoopSpray","Slimebound:BestDefense+1"],"picked":"Slimebound:LevelUp","floor":28.0},{"not_picked":["Slimebound:GrowthPunch","Slimebound:FinishingTackle","Slimebound:ServeAndProtect"],"picked":"Slimebound:RollThrough+1","floor":29.0},{"not_picked":["Slimebound:SlimeBarrage+1","Slimebound:SlimeBrawl","Slimebound:GrowthPunch"],"picked":"Slimebound:Prepare+1","floor":30.0},{"not_picked":["Slimebound:ComboTackle","Slimebound:Schlurp","Slimebound:SpikyOuterGoop","Slimebound:SplitAcid+1"],"picked":"SKIP","floor":32.0},{"not_picked":["Slimebound:MinionMaster","Slimebound:Teamwork","Slimebound:OozeBath"],"picked":"Slimebound:LeechLife","floor":33.0},{"not_picked":["Slimebound:SplitMire","Slimebound:ServeAndProtect+1","Slimebound:SpikyOuterGoop","Slimebound:Dissolve+1"],"picked":"SKIP","floor":36.0},{"not_picked":["Slimebound:GrowthPunch+1","Slimebound:ServeAndProtect+1","Slimebound:PressTheAttack","Slimebound:SplitLeeching+1"],"picked":"SKIP","floor":37.0},{"not_picked":["Slimebound:SpikyOuterGoop+1","Slimebound:SlimeSpikes","Slimebound:SlimeBrawl+1"],"picked":"Slimebound:MegaLick+1","floor":39.0},{"not_picked":["Slimebound:SplitAcid","Slimebound:Equalize","Slimebound:RainOfGoop+1","Slimebound:PressTheAttack+1"],"picked":"SKIP","floor":40.0},{"not_picked":["Slimebound:GrowthPunch","Slimebound:RejuvenatingLick","Slimebound:Schlurp+1"],"picked":"Slimebound:ComboTackle+1","floor":42.0},{"not_picked":["Slimebound:GrowthPunch","Slimebound:SamplingLick","Slimebound:ComboTackle+1","Slimebound:GoopSpray+1"],"picked":"SKIP","floor":43.0},{"not_picked":["Slimebound:SlimeSpikes+1","Slimebound:GoopSpray","Slimebound:ServeAndProtect"],"picked":"Slimebound:OneTwoCombo","floor":47.0},{"not_picked":["expansioncontent:Sear","expansioncontent:Chronoboost","expansioncontent:Hexaburn"],"picked":"expansioncontent:ManipulateTime","floor":48.0},{"not_picked":["expansioncontent:Torchfire","expansioncontent:Flail","expansioncontent:Chronoboost"],"picked":"expansioncontent:BronzeBeam","floor":48.0},{"not_picked":["Slimebound:Replication","Slimebound:SplitAcid+1","Slimebound:SplitLeeching+1"],"picked":"Slimebound:HauntingLick+1","floor":49.0},{"not_picked":["Slimebound:SamplingLick+1","Slimebound:SplitMire+1","Slimebound:BestDefense+1"],"picked":"Slimebound:DisruptingSlam+1","floor":52.0}],"player_experience":602432,"relics_obtained":[{"floor":3.0,"key":"Sundial"},{"floor":6.0,"key":"PreservedInsect"},{"floor":7.0,"key":"Centennial Puzzle"},{"floor":8.0,"key":"Akabeko"},{"floor":10.0,"key":"Juzu Bracelet"},{"floor":14.0,"key":"Mercury Hourglass"},{"floor":20.0,"key":"Lantern"},{"floor":23.0,"key":"Slimebound:AggressiveSlimeRelic"},{"floor":24.0,"key":"Orichalcum"},{"floor":26.0,"key":"Question Card"},{"floor":36.0,"key":"Ancient Tea Set"},{"floor":39.0,"key":"Shovel"},{"floor":40.0,"key":"War Paint"},{"floor":44.0,"key":"Pantograph"},{"floor":52.0,"key":"Shuriken"}],"event_choices":[{"damage_healed":0.0,"max_hp_gain":0.0,"max_hp_loss":0.0,"gold_gain":0.0,"event_name":"Lab","player_choice":"Got Potions","floor":5.0,"gold_loss":0.0,"damage_taken":0.0},{"cards_removed":["Slimebound:LevelUp"],"damage_healed":0.0,"max_hp_gain":0.0,"max_hp_loss":0.0,"gold_gain":0.0,"event_name":"Falling","player_choice":"Removed Power","floor":38.0,"gold_loss":0.0,"damage_taken":0.0},{"damage_healed":0.0,"max_hp_gain":0.0,"max_hp_loss":0.0,"gold_gain":0.0,"event_name":"Mysterious Sphere","player_choice":"Fight","floor":39.0,"gold_loss":0.0,"damage_taken":0.0},{"cards_removed":["Slimebound:CorrosiveSpit"],"damage_healed":0.0,"max_hp_gain":0.0,"max_hp_loss":0.0,"gold_gain":0.0,"event_name":"Purifier","player_choice":"Purged","floor":45.0,"gold_loss":0.0,"damage_taken":0.0}],"is_beta":false,"boss_relics":[{"not_picked":["Black Star","Busted Crown"],"picked":"Coffee Dripper"},{"not_picked":["SacredBark","Empty Cage"],"picked":"Sozu"}],"items_purged_floors":[13,46],"is_endless":false,"potions_floor_spawned":[2,3,14,16,23,28,29,32,33,37,39,42,43,52],"ascension_level":1}}