{"host":"fne7yx97fnz7kq05","time":1608438995,"event":{"mods":["BaseMod","Colored Map","Colored Powertips","Highlight Path","Minty Spire (QoL Compilation)","Relic Stats"],"gold_per_floor":[117,134,192,192,209,209,241,241,241,241,274,274,292,326,326,424,424,439,439,155,179,179,179,204,214,239,139,170,189,189,199,199,314,314,330,330,330,347,43,43,43,43],"floor_reached":41,"playtime":2084,"items_purged":["Strike_R","Strike_R"],"score":712,"play_id":"42d3e641-aa56-4886-beb4-410fbed04fe7","local_time":"20201219223635","is_ascension_mode":true,"campfire_choices":[{"data":"Armaments","floor":6,"key":"SMITH"},{"data":"Clothesline","floor":10,"key":"SMITH"},{"data":"Cleave","floor":12,"key":"SMITH"},{"data":"Bash","floor":15,"key":"SMITH"},{"data":"Rampage","floor":23,"key":"SMITH"},{"data":"Limit Break","floor":30,"key":"SMITH"},{"data":"Pommel Strike","floor":32,"key":"SMITH"},{"floor":40,"key":"RECALL"}],"circlet_count":0,"master_deck":["AscendersBane","Strike_R","Strike_R","Defend_R","Defend_R","Defend_R","Defend_R","Bash+1","Clothesline+1","Evolve","Armaments+1","Rampage+1","Cleave+1","Headbutt","Reaper","CurseOfTheBell","Shrug It Off+1","Warcry+1","Impervious+1","Sword Boomerang+1","Twin Strike+1","Limit Break+1","Pommel Strike+1","Feed","Shrug It Off+1"],"relics":["Coffee Dripper","Bag of Preparation","MealTicket","Question Card","Bronze Scales","Calling Bell","Regal Pillow","Shuriken","FossilizedHelix","Red Skull","Toy Ornithopter","Eternal Feather","War Paint","Omamori","Black Star","Pocketwatch"],"acts_visited":["Exordium","TheCity","TheBeyond"],"potions_floor_usage":[7,11,13,16,24,29,33,41],"damage_taken":[{"damage":0,"enemies":"Small Slimes","floor":1,"turns":3},{"damage":0,"enemies":"Jaw Worm","floor":2,"turns":3},{"damage":7,"enemies":"2 Louse","floor":5,"turns":3},{"damage":15,"enemies":"3 Sentries","floor":7,"turns":9},{"damage":2,"enemies":"Lagavulin","floor":11,"turns":7},{"damage":1,"enemies":"Exordium Thugs","floor":13,"turns":3},{"damage":15,"enemies":"3 Sentries","floor":14,"turns":6},{"damage":31,"enemies":"Slime Boss","floor":16,"turns":8},{"damage":17,"enemies":"3 Byrds","floor":18,"turns":3},{"damage":18,"enemies":"Gremlin Leader","floor":24,"turns":7},{"damage":11,"enemies":"Spheric Guardian","floor":25,"turns":4},{"damage":5,"enemies":"Book of Stabbing","floor":28,"turns":5},{"damage":36,"enemies":"3 Cultists","floor":29,"turns":6},{"damage":16,"enemies":"Centurion and Healer","floor":31,"turns":8},{"damage":66,"enemies":"Collector","floor":33,"turns":10},{"damage":7,"enemies":"3 Shapes","floor":35,"turns":7},{"damage":0,"enemies":"Orb Walker","floor":38,"turns":4},{"damage":130,"enemies":"Reptomancer","floor":41,"turns":7}],"seed_played":"-2393967652506571613","potions_obtained":[{"floor":2,"key":"ColorlessPotion"},{"floor":5,"key":"DistilledChaos"},{"floor":7,"key":"Regen Potion"},{"floor":11,"key":"GamblersBrew"},{"floor":18,"key":"AttackPotion"},{"floor":25,"key":"ColorlessPotion"},{"floor":29,"key":"Fire Potion"},{"floor":33,"key":"SteroidPotion"}],"is_trial":false,"path_per_floor":["M","M","?","?","M","R","E","?","T","R","E","R","M","E","R","B",null,"M","?","$","T","?","R","E","M","T","$","E","M","R","M","R","B",null,"M","?","?","M","$","R","E"],"character_chosen":"IRONCLAD","items_purchased":["Red Skull","BloodPotion","Pocketwatch"],"campfire_rested":0,"item_purchase_floors":[20,20,39],"current_hp_per_floor":[72,72,72,72,65,65,50,38,38,38,51,51,50,35,35,4,61,44,44,59,59,59,59,61,50,50,65,60,57,69,65,77,36,69,66,66,66,66,81,84,0,0],"gold":43,"neow_bonus":"BOSS_RELIC","is_daily":false,"chose_seed":false,"campfire_upgraded":7,"win_rate":0.0,"timestamp":1608438995,"path_taken":["M","M","?","?","M","R","E","?","T","R","E","R","?","E","R","BOSS","M","?","?","?","?","R","E","M","T","$","E","M","R","M","R","BOSS","M","?","?","M","$","R","E"],"items_purchased_type":["Relic","Potion","Relic"],"build_version":"2020-12-13","purchased_purges":2,"victory":false,"max_hp_per_floor":[80,80,80,80,80,80,80,80,80,80,80,80,80,80,80,80,80,80,80,80,80,80,80,80,80,80,80,80,80,80,80,80,80,80,84,84,84,84,84,84,84,84],"relic_stats":{"Regal Pillow":0,"counters":[18,103],"Eternal Feather":27,"Bag of Preparation":[28],"War Paint":["Impervious","Warcry"],"Question Card":13,"Shuriken":[25],"Bronze Scales":[196],"MealTicket":45,"Black Star":0,"obtain_stats":[{"Regal Pillow":17,"Eternal Feather":24,"Bag of Preparation":7,"Omamori":28,"War Paint":26,"Question Card":11,"Burning Blood":0,"Calling Bell":17,"Shuriken":17,"Bronze Scales":14,"MealTicket":8,"Coffee Dripper":0,"Black Star":34,"FossilizedHelix":17,"Red Skull":20,"Toy Ornithopter":21,"Pocketwatch":39},{"Regal Pillow":8,"Eternal Feather":10,"Bag of Preparation":4,"Omamori":12,"War Paint":11,"Question Card":5,"Burning Blood":0,"Calling Bell":8,"Shuriken":8,"Bronze Scales":7,"MealTicket":4,"Coffee Dripper":0,"Black Star":15,"FossilizedHelix":8,"Red Skull":9,"Toy Ornithopter":9,"Pocketwatch":17},{"Regal Pillow":42,"Eternal Feather":52,"Bag of Preparation":18,"Omamori":61,"War Paint":56,"Question Card":25,"Burning Blood":0,"Calling Bell":42,"Shuriken":42,"Bronze Scales":34,"MealTicket":18,"Coffee Dripper":0,"Black Star":85,"FossilizedHelix":42,"Red Skull":45,"Toy Ornithopter":45,"Pocketwatch":96}],"Toy Ornithopter":20,"Pocketwatch":[9]},"card_choices":[{"not_picked":["Shrug It Off","Wild Strike"],"picked":"Clothesline","floor":1},{"not_picked":["Warcry","Flex"],"picked":"Evolve","floor":2},{"not_picked":["Warcry","Thunderclap"],"picked":"Armaments","floor":5},{"not_picked":["Thunderclap","Demon Form"],"picked":"Rampage","floor":7},{"not_picked":["Shockwave","Sever Soul"],"picked":"Cleave","floor":11},{"not_picked":["Havoc","Uppercut","Anger","Blood for Blood"],"picked":"SKIP","floor":13},{"not_picked":["Entrench","Offering","Rage"],"picked":"Headbutt","floor":14},{"not_picked":["Limit Break","Juggernaut","Exhume"],"picked":"Reaper","floor":16},{"not_picked":["True Grit","Pummel+1","Cleave"],"picked":"Shrug It Off+1","floor":18},{"not_picked":["Anger","Offering","Warcry"],"picked":"Impervious","floor":24},{"not_picked":["Clash","Flex","Iron Wave"],"picked":"Sword Boomerang+1","floor":25},{"not_picked":["Sword Boomerang","Combust","Body Slam"],"picked":"Twin Strike+1","floor":28},{"not_picked":["Cleave","Pommel Strike","Flex"],"picked":"Limit Break","floor":29},{"not_picked":["Shrug It Off","Thunderclap","Clash+1"],"picked":"Pommel Strike","floor":31},{"not_picked":["Demon Form","Reaper","Impervious"],"picked":"Feed","floor":33},{"not_picked":["Sword Boomerang","Uppercut","Anger"],"picked":"Shrug It Off+1","floor":35},{"not_picked":["Iron Wave","Intimidate+1","Clothesline+1","Wild Strike"],"picked":"SKIP","floor":38}],"player_experience":63191,"relics_obtained":[{"floor":7,"key":"Bag of Preparation"},{"floor":11,"key":"Question Card"},{"floor":14,"key":"Bronze Scales"},{"floor":17,"key":"Regal Pillow"},{"floor":17,"key":"Shuriken"},{"floor":17,"key":"FossilizedHelix"},{"floor":21,"key":"Toy Ornithopter"},{"floor":24,"key":"Eternal Feather"},{"floor":26,"key":"War Paint"},{"floor":28,"key":"Omamori"}],"event_choices":[{"damage_healed":0,"gold_gain":58,"player_choice":"Gained Gold","damage_taken":0,"max_hp_gain":0,"max_hp_loss":0,"event_name":"Golden Wing","floor":3,"gold_loss":0},{"damage_healed":0,"gold_gain":0,"player_choice":"Ignored","damage_taken":0,"max_hp_gain":0,"max_hp_loss":0,"event_name":"Liars Game","floor":4,"gold_loss":0},{"damage_healed":0,"gold_gain":0,"player_choice":"Success","damage_taken":12,"relics_obtained":["MealTicket"],"max_hp_gain":0,"max_hp_loss":0,"event_name":"Scrap Ooze","floor":8,"gold_loss":0},{"damage_healed":0,"gold_gain":0,"cards_transformed":["Strike_R"],"player_choice":"Transformed","damage_taken":0,"max_hp_gain":0,"max_hp_loss":0,"event_name":"Transmorgrifier","floor":19,"gold_loss":0,"cards_obtained":["Warcry"]},{"damage_healed":0,"gold_gain":0,"player_choice":"Ignored","damage_taken":0,"max_hp_gain":0,"max_hp_loss":0,"event_name":"N\u0027loth","floor":22,"gold_loss":0},{"damage_healed":0,"gold_gain":0,"player_choice":"Ignored","damage_taken":0,"max_hp_gain":0,"max_hp_loss":0,"event_name":"Mysterious Sphere","floor":36,"gold_loss":0},{"damage_healed":0,"gold_gain":0,"player_choice":"Ignored","damage_taken":0,"max_hp_gain":0,"max_hp_loss":0,"event_name":"Tomb of Lord Red Mask","floor":37,"gold_loss":0}],"is_beta":false,"boss_relics":[{"not_picked":["SacredBark","Runic Pyramid"],"picked":"Calling Bell"},{"not_picked":["Runic Cube","Mark of Pain"],"picked":"Black Star"}],"items_purged_floors":[20,27],"is_endless":false,"potions_floor_spawned":[2,5,7,11,18,25,29,33,35],"killed_by":"Reptomancer","ascension_level":12}}