{"host":"8h3glbk9j4k4ylc4","time":1608505170,"event":{"mods":["AchievementEnabler","Act Like it!","BaseMod","Colored Map","Colored Powertips","Energized Spire","Gensokyo","Hallownest","Hermit","Hubris","Infinite Spire","Jorbs\u0027s Wanderer Trilogy","Lobotomy","Marisa????????","Minty Spire (QoL Compilation)","Replay The Spire","Somnambulant","StSLib","Td1madao Mod","The Bug Knight","The Judge","The Senshi"],"gold_per_floor":[112,152,0,0,17,44,44,71,71,101,101,26,26,26,26,130,130,130,130,130,130,130,130,130,130,130,130,130,130,130,130,130,130,130,130,130,130,130,130,130,130,130,130,130,130,130,130,130,130,130,130,120,117,42,34,14,14,14,14,14,14,14,7,7,0,0,0,0,0,0,0,0,0,0,0,0,0,0,0,0,0,0,0,0,0,0,0,0,0,0,0,0,0,0,0,0,0,0,0,0,0,0,0,0,0,0,0,0,0,0,0,0,0,0,0,0,0,0,0,0,0],"floor_reached":120,"playtime":5543,"items_purged":["HollowMod:QuickDashStart","HollowMod:NailStrikeStart","HollowMod:QuickDashStart"],"score":2960,"play_id":"7fbcac32-6a2f-4272-80b1-40086e09c6f5","local_time":"20201221005930","is_ascension_mode":true,"campfire_choices":[{"data":"HollowMod:FocusHealStart","floor":7,"key":"SMITH"},{"data":"HollowMod:LifebloodCocoon","floor":11,"key":"SMITH"},{"floor":15,"key":"REST"},{"data":"HollowMod:QuirrelsAssistance","floor":30,"key":"SMITH"},{"data":"ReplayTheSpireMod:Private Reserves","floor":32,"key":"SMITH"},{"data":"HollowMod:MidwifesHunger","floor":41,"key":"SMITH"},{"data":"infinitespire:Starlight","floor":49,"key":"SMITH"},{"data":"HollowMod:PogoStrike","floor":57,"key":"SMITH"},{"data":"HollowMod:NailStrikeStart","floor":61,"key":"SMITH"},{"data":"HollowMod:NailStrikeStart","floor":64,"key":"SMITH"},{"data":"HollowMod:NailStrikeStart","floor":66,"key":"SMITH"},{"floor":75,"key":"REST"},{"floor":83,"key":"REST"},{"data":"HollowMod:NailStrikeStart","floor":93,"key":"SMITH"},{"data":"hubris:Fate","floor":97,"key":"SMITH"},{"data":"HollowMod:NailStrikeStart","floor":100,"key":"SMITH"},{"data":"HollowMod:NailStrikeStart","floor":108,"key":"SMITH"},{"data":"HollowMod:NailStrikeStart","floor":115,"key":"SMITH"},{"data":"HollowMod:NailStrikeStart","floor":117,"key":"SMITH"}],"circlet_count":0,"master_deck":["HollowMod:NailStrikeStart+10","HollowMod:FocusHealStart+1","HollowMod:PogoStrike+1","ReplayTheSpireMod:Private Reserves+1","HollowMod:HowlingWraiths","HollowMod:QuirrelsAssistance+1","HollowMod:DashSlash+1","HollowMod:LifebloodCocoon+1","HollowMod:SlysStrikes+1","HollowMod:SoulShaman+1","HollowMod:ZotesMagnificence+1","HollowMod:MantisMark+1","HollowMod:MidwifesHunger+1","HollowMod:CycloneSlash+1","HollowMod:RecoilStrike+1","HollowMod:PerfectDash+1","infinitespire:Starlight+1","HollowMod:PerfectDash+1","hubris:Fate+1"],"relics":["HollowMod:VesselMask","HollowMod:MillibellesNoteRelic","hubris:EmptyBottle","Replay:Wax Seal","HollowMod:PaleOreRelic","ReplayTheSpireMod:Ninjato","Replay:Mystery Machine","Hallownest:DreamNailRelic","Replay:Grab Bag","Ectoplasm","hubris:RunicObelisk","SacredBark","Astrolabe","Matryoshka","theSenshi:SailorFukuRelic","Ancient Tea Set","hubris:Towel","PreservedInsect","Whetstone","Replay:Rubber Ducky","ReplayTheSpireMod:Ring of Collecting","Vajra","hubris:VirtuousBlindfold","Hallownest:GodTamersBeastRelic","Matryoshka","ReplayTheSpireMod:Ring of Exchange","Sundial","Simple Rune","Oddly Smooth Stone","Anchor","Toy Ornithopter","SlaversCollar","Shuriken","infinitespire:EmpoweringShard","hubris:Metronome","Runic Dome","hubris:BottledRain","Molten Egg 2","Guide Book","Membership Card","White Beast Statue","Replay:Baseball","MealTicket","Empty Cage","Boot","HornCleat","Bag of Marbles","hubris:Icosahedron","hubris:ScarierMask","Iron Hammer","infinitespire:Golems Mask","Meat on the Bone","Ginger","Busted Crown"],"acts_visited":["Hallownest:Greenpath","Hallownest:CityofTears","Hallownest:KingdomsEdge","Exordium","TheCity","TheBeyond","Exordium","TheCity"],"potions_floor_usage":[6,6,10,16,18,37,80,84,84,84,84,84,84,101,101],"damage_taken":[{"damage":2,"enemies":"Hallownest:monsterHuskGuard","floor":1,"turns":3},{"damage":0,"enemies":"Hallownest:2_Tiktiks_and_1_Crawlid","floor":5,"turns":2},{"damage":13,"enemies":"Hallownest:eliteCrystalGuardian","floor":6,"turns":5},{"damage":7,"enemies":"Hallownest:eliteVengeflyKing","floor":8,"turns":6},{"damage":21,"enemies":"Hallownest:eliteCrystalGuardian","floor":10,"turns":5},{"damage":35,"enemies":"Hallownest:BossFalseKnight","floor":16,"turns":13},{"damage":15,"enemies":"Hallownest:3_Youths","floor":18,"turns":4},{"damage":1,"enemies":"Hallownest:Flukemon_and_Top","floor":22,"turns":3},{"damage":0,"enemies":"Hallownest:Nosk","floor":23,"turns":5},{"damage":0,"enemies":"Hallownest:eliteSoulWarrior","floor":27,"turns":4},{"damage":12,"enemies":"Hallownest:3_Mistakes","floor":28,"turns":5},{"damage":0,"enemies":"Hallownest:Nosk","floor":31,"turns":4},{"damage":0,"enemies":"Hallownest:BossSoulMaster","floor":33,"turns":6},{"damage":0,"enemies":"Hallownest:3_Siblings","floor":35,"turns":3},{"damage":0,"enemies":"Hallownest:2_Littles","floor":36,"turns":4},{"damage":2,"enemies":"Hallownest:2_Littles","floor":37,"turns":3},{"damage":4,"enemies":"Hallownest:2_Littles","floor":37,"turns":4},{"damage":25,"enemies":"Hallownest:2_Littles","floor":37,"turns":5},{"damage":0,"enemies":"Hallownest:2_Littles","floor":37,"turns":2},{"damage":0,"enemies":"Hallownest:eliteHiveKnight","floor":40,"turns":4},{"damage":2,"enemies":"Hallownest:Slobbering_and_Violent","floor":42,"turns":4},{"damage":0,"enemies":"Hallownest:Shield_Sturdy","floor":45,"turns":3},{"damage":13,"enemies":"Nightmare","floor":47,"turns":5},{"damage":0,"enemies":"Hallownest:Xero_Hu_Marmu","floor":48,"turns":5},{"damage":10,"enemies":"Hallownest:Radiance","floor":50,"turns":10},{"damage":0,"enemies":"Cultist","floor":52,"turns":2},{"damage":0,"enemies":"2 Louse","floor":53,"turns":1},{"damage":0,"enemies":"Small Slimes","floor":55,"turns":2},{"damage":1,"enemies":"Looter","floor":56,"turns":2},{"damage":0,"enemies":"Exordium Thugs","floor":63,"turns":2},{"damage":2,"enemies":"Gremlin Nob","floor":65,"turns":2},{"damage":12,"enemies":"Slime Boss","floor":67,"turns":3},{"damage":14,"enemies":"HollowMod:HuskSentry","floor":69,"turns":3},{"damage":5,"enemies":"Spheric Guardian","floor":71,"turns":2},{"damage":9,"enemies":"Snake Plant","floor":73,"turns":2},{"damage":16,"enemies":"Gremlin Leader","floor":74,"turns":3},{"damage":11,"enemies":"Shelled Parasite and Fungi","floor":76,"turns":2},{"damage":13,"enemies":"Snecko","floor":78,"turns":3},{"damage":27,"enemies":"Cultist and Chosen","floor":80,"turns":3},{"damage":32,"enemies":"Snake Plant","floor":81,"turns":3},{"damage":67,"enemies":"HollowMod:NKGrimm","floor":84,"turns":5},{"damage":20,"enemies":"3 Darklings","floor":86,"turns":3},{"damage":10,"enemies":"Orb Walker","floor":87,"turns":3},{"damage":21,"enemies":"Transient","floor":88,"turns":5},{"damage":32,"enemies":"Jaw Worm Horde","floor":89,"turns":3},{"damage":11,"enemies":"3 Darklings","floor":90,"turns":2},{"damage":18,"enemies":"Giant Head","floor":91,"turns":4},{"damage":53,"enemies":"Maw","floor":92,"turns":6},{"damage":27,"enemies":"Nemesis","floor":95,"turns":3},{"damage":16,"enemies":"Transient","floor":99,"turns":5},{"damage":9,"enemies":"hubris:GrandSnecko","floor":101,"turns":2},{"damage":6,"enemies":"Cultist","floor":103,"turns":2},{"damage":2,"enemies":"Jaw Worm","floor":105,"turns":1},{"damage":2,"enemies":"2 Louse","floor":107,"turns":1},{"damage":12,"enemies":"Exordium Thugs","floor":109,"turns":2},{"damage":5,"enemies":"Nightmare","floor":110,"turns":5},{"damage":6,"enemies":"Lagavulin","floor":112,"turns":2},{"damage":8,"enemies":"Blue Slaver","floor":113,"turns":2},{"damage":10,"enemies":"Gremlin Gang","floor":116,"turns":2},{"damage":38,"enemies":"HollowMod:FalseKnight","floor":118,"turns":4},{"damage":0,"enemies":"3 Byrds","floor":120,"turns":1}],"seed_played":"7763128757196692935","potions_obtained":[{"floor":1,"key":"Cursed Concoction"},{"floor":2,"key":"Death Potion"},{"floor":5,"key":"Fire Potion"},{"floor":6,"key":"Elixir"},{"floor":23,"key":"PowerPotion"},{"floor":31,"key":"ColorlessPotion"},{"floor":33,"key":"SteroidPotion"},{"floor":80,"key":"AttackPotion"},{"floor":81,"key":"SkillPotion"},{"floor":84,"key":"Adrenaline Potion"},{"floor":86,"key":"Elixir"},{"floor":87,"key":"Strength Potion"},{"floor":91,"key":"PowerPotion"},{"floor":95,"key":"AttackPotion"},{"floor":101,"key":"Block Potion"}],"is_trial":false,"path_per_floor":["M","?","$","?","M","E","R","E","T","E","R","?","?","$","R","B",null,"M","AVR","?","T","M","E","?","?","T","E","M","?","R","E","R","B",null,"M","M","?","?","?","E","R","M","T","T","M","?","NM","M","R","B",null,"M","M","$","M","M","R","?","$","T","R","?","M","R","E","R","B",null,"M","?","M","?","M","E","R","M","T","M","$","M","M","?","R","B",null,"M","M","M","M","M","E","M","R","T","E","?","R","$","M","R","B",null,"M","?","M","?","M","R","M","NM","T","E","M","AVR","R","M","R","B",null,"M"],"character_chosen":"THE_BUGKNIGHT","items_purchased":["hubris:EmptyBottle","Guide Book","Membership Card","White Beast Statue","Replay:Baseball","MealTicket"],"campfire_rested":3,"item_purchase_floors":[3,79,79,79,79,79],"current_hp_per_floor":[75,45,45,35,35,32,32,37,37,26,26,31,31,31,55,32,80,71,71,71,71,76,80,80,80,80,80,78,78,78,80,80,80,80,80,80,68,68,68,78,78,78,78,78,78,59,62,72,72,74,80,80,80,80,80,79,79,79,79,79,79,72,80,80,79,79,72,80,79,79,80,80,77,67,80,75,75,72,16,15,4,4,28,16,80,75,77,77,66,61,64,38,38,38,32,32,32,47,56,56,78,80,77,77,75,75,73,73,73,80,80,78,70,70,70,77,77,54,80,80,80],"gold":0,"neow_bonus":"RANDOM_COLORLESS","is_daily":false,"chose_seed":false,"campfire_upgraded":16,"win_rate":0.0,"timestamp":1608505170,"path_taken":["M","?","$","?","?","E","R","E","T","E","R","?","?","$","R","BOSS","M","AVR","?","?","M","E","?","?","T","E","M","?","R","E","R","BOSS","M","M","?","?","?","E","R","M","T","?","?","?","NM","M","R","BOSS","M","M","?","M","M","R","?","$","T","R","?","?","R","E","R","BOSS","M","?","?","?","M","E","R","M","T","M","?","M","M","?","R","BOSS","M","M","M","M","M","E","M","R","T","E","?","R","$","M","R","BOSS","M","?","M","?","M","R","M","NM","T","E","M","AVR","R","M","R","BOSS","M"],"items_purchased_type":["Relic","Relic","Relic","Relic","Relic","Relic"],"build_version":"2020-12-13","purchased_purges":3,"victory":false,"max_hp_per_floor":[75,75,75,75,75,75,75,75,75,75,75,80,80,80,80,80,80,80,80,80,80,80,80,80,80,80,80,80,80,80,80,80,80,80,80,80,80,80,80,80,80,80,80,80,80,80,80,80,80,80,80,80,80,80,80,80,80,80,80,80,80,80,80,80,80,80,80,80,80,80,80,80,80,80,80,80,80,80,80,80,80,80,80,80,80,80,80,80,80,80,80,80,80,80,80,80,80,80,80,80,80,80,80,80,80,80,80,80,80,80,80,80,80,80,80,80,80,80,80,80,80],"card_choices":[{"not_picked":["ReplayTheSpireMod:Uncanny Aura","Impatience"],"picked":"ReplayTheSpireMod:Private Reserves","floor":0},{"not_picked":["HollowMod:VengefulVoid","HollowMod:HeavyBlow"],"picked":"HollowMod:HowlingWraiths","floor":1},{"not_picked":["HollowMod:DreamGate","HollowMod:SiblingsShadow"],"picked":"HollowMod:QuirrelsAssistance","floor":2},{"not_picked":["HollowMod:MothsMistake","HollowMod:InfectedAttack","HollowMod:HeavyBlow"],"picked":"SKIP","floor":5},{"not_picked":["HollowMod:FastStrike","HollowMod:NewJinnsSoul"],"picked":"HollowMod:DashSlash","floor":6},{"not_picked":["HollowMod:GrimmsGift","HollowMod:NewJinnsSoul"],"picked":"HollowMod:SoulMaster","floor":8},{"not_picked":["HollowMod:InfectedCysts","HollowMod:InfectionAssault"],"picked":"HollowMod:LifebloodCocoon","floor":10},{"not_picked":["HollowMod:PureVessel","HollowMod:ElderbugsWisdom"],"picked":"HollowMod:SlysStrikes","floor":16},{"not_picked":["HollowMod:CornifersMapStart","HollowMod:DescendingDark","HollowMod:SoulStrike"],"picked":"SKIP","floor":18},{"not_picked":["HollowMod:InfectionAssault","HollowMod:GrimmsGift","HollowMod:BaldurShell"],"picked":"SKIP","floor":22},{"not_picked":["HollowMod:InfectedCysts","HollowMod:BrokenVessel","HollowMod:CornifersMapStart"],"picked":"SKIP","floor":23},{"not_picked":["HollowMod:GrimmsGift","HollowMod:NewGlowingWomb+1","HollowMod:InfectedAttack"],"picked":"SKIP","floor":27},{"not_picked":["HollowMod:SharpenedNail","HollowMod:WraithStrike","HollowMod:MantisMark"],"picked":"SKIP","floor":28},{"not_picked":["HollowMod:CornifersMapStart","HollowMod:MonarchWings","HollowMod:CloakDash"],"picked":"SKIP","floor":31},{"not_picked":["HollowMod:HornetsHelp","HollowMod:AwokenDreamNail"],"picked":"HollowMod:MidwifesHunger","floor":33},{"not_picked":["HollowMod:InfectedAttack+1","HollowMod:CornifersMapStart+1","HollowMod:MawleksShell"],"picked":"SKIP","floor":35},{"not_picked":["HollowMod:VengefulVoid","HollowMod:ShadowDash"],"picked":"HollowMod:CycloneSlash+1","floor":36},{"not_picked":["HollowMod:MawleksShell","HollowMod:NewJinnsSoul"],"picked":"HollowMod:RecoilStrike+1","floor":40},{"not_picked":["HollowMod:CloakDash","HollowMod:SiblingsSouls+1","HollowMod:LifebloodCocoon"],"picked":"SKIP","floor":42},{"not_picked":["HollowMod:BaldurShell","HollowMod:WraithStrike+1"],"picked":"HollowMod:PerfectDash+1","floor":45},{"not_picked":["ReplayTheSpireMod:??????????????????????","hubris:Rewind"],"picked":"infinitespire:Starlight","floor":46},{"not_picked":["HollowMod:LifebloodCocoon+1","HollowMod:SiblingsSouls+1"],"picked":"HollowMod:PerfectDash","floor":47},{"not_picked":["HollowMod:HerrahsAnger","HollowMod:ShadowDash","HollowMod:DescendingDark+1"],"picked":"SKIP","floor":48},{"not_picked":["HollowMod:SoulEater","HollowMod:WraithStrike","HollowMod:NewJinnsSoul"],"picked":"SKIP","floor":52},{"not_picked":["HollowMod:CloakDash","HollowMod:SoulShaman","HollowMod:NewJinnsSoul"],"picked":"SKIP","floor":53},{"not_picked":["HollowMod:PureNailStrike","HollowMod:CloakDash","HollowMod:Grubsong"],"picked":"SKIP","floor":55},{"not_picked":["HollowMod:VengefulVoid","HollowMod:AwokenDreamNail","HollowMod:InfectedCysts"],"picked":"SKIP","floor":56},{"not_picked":["HollowMod:SiblingsShadow","HollowMod:CloakDash","HollowMod:QuirrelsAssistance"],"picked":"SKIP","floor":63},{"not_picked":["HollowMod:LifebloodCore","HollowMod:DoubleDash","HollowMod:SoulStrike"],"picked":"SKIP","floor":65},{"not_picked":["HollowMod:InfectedCysts+1","HollowMod:ShadowDash"],"picked":"HollowMod:DungDefenderAura","floor":69},{"not_picked":["HollowMod:SoulShaman+1","HollowMod:SiblingsSouls","HollowMod:ShapeofUnn"],"picked":"SKIP","floor":71},{"not_picked":["HollowMod:ShadowDash","HollowMod:VengefulVoid","HollowMod:HeavyBlow"],"picked":"SKIP","floor":73},{"not_picked":["HollowMod:BlackTendrils+1","HollowMod:InfectedAttack","HollowMod:ChannelNail"],"picked":"SKIP","floor":74},{"not_picked":["HollowMod:ShadowDash","HollowMod:SoulSplash","HollowMod:GreatSlash"],"picked":"SKIP","floor":76},{"not_picked":["HollowMod:CornifersMapStart+1","HollowMod:LuriensSpire","HollowMod:TaintedHusks"],"picked":"SKIP","floor":78},{"not_picked":["HollowMod:InfectedCysts+1","HollowMod:ShadowDash+1","HollowMod:GoodIntentions"],"picked":"SKIP","floor":80},{"not_picked":["HollowMod:WraithStrike+1","HollowMod:SharpenedShadows","HollowMod:LuriensSpire"],"picked":"SKIP","floor":81},{"not_picked":["HollowMod:ChannelNail+1","HollowMod:NewJinnsSoul+1","HollowMod:DashSlash+1"],"picked":"SKIP","floor":86},{"not_picked":["HollowMod:SiblingsSouls","HollowMod:SlysStrikes","HollowMod:SoulEater"],"picked":"SKIP","floor":87},{"not_picked":["HollowMod:RecoilStrike+1","HollowMod:InfectedCysts+1","HollowMod:NewLittleFool+1"],"picked":"SKIP","floor":88},{"not_picked":["HollowMod:SoulMaster","HollowMod:GoodIntentions+1","HollowMod:DesolateDive+1"],"picked":"SKIP","floor":89},{"not_picked":["HollowMod:BaldurShell+1","HollowMod:ShadowDash","HollowMod:GoodIntentions"],"picked":"SKIP","floor":90},{"not_picked":["HollowMod:InfectedAttack+1","HollowMod:HeavyBlow+1","HollowMod:Weaversong"],"picked":"SKIP","floor":91},{"not_picked":["HollowMod:MonomonsArchive","HollowMod:SharpenedNail+1","HollowMod:InfectedAttack+1"],"picked":"SKIP","floor":92},{"not_picked":["infinitespire:FinalStrike","ReplayTheSpireMod:??????????????????????"],"picked":"hubris:Fate","floor":95},{"not_picked":["HollowMod:AbyssShriek+1","HollowMod:SoulShaman+1","HollowMod:FastStrike+1"],"picked":"SKIP","floor":95},{"not_picked":["HollowMod:DungDefenderAura","HollowMod:LifebloodCocoon+1","HollowMod:VengefulVoid+1"],"picked":"SKIP","floor":99},{"not_picked":["HollowMod:DoubleDash","HollowMod:GreatSlash+1","HollowMod:PureNailStrike+1"],"picked":"SKIP","floor":103},{"not_picked":["HollowMod:ShadowDash","HollowMod:InfectedAttack+1","HollowMod:HowlingWraiths+1"],"picked":"SKIP","floor":105},{"not_picked":["HollowMod:SoulVessel","HollowMod:ChannelNail","HollowMod:MidwifesHunger+1"],"picked":"SKIP","floor":107},{"not_picked":["HollowMod:FastStrike+1","HollowMod:MantisMark","HollowMod:NewLittleFool+1"],"picked":"SKIP","floor":109},{"not_picked":["HollowMod:SharpenedShadows","HollowMod:PureNailStrike+1","HollowMod:GoodIntentions"],"picked":"SKIP","floor":110},{"not_picked":["HollowMod:NewLittleFool+1","HollowMod:InfectedCysts+1","HollowMod:MonomonsArchive"],"picked":"SKIP","floor":112},{"not_picked":["HollowMod:DungDefenderAura","HollowMod:SoulShaman","HollowMod:ShadowDash"],"picked":"SKIP","floor":113},{"not_picked":["HollowMod:LuriensSpire","HollowMod:MidwifesHunger+1","HollowMod:BrokenVessel"],"picked":"SKIP","floor":116}],"player_experience":309713,"relics_obtained":[{"floor":2,"key":"HollowMod:MillibellesNoteRelic"},{"floor":6,"key":"Replay:Wax Seal"},{"floor":8,"key":"HollowMod:PaleOreRelic"},{"floor":9,"key":"ReplayTheSpireMod:Ninjato"},{"floor":10,"key":"Replay:Mystery Machine"},{"floor":21,"key":"theSenshi:SailorFukuRelic"},{"floor":23,"key":"Ancient Tea Set"},{"floor":26,"key":"PreservedInsect"},{"floor":26,"key":"Whetstone"},{"floor":27,"key":"Replay:Rubber Ducky"},{"floor":29,"key":"ReplayTheSpireMod:Ring of Collecting"},{"floor":31,"key":"Vajra"},{"floor":40,"key":"Matryoshka"},{"floor":43,"key":"ReplayTheSpireMod:Ring of Exchange"},{"floor":43,"key":"Sundial"},{"floor":43,"key":"Simple Rune"},{"floor":44,"key":"Oddly Smooth Stone"},{"floor":44,"key":"Anchor"},{"floor":47,"key":"Toy Ornithopter"},{"floor":60,"key":"Shuriken"},{"floor":65,"key":"hubris:Metronome"},{"floor":74,"key":"hubris:BottledRain"},{"floor":77,"key":"Molten Egg 2"},{"floor":91,"key":"Boot"},{"floor":94,"key":"HornCleat"},{"floor":95,"key":"Bag of Marbles"},{"floor":110,"key":"Iron Hammer"},{"floor":111,"key":"infinitespire:Golems Mask"},{"floor":112,"key":"Meat on the Bone"}],"event_choices":[{"damage_healed":0,"gold_gain":0,"player_choice":"Success","damage_taken":7,"relics_obtained":["infinitespire:EmpoweringShard"],"max_hp_gain":0,"max_hp_loss":0,"event_name":"Scrap Ooze","floor":62,"gold_loss":0},{"damage_healed":0,"gold_gain":0,"player_choice":"0 cards matched","damage_taken":0,"max_hp_gain":0,"max_hp_loss":0,"event_name":"Match and Keep!","floor":70,"gold_loss":0,"cards_obtained":[]},{"damage_healed":0,"gold_gain":100,"player_choice":"Pray","damage_taken":0,"max_hp_gain":0,"max_hp_loss":0,"event_name":"Golden Shrine","floor":72,"gold_loss":0},{"damage_healed":0,"gold_gain":99,"player_choice":"Stole From Cult","damage_taken":0,"max_hp_gain":0,"max_hp_loss":0,"event_name":"Nest","floor":82,"gold_loss":0},{"cards_removed":["HollowMod:DungDefenderAura"],"damage_healed":0,"gold_gain":0,"player_choice":"Forget","damage_taken":0,"max_hp_gain":0,"max_hp_loss":0,"event_name":"Living Wall","floor":104,"gold_loss":0}],"is_beta":false,"boss_relics":[{"not_picked":["Painkiller Herb","ChewingGum"],"picked":"Replay:Grab Bag"},{"not_picked":["energizedSpire:StickyHand","ReplayTheSpireMod:DimensionalGlitch"],"picked":"Ectoplasm"},{"not_picked":["Philosopher\u0027s Stone","energizedSpire:SpiderWeb"],"picked":"hubris:RunicObelisk"},{"not_picked":["hubris:Stopwatch","ReplayTheSpireMod:SealedPack"],"picked":"SacredBark"},{"not_picked":["Kintsugi","hubris:Backtick"],"picked":"Astrolabe"},{"not_picked":["HollowMod:VoidIdolRelic","ReplayTheSpireMod:Onyx Gauntlets"],"picked":"hubris:VirtuousBlindfold"},{"not_picked":["Black Star","ReplayTheSpireMod:ShopPack"],"picked":"SlaversCollar"},{"not_picked":["ReplayTheSpireMod:DimensionalGlitch","Replay:Bronze Core"],"picked":"Runic Dome"},{"not_picked":["energizedSpire:OgreHead","ReplayTheSpireMod:SealedPack"],"picked":"Empty Cage"},{"not_picked":["Pandora\u0027s Box","Runic Pyramid"],"picked":"hubris:ScarierMask"},{"not_picked":["energizedSpire:MagnifyingGlass","hubris:TerracottaHorce"],"picked":"Busted Crown"}],"items_purged_floors":[19,54,114],"is_endless":true,"potions_floor_spawned":[1,5,6,23,31,33,35,37,37,45,47,55,63,69,74,76,80,81,84,86,87,88,89,90,91,92,95,99,101,103,105,107,109,110,112,113,116,118],"killed_by":"3 Byrds","ascension_level":1}}