{"host":"f5gffvlv6a66yqkd","time":1608455292,"event":{"mods":["2.2 Compatiblity","BaseMod","Colored Map","DeckTracker","Keyboard Shortcuts","Minty Spire (QoL Compilation)","Permanent Neow","Quick Restart","Relic Stats","StSLib","SuperFastMode"],"gold_per_floor":[13,13,37,37,2,2,25,25,25,38,38,58,58,71,71,162,162,181,204,204,204],"floor_reached":20,"playtime":436,"items_purged":[],"score":332,"play_id":"2ca49411-64ce-48d3-8a6c-108b60edb9b5","local_time":"20201220180812","is_ascension_mode":true,"campfire_choices":[{"data":"Zap","floor":6.0,"key":"SMITH"},{"data":"Darkness","floor":8.0,"key":"SMITH"},{"floor":15.0,"key":"REST"}],"circlet_count":0,"master_deck":["AscendersBane","Strike_B","Defend_B","Defend_B","Defend_B","Zap+1","Dualcast","Compile Driver","Conserve Battery","Darkness+1","Coolheaded","Rebound","Barrage","Multi-Cast","Turbo","Redo"],"relics":["Cracked Core","Golden Idol","Question Card","Shovel","Sozu"],"acts_visited":["Exordium","TheCity"],"potions_floor_usage":[16,18],"damage_taken":[{"damage":2.0,"enemies":"2 Louse","floor":1.0,"turns":2.0},{"damage":10.0,"enemies":"Small Slimes","floor":3.0,"turns":3.0},{"damage":2.0,"enemies":"Jaw Worm","floor":7.0,"turns":3.0},{"damage":4.0,"enemies":"Blue Slaver","floor":10.0,"turns":3.0},{"damage":7.0,"enemies":"Exordium Wildlife","floor":12.0,"turns":3.0},{"damage":4.0,"enemies":"Large Slime","floor":14.0,"turns":4.0},{"damage":28,"enemies":"Slime Boss","floor":16,"turns":5},{"damage":23,"enemies":"Shell Parasite","floor":18,"turns":4},{"damage":11,"enemies":"3 Byrds","floor":19,"turns":6},{"damage":8,"enemies":"Centurion and Healer","floor":20,"turns":2}],"seed_played":"-3883792545056907295","potions_obtained":[{"floor":10.0,"key":"Explosive Potion"},{"floor":12.0,"key":"Strength Potion"},{"floor":14.0,"key":"SkillPotion"}],"is_trial":false,"path_per_floor":["M","?","M","?","?","R","M","R","T","M","?","M","?","M","R","B",null,"M","M","M"],"character_chosen":"DEFECT","items_purchased":[],"campfire_rested":1,"item_purchase_floors":[],"current_hp_per_floor":[62,38,28,28,45,45,43,43,43,39,34,27,20,16,37,9,56,33,22,14,14],"gold":204,"neow_bonus":"REMOVE_TWO","is_daily":false,"chose_seed":false,"campfire_upgraded":2,"win_rate":0.0,"timestamp":1608455292,"path_taken":["M","?","M","?","?","R","M","R","T","M","?","M","?","M","R","BOSS","M","M","M"],"items_purchased_type":[],"build_version":"2020-12-13","purchased_purges":0,"victory":false,"max_hp_per_floor":[71,71,71,71,71,71,71,71,71,71,71,71,71,71,71,71,71,71,71,71,71],"relic_stats":{"Sozu":1,"Shovel":0,"counters":[10,35],"Golden Idol":51,"Question Card":7,"obtain_stats":[{"Sozu":17,"Shovel":11,"Golden Idol":2,"Cracked Core":0,"Question Card":9},{"Sozu":7,"Shovel":4,"Golden Idol":1,"Cracked Core":0,"Question Card":3},{"Sozu":23,"Shovel":11,"Golden Idol":2,"Cracked Core":0,"Question Card":8}]},"card_choices":[{"not_picked":["Stack","Hologram"],"picked":"Compile Driver","floor":1.0},{"not_picked":["Compile Driver","Loop","Hologram"],"picked":"SKIP","floor":3.0},{"not_picked":["Streamline","Compile Driver"],"picked":"Darkness","floor":7.0},{"not_picked":["Genetic Algorithm","Loop","Stack"],"picked":"Coolheaded","floor":10.0},{"not_picked":["Undo","Turbo","Cold Snap"],"picked":"Rebound","floor":12.0},{"not_picked":["Compile Driver","Amplify","Streamline"],"picked":"Barrage","floor":14.0},{"not_picked":["Biased Cognition","All For One","Buffer"],"picked":"Multi-Cast","floor":16},{"not_picked":["Scrape","Ball Lightning","Steam"],"picked":"Turbo","floor":18},{"not_picked":["Stack+1","White Noise","Hologram+1"],"picked":"Redo","floor":19}],"player_experience":1476261,"relics_obtained":[{"floor":9.0,"key":"Question Card"}],"event_choices":[{"damage_healed":0.0,"max_hp_gain":0.0,"max_hp_loss":0.0,"gold_gain":0.0,"event_name":"Golden Idol","player_choice":"Take Damage","floor":2.0,"gold_loss":0.0,"damage_taken":24.0,"relics_obtained":["Golden Idol"]},{"damage_healed":0.0,"max_hp_gain":0.0,"max_hp_loss":0.0,"gold_gain":0.0,"cards_transformed":["Strike_B"],"event_name":"Living Wall","player_choice":"Change","floor":4.0,"gold_loss":0.0,"damage_taken":0.0,"cards_obtained":["Conserve Battery"]},{"damage_healed":17.0,"max_hp_gain":0.0,"max_hp_loss":0.0,"gold_gain":0.0,"event_name":"The Cleric","player_choice":"Healed","floor":5.0,"gold_loss":35.0,"damage_taken":0.0},{"damage_healed":0.0,"max_hp_gain":0.0,"max_hp_loss":0.0,"gold_gain":0.0,"event_name":"Scrap Ooze","player_choice":"Success","floor":11.0,"gold_loss":0.0,"damage_taken":5.0,"relics_obtained":["Shovel"]},{"cards_removed":["Strike_B"],"damage_healed":0.0,"max_hp_gain":0.0,"max_hp_loss":0.0,"gold_gain":0.0,"event_name":"Golden Wing","player_choice":"Card Removal","floor":13.0,"gold_loss":0.0,"damage_taken":7.0}],"is_beta":false,"boss_relics":[{"not_picked":["Velvet Choker","Philosopher\u0027s Stone"],"picked":"Sozu"}],"items_purged_floors":[],"is_endless":false,"potions_floor_spawned":[10,12,14,19],"killed_by":"Centurion and Healer","ascension_level":20}}