{"host":"newqdrzxfhh2im9e","time":1608488128,"event":{"mods":["AchievementEnabler","BaseMod","BetterRewards","Block Reminder","Colored Map","Jorbs\u0027s Wanderer Trilogy","Minty Spire (QoL Compilation)","Rare Cards Sparkle","Shop Mod","StSLib"],"gold_per_floor":[11,21,34,34,45,45,59,70,70,70,125,8,26,26,26,124,124,135,155,32,32,49,49,74,74,74],"floor_reached":25,"playtime":798,"items_purged":[],"score":226,"play_id":"bf4d9cb9-7c54-4a5d-b1f2-050b57c56654","local_time":"20201220101528","is_ascension_mode":true,"campfire_choices":[{"data":"Apotheosis","floor":6,"key":"SMITH"},{"data":"Fission","floor":10,"key":"SMITH"},{"data":"Panacea","floor":15,"key":"SMITH"},{"data":"Creative AI","floor":23,"key":"SMITH"}],"circlet_count":0,"master_deck":["Strike_B","Strike_B","Strike_B","Strike_B","Defend_B","Defend_B","Defend_B","Defend_B","Zap","Dualcast","Apotheosis+1","Streamline","Auto Shields","Genetic Algorithm","Fission+1","Double Energy","Sunder","Panacea+1","Auto Shields","Creative AI+1","Melter","Capacitor","Purity","Darkness+1"],"relics":["Cracked Core","Meat on the Bone","Busted Crown","MutagenicStrength","Letter Opener"],"acts_visited":["Exordium","TheCity"],"potions_floor_usage":[7,16,19],"damage_taken":[{"damage":0,"enemies":"Cultist","floor":1,"turns":3},{"damage":6,"enemies":"Jaw Worm","floor":2,"turns":3},{"damage":7,"enemies":"Small Slimes","floor":3,"turns":2},{"damage":4,"enemies":"Blue Slaver","floor":5,"turns":3},{"damage":0,"enemies":"Large Slime","floor":7,"turns":4},{"damage":13,"enemies":"Red Slaver","floor":8,"turns":3},{"damage":1,"enemies":"Exordium Wildlife","floor":13,"turns":4},{"damage":9,"enemies":"The Guardian","floor":16,"turns":9},{"damage":3,"enemies":"Shell Parasite","floor":18,"turns":5},{"damage":10,"enemies":"3 Byrds","floor":19,"turns":7},{"damage":0,"enemies":"Snecko","floor":22,"turns":7},{"damage":57,"enemies":"Slavers","floor":24,"turns":6},{"damage":18,"enemies":"3 Cultists","floor":25,"turns":3}],"seed_played":"3863486174076649175","potions_obtained":[{"floor":2,"key":"AttackPotion"},{"floor":13,"key":"Block Potion"},{"floor":18,"key":"SkillPotion"}],"is_trial":false,"path_per_floor":["M","M","M","?","M","R","M","M","T","R","?","$","M","?","R","B",null,"M","M","$","?","M","R","E","M"],"character_chosen":"DEFECT","items_purchased":["Sunder","Panacea","Capacitor","Purity"],"campfire_rested":0,"item_purchase_floors":[12,12,20,20],"current_hp_per_floor":[75,69,62,62,58,58,58,45,45,45,45,45,44,75,75,66,75,72,62,62,62,62,62,17,0,0],"gold":74,"neow_bonus":"RANDOM_COLORLESS_2","is_daily":false,"chose_seed":false,"campfire_upgraded":4,"win_rate":0.0,"timestamp":1608488128,"path_taken":["M","M","M","?","M","R","M","?","T","R","?","?","M","?","R","BOSS","M","M","$","?","M","R","E","M"],"items_purchased_type":["Card","Card","Card","Card"],"build_version":"2020-12-13","purchased_purges":0,"victory":false,"max_hp_per_floor":[75,75,75,75,75,75,75,75,75,75,75,75,75,75,75,75,75,75,75,75,75,75,75,75,75,75],"card_choices":[{"not_picked":["Sadistic Nature","Secret Weapon"],"picked":"Apotheosis","floor":0},{"not_picked":["Redo","Cold Snap"],"picked":"Streamline","floor":1},{"not_picked":["Gash","Go for the Eyes","Coolheaded"],"picked":"SKIP","floor":2},{"not_picked":["Stack","Steam"],"picked":"Auto Shields","floor":3},{"not_picked":["Coolheaded","Steam"],"picked":"Genetic Algorithm","floor":5},{"not_picked":["Streamline","Redo"],"picked":"Fission","floor":7},{"not_picked":["Go for the Eyes","Force Field"],"picked":"Double Energy","floor":8},{"not_picked":["Beam Cell","Steam"],"picked":"Auto Shields","floor":13},{"not_picked":["Seek","Amplify"],"picked":"Creative AI","floor":16},{"not_picked":[],"picked":"Melter","floor":18},{"not_picked":["Coolheaded"],"picked":"SKIP","floor":19},{"not_picked":[],"picked":"Darkness+1","floor":22},{"not_picked":["Ball Lightning+1"],"picked":"SKIP","floor":24}],"player_experience":622364,"relics_obtained":[{"floor":9,"key":"Meat on the Bone"},{"floor":24,"key":"Letter Opener"}],"event_choices":[{"damage_healed":0,"gold_gain":0,"player_choice":"Ignored","damage_taken":0,"max_hp_gain":0,"max_hp_loss":0,"event_name":"Purifier","floor":4,"gold_loss":0},{"damage_healed":0,"gold_gain":55,"player_choice":"Gained Gold","damage_taken":0,"max_hp_gain":0,"max_hp_loss":0,"event_name":"Golden Wing","floor":11,"gold_loss":0},{"damage_healed":31,"gold_gain":0,"player_choice":"Full Heal","damage_taken":0,"max_hp_gain":0,"max_hp_loss":0,"event_name":"Wheel of Change","floor":14,"gold_loss":0},{"damage_healed":0,"gold_gain":0,"player_choice":"Inject Mutagens","damage_taken":0,"relics_obtained":["MutagenicStrength"],"max_hp_gain":0,"max_hp_loss":0,"event_name":"Drug Dealer","floor":21,"gold_loss":0}],"is_beta":false,"boss_relics":[{"not_picked":["Fusion Hammer","Ectoplasm"],"picked":"Busted Crown"}],"items_purged_floors":[],"is_endless":false,"potions_floor_spawned":[2,13,18],"killed_by":"3 Cultists","ascension_level":1}}