{"host":"gk5m6v7zec9neb0j","time":1608424935,"event":{"mods":["AchievementEnabler","AlwaysNeverKeys","BaseMod","BetterRewards","Block Reminder","Minty Spire (QoL Compilation)","Rare Cards Sparkle","Relic Stats","StSLib"],"gold_per_floor":[114,129,129,129,148,148,17,17,42,42,61,80,80,99,99,99,99],"floor_reached":16,"playtime":397,"items_purged":[],"score":117,"play_id":"dc6415de-bd2f-4c22-87fd-c37973bca543","local_time":"20201219194215","daily_mods":["Specialized","Flight","Terminal"],"is_ascension_mode":false,"campfire_choices":[{"data":"Outmaneuver","floor":6,"key":"SMITH"},{"data":"Infinite Blades","floor":8,"key":"SMITH"},{"data":"Setup","floor":10,"key":"SMITH"},{"floor":13,"key":"REST"},{"data":"Cloak And Dagger","floor":15,"key":"SMITH"}],"circlet_count":0,"master_deck":["Strike_G","Strike_G","Strike_G","Strike_G","Strike_G","Defend_G","Defend_G","Defend_G","Defend_G","Defend_G","Survivor","Neutralize","Choke","Choke","Choke","Choke","Choke","Setup+1","Dodge and Roll","Outmaneuver+1","Infinite Blades+1","Cloak And Dagger+1","Backflip","Deflect"],"relics":["Ring of the Snake","Golden Idol","Ancient Tea Set","Potion Belt"],"acts_visited":["Exordium"],"potions_floor_usage":[16,16],"damage_taken":[{"damage":0,"enemies":"Small Slimes","floor":1,"turns":3},{"damage":1,"enemies":"2 Louse","floor":2,"turns":2},{"damage":0,"enemies":"Jaw Worm","floor":5,"turns":4},{"damage":3,"enemies":"Gremlin Gang","floor":11,"turns":4},{"damage":1,"enemies":"Large Slime","floor":12,"turns":5},{"damage":6,"enemies":"Lots of Slimes","floor":14,"turns":3},{"damage":44,"enemies":"The Guardian","floor":16,"turns":11}],"seed_played":"4005297234989847306","potions_obtained":[{"floor":1,"key":"Energy Potion"},{"floor":5,"key":"BlessingOfTheForge"}],"is_trial":false,"path_per_floor":["M","M","?","?","M","R","$","R","T","R","M","M","R","M","R","B"],"character_chosen":"THE_SILENT","items_purchased":["Infinite Blades","Cloak And Dagger","Backflip"],"campfire_rested":1,"item_purchase_floors":[7,7,7],"current_hp_per_floor":[68,67,51,39,39,39,39,39,39,39,36,35,52,46,46,2,2],"gold":99,"neow_bonus":"","is_daily":true,"chose_seed":false,"campfire_upgraded":4,"win_rate":0.0,"timestamp":1608424935,"path_taken":["M","M","?","?","?","R","$","R","T","R","M","M","R","?","R","BOSS"],"items_purchased_type":["Card","Card","Card"],"build_version":"2020-12-13","purchased_purges":0,"victory":false,"max_hp_per_floor":[68,67,66,65,64,63,62,61,60,59,58,57,56,55,54,54,54],"relic_stats":{"counters":[7,32],"Golden Idol":16,"obtain_stats":[{"Potion Belt":9,"Golden Idol":3,"Ancient Tea Set":4,"Ring of the Snake":0},{"Potion Belt":3,"Golden Idol":2,"Ancient Tea Set":2,"Ring of the Snake":0},{"Potion Belt":9,"Golden Idol":5,"Ancient Tea Set":5,"Ring of the Snake":0}],"Ring of the Snake":[14]},"card_choices":[{"not_picked":["Finisher","Dodge and Roll"],"picked":"Setup","floor":1},{"not_picked":["Expertise","Concentrate"],"picked":"Dodge and Roll","floor":2},{"not_picked":["Bane","Sucker Punch"],"picked":"Outmaneuver","floor":5},{"not_picked":["PiercingWail","Flying Knee"],"picked":"Deflect","floor":11},{"not_picked":["Dagger Throw","Well Laid Plans","Bane"],"picked":"SKIP","floor":12},{"not_picked":["PiercingWail","Dagger Spray","Blur"],"picked":"SKIP","floor":14}],"player_experience":704356,"relics_obtained":[{"floor":9,"key":"Potion Belt"}],"event_choices":[{"damage_healed":0,"gold_gain":0,"player_choice":"Take Damage","damage_taken":16,"relics_obtained":["Golden Idol"],"max_hp_gain":0,"max_hp_loss":0,"event_name":"Golden Idol","floor":3,"gold_loss":0},{"damage_healed":0,"gold_gain":0,"player_choice":"Success","damage_taken":12,"relics_obtained":["Ancient Tea Set"],"max_hp_gain":0,"max_hp_loss":0,"event_name":"Scrap Ooze","floor":4,"gold_loss":0}],"is_beta":false,"boss_relics":[],"items_purged_floors":[],"is_endless":false,"potions_floor_spawned":[1,5],"killed_by":"The Guardian","ascension_level":0}}