{"host":"627up2rvtmm0cf0r","time":1608476312,"event":{"mods":["ATMod(阿瑾Mod)","Act Like it!","BaseMod","CapriCore","Card Filter","Card Forge","DeckTracker","Dota2Spire","Friendly Minions","Highlight Path","Mari Mod (Legacy)","Mari\u0027s V1 Patch","Minty Spire (QoL Compilation)","MostiFishMod","Permanent Neow","Quick Restart","Relic Stats","Robot Space Explorer","Shop Mod","Spicy Shops","StSLib","SuperFastMode","TestMod","The Alterego","[地精首领爬塔]The Maniac","【遗物卡牌】REMEMod","篝火指南"],"gold_per_floor":[113,113,133,58,58,58,76,111,111,129,149,159,159,109,109,213,263,275,275,275,14,26,56,75,75,143,143,171,182,8,8,8,106,106,125,23,36,49,62,62,95,13,82,59,85,85,30,30,30,30],"floor_reached":51,"playtime":1268,"items_purged":["Strike_R","Defend_R","Defend_R","Pain","Defend_R"],"score":1093,"play_id":"3cb0c6a8-69cc-4269-94ff-0efe0dbfae60","local_time":"20201220225832","is_ascension_mode":false,"campfire_choices":[{"data":"REME_EmptyShield","floor":6,"key":"SMITH"},{"data":"Thunderclap","floor":15,"key":"SMITH"},{"data":"MostiFishMod:RacingGame","floor":27,"key":"SMITH"},{"data":"Bash","floor":32,"key":"SMITH"},{"floor":49,"key":"REST"}],"circlet_count":0,"master_deck":["Strike_R+1","Strike_R+1","Bash+1","AT_FamilyPortrait+1","REME_EmptyShield+1","Thunderclap+1","MostiFishMod:RacingGame+1"],"relics":["Burning Blood","Hammer of Thor","Seething Fire","Anvil of the Gods","testmod-TestBox","REME_ComplimentaryCards","AT_ATBox","testmod-Fanaticism","BionicSphere","Question Card","testmod-ObsoleteBoomerang","Torii","ImportantClient","MutagenicStrength","Membership Card","AT_EbonyIvory","Mummified Hand","testmod-AssaultLearning","MerchantsRug","SynthV","WarpedTongs","HaiYi:Twilight","testmod-HeartOfStrike","AT_GuinsooRageblade","testmod-TurbochargingSystem","Ginger","Dota2Spire:BattleFury"],"acts_visited":["Exordium","TheCity","TheBeyond"],"potions_floor_usage":[],"damage_taken":[{"damage":0,"enemies":"2 Louse","floor":1,"turns":2},{"damage":0,"enemies":"Cultist","floor":3,"turns":2},{"damage":0,"enemies":"Small Slimes","floor":7,"turns":2},{"damage":0,"enemies":"3 Sentries","floor":8,"turns":4},{"damage":0,"enemies":"3 Louse","floor":10,"turns":2},{"damage":0,"enemies":"Looter","floor":11,"turns":2},{"damage":0,"enemies":"Blue Slaver","floor":12,"turns":2},{"damage":14,"enemies":"The Guardian","floor":16,"turns":4},{"damage":0,"enemies":"Chosen","floor":18,"turns":2},{"damage":0,"enemies":"Spheric Guardian","floor":22,"turns":2},{"damage":10,"enemies":"Gremlin Leader","floor":23,"turns":2},{"damage":0,"enemies":"Snecko","floor":24,"turns":2},{"damage":11,"enemies":"Slavers","floor":28,"turns":2},{"damage":8,"enemies":"Snake Plant","floor":29,"turns":2},{"damage":13,"enemies":"Champ","floor":33,"turns":1},{"damage":22,"enemies":"3 Shapes","floor":35,"turns":2},{"damage":7,"enemies":"3 Darklings","floor":37,"turns":3},{"damage":3,"enemies":"Jaw Worm Horde","floor":38,"turns":2},{"damage":3,"enemies":"4 Shapes","floor":39,"turns":2},{"damage":3,"enemies":"Giant Head","floor":41,"turns":2},{"damage":0,"enemies":"Reptomancer","floor":45,"turns":1},{"damage":17,"enemies":"Awakened One","floor":50,"turns":3}],"seed_played":"-5058432794582147626","potions_obtained":[{"floor":2,"key":"LiquidBronze"},{"floor":2,"key":"testmod-TestPotion"},{"floor":2,"key":"ColorlessPotion"},{"floor":22,"key":"LiquidBronze"},{"floor":24,"key":"AttackPotion"}],"is_trial":false,"path_per_floor":["M","?","M","$","?","R","M","E","T","M","M","M","?","?","R","B",null,"M","?","?","$","M","E","M","?","T","R","E","M","$","?","R","B",null,"M","$","M","M","M","R","E","$","T","R","E","?","R","?","R","B",null],"character_chosen":"IRONCLAD","items_purchased":["Membership Card","Potion Belt","AT_EbonyIvory","REME_OnlineShoppingPlatform","MerchantsRug","SynthV","testmod-HeartOfStrike","AT_GuinsooRageblade","Ginger","Dota2Spire:BattleFury"],"campfire_rested":1,"item_purchase_floors":[21,21,21,30,30,30,36,36,44,47],"current_hp_per_floor":[80,80,80,80,80,80,80,80,80,80,80,80,80,80,80,75,85,85,85,85,85,85,85,85,85,85,85,84,85,85,85,85,87,87,83,83,84,87,87,87,87,87,87,87,87,87,87,87,87,87],"gold":30,"neow_bonus":"","is_daily":false,"chose_seed":false,"campfire_upgraded":4,"win_rate":0.0,"timestamp":1608476312,"path_taken":["M","?","?","$","?","R","?","E","T","M","M","M","?","?","R","BOSS","M","?","?","?","M","E","M","?","T","R","E","M","$","?","R","BOSS","M","?","M","M","M","R","E","?","T","R","E","?","R","?","R","BOSS"],"items_purchased_type":["Relic","Relic","Relic","Relic","Relic","Relic","Relic","Relic","Relic","Relic"],"build_version":"2020-12-13","purchased_purges":5,"victory":true,"max_hp_per_floor":[80,80,80,80,80,80,80,80,80,80,80,80,80,80,80,80,85,85,85,85,85,85,85,85,85,85,85,85,85,85,85,85,87,87,87,87,87,87,87,87,87,87,87,87,87,87,87,87,87,87],"relic_stats":{"Torii":0,"counters":[22,48],"Mummified Hand":[9],"Ginger":[0],"Question Card":21,"obtain_stats":[{"testmod-HeartOfStrike":36,"AT_ATBox":0,"Tiny House":17,"DaveBox":0,"Torii":9,"SynthV":30,"Hammer of Thor":0,"Juzu Bracelet":13,"Ginger":44,"Burning Blood":0,"testmod-Fanaticism":0,"Dream Catcher":23,"Mummified Hand":26,"testmod-ObsoleteBoomerang":8,"REME_OnlineShoppingPlatform":30,"AT_GuinsooRageblade":36,"InkBottle":43,"ImportantClient":16,"Potion Belt":21,"MerchantsRug":30,"testmod-TestBox":0,"Oddly Smooth Stone":45,"AT_EbonyIvory":21,"Dota2Spire:BattleFury":47,"Seething Fire":0,"testmod-TurbochargingSystem":41,"Question Card":1,"WarpedTongs":31,"HaiYi:Twilight":34,"Anvil of the Gods":0,"BionicSphere":0,"MutagenicStrength":19,"testmod-AssaultLearning":28,"Membership Card":21,"REME_ComplimentaryCards":0},{"testmod-HeartOfStrike":16,"AT_ATBox":0,"Tiny House":8,"DaveBox":0,"Torii":4,"SynthV":14,"Hammer of Thor":0,"Juzu Bracelet":7,"Ginger":20,"Burning Blood":0,"testmod-Fanaticism":0,"Dream Catcher":11,"Mummified Hand":12,"testmod-ObsoleteBoomerang":4,"REME_OnlineShoppingPlatform":14,"AT_GuinsooRageblade":16,"InkBottle":20,"ImportantClient":8,"Potion Belt":9,"MerchantsRug":14,"testmod-TestBox":0,"Oddly Smooth Stone":21,"AT_EbonyIvory":9,"Dota2Spire:BattleFury":21,"Seething Fire":0,"testmod-TurbochargingSystem":20,"Question Card":1,"WarpedTongs":14,"HaiYi:Twilight":15,"Anvil of the Gods":0,"BionicSphere":0,"MutagenicStrength":9,"testmod-AssaultLearning":13,"Membership Card":9,"REME_ComplimentaryCards":0},{"testmod-HeartOfStrike":35,"AT_ATBox":0,"Tiny House":20,"DaveBox":0,"Torii":10,"SynthV":32,"Hammer of Thor":0,"Juzu Bracelet":16,"Ginger":44,"Burning Blood":0,"testmod-Fanaticism":0,"Dream Catcher":26,"Mummified Hand":28,"testmod-ObsoleteBoomerang":10,"REME_OnlineShoppingPlatform":32,"AT_GuinsooRageblade":35,"InkBottle":44,"ImportantClient":20,"Potion Belt":22,"MerchantsRug":32,"testmod-TestBox":0,"Oddly Smooth Stone":45,"AT_EbonyIvory":22,"Dota2Spire:BattleFury":45,"Seething Fire":0,"testmod-TurbochargingSystem":44,"Question Card":2,"WarpedTongs":32,"HaiYi:Twilight":33,"Anvil of the Gods":0,"BionicSphere":0,"MutagenicStrength":22,"testmod-AssaultLearning":30,"Membership Card":22,"REME_ComplimentaryCards":0}],"Burning Blood":37,"WarpedTongs":[6]},"card_choices":[{"not_picked":["Clothesline","Second Wind"],"picked":"Thunderclap","floor":1},{"not_picked":["Intimidate","Iron Wave","Headbutt","True Grit"],"picked":"SKIP","floor":3},{"not_picked":["AT_DrawKnifeCut","Dark Embrace","Flame Barrier","Headbutt"],"picked":"SKIP","floor":7},{"not_picked":["MostiFishMod:404NotFound","Metallicize","Clothesline","Flex"],"picked":"SKIP","floor":8},{"not_picked":["Perfected Strike","Clash","Anger","Warcry"],"picked":"SKIP","floor":10},{"not_picked":["Body Slam","Hemokinesis","Sever Soul","Seeing Red"],"picked":"SKIP","floor":11},{"not_picked":["Intimidate","Combust","Warcry","Reckless Charge"],"picked":"SKIP","floor":12},{"not_picked":["MostiFishMod:CullingBlade","MostiFishMod:OrdinaryWorld","Fiend Fire"],"picked":"MostiFishMod:RacingGame","floor":16},{"not_picked":["Entrench","Iron Wave","Rupture","Anger+1"],"picked":"SKIP","floor":18},{"not_picked":["Fire Breathing+1","Corruption","Headbutt","Sword Boomerang"],"picked":"SKIP","floor":22},{"not_picked":["Seeing Red+1","Berserk","Carnage","Sever Soul"],"picked":"SKIP","floor":23},{"not_picked":["AT_DrawKnifeCut","AT_BodySlamDance","Pommel Strike","True Grit"],"picked":"SKIP","floor":24},{"not_picked":["Searing Blow","Entrench","Perfected Strike+1","Bludgeon"],"picked":"SKIP","floor":28},{"not_picked":["Sever Soul","Clothesline","Infernal Blade","Flex"],"picked":"SKIP","floor":29},{"not_picked":["Armaments","Rage+1","Pommel Strike","Flex+1"],"picked":"SKIP","floor":35},{"not_picked":["Entrench+1","Clash+1","Flame Barrier","Iron Wave"],"picked":"SKIP","floor":37},{"not_picked":["True Grit","Cleave+1","MostiFishMod:WingOfPhoenix","Iron Wave+1"],"picked":"SKIP","floor":38},{"not_picked":["Pommel Strike","AT_IchimonjiDouble+1","Armaments+1","Iron Wave"],"picked":"SKIP","floor":39},{"not_picked":["Iron Wave","Flex+1","Searing Blow","Twin Strike"],"picked":"SKIP","floor":41},{"not_picked":["MostiFishMod:#F4004","Perfected Strike+1","Rampage","MostiFishMod:FlyOverUtopia"],"picked":"SKIP","floor":45}],"player_experience":11163,"relics_obtained":[{"floor":1,"key":"Question Card"},{"floor":8,"key":"testmod-ObsoleteBoomerang"},{"floor":9,"key":"Torii"},{"floor":16,"key":"ImportantClient"},{"floor":23,"key":"Dream Catcher"},{"floor":26,"key":"Mummified Hand"},{"floor":28,"key":"testmod-AssaultLearning"},{"floor":41,"key":"testmod-TurbochargingSystem"},{"floor":43,"key":"InkBottle"},{"floor":45,"key":"Oddly Smooth Stone"}],"event_choices":[{"damage_healed":0,"gold_gain":0,"player_choice":"Got Potions","damage_taken":0,"max_hp_gain":0,"max_hp_loss":0,"event_name":"Lab","floor":2,"gold_loss":0},{"damage_healed":0,"gold_gain":0,"player_choice":"Upgraded","damage_taken":0,"max_hp_gain":0,"max_hp_loss":0,"event_name":"Upgrade Shrine","floor":5,"gold_loss":0,"cards_upgraded":["AT_FamilyPortrait"]},{"damage_healed":0,"gold_gain":0,"player_choice":"Swap Relic","damage_taken":0,"relics_obtained":["Juzu Bracelet"],"max_hp_gain":0,"max_hp_loss":0,"event_name":"给自己的盒子","floor":13,"relics_lost":["DaveBox"],"gold_loss":0},{"cards_removed":["Strike_R"],"damage_healed":0,"gold_gain":0,"player_choice":"Card Removal","damage_taken":0,"max_hp_gain":0,"max_hp_loss":0,"event_name":"The Cleric","floor":14,"gold_loss":50},{"damage_healed":0,"gold_gain":0,"player_choice":"Inject Mutagens","damage_taken":0,"relics_obtained":["MutagenicStrength"],"max_hp_gain":0,"max_hp_loss":0,"event_name":"Drug Dealer","floor":19,"gold_loss":0},{"cards_removed":["Defend_R"],"damage_healed":0,"gold_gain":0,"player_choice":"Elegance","damage_taken":0,"max_hp_gain":0,"max_hp_loss":0,"event_name":"Back to Basics","floor":20,"gold_loss":0},{"damage_healed":28,"gold_gain":0,"player_choice":"Heal","damage_taken":0,"max_hp_gain":0,"max_hp_loss":0,"event_name":"The Library","floor":25,"gold_loss":0},{"damage_healed":0,"gold_gain":0,"player_choice":"Rummage","damage_taken":0,"relics_obtained":["WarpedTongs"],"max_hp_gain":0,"max_hp_loss":0,"event_name":"Accursed Blacksmith","floor":31,"gold_loss":0,"cards_obtained":["Pain"]},{"cards_removed":["Strike_R"],"damage_healed":0,"gold_gain":0,"player_choice":"Removed Attack","damage_taken":0,"max_hp_gain":0,"max_hp_loss":0,"event_name":"Falling","floor":46,"gold_loss":0},{"damage_healed":0,"gold_gain":0,"player_choice":"Ignored","damage_taken":0,"max_hp_gain":0,"max_hp_loss":0,"event_name":"Transmorgrifier","floor":48,"gold_loss":0}],"is_beta":false,"boss_relics":[{"not_picked":["TakeMeEscape","Busted Crown"],"picked":"Tiny House"},{"not_picked":["GreenFoldingFan","Sozu"],"picked":"HaiYi:Twilight"}],"items_purged_floors":[4,21,30,42,44],"is_endless":false,"potions_floor_spawned":[8,10,12,22,24,29,38,39,45],"ascension_level":0}}