{"host":"xb2tau8pgi8aflss","time":1608439290,"event":{"mods":["AchievementEnabler","BaseMod","Hermit","Minty Spire (QoL Compilation)","StSLib","SuperFastMode"],"gold_per_floor":[113,113,62,62,62,98,98,129,156,175,206,1,35,35,35,35,35],"floor_reached":16,"playtime":455,"items_purged":["Strike_B"],"score":243,"play_id":"c873270e-53dd-484b-b74c-489e4c01948a","local_time":"20201220134130","is_ascension_mode":true,"campfire_choices":[{"data":"Blizzard","floor":7,"key":"SMITH"},{"data":"Turbo","floor":15,"key":"SMITH"}],"circlet_count":0,"master_deck":["Strike_B","Strike_B","Strike_B","Defend_B","Defend_B","Defend_B","Defend_B","Zap","Dualcast","BootSequence","Coolheaded","Blizzard+1","Turbo+1","Defragment","Flash of Steel"],"relics":["Cracked Core","NeowsBlessing","Golden Idol","Pocketwatch","CaptainsWheel","Anchor","Pen Nib","Pear"],"acts_visited":["Exordium"],"potions_floor_usage":[11,11,16],"damage_taken":[{"damage":0,"enemies":"Jaw Worm","floor":1,"turns":1},{"damage":0,"enemies":"3 Sentries","floor":6,"turns":1},{"damage":0,"enemies":"Gremlin Nob","floor":8,"turns":1},{"damage":0,"enemies":"2 Louse","floor":10,"turns":2},{"damage":12,"enemies":"3 Sentries","floor":11,"turns":10},{"damage":46,"enemies":"Lagavulin","floor":13,"turns":8},{"damage":28,"enemies":"Slime Boss","floor":16,"turns":5}],"seed_played":"-6062340994980928494","potions_obtained":[{"floor":6,"key":"EssenceOfSteel"},{"floor":10,"key":"Dexterity Potion"},{"floor":13,"key":"DistilledChaos"}],"is_trial":false,"path_per_floor":["M","?","$","?","?","E","R","E","T","M","E","$","E","$","R","B"],"character_chosen":"DEFECT","items_purchased":["Coolheaded","Defragment","Flash of Steel"],"campfire_rested":0,"item_purchase_floors":[3,12,12],"current_hp_per_floor":[75,57,57,57,62,62,62,62,62,62,50,50,14,14,14,0,0],"gold":35,"neow_bonus":"THREE_ENEMY_KILL","is_daily":false,"chose_seed":false,"campfire_upgraded":2,"win_rate":0.0,"timestamp":1608439290,"path_taken":["M","?","$","?","?","E","R","E","T","M","E","?","E","$","R","BOSS"],"items_purchased_type":["Card","Card","Card"],"build_version":"2020-12-13","purchased_purges":1,"victory":false,"max_hp_per_floor":[75,75,75,75,80,80,80,80,80,80,80,80,90,90,90,90,90],"card_choices":[{"not_picked":["Go for the Eyes","Streamline"],"picked":"BootSequence","floor":1},{"not_picked":["Cold Snap","Streamline"],"picked":"Blizzard","floor":6},{"not_picked":["Auto Shields","Scrape","Doom and Gloom"],"picked":"SKIP","floor":8},{"not_picked":["Steam Power","Reprogram","Leap"],"picked":"SKIP","floor":10},{"not_picked":["Beam Cell","Steam"],"picked":"Turbo","floor":11},{"not_picked":["Ball Lightning","Fusion","Heatsinks"],"picked":"SKIP","floor":13}],"player_experience":746701,"relics_obtained":[{"floor":6,"key":"Pocketwatch"},{"floor":8,"key":"CaptainsWheel"},{"floor":9,"key":"Anchor"},{"floor":11,"key":"Pen Nib"},{"floor":13,"key":"Pear"}],"event_choices":[{"damage_healed":0,"gold_gain":0,"player_choice":"Take Damage","damage_taken":18,"relics_obtained":["Golden Idol"],"max_hp_gain":0,"max_hp_loss":0,"event_name":"Golden Idol","floor":2,"gold_loss":0},{"damage_healed":0,"gold_gain":0,"player_choice":"Ignored","damage_taken":0,"max_hp_gain":0,"max_hp_loss":0,"event_name":"Liars Game","floor":4,"gold_loss":0},{"damage_healed":0,"gold_gain":0,"player_choice":"Donut","damage_taken":0,"max_hp_gain":5,"max_hp_loss":0,"event_name":"Big Fish","floor":5,"gold_loss":0}],"is_beta":false,"boss_relics":[],"items_purged_floors":[12],"is_endless":false,"potions_floor_spawned":[6,10,13],"killed_by":"Slime Boss","ascension_level":5}}