{"host":"d61vkvf8c80cu18y","time":1608428125,"event":{"mods":["2.2 Compatiblity","AchievementEnabler","AlwaysNeverKeys","Aspiration","BaseMod","Better Altar","Better Note","Better Sensory Stone","Better Skull","Better Third Choice","BetterRewards","Challenge The Spire","ChefMod","Conspire","Custom Start","Downfall","Emptier Cage","Energized Spire","Force Act Four","GifTheSpireLib","Gremlin Mod","GungeonMod","Hermit","Highlight Path","Hubris","Infinite Spire","Ironclad Rager","Jess\u0027s Bottle","Marked Mod","Minty Spire (QoL Compilation)","Quick Restart","Rare Cards Sparkle","Relic Filter","Replay The Spire","Retaliation","Shade Mod","Shop Mod","Spicy Shops","Spikes Relics","StSLib","Stuff the Spire","Swap Starting Deck Mod","The Blue Laboratory","The Bug Knight","The Cursed","The Forsaken","The Marked","The Runesmith","The Sage","The Servant 0.9.4","TheVacant","Thieving Mod","Virulent Crown","thorton"],"gold_per_floor":[116,116,42,62,14,14,26,44,44,78,88,88,105,105,105,105,105],"floor_reached":16,"playtime":1413,"items_purged":[],"score":102,"play_id":"a6b8bfce-1d1f-461f-b19c-4484be58b87d","local_time":"20201219193525","is_ascension_mode":false,"campfire_choices":[{"data":"chefmod:LocoMoco","floor":6,"key":"SMITH"},{"floor":12,"key":"REST"}],"circlet_count":0,"master_deck":["chefmod:Strike","chefmod:Strike","chefmod:Strike","chefmod:Strike","chefmod:Defend","chefmod:Defend","chefmod:Defend","chefmod:QuickThaw","chefmod:TodaysSpecial","chefmod:DoubleChop","chefmod:LocoMoco+1","chefmod:Fillet","chefmod:ColdSteel","chefmod:TonkotsuRamen","chefmod:Julienne","chefmod:DimSum","chefmod:Defrost","chefmod:HotSoup+1"],"relics":["chefmod:TrustyPot","CultistMask","hubris:TinFlute","infinitespire:EmpoweringShard"],"acts_visited":["Exordium"],"potions_floor_usage":[],"damage_taken":[{"damage":2,"enemies":"Small Slimes","floor":1,"turns":4},{"damage":5,"enemies":"Cultist","floor":4,"turns":3},{"damage":0,"enemies":"Jaw Worm","floor":7,"turns":3},{"damage":18,"enemies":"conspire:2 RoseBushes","floor":8,"turns":4},{"damage":26,"enemies":"Lagavulin","floor":10,"turns":5},{"damage":6,"enemies":"Exordium Thugs","floor":11,"turns":3},{"damage":16,"enemies":"Lots of Slimes","floor":13,"turns":5},{"damage":63,"enemies":"Hexaghost","floor":16,"turns":9}],"seed_played":"-6805619288047536613","potions_obtained":[{"floor":1,"key":"Venom Potion"},{"floor":4,"key":"blueLaboratory:BottleOfVodka"},{"floor":11,"key":"blueLaboratory:BubblePotion"}],"is_trial":false,"path_per_floor":["M","?","$","M","$","R","M","M","T","E","M","R","M","?","R","B"],"character_chosen":"THE_CHEF","items_purchased":["chefmod:LocoMoco","chefmod:ColdSteel"],"campfire_rested":1,"item_purchase_floors":[3,5],"current_hp_per_floor":[81,81,81,76,76,76,76,58,58,32,26,50,34,34,58,0,0],"gold":105,"neow_bonus":"TEN_PERCENT_HP_BONUS","is_daily":false,"chose_seed":false,"campfire_upgraded":1,"win_rate":0.0,"timestamp":1608428125,"path_taken":["M","?","$","M","$","R","?","M","T","E","M","R","M","?","R","BOSS"],"items_purchased_type":["Card","Card"],"build_version":"2020-12-13","purchased_purges":0,"victory":false,"max_hp_per_floor":[83,83,83,83,83,83,83,83,83,83,83,83,83,83,83,83,83],"card_choices":[{"not_picked":["chefmod:AlooGobi","chefmod:DinoKale"],"picked":"chefmod:DoubleChop","floor":1},{"not_picked":["chefmod:FryPan","chefmod:BleedOut"],"picked":"chefmod:Fillet","floor":4},{"not_picked":["chefmod:FireUp","chefmod:DinoKale"],"picked":"chefmod:TonkotsuRamen","floor":7},{"not_picked":["chefmod:FryPan","chefmod:FireUp"],"picked":"chefmod:Julienne","floor":8},{"not_picked":["chefmod:GroceryDelivery","chefmod:FullBurn"],"picked":"chefmod:DimSum","floor":10},{"not_picked":["chefmod:LocoMoco","chefmod:Gelato"],"picked":"chefmod:Defrost","floor":11},{"not_picked":["chefmod:FireUp","chefmod:Gelato"],"picked":"chefmod:HotSoup","floor":13}],"player_experience":384836,"relics_obtained":[{"floor":9,"key":"hubris:TinFlute"},{"floor":10,"key":"infinitespire:EmpoweringShard"}],"event_choices":[{"damage_healed":0,"gold_gain":0,"player_choice":"Trade","damage_taken":0,"relics_obtained":["CultistMask"],"max_hp_gain":0,"max_hp_loss":0,"event_name":"FaceTrader","floor":2,"gold_loss":0},{"cards_removed":["chefmod:Strike"],"damage_healed":0,"gold_gain":0,"player_choice":"Purged","damage_taken":0,"max_hp_gain":0,"max_hp_loss":0,"event_name":"Purifier","floor":14,"gold_loss":0}],"is_beta":false,"boss_relics":[],"items_purged_floors":[],"is_endless":false,"potions_floor_spawned":[1,4,11,13],"killed_by":"Hexaghost","ascension_level":0}}