{"host":"yxj2o0a3fwpf3ar7","time":1608486560,"event":{"mods":["AchievementEnabler","BaseMod","Colored Powertips","Minty Spire (QoL Compilation)","StSLib","Waifu the Spire"],"gold_per_floor":[112,112,112,37,37,62,62,94,146,146,175,175,205,105,105,200,250,264,264,277,59,76,109,109,140,140,140,150,167,183,202,202,202,202],"floor_reached":33,"playtime":1149,"items_purged":["Regret","Strike_G"],"score":451,"play_id":"bd82e846-7db1-4b57-b988-34bf0345024c","local_time":"20201220184920","is_ascension_mode":true,"campfire_choices":[{"data":"Backstab","floor":7,"key":"SMITH"},{"data":"Dodge and Roll","floor":10,"key":"SMITH"},{"floor":12,"key":"REST"},{"floor":15,"key":"REST"},{"floor":24,"key":"REST"},{"floor":27,"key":"REST"},{"floor":32,"key":"REST"}],"circlet_count":0,"master_deck":["Strike_G+1","Strike_G","Strike_G+1","Strike_G+1","Defend_G","Defend_G","Defend_G","Defend_G","Survivor","Neutralize+1","Dagger Spray+1","Backstab+1","Dodge and Roll+1","All Out Attack+1","Backflip","Wraith Form v2","Caltrops","Quick Slash","Dagger Spray","Flying Knee","Prepared+1","Outmaneuver","Deflect+1","Dagger Spray"],"relics":["Ring of the Snake","NeowsBlessing","Torii","Calipers","Whetstone","Boot","Art of War","Happy Flower","Tiny House","Pen Nib","Kunai","Pantograph","Darkstone Periapt"],"acts_visited":["Exordium","TheCity"],"potions_floor_usage":[13,13,20,22,23,33],"damage_taken":[{"damage":0,"enemies":"Small Slimes","floor":1,"turns":1},{"damage":0,"enemies":"3 Sentries","floor":6,"turns":1},{"damage":0,"enemies":"Gremlin Nob","floor":8,"turns":1},{"damage":27,"enemies":"Lagavulin","floor":11,"turns":7},{"damage":6,"enemies":"Gremlin Nob","floor":13,"turns":4},{"damage":41,"enemies":"Slime Boss","floor":16,"turns":12},{"damage":6,"enemies":"3 Byrds","floor":18,"turns":3},{"damage":3,"enemies":"Chosen","floor":20,"turns":4},{"damage":13,"enemies":"Shelled Parasite and Fungi","floor":22,"turns":3},{"damage":16,"enemies":"Gremlin Leader","floor":23,"turns":6},{"damage":31,"enemies":"Slavers","floor":25,"turns":5},{"damage":2,"enemies":"3 Cultists","floor":28,"turns":4},{"damage":18,"enemies":"Cultist and Chosen","floor":29,"turns":6},{"damage":10,"enemies":"Centurion and Healer","floor":30,"turns":4},{"damage":0,"enemies":"3 Cultists","floor":31,"turns":3},{"damage":60,"enemies":"Champ","floor":33,"turns":9}],"seed_played":"8675469804034984281","potions_obtained":[{"floor":6,"key":"BlessingOfTheForge"},{"floor":11,"key":"PowerPotion"},{"floor":17,"key":"LiquidMemories"},{"floor":18,"key":"CunningPotion"},{"floor":20,"key":"FearPotion"},{"floor":28,"key":"GamblersBrew"},{"floor":30,"key":"EssenceOfSteel"}],"is_trial":false,"path_per_floor":["M","?","?","$","?","E","R","E","T","R","E","R","E","$","R","B",null,"M","?","M","$","M","E","R","E","T","R","M","M","M","M","R","B"],"character_chosen":"THE_SILENT","items_purchased":["Pen Nib","Dagger Spray","Flying Knee"],"campfire_rested":5,"item_purchase_floors":[21,21,21],"current_hp_per_floor":[70,56,56,56,56,56,56,56,56,56,29,50,44,44,65,24,64,58,58,55,55,42,26,48,17,17,39,37,19,9,9,31,0,0],"gold":202,"neow_bonus":"THREE_ENEMY_KILL","is_daily":false,"chose_seed":false,"campfire_upgraded":2,"win_rate":0.0,"timestamp":1608486560,"path_taken":["M","?","?","$","?","E","R","E","T","R","E","R","E","$","R","BOSS","M","?","M","$","M","E","R","E","T","R","M","?","M","M","R","BOSS"],"items_purchased_type":["Relic","Card","Card"],"build_version":"2020-12-13","purchased_purges":2,"victory":false,"max_hp_per_floor":[70,70,70,70,70,70,70,70,70,70,70,70,70,70,70,70,75,75,75,75,75,75,75,75,75,75,75,75,75,75,75,75,75,75],"card_choices":[{"not_picked":["Prepared","Well Laid Plans"],"picked":"Dagger Spray","floor":1},{"not_picked":["Blade Dance","Underhanded Strike"],"picked":"Backstab","floor":6},{"not_picked":["Well Laid Plans","Setup"],"picked":"Dodge and Roll","floor":8},{"not_picked":["Skewer","Infinite Blades"],"picked":"All Out Attack","floor":11},{"not_picked":["Poisoned Stab","Caltrops"],"picked":"Backflip","floor":13},{"not_picked":["Unload","Storm of Steel"],"picked":"Wraith Form v2","floor":16},{"not_picked":["Deadly Poison","Skewer"],"picked":"Caltrops","floor":17},{"not_picked":["Acrobatics","Flying Knee","Concentrate"],"picked":"SKIP","floor":18},{"not_picked":["Heel Hook","Flying Knee"],"picked":"Quick Slash","floor":20},{"not_picked":["Sucker Punch","Well Laid Plans"],"picked":"Prepared+1","floor":22},{"not_picked":["Tactician","Malaise"],"picked":"Outmaneuver","floor":23},{"not_picked":["Dash","Finisher","Dagger Throw"],"picked":"SKIP","floor":25},{"not_picked":["Endless Agony+1","Dodge and Roll"],"picked":"Deflect+1","floor":28},{"not_picked":["Acrobatics+1","Heel Hook"],"picked":"Dagger Spray","floor":29},{"not_picked":["Dagger Throw","Underhanded Strike+1","Glass Knife"],"picked":"SKIP","floor":30},{"not_picked":["Skewer","Outmaneuver","Deflect+1"],"picked":"SKIP","floor":31}],"player_experience":262618,"relics_obtained":[{"floor":6,"key":"Calipers"},{"floor":8,"key":"Whetstone"},{"floor":9,"key":"Boot"},{"floor":11,"key":"Art of War"},{"floor":13,"key":"Happy Flower"},{"floor":23,"key":"Kunai"},{"floor":25,"key":"Pantograph"},{"floor":26,"key":"Darkstone Periapt"}],"event_choices":[{"damage_healed":0,"gold_gain":0,"player_choice":"Entered Light","damage_taken":14,"max_hp_gain":0,"max_hp_loss":0,"event_name":"Shining Light","floor":2,"gold_loss":0,"cards_upgraded":["Neutralize","Strike_G"]},{"damage_healed":0,"gold_gain":0,"player_choice":"Box","damage_taken":0,"relics_obtained":["Torii"],"max_hp_gain":0,"max_hp_loss":0,"event_name":"Big Fish","floor":3,"gold_loss":0,"cards_obtained":["Regret"]},{"damage_healed":0,"gold_gain":0,"player_choice":"Grow","damage_taken":0,"max_hp_gain":0,"max_hp_loss":0,"event_name":"Living Wall","floor":5,"gold_loss":0,"cards_upgraded":["Dagger Spray"]},{"cards_removed":["Defend_G"],"damage_healed":0,"gold_gain":0,"player_choice":"Purged","damage_taken":0,"max_hp_gain":0,"max_hp_loss":0,"event_name":"Purifier","floor":19,"gold_loss":0}],"is_beta":false,"boss_relics":[{"not_picked":["SacredBark","Runic Dome"],"picked":"Tiny House"}],"items_purged_floors":[4,14],"is_endless":false,"potions_floor_spawned":[6,11,18,20,28,30],"killed_by":"Champ","ascension_level":5}}