{"host":"Moondoggy","time":1608476175,"event":{"mods":["2.2 Compatiblity","AchievementEnabler","Act Like it!","Aspiration","Bard","BaseMod","Beaked The Cultist","Better Altar","Better Match","Better Note","Better Sensory Stone","Better Skull","Better Third Choice","BetterRewards","Block Reminder","CapriCore","Colored Map","Colored Powertips","Downfall","Duelist Mod","Ekko","Elementarium","Gensokyo","GifTheSpireLib","Glutton Mod","GungeonMod","Halation","Hallownest","Hermit","Hero for Fun","Highlight Path","Hubris","Jorbs\u0027s Wanderer Trilogy","KinomotoSakuraMod(ñÿîVñ{?)","Koishi","LagranYue(ùfäiòNÅEåé)","Lobotomy","LobotomyExtend","Luminous","Mad Scientist","Magitek Elite","MarisaÅiñ∂âJÅ@ñÇóùçπÅj","Melee Mod","Menagerie","Mimic Mod","Minty Spire (QoL Compilation)","Railgun Mod","Rare Cards Sparkle","ReimuÅiîé??öÎÅj","RemiliaÅiÂQïƒ‰ª?Åj","Replay The Spire","Robot Space Explorer","Shade Mod","Spicy Shops","StSLib","Td1madao Mod","The Administrix","The Alterego","The Animator","The Blackbeard","The Bug Knight","The Construct","The Cursed","The Disciple","The Dragon Tamer","The Factory","The Forsaken","The Gatherer","The Hierophant","The Immortal","The Judge","The Kombatant","The Marked","The Mystic","The Necromancer","The Poker Player","The Runesmith","The Senshi","The Servant 0.9.4","The Wild Card","The Witch","TheSwordswoman","Unceasing Turn Reminder","Wandering Minibosses","WarShipGirlsR/??è≠èóR mod","Yuri Mod"],"gold_per_floor":[110,121,121,134,152,177,191,191,239,249,267,267,46,64,64,159,159,172,189,189,207,207,207,207],"floor_reached":23,"playtime":2164,"items_purged":[],"score":297,"play_id":"50cc86ef-d6a0-4feb-a08d-eff3c7b05f88","local_time":"20201220095615","is_ascension_mode":false,"campfire_choices":[{"floor":8,"key":"REST"},{"floor":12,"key":"REST"},{"floor":15,"key":"REST"}],"circlet_count":0,"master_deck":["theMarked:Strike","theMarked:Strike","theMarked:Strike","theMarked:Strike","theMarked:Strike","theMarked:Defend","theMarked:Defend","theMarked:Defend","theMarked:Defend","theMarked:SoldierOfQuellstein","Writhe","theMarked:EnhancedHearing","theMarked:RogueSparks","theMarked:Generate","theMarked:Electrify","theMarked:Static","theMarked:ChainLightning","theMarked:Polarize","theMarked:SwordAndMagic","theMarked:RepellingDischarge","theMarked:ComboAttacks","theMarked:RogueSparks","theMarked:FavorableWinds","Elementarium:StickyTar","theMarked:ParalyzingBlade","theMarked:WardOff+1","Bandage Up","expansioncontent:QuickStudy","theMarked:Reabsorb"],"relics":["theMarked:ArtifactOfAir","LagranYue:RandomDrawCardRelic","DemoMod:GnawedKey","LetterFromLob","Hallownest:DreamNailRelic","Tiny Chest","ClockworkSouvenir","aspiration:PoetsPen_weak","Iron Hammer"],"acts_visited":["Exordium","Hallownest:Greenpath"],"potions_floor_usage":[4,16,16,16,23],"damage_taken":[{"damage":0,"enemies":"Hallownest:2_Baldur","floor":1,"turns":4},{"damage":0,"enemies":"Hallownest:monsterHuskWarrior","floor":2,"turns":4},{"damage":0,"enemies":"Hallownest:monsterHuskGuard","floor":4,"turns":3},{"damage":7,"enemies":"Hallownest:1_Baldur_1_Crawlid_1_Warrior","floor":5,"turns":6},{"damage":22,"enemies":"Hallownest:eliteMossKnight","floor":6,"turns":7},{"damage":3,"enemies":"Hallownest:monsterAspidMother","floor":7,"turns":4},{"damage":12,"enemies":"Hallownest:Wandering_and_Horned","floor":10,"turns":6},{"damage":7,"enemies":"Hallownest:monsterMossCharger","floor":11,"turns":5},{"damage":11,"enemies":"Hallownest:2_Tiktiks_1_Baldur_1_Crawlid","floor":14,"turns":4},{"damage":49,"enemies":"Hallownest:BossFalseKnight","floor":16,"turns":7},{"damage":14,"enemies":"Elementarium:MUD_AND_TAR_GOLEMS","floor":18,"turns":5},{"damage":7,"enemies":"Elementarium:2_ELEMENTALS","floor":19,"turns":4},{"damage":36,"enemies":"Elementarium:RubyGolem","floor":21,"turns":6},{"damage":18,"enemies":"Elementarium:FIRE_NOBILITY","floor":23,"turns":4}],"seed_played":"-3251239881485330475","potions_obtained":[{"floor":2,"key":"Fire Potion"},{"floor":4,"key":"Dexterity Potion"},{"floor":6,"key":"PowerPotion"},{"floor":11,"key":"Guardian:BlockOnCardUsePotion"},{"floor":21,"key":"Weak Potion"}],"is_trial":false,"path_per_floor":["M","M","?","M","M","E","M","R","T","M","M","R","$","M","R","B",null,"M","M","?","M","T","E"],"character_chosen":"THE_DEFAULT","items_purchased":["DemoMod:GnawedKey","theMarked:EnhancedHearing","theMarked:ComboAttacks","ClockworkSouvenir"],"campfire_rested":3,"item_purchase_floors":[0,0,13,13],"current_hp_per_floor":[70,70,70,70,63,41,38,59,59,47,40,61,61,50,70,21,70,56,49,49,17,17,0,0],"gold":207,"neow_bonus":"","is_daily":false,"chose_seed":false,"campfire_upgraded":0,"win_rate":0.0,"timestamp":1608476175,"path_taken":["M","M","?","M","M","E","M","R","T","?","M","R","?","M","R","BOSS","M","M","?","M","?","E"],"items_purchased_type":["Relic","Card","Card","Relic"],"build_version":"2020-12-18","purchased_purges":0,"victory":false,"max_hp_per_floor":[70,70,70,70,70,70,70,70,70,70,70,70,70,70,70,70,70,70,70,70,70,70,70,70],"card_choices":[{"not_picked":["theMarked:TakeCover","theMarked:Panic"],"picked":"theMarked:RogueSparks","floor":1},{"not_picked":["theMarked:Parkour","theMarked:RepellingDischarge"],"picked":"theMarked:Generate","floor":2},{"not_picked":["theMarked:TwofoldDefense","theMarked:WastefulAttack"],"picked":"theMarked:Electrify","floor":4},{"not_picked":["theMarked:EnhanceMovement","theMarked:ReduceFriction"],"picked":"theMarked:Static","floor":5},{"not_picked":["theMarked:Seal","theMarked:Parkour"],"picked":"theMarked:ChainLightning","floor":6},{"not_picked":["theMarked:ResourceFulStrike","theMarked:DeterminationOfTheMarked"],"picked":"theMarked:Polarize","floor":7},{"not_picked":["theMarked:ChainLightning","theMarked:Aftermath"],"picked":"theMarked:SwordAndMagic","floor":10},{"not_picked":["theMarked:Seal","theMarked:ElectricStrings"],"picked":"theMarked:RepellingDischarge","floor":11},{"not_picked":["theMarked:KeepCalmAndFightOn","theMarked:ElectricStrings"],"picked":"theMarked:RogueSparks","floor":14},{"not_picked":["theMarked:TakeOffHeels","theMarked:Challenge"],"picked":"theMarked:FavorableWinds","floor":16},{"not_picked":["theMarked:Aftermath","theMarked:ResourceFulStrike+1"],"picked":"theMarked:ParalyzingBlade","floor":18},{"not_picked":["theMarked:ShockingTouch+1","theMarked:SwordAndMagic"],"picked":"theMarked:WardOff+1","floor":19},{"not_picked":["Thinking Ahead","DemoMod:Spice"],"picked":"Bandage Up","floor":20},{"not_picked":["Secret Weapon","expansioncontent:LastStand"],"picked":"expansioncontent:QuickStudy","floor":20},{"not_picked":["theMarked:Panic","theMarked:WastefulAttack"],"picked":"theMarked:Reabsorb","floor":21}],"player_experience":279218,"relics_obtained":[{"floor":1,"key":"LetterFromLob"},{"floor":6,"key":"Tiny Chest"},{"floor":22,"key":"Iron Hammer"}],"event_choices":[{"damage_healed":0,"gold_gain":2,"player_choice":"1","damage_taken":0,"max_hp_gain":0,"max_hp_loss":0,"event_name":"betterStone:BetterStone","floor":20,"gold_loss":0}],"is_beta":true,"boss_relics":[{"not_picked":["theMarked:BronzeBlade","halation:LoveArrow"],"picked":"aspiration:PoetsPen_weak"}],"items_purged_floors":[],"is_endless":false,"potions_floor_spawned":[2,4,6,11,21],"killed_by":"Elementarium:FIRE_NOBILITY","ascension_level":0}}