{"host":"newqdrzxfhh2im9e","time":1608487300,"event":{"mods":["AchievementEnabler","BaseMod","BetterRewards","Block Reminder","Colored Map","Jorbs\u0027s Wanderer Trilogy","Minty Spire (QoL Compilation)","Rare Cards Sparkle","Shop Mod","StSLib"],"gold_per_floor":[114,84,100,115,134,161,174,207,284,30,30,30,48,62,62,164,164,181,31,31,31,113,113,147,147,147,164,183,183,200,20,20,118,118,131,149,149,149,70,70,70],"floor_reached":40,"playtime":1322,"items_purged":[],"score":463,"play_id":"f772273e-d3ff-4953-a154-8b4163b61d60","local_time":"20201220100140","is_ascension_mode":true,"campfire_choices":[{"floor":11,"key":"REST"},{"floor":15,"key":"REST"},{"data":"Darkness","floor":23,"key":"SMITH"},{"data":"Electrodynamics","floor":29,"key":"SMITH"},{"data":"Panache","floor":32,"key":"SMITH"}],"circlet_count":0,"master_deck":["Strike_B","Strike_B","Strike_B","Strike_B","Defend_B","Defend_B","Defend_B","Defend_B","Zap","Dualcast","Defragment","FTL","Chill","Heatsinks","Stack","Lockon","Hyperbeam+1","Auto Shields","Darkness+1","Electrodynamics+1","Force Field","Thunder Strike","Doom and Gloom","Panache+1","Echo Form","Consume+1","Panacea","Storm"],"relics":["Cracked Core","Torii","Omamori","Tiny Chest","Letter Opener","Cables","Calling Bell","Dream Catcher","Eternal Feather","Pocketwatch","ClockworkSouvenir","Bottled Lightning","Thread and Needle","Centennial Puzzle","Cursed Key","Meat on the Bone"],"acts_visited":["Exordium","TheCity","TheBeyond"],"potions_floor_usage":[6,6,28,30,30,36],"damage_taken":[{"damage":2,"enemies":"Small Slimes","floor":1,"turns":3},{"damage":7,"enemies":"Cultist","floor":3,"turns":4},{"damage":1,"enemies":"2 Louse","floor":4,"turns":2},{"damage":8,"enemies":"Exordium Wildlife","floor":5,"turns":3},{"damage":12,"enemies":"3 Sentries","floor":6,"turns":7},{"damage":0,"enemies":"3 Louse","floor":7,"turns":4},{"damage":13,"enemies":"Gremlin Nob","floor":8,"turns":4},{"damage":7,"enemies":"Blue Slaver","floor":13,"turns":3},{"damage":8,"enemies":"Large Slime","floor":14,"turns":2},{"damage":24,"enemies":"The Guardian","floor":16,"turns":7},{"damage":11,"enemies":"Spheric Guardian","floor":18,"turns":5},{"damage":33,"enemies":"Slavers","floor":24,"turns":3},{"damage":1,"enemies":"Chosen","floor":27,"turns":3},{"damage":0,"enemies":"Snake Plant","floor":28,"turns":2},{"damage":6,"enemies":"Centurion and Healer","floor":30,"turns":3},{"damage":20,"enemies":"Champ","floor":33,"turns":9},{"damage":25,"enemies":"3 Darklings","floor":35,"turns":4},{"damage":0,"enemies":"Orb Walker","floor":36,"turns":2},{"damage":54,"enemies":"Giant Head","floor":40,"turns":6}],"seed_played":"-2811545705516983217","potions_obtained":[{"floor":2,"key":"SpeedPotion"},{"floor":2,"key":"Energy Potion"},{"floor":3,"key":"LiquidMemories"},{"floor":27,"key":"DistilledChaos"},{"floor":28,"key":"LiquidMemories"},{"floor":35,"key":"SneckoOil"}],"is_trial":false,"path_per_floor":["M","?","M","M","M","E","M","E","T","$","R","?","M","M","R","B",null,"M","$","?","$","T","R","E","?","T","M","M","R","M","$","R","B",null,"M","M","?","T","$","E"],"character_chosen":"DEFECT","items_purchased":["Cables","ClockworkSouvenir","Panache","Storm"],"campfire_rested":2,"item_purchase_floors":[10,19,31,39],"current_hp_per_floor":[52,52,45,44,36,24,24,11,11,11,33,33,26,18,40,16,75,64,64,75,75,75,75,42,42,42,41,41,53,47,47,59,39,75,50,50,50,50,50,0,0],"gold":70,"neow_bonus":"ONE_RARE_RELIC","is_daily":false,"chose_seed":false,"campfire_upgraded":3,"win_rate":0.0,"timestamp":1608487300,"path_taken":["M","?","M","M","?","E","M","E","T","?","R","?","M","M","R","BOSS","M","$","?","$","?","R","E","?","T","M","M","R","M","?","R","BOSS","M","M","?","?","?","E"],"items_purchased_type":["Relic","Relic","Card","Card"],"build_version":"2020-12-13","purchased_purges":0,"victory":false,"max_hp_per_floor":[75,75,75,75,75,75,75,75,75,75,75,75,75,75,75,75,75,75,75,75,75,75,75,75,75,75,75,75,75,75,75,75,75,75,75,75,75,75,75,75,75],"card_choices":[{"not_picked":["Leap","Gash"],"picked":"Defragment","floor":1},{"not_picked":["Steam","Ball Lightning"],"picked":"FTL","floor":3},{"not_picked":["Gash","Conserve Battery"],"picked":"Chill","floor":4},{"not_picked":["Reinforced Body","Beam Cell"],"picked":"Heatsinks","floor":5},{"not_picked":["Turbo","Steam"],"picked":"Stack","floor":6},{"not_picked":["Redo","Leap"],"picked":"Lockon","floor":7},{"not_picked":["Cold Snap","Defragment"],"picked":"Hyperbeam","floor":8},{"not_picked":["Undo","Redo"],"picked":"Auto Shields","floor":13},{"not_picked":["Sweeping Beam","Gash"],"picked":"Darkness","floor":14},{"not_picked":["Machine Learning","Fission"],"picked":"Electrodynamics","floor":16},{"not_picked":["Skim","Streamline+1"],"picked":"Force Field","floor":18},{"not_picked":["Chill","Reinforced Body"],"picked":"Thunder Strike","floor":24},{"not_picked":["Gash","Streamline","Stack"],"picked":"SKIP","floor":27},{"not_picked":["Force Field","Hologram","Compile Driver"],"picked":"SKIP","floor":28},{"not_picked":["Defragment","Streamline+1"],"picked":"Doom and Gloom","floor":30},{"not_picked":["Hyperbeam","Seek"],"picked":"Echo Form","floor":33},{"not_picked":["Turbo+1","Streamline"],"picked":"Consume+1","floor":35},{"not_picked":["Ball Lightning","Leap","Turbo"],"picked":"SKIP","floor":36},{"not_picked":["Trip","Swift Strike"],"picked":"Panacea","floor":37}],"player_experience":621042,"relics_obtained":[{"floor":6,"key":"Omamori"},{"floor":8,"key":"Tiny Chest"},{"floor":9,"key":"Letter Opener"},{"floor":17,"key":"Dream Catcher"},{"floor":17,"key":"Eternal Feather"},{"floor":17,"key":"Pocketwatch"},{"floor":22,"key":"Bottled Lightning"},{"floor":24,"key":"Thread and Needle"},{"floor":26,"key":"Centennial Puzzle"},{"floor":38,"key":"Meat on the Bone"}],"event_choices":[{"damage_healed":0,"gold_gain":0,"player_choice":"Bought 2 Potions","damage_taken":0,"max_hp_gain":0,"max_hp_loss":0,"event_name":"The Woman in Blue","floor":2,"gold_loss":0},{"damage_healed":0,"gold_gain":0,"player_choice":"Grow","damage_taken":0,"max_hp_gain":0,"max_hp_loss":0,"event_name":"Living Wall","floor":12,"gold_loss":0,"cards_upgraded":["Hyperbeam"]},{"damage_healed":25,"gold_gain":0,"player_choice":"Heal","damage_taken":0,"max_hp_gain":0,"max_hp_loss":0,"event_name":"The Library","floor":20,"gold_loss":0},{"damage_healed":0,"gold_gain":0,"player_choice":"Ignored","damage_taken":0,"max_hp_gain":0,"max_hp_loss":0,"event_name":"The Mausoleum","floor":25,"gold_loss":0},{"damage_healed":0,"gold_gain":0,"player_choice":"Memory 1","damage_taken":0,"max_hp_gain":0,"max_hp_loss":0,"event_name":"SensoryStone","floor":37,"gold_loss":0}],"is_beta":false,"boss_relics":[{"not_picked":["Pandora\u0027s Box","Sozu"],"picked":"Calling Bell"},{"not_picked":["FrozenCore","Snecko Eye"],"picked":"Cursed Key"}],"items_purged_floors":[],"is_endless":false,"potions_floor_spawned":[3,4,5,27,28,35],"killed_by":"Giant Head","ascension_level":1}}