{"host":"o6ryqpw7xxii0yo1","time":1608425084,"event":{"mods":["AchievementEnabler","Aspiration","BaseMod","Better Third Choice","BetterRewards","Block Reminder","Colored Map","Colored Powertips","DeckTracker","Downfall","Googly Eyes","Hermit","Highlight Path","Hubris","Infinite Spire","Minty Spire (QoL Compilation)","Quick Restart","Rare Cards Sparkle","Relic Stats","Replay The Spire","StSLib","Synergy Search","The Animator","The Construct","The Cursed","The Necromancer","The Runesmith","Uncapped","everything is the same but u backflip on backflip"],"gold_per_floor":[99,129,129,129,158,175,198,198,148,173,183,197,38,50,61,161,161,111,142,92,92,92],"floor_reached":21,"playtime":1604,"items_purged":[],"score":265,"play_id":"c39a3720-1a14-494d-a920-f1984220ad45","local_time":"20201219194444","is_ascension_mode":false,"campfire_choices":[{"data":"Slimebound:Split","floor":1,"key":"SMITH"},{"data":"Slimebound:RallyTheTroops","floor":9,"key":"SMITH"},{"data":"Slimebound:MinionMaster","floor":18,"key":"SMITH"},{"data":"Slimebound:SelfFormingGoo","floor":20,"key":"SMITH"}],"circlet_count":0,"master_deck":["Slimebound:Strike_Slimebound","Slimebound:Strike_Slimebound","Slimebound:Tackle","Slimebound:Defend_Slimebound","Slimebound:Defend_Slimebound","Slimebound:Defend_Slimebound","Slimebound:Defend_Slimebound","Slimebound:Split+1","Slimebound:CorrosiveSpit","Slimebound:SplitLeeching","Slimebound:Replication","Slimebound:RallyTheTroops+1","Slimebound:GoopSpray","Slimebound:LevelUp","Slimebound:MegaLick","Slimebound:SlimeTap","Slimebound:SamplingLick","Slimebound:MinionMaster+1","hubris:Compulsion","animator:Curse_GriefSeed","Decay","Slimebound:SelfFormingGoo+1"],"relics":["Slimebound:AbsorbEndCombat","downfall:HeartsMalice","hubris:DeckOfHolding","aspiration:AnachronicSnailShell","aspiration:TomeofQuesting","Slimebound:GreedOozeRelic","Blue Candle","Medical Kit","Replay:Ancient Bell","Pen Nib","Shuriken","Replay:PocketPolymizer","MealTicket"],"acts_visited":["Exordium","TheCity"],"potions_floor_usage":[10,16,21,21],"damage_taken":[{"damage":0,"enemies":"Replay:BlueRogue","floor":2,"turns":1},{"damage":0,"enemies":"Jaw Worm","floor":3,"turns":1},{"damage":0,"enemies":"Lagavulin","floor":5,"turns":1},{"damage":18,"enemies":"2 Louse","floor":6,"turns":2},{"damage":23,"enemies":"Gremlin Nob","floor":10,"turns":3},{"damage":4,"enemies":"Cultist","floor":11,"turns":2},{"damage":7,"enemies":"Red Slaver","floor":12,"turns":2},{"damage":19,"enemies":"downfall:FleeingMerchant","floor":13,"turns":4},{"damage":2,"enemies":"Exordium Thugs","floor":14,"turns":2},{"damage":12,"enemies":"3 Louse","floor":15,"turns":2},{"damage":49,"enemies":"downfall:Defect","floor":16,"turns":5},{"damage":52,"enemies":"Gremlin Leader","floor":19,"turns":7},{"damage":52,"enemies":"Slavers","floor":21,"turns":3}],"seed_played":"-7777144373953527997","potions_obtained":[{"floor":2,"key":"Toxic Potion"},{"floor":5,"key":"ColorlessPotion"},{"floor":12,"key":"Death Potion"},{"floor":14,"key":"SteroidPotion"}],"is_trial":false,"path_per_floor":["R","E","M","?","E","M","T","?","R","E","M","M","$","M","M","B",null,"R","E","R","E"],"character_chosen":"SLIMEBOUND","items_purchased":["Medical Kit"],"campfire_rested":0,"item_purchase_floors":[13],"current_hp_per_floor":[60,60,60,60,60,54,54,54,54,51,55,60,60,60,60,27,60,60,37,37,0,0],"gold":92,"neow_bonus":"THREE_ENEMY_KILL","is_daily":false,"chose_seed":false,"campfire_upgraded":4,"win_rate":0.0,"timestamp":1608425084,"path_taken":["R","E","M","?","E","M","T","?","R","E","M","M","?","M","M","BOSS","R","E","R","E"],"items_purchased_type":["Relic"],"build_version":"2020-12-13","purchased_purges":0,"victory":false,"max_hp_per_floor":[60,60,60,60,60,60,60,60,60,60,60,60,60,60,60,60,60,60,60,60,60,60],"relic_stats":{"counters":[13,32],"Shuriken":[0],"Blue Candle":[3],"MealTicket":0,"Pen Nib":[1],"Medical Kit":[0],"obtain_stats":[{"Replay:PocketPolymizer":17,"Blue Candle":10,"downfall:HeartsMalice":0,"aspiration:TomeofQuesting":7,"Pen Nib":17,"Replay:Ancient Bell":17,"Medical Kit":13,"Slimebound:GreedOozeRelic":8,"Shuriken":17,"aspiration:AnachronicSnailShell":5,"hubris:DeckOfHolding":2,"MealTicket":19,"Slimebound:AbsorbEndCombat":0},{"Replay:PocketPolymizer":11,"Blue Candle":5,"downfall:HeartsMalice":0,"aspiration:TomeofQuesting":4,"Pen Nib":11,"Replay:Ancient Bell":11,"Medical Kit":8,"Slimebound:GreedOozeRelic":4,"Shuriken":11,"aspiration:AnachronicSnailShell":3,"hubris:DeckOfHolding":1,"MealTicket":12,"Slimebound:AbsorbEndCombat":0},{"Replay:PocketPolymizer":22,"Blue Candle":5,"downfall:HeartsMalice":0,"aspiration:TomeofQuesting":2,"Pen Nib":22,"Replay:Ancient Bell":22,"Medical Kit":13,"Slimebound:GreedOozeRelic":2,"Shuriken":22,"aspiration:AnachronicSnailShell":0,"hubris:DeckOfHolding":0,"MealTicket":29,"Slimebound:AbsorbEndCombat":0}]},"card_choices":[{"not_picked":["Slimebound:ViciousTackle","Slimebound:Dissolve"],"picked":"Slimebound:SplitLeeching","floor":2},{"not_picked":["Slimebound:PressTheAttack","Slimebound:ComboTackle"],"picked":"Slimebound:Replication","floor":3},{"not_picked":["Slimebound:SlimeSpikes","Slimebound:SplitAcid"],"picked":"Slimebound:RallyTheTroops","floor":5},{"not_picked":["Slimebound:SplitLeeching","Slimebound:SplitAcid"],"picked":"Slimebound:GoopSpray","floor":6},{"not_picked":["Slimebound:RollThrough","Slimebound:ViciousTackle"],"picked":"Slimebound:LevelUp","floor":10},{"not_picked":["Slimebound:LeechingTouch","Slimebound:SplitAcid"],"picked":"Slimebound:MegaLick","floor":11},{"not_picked":["Slimebound:FlameTackle","Slimebound:LeechingTouch"],"picked":"Slimebound:SlimeTap","floor":12},{"not_picked":["Slimebound:LeechingTouch","Slimebound:TongueLash","Slimebound:ProtectTheBoss"],"picked":"SKIP","floor":13},{"not_picked":["Slimebound:SplitBruiser","Slimebound:SlimeSpikes"],"picked":"Slimebound:SamplingLick","floor":14},{"not_picked":["Slimebound:Replication","Slimebound:SplitLeeching","Slimebound:GoopSpray"],"picked":"SKIP","floor":15},{"not_picked":["Slimebound:LeechLife","Slimebound:Teamwork"],"picked":"Slimebound:MinionMaster","floor":16},{"not_picked":["hubris:Gluttony","Delirium"],"picked":"hubris:Compulsion","floor":17},{"not_picked":["Delirium","hexamod:Haunted"],"picked":"animator:Curse_GriefSeed","floor":17},{"not_picked":["Amnesia","Normality"],"picked":"Decay","floor":17},{"not_picked":["Slimebound:Gluttony","Slimebound:RejuvenatingLick"],"picked":"Slimebound:SelfFormingGoo","floor":19}],"player_experience":210618,"relics_obtained":[{"floor":2,"key":"hubris:DeckOfHolding"},{"floor":5,"key":"aspiration:AnachronicSnailShell"},{"floor":7,"key":"aspiration:TomeofQuesting"},{"floor":10,"key":"Blue Candle"},{"floor":19,"key":"MealTicket"}],"event_choices":[],"is_beta":false,"boss_relics":[{"not_picked":["infinitespire:Cupcake","Astrolabe"],"picked":"Replay:Ancient Bell"},{"not_picked":["MawBank","Replay:Rubber Ducky"],"picked":"Pen Nib"},{"not_picked":["Runesmith:Nanobots","hubris:TinFlute"],"picked":"Shuriken"},{"not_picked":["Girya","Bird Faced Urn"],"picked":"Replay:PocketPolymizer"}],"items_purged_floors":[],"is_endless":false,"potions_floor_spawned":[2,5,12,14],"killed_by":"Slavers","ascension_level":0}}