{"host":"38abhf7uonnoqlzr","time":1608476566,"event":{"mods":["Act Like it!","Aspiration","BaseMod","Better Note","Better Third Choice","Block Reminder","CapriCore","Colored Map","Conspire","Displayed Cursed Tome","Dota2Spire","Downfall","Energized Spire","Friendly Minions","Hallownest","Hubris","Minty Spire (QoL Compilation)","Pale of the Ancients","Rare Cards Sparkle","Relic Stats","Replay The Spire","Spicy Shops","StSLib","The Marked","Waifu the Spire"],"gold_per_floor":[110,121,64,80,45,73,73,102,102,102,177,177,211,211,211,407,407,418,418,437,451,470,495,495,573,654,654,689,700,208,241,241,346,346,365,380,398,55,71,71,104,4,31,31,49,78,90,134,146,262,286,318,330,10,10,30,30,57,57,57],"floor_reached":61,"playtime":5155,"items_purged":["conspire:Blindness"],"score":1730,"play_id":"d09012ec-fb3b-4058-8cb2-4cb0fcbe5b75","local_time":"20201220160246","is_ascension_mode":true,"campfire_choices":[{"floor":7.0,"key":"REST"},{"floor":10.0,"key":"REST"},{"floor":15.0,"key":"REST"},{"data":"theMarked:SummonStrength","floor":24,"key":"SMITH"},{"data":"theMarked:RogueSparks","floor":27,"key":"SMITH"},{"data":"theMarked:Challenge","floor":32,"key":"SMITH"},{"data":"theMarked:DeterminationOfTheMarked","floor":40,"key":"SMITH"},{"data":"theMarked:Opportunist","floor":44,"key":"SMITH"},{"data":"theMarked:HeritageOfTheMarked","floor":49,"key":"SMITH"},{"floor":55,"key":"REST"},{"data":"theMarked:SoldierForm","floor":57,"key":"SMITH"}],"circlet_count":0,"master_deck":["theMarked:Strike","theMarked:Strike","theMarked:Strike","theMarked:Strike","theMarked:Strike","theMarked:Defend+1","theMarked:Defend+1","theMarked:Defend","theMarked:Defend","theMarked:SoldierOfQuellstein","theMarked:ResourceFulStrike","theMarked:RogueSparks+1","theMarked:ComboAttacks+1","theMarked:EnhancedHearing","theMarked:MysticalArsenal","theMarked:Opportunist+1","theMarked:SwordAndMagic","theMarked:RepellingDischarge","theMarked:SummonStrength+1","theMarked:HeightenedSenses+1","theMarked:EmpowerWeapon","theMarked:DeterminationOfTheMarked+1","theMarked:Panic+1","theMarked:SuspiciousRaven","ReplayTheSpireMod:Splinters","theMarked:Aftermath","theMarked:WastefulDefense","theMarked:Challenge+1","theMarked:HeritageOfTheMarked+1","theMarked:MagicAdept+1","theMarked:ElectricStrings","theMarked:Snap","CurseOfTheBell","theMarked:UnarmedFury","theMarked:ShockingTouch+1","theMarked:MysticalArsenal","theMarked:MysticalArsenal","theMarked:MysticalArsenal","theMarked:EnhancedHearing+1","theMarked:BanishingStrike","theMarked:Panic","theMarked:ThrowWeapon","theMarked:SoldierForm+1","theMarked:RogueSparks","theMarked:Panic","theMarked:Opportunist","theMarked:WastefulAttack+1"],"relics":["theMarked:ArtifactOfAir","Turnip","Blue Doll","Pet Ghost","CaptainsWheel","hubris:Icosahedron","Blood Vial","Hallownest:DreamNailRelic","energizedSpire:NeverEndingSparkler","Hallownest:WatcherSealRelic","Eternal Feather","Replay:Mystery Machine","hubris:BottledRain","Dota2Spire:LinkenSphere","Guardian:PocketSentry","Dota2Spire:PowerTreads","theMarked:KettuFlask","ReplayTheSpireMod:CursedCoin","HornCleat","Calling Bell","Orichalcum","Singing Bowl","Bird Faced Urn","Happy Flower","Replay:Baseball","aspiration:ChemicalBlood","Hallownest:SoulVesselRelic","Dota2Spire:EchoSabre","MawBank","The Courier","Dream Catcher","paleoftheancients:Timepiece","paleoftheancients:KeyRelic","Gremlin Horn","Spirit Poop","paleoftheancients:SoulOfTheWatcher","aspiration:Lifesprig","Membership Card","Durian","Lantern","aspiration:HiddenCompartment","Chemical X","Centennial Puzzle","aspiration:Nostalgia","PureWater","Incense Burner","Simple Rune"],"acts_visited":["Exordium","Hallownest:Greenpath","Hallownest:CityofTears","Hallownest:KingdomsEdge"],"potions_floor_usage":[23,33,35,39,45,48,51,51,51,51,51,51,51,52,60],"damage_taken":[{"damage":3.0,"enemies":"Hallownest:2_MossCreeps","floor":1.0,"turns":5.0},{"damage":2.0,"enemies":"2_ Uuma","floor":2.0,"turns":4.0},{"damage":0.0,"enemies":"Hallownest:monsterHuskGuard","floor":4.0,"turns":3.0},{"damage":19.0,"enemies":"Hallownest:eliteMossKnight","floor":6.0,"turns":5.0},{"damage":9.0,"enemies":"Hallownest:eliteCrystalGuardian","floor":8.0,"turns":5.0},{"damage":26.0,"enemies":"Hallownest:eliteMossKnight","floor":13.0,"turns":6.0},{"damage":25.0,"enemies":"Hallownest:BossFalseKnight","floor":16.0,"turns":7.0},{"damage":11.0,"enemies":"Hallownest:3_Youths","floor":18.0,"turns":6.0},{"damage":4.0,"enemies":"Hallownest:Guard_and_Sentry","floor":20.0,"turns":5.0},{"damage":0,"enemies":"Hallownest:Master_and_Novice","floor":21,"turns":5},{"damage":0,"enemies":"Hallownest:Warrior_and_Youth","floor":22,"turns":5},{"damage":22,"enemies":"Hallownest:eliteSoulWarrior","floor":23,"turns":5},{"damage":7,"enemies":"Hallownest:eliteWatcherKnight","floor":28,"turns":10},{"damage":0,"enemies":"Hallownest:monsterShrumalOgre","floor":29,"turns":4},{"damage":0,"enemies":"Hallownest:Nosk","floor":31,"turns":5},{"damage":10,"enemies":"Hallownest:BossMantisLord","floor":33,"turns":5},{"damage":0,"enemies":"Hallownest:3_Siblings","floor":35,"turns":4},{"damage":15,"enemies":"Hallownest:Shield_Heavy","floor":36,"turns":5},{"damage":6,"enemies":"Hallownest:Shield_Sturdy","floor":37,"turns":4},{"damage":31,"enemies":"Hallownest:monsterPrimalAspid","floor":39,"turns":4},{"damage":2,"enemies":"Hallownest:eliteCollector","floor":41,"turns":5},{"damage":15,"enemies":"Hallownest:Xero_Hu_Marmu","floor":45,"turns":3},{"damage":10,"enemies":"Hallownest:eliteHiveKnight","floor":46,"turns":5},{"damage":1,"enemies":"Hallownest:eliteCollector","floor":48,"turns":5},{"damage":8,"enemies":"Hallownest:BossGreyPrinceZote","floor":50,"turns":5},{"damage":87,"enemies":"Hallownest:BossGreyPrinceZote","floor":51,"turns":6},{"damage":0,"enemies":"Hallownest:BossGreyPrinceZote","floor":52,"turns":2},{"damage":2,"enemies":"Hallownest:BossGreyPrinceZote","floor":56,"turns":5},{"damage":0,"enemies":"paleoftheancients:N","floor":60,"turns":5}],"seed_played":"-1258973662277469823","potions_obtained":[{"floor":1.0,"key":"GamblersBrew"},{"floor":4.0,"key":"SkillPotion"},{"floor":13.0,"key":"Weak Potion"},{"floor":18.0,"key":"Fire Potion"},{"floor":21,"key":"Adrenaline Potion"},{"floor":22,"key":"EssenceOfSteel"},{"floor":29,"key":"Cursed Concoction"},{"floor":33,"key":"SneckoOil"},{"floor":41,"key":"Dota2Spire:HealingSalve"},{"floor":45,"key":"LiquidMemories"},{"floor":46,"key":"Dota2Spire:HealingSalve"},{"floor":50,"key":"Fruit Juice"},{"floor":51,"key":"SpeedPotion"},{"floor":51,"key":"Swift Potion"},{"floor":56,"key":"Swift Potion"}],"is_trial":false,"path_per_floor":["M","M","$","M","$","E","R","E","T","R","?","?","E","?","R","B",null,"M","?","M","M","M","E","R","?","T","R","E","M","$","E","R","B",null,"M","M","M","$","M","R","E","?","T","R","M","E","T","E","R","B","M","M","$","$","R","M","R","T","?","B",null],"character_chosen":"THE_DEFAULT","items_purchased":["theMarked:ComboAttacks+1","theMarked:MysticalArsenal","Guardian:PocketSentry","Dota2Spire:PowerTreads","theMarked:KettuFlask","theMarked:MagicAdept+1","ReplayTheSpireMod:CursedCoin","Happy Flower","Replay:Baseball","theMarked:MysticalArsenal","aspiration:Lifesprig","Membership Card","Durian","Lantern","aspiration:HiddenCompartment","Chemical X","Centennial Puzzle","aspiration:Nostalgia","Incense Burner"],"campfire_rested":4,"item_purchase_floors":[3,5,30,30,30,30,30,38,38,38,53,53,53,53,54,54,54,54,54],"current_hp_per_floor":[46,44,44,44,44,25,46,37,37,58,58,58,32,32,53,30,70,59,59,57,59,61,41,53,53,53,68,63,65,65,67,70,60,70,72,60,72,72,57,72,70,70,70,72,69,70,70,72,72,72,48,75,30,30,81,82,82,82,82,82],"gold":57,"neow_bonus":"ONE_RARE_RELIC","is_daily":false,"chose_seed":false,"campfire_upgraded":7,"win_rate":0.0,"timestamp":1608476566,"path_taken":["M","M","$","M","?","E","R","E","T","R","?","?","E","?","R","BOSS","M","?","?","M","?","E","R","?","T","R","E","M","$","E","R","BOSS","M","M","M","$","M","R","E","?","T","R","M","E","?","E","R","BOSS","M","M","?","$","R","M","R","T","?","BOSS"],"items_purchased_type":["Card","Card","Relic","Relic","Relic","Card","Relic","Relic","Relic","Card","Relic","Relic","Relic","Relic","Relic","Relic","Relic","Relic","Relic"],"build_version":"2020-12-13","purchased_purges":1,"victory":true,"max_hp_per_floor":[70,70,70,70,70,70,70,70,70,70,70,70,70,70,70,70,70,70,70,70,70,70,70,70,70,70,70,70,70,70,70,70,70,70,72,72,72,72,72,72,72,72,72,72,72,72,72,72,72,72,77,77,82,82,82,82,82,82,82,82],"relic_stats":{"Singing Bowl":2,"Happy Flower":[15],"Gremlin Horn":[5,8],"counters":[29,143],"Eternal Feather":74,"Orichalcum":[30],"MawBank":96,"Blood Vial":25,"Dream Catcher":1,"Centennial Puzzle":[3],"Bird Faced Urn":[109],"Turnip":[25],"Chemical X":[1],"obtain_stats":[{"Dota2Spire:EchoSabre":43,"Dota2Spire:PowerTreads":30,"aspiration:Lifesprig":53,"Lantern":53,"Singing Bowl":34,"Gremlin Horn":50,"Spirit Poop":50,"Blue Doll":6,"Hallownest:DreamNailRelic":14,"Incense Burner":54,"Replay:Mystery Machine":25,"Pet Ghost":8,"theMarked:KettuFlask":30,"Blood Vial":13,"Dream Catcher":48,"Centennial Puzzle":54,"hubris:Icosahedron":12,"HornCleat":31,"paleoftheancients:SoulOfTheWatcher":51,"Chemical X":54,"aspiration:ChemicalBlood":41,"paleoftheancients:KeyRelic":50,"Happy Flower":38,"ReplayTheSpireMod:CursedCoin":30,"aspiration:Nostalgia":54,"Hallownest:SoulVesselRelic":42,"Eternal Feather":23,"The Courier":47,"Guardian:PocketSentry":30,"Orichalcum":34,"MawBank":46,"aspiration:HiddenCompartment":54,"Calling Bell":34,"paleoftheancients:Timepiece":50,"theMarked:ArtifactOfAir":0,"CaptainsWheel":9,"Hallownest:WatcherSealRelic":19,"Replay:Baseball":38,"energizedSpire:NeverEndingSparkler":17,"Bird Faced Urn":34,"Simple Rune":58,"Turnip":0,"Dota2Spire:LinkenSphere":28,"Durian":53,"Membership Card":53,"PureWater":54,"hubris:BottledRain":26},{"Dota2Spire:EchoSabre":21,"Dota2Spire:PowerTreads":14,"aspiration:Lifesprig":27,"Lantern":27,"Singing Bowl":16,"Gremlin Horn":25,"Spirit Poop":25,"Blue Doll":4,"Hallownest:DreamNailRelic":6,"Incense Burner":27,"Replay:Mystery Machine":12,"Pet Ghost":5,"theMarked:KettuFlask":14,"Blood Vial":6,"Dream Catcher":24,"Centennial Puzzle":27,"hubris:Icosahedron":5,"HornCleat":15,"paleoftheancients:SoulOfTheWatcher":26,"Chemical X":27,"aspiration:ChemicalBlood":21,"paleoftheancients:KeyRelic":25,"Happy Flower":19,"ReplayTheSpireMod:CursedCoin":14,"aspiration:Nostalgia":27,"Hallownest:SoulVesselRelic":21,"Eternal Feather":12,"The Courier":23,"Guardian:PocketSentry":14,"Orichalcum":16,"MawBank":23,"aspiration:HiddenCompartment":27,"Calling Bell":16,"paleoftheancients:Timepiece":25,"theMarked:ArtifactOfAir":0,"CaptainsWheel":5,"Hallownest:WatcherSealRelic":8,"Replay:Baseball":19,"energizedSpire:NeverEndingSparkler":7,"Bird Faced Urn":16,"Simple Rune":28,"Turnip":0,"Dota2Spire:LinkenSphere":13,"Durian":27,"Membership Card":27,"PureWater":27,"hubris:BottledRain":12},{"Dota2Spire:EchoSabre":107,"Dota2Spire:PowerTreads":75,"aspiration:Lifesprig":133,"Lantern":133,"Singing Bowl":85,"Gremlin Horn":125,"Spirit Poop":125,"Blue Doll":17,"Hallownest:DreamNailRelic":28,"Incense Burner":133,"Replay:Mystery Machine":61,"Pet Ghost":22,"theMarked:KettuFlask":75,"Blood Vial":28,"Dream Catcher":120,"Centennial Puzzle":133,"hubris:Icosahedron":22,"HornCleat":80,"paleoftheancients:SoulOfTheWatcher":131,"Chemical X":133,"aspiration:ChemicalBlood":107,"paleoftheancients:KeyRelic":125,"Happy Flower":98,"ReplayTheSpireMod:CursedCoin":75,"aspiration:Nostalgia":133,"Hallownest:SoulVesselRelic":107,"Eternal Feather":61,"The Courier":115,"Guardian:PocketSentry":75,"Orichalcum":85,"MawBank":115,"aspiration:HiddenCompartment":133,"Calling Bell":85,"paleoftheancients:Timepiece":125,"theMarked:ArtifactOfAir":0,"CaptainsWheel":22,"Hallownest:WatcherSealRelic":41,"Replay:Baseball":98,"energizedSpire:NeverEndingSparkler":35,"Bird Faced Urn":85,"Simple Rune":138,"Turnip":0,"Dota2Spire:LinkenSphere":71,"Durian":133,"Membership Card":133,"PureWater":133,"hubris:BottledRain":61}]},"card_choices":[{"not_picked":["theMarked:Convert","theMarked:Aftermath"],"picked":"theMarked:ResourceFulStrike","floor":1.0},{"not_picked":["theMarked:Static","theMarked:Frustration"],"picked":"theMarked:RogueSparks","floor":2.0},{"not_picked":["theMarked:Panic","theMarked:TunnelVision"],"picked":"theMarked:EnhancedHearing","floor":4.0},{"not_picked":["theMarked:RepellingDischarge","theMarked:SwordAndMagic"],"picked":"theMarked:Opportunist","floor":6.0},{"not_picked":["theMarked:Static","theMarked:Parkour"],"picked":"theMarked:SwordAndMagic","floor":8.0},{"not_picked":["theMarked:EnhanceMovement","theMarked:ResourceFulStrike"],"picked":"theMarked:RepellingDischarge","floor":13.0},{"not_picked":["theMarked:FavorableWinds","theMarked:Levitate"],"picked":"theMarked:SummonStrength","floor":16.0},{"not_picked":["theMarked:RepellingDischarge","theMarked:KeepCalmAndFightOn"],"picked":"theMarked:HeightenedSenses+1","floor":18.0},{"not_picked":["theMarked:Electrocute","theMarked:TakeCover+1"],"picked":"theMarked:EmpowerWeapon","floor":20.0},{"not_picked":["theMarked:Indomitable","theMarked:WastefulAttack"],"picked":"theMarked:DeterminationOfTheMarked","floor":21},{"not_picked":["theMarked:PowerFlow","theMarked:ResourceFulStrike+1"],"picked":"theMarked:Panic+1","floor":22},{"not_picked":["theMarked:Electrify","theMarked:SwordAndMagic"],"picked":"theMarked:SuspiciousRaven","floor":23},{"not_picked":["theMarked:RepellingDischarge","theMarked:ChainLightning+1"],"picked":"theMarked:Aftermath","floor":25},{"not_picked":["theMarked:Frustration","theMarked:RepellingDischarge"],"picked":"theMarked:WastefulDefense","floor":25},{"not_picked":["theMarked:Convert+1","theMarked:PowerFlow"],"picked":"theMarked:Challenge","floor":28},{"not_picked":["theMarked:ResourceFulStrike","theMarked:WardOff+1"],"picked":"theMarked:HeritageOfTheMarked","floor":29},{"not_picked":["theMarked:Convert","theMarked:ChainLightning"],"picked":"theMarked:ElectricStrings","floor":31},{"not_picked":["theMarked:BindingBlade","theMarked:SummonStrength"],"picked":"theMarked:Snap","floor":33},{"not_picked":["theMarked:Static+1","theMarked:Electrocute+1","theMarked:GodGivenPower"],"picked":"Singing Bowl","floor":35},{"not_picked":["theMarked:WastefulAttack+1","theMarked:Panic"],"picked":"theMarked:UnarmedFury","floor":36},{"not_picked":["theMarked:ChainLightning","theMarked:Aftermath+1"],"picked":"theMarked:ShockingTouch+1","floor":37},{"not_picked":["theMarked:WastefulAttack","theMarked:RepellingDischarge"],"picked":"theMarked:MysticalArsenal","floor":39},{"not_picked":["theMarked:WastefulAttack","theMarked:SwordAndMagic+1"],"picked":"theMarked:EnhancedHearing+1","floor":41},{"not_picked":["theMarked:Electrify+1","theMarked:HeightenedSenses"],"picked":"theMarked:BanishingStrike","floor":45},{"not_picked":["theMarked:EmpowerWeapon+1","theMarked:SwordAndMagic"],"picked":"theMarked:Panic","floor":46},{"not_picked":["theMarked:Reabsorb+1","theMarked:TwofoldDefense+1"],"picked":"theMarked:ThrowWeapon","floor":48},{"not_picked":["theMarked:MuscleMemory","theMarked:TakeOffHeels"],"picked":"theMarked:SoldierForm","floor":50},{"not_picked":["theMarked:TunnelVision","theMarked:MaelstromOfLightning+1"],"picked":"theMarked:RogueSparks","floor":51},{"not_picked":["theMarked:SwordAndMagic","theMarked:WastefulAttack+1"],"picked":"theMarked:Panic","floor":52},{"not_picked":["theMarked:GodGivenPower","theMarked:BanishingStrike"],"picked":"theMarked:Opportunist","floor":55},{"not_picked":["theMarked:Frustration","theMarked:BanishingStrike+1"],"picked":"theMarked:WastefulAttack+1","floor":56}],"player_experience":326156,"relics_obtained":[{"floor":6.0,"key":"Blue Doll"},{"floor":8.0,"key":"Pet Ghost"},{"floor":9.0,"key":"CaptainsWheel"},{"floor":13.0,"key":"Blood Vial"},{"floor":23,"key":"Eternal Feather"},{"floor":25,"key":"Replay:Mystery Machine"},{"floor":26,"key":"hubris:BottledRain"},{"floor":28,"key":"Dota2Spire:LinkenSphere"},{"floor":31,"key":"HornCleat"},{"floor":34,"key":"Orichalcum"},{"floor":34,"key":"Singing Bowl"},{"floor":34,"key":"Bird Faced Urn"},{"floor":41,"key":"aspiration:ChemicalBlood"},{"floor":43,"key":"Dota2Spire:EchoSabre"},{"floor":46,"key":"MawBank"},{"floor":47,"key":"The Courier"},{"floor":48,"key":"Dream Catcher"},{"floor":51,"key":"paleoftheancients:SoulOfTheWatcher"},{"floor":58,"key":"Simple Rune"}],"event_choices":[],"is_beta":false,"boss_relics":[{"not_picked":["Replay:Wanted Poster","hubris:GrandSneckoEye"],"picked":"energizedSpire:NeverEndingSparkler"},{"not_picked":["conspire:SlowCooker","aspiration:RitualDagger"],"picked":"Calling Bell"}],"items_purged_floors":[30],"is_endless":false,"potions_floor_spawned":[1,4,13,18,21,22,29,33,41,45,46,50,56],"ascension_level":3}}