{"host":"709gjpjg43u3i5a8","time":1608502779,"event":{"mods":["BaseMod","Colored Map","Colored Powertips","Downfall","Hermit","Hubris","Infinite Spire","Marisa????????","Minty Spire (QoL Compilation)","Remilia??????","StSLib","Td1madao Mod","The Animator","The Bug Knight","The Cursed","The Disciple","The Hierophant","The Jungle","The Servant 0.9.4"],"gold_per_floor":[99,110,126,156,156,190,243,243,243,274,294,294,294,26,42,146,146,96,96,130,40,52,69,96,46,72,22,99,118,218,229,240,343,343,293,304,336,355,135,147,172,172,172],"floor_reached":42,"playtime":4509,"items_purged":["Slimebound:Strike_Slimebound","Slimebound:Defend_Slimebound"],"score":532,"play_id":"a3721431-d6b4-488b-b976-e9a6f30e5de7","local_time":"20201220151939","is_ascension_mode":false,"campfire_choices":[{"data":"Slimebound:Split","floor":1.0,"key":"SMITH"},{"data":"Slimebound:SelfFormingGoo","floor":5.0,"key":"SMITH"},{"data":"Slimebound:Repurpose","floor":9.0,"key":"SMITH"},{"data":"Slimebound:Overexert","floor":18.0,"key":"SMITH"},{"data":"Slimebound:LeadByExample","floor":25,"key":"SMITH"},{"data":"Slimebound:Equalize","floor":27,"key":"SMITH"},{"floor":35,"key":"RECALL"}],"circlet_count":0,"master_deck":["Slimebound:Strike_Slimebound+1","Slimebound:Strike_Slimebound+1","Slimebound:Tackle","Slimebound:Defend_Slimebound","Slimebound:Split+1","Slimebound:CorrosiveSpit","Slimebound:FirmFortitude","Slimebound:SplitAcid","Slimebound:SelfFormingGoo+1","Slimebound:Repurpose+1","Slimebound:Equalize+1","Slimebound:SplitMire","Slimebound:WasteNot+1","Slimebound:Schlurp","Slimebound:Overexert+1","Slimebound:LeadByExample+1","Slimebound:GrowthPunch","Slimebound:LivingWall","Slimebound:SplitBruiser","Slimebound:MassRepurpose","Slimebound:SamplingLick+1","expansioncontent:Collect","Slimebound:SpikyOuterGoop","Slimebound:LeechEnergy","Slimebound:MassFeed","Slimebound:Overexert","J.A.X.","Slimebound:SamplingLick","Slimebound:PressTheAttack","Slimebound:SlimeSpikes","Slimebound:MinionMaster","Slimebound:LeadByExample","hubris:NaturalOne","Slimebound:Nibble+1","Slimebound:SlimeBrawl+1","Slimebound:SlimeBarrage","expansioncontent:YouAreMine","Slimebound:GrowthPunch+1"],"relics":["Slimebound:AbsorbEndCombat","Whetstone","infinitespire:FocusingShard","hubris:Icosahedron","Tiny Chest","Slimebound:GreedOozeRelic","Bottled Tornado","hubris:VirtuousBlindfold","Slimebound:MaxSlimesRelic","Vajra","hubris:FunFungus","HollowMod:LifeEnderRelic","MutagenicStrength","Black Star","Juzu Bracelet","Toy Ornithopter","Oddly Smooth Stone"],"acts_visited":["Exordium","TheCity","TheBeyond"],"potions_floor_usage":[30,32,38,40,40,42,42],"damage_taken":[{"damage":10.0,"enemies":"Cultist","floor":2.0,"turns":4.0},{"damage":15.0,"enemies":"Jaw Worm","floor":3.0,"turns":4.0},{"damage":34.0,"enemies":"3 Sentries","floor":4.0,"turns":6.0},{"damage":31.0,"enemies":"Gremlin Nob","floor":6.0,"turns":4.0},{"damage":37.0,"enemies":"3 Sentries","floor":10.0,"turns":5.0},{"damage":4.0,"enemies":"2 Louse","floor":11.0,"turns":2.0},{"damage":8.0,"enemies":"downfall:FleeingMerchant","floor":14.0,"turns":4.0},{"damage":16.0,"enemies":"Gremlin Gang","floor":15.0,"turns":4.0},{"damage":55.0,"enemies":"downfall:Ironclad","floor":16.0,"turns":6.0},{"damage":12.0,"enemies":"Gremlin Leader","floor":20.0,"turns":3.0},{"damage":36.0,"enemies":"downfall:FleeingMerchant","floor":21.0,"turns":4.0},{"damage":35.0,"enemies":"3 Byrds","floor":22.0,"turns":3.0},{"damage":36.0,"enemies":"Centurion and Healer","floor":23.0,"turns":4.0},{"damage":40,"enemies":"HollowMod:Nosk","floor":26,"turns":5},{"damage":25,"enemies":"downfall:FleeingMerchant","floor":29,"turns":3},{"damage":41,"enemies":"downfall:Augmenter","floor":30,"turns":4},{"damage":21,"enemies":"3 Cultists","floor":31,"turns":4},{"damage":37,"enemies":"Snake Plant","floor":32,"turns":2},{"damage":23,"enemies":"downfall:Defect","floor":33,"turns":6},{"damage":53,"enemies":"3 Darklings","floor":36,"turns":4},{"damage":78,"enemies":"Giant Head","floor":37,"turns":7},{"damage":9,"enemies":"Orb Walker","floor":38,"turns":2},{"damage":31,"enemies":"Spire Growth","floor":40,"turns":3},{"damage":57,"enemies":"Nightmare","floor":42,"turns":7}],"seed_played":"-4998904148256745099","potions_obtained":[{"floor":6.0,"key":"DistilledChaos"},{"floor":11.0,"key":"EssenceOfSteel"},{"floor":15.0,"key":"Swift Potion"},{"floor":20.0,"key":"Slimebound:SlimyTonguePotion"},{"floor":23.0,"key":"champ:CounterPotion"},{"floor":31,"key":"SkillPotion"},{"floor":33,"key":"SteroidPotion"},{"floor":37,"key":"GamblersBrew"},{"floor":40,"key":"champ:CounterPotion"}],"is_trial":false,"path_per_floor":["R","M","M","E","R","E","T","?","R","E","M","?","?","$","M","B",null,"R","?","E","$","M","M","T","R","E","R","T","$","?","M","M","B",null,"R","M","E","M","$","M","T","NM"],"character_chosen":"SLIMEBOUND","items_purchased":["Bottled Tornado","expansioncontent:Collect","Slimebound:SpikyOuterGoop","Slimebound:LeechEnergy","Slimebound:SlimeBarrage","Energy Potion","expansioncontent:YouAreMine"],"campfire_rested":0,"item_purchase_floors":[14,29,29,29,39,39,39],"current_hp_per_floor":[66,66,63,42,42,31,31,31,31,45,59,59,59,66,62,51,66,66,66,66,64,55,43,43,43,41,41,41,38,36,48,29,49,69,69,52,12,22,22,25,25,0,0],"gold":172,"neow_bonus":"TEN_PERCENT_HP_BONUS","is_daily":false,"chose_seed":false,"campfire_upgraded":6,"win_rate":0.0,"timestamp":1608502779,"path_taken":["R","M","M","E","R","E","T","?","R","E","M","?","?","$","M","BOSS","R","?","E","$","M","M","T","R","E","R","?","?","?","M","M","BOSS","R","M","E","M","$","M","T","NM"],"items_purchased_type":["Relic","Card","Card","Card","Card","Potion","Card"],"build_version":"2020-12-13","purchased_purges":2,"victory":false,"max_hp_per_floor":[66,66,66,66,66,66,66,66,66,66,66,66,66,66,66,66,66,66,66,66,66,66,66,66,66,66,66,66,66,66,69,69,69,69,69,69,69,69,69,69,69,69,69],"card_choices":[{"not_picked":["Slimebound:SlimeSpikes","Slimebound:Equalize"],"picked":"Slimebound:FirmFortitude","floor":2.0},{"not_picked":["Slimebound:RainOfGoop","Slimebound:ViciousTackle"],"picked":"Slimebound:SplitAcid","floor":3.0},{"not_picked":["Slimebound:SplitBruiser","Slimebound:RejuvenatingLick"],"picked":"Slimebound:SelfFormingGoo","floor":4.0},{"not_picked":["Slimebound:LeechingTouch","Slimebound:WasteNot"],"picked":"Slimebound:Repurpose","floor":6.0},{"not_picked":["Slimebound:ForwardTackle","Slimebound:SplitBruiser"],"picked":"Slimebound:Equalize","floor":10.0},{"not_picked":["Slimebound:MegaLick","Slimebound:Dissolve"],"picked":"Slimebound:SplitMire","floor":11.0},{"not_picked":["Slimebound:SplitLeeching","Slimebound:SamplingLick"],"picked":"Slimebound:WasteNot","floor":14.0},{"not_picked":["Slimebound:LeechingTouch","Slimebound:FinishingTackle"],"picked":"Slimebound:Schlurp","floor":15.0},{"not_picked":["Slimebound:DouseInSlime","Slimebound:MassFeed"],"picked":"Slimebound:Overexert","floor":16.0},{"not_picked":["Slimebound:FinishingTackle","Slimebound:MegaLick"],"picked":"Slimebound:LeadByExample","floor":20.0},{"not_picked":["Slimebound:ItLooksTasty","Slimebound:ComboTackle"],"picked":"Slimebound:GrowthPunch","floor":21.0},{"not_picked":["Slimebound:PressTheAttack","Slimebound:Equalize"],"picked":"Slimebound:LivingWall","floor":22.0},{"not_picked":["Slimebound:ViciousTackle+1","Slimebound:PressTheAttack"],"picked":"Slimebound:SplitBruiser","floor":23.0},{"not_picked":["Slimebound:SlimeSpikes","Slimebound:GoopSpray"],"picked":"Slimebound:MassRepurpose","floor":26},{"not_picked":["Slimebound:Schlurp","Slimebound:RainOfGoop"],"picked":"Slimebound:SamplingLick+1","floor":29},{"not_picked":[],"picked":"J.A.X.","floor":30},{"not_picked":["Slimebound:ViciousTackle","Slimebound:SplitMire"],"picked":"Slimebound:SamplingLick","floor":30},{"not_picked":["Slimebound:ViciousTackle+1","Slimebound:LivingWall"],"picked":"Slimebound:PressTheAttack","floor":31},{"not_picked":["Slimebound:Schlurp","Slimebound:BestDefense"],"picked":"Slimebound:SlimeSpikes","floor":32},{"not_picked":["Slimebound:MassFeed","Slimebound:MassRepurpose"],"picked":"Slimebound:MinionMaster","floor":33},{"not_picked":["Slimebound:SplitAcid+1","Slimebound:Schlurp+1"],"picked":"Slimebound:LeadByExample","floor":36},{"not_picked":["Slimebound:LeechingTouch+1","Slimebound:ForwardTackle+1"],"picked":"Slimebound:Nibble+1","floor":37},{"not_picked":["Slimebound:HauntingLick+1","Slimebound:PressTheAttack+1"],"picked":"Slimebound:SlimeBrawl+1","floor":38},{"not_picked":["Slimebound:Prepare","Slimebound:Schlurp"],"picked":"Slimebound:GrowthPunch+1","floor":40}],"player_experience":340521,"relics_obtained":[{"floor":4.0,"key":"Whetstone"},{"floor":6.0,"key":"infinitespire:FocusingShard"},{"floor":10.0,"key":"Tiny Chest"},{"floor":20.0,"key":"Slimebound:MaxSlimesRelic"},{"floor":24,"key":"Vajra"},{"floor":26,"key":"hubris:FunFungus"},{"floor":28,"key":"HollowMod:LifeEnderRelic"},{"floor":30,"key":"MutagenicStrength"},{"floor":37,"key":"Juzu Bracelet"},{"floor":37,"key":"Toy Ornithopter"},{"floor":41,"key":"Oddly Smooth Stone"}],"event_choices":[{"damage_healed":0.0,"max_hp_gain":0.0,"max_hp_loss":0.0,"gold_gain":0.0,"event_name":"Upgrade Shrine","player_choice":"Upgraded","floor":19.0,"gold_loss":0.0,"damage_taken":0.0,"cards_upgraded":["Slimebound:WasteNot"]}],"is_beta":false,"boss_relics":[{"not_picked":["Snecko Eye","hubris:BlackHole"],"picked":"hubris:VirtuousBlindfold"},{"not_picked":["Cursed Key","infinitespire:Cupcake"],"picked":"Black Star"}],"items_purged_floors":[21,29],"is_endless":false,"potions_floor_spawned":[6,11,15,20,23,26,31,33,37,40],"killed_by":"Nightmare","ascension_level":0}}