{"host":"kw4o7b3ro2ktmmbe","time":1608443095,"event":{"mods":["BaseMod","Minty Spire (QoL Compilation)","StSLib","The Marked","Treasure Hunter"],"gold_per_floor":[149,149,159,173,188,188,203,203,203,221,234,234,249,249,249,346,346,362,362,372,384,309,309,336,349,375,375,389,389,389,89,89,179,179,196,196,196,196,206,206,236,236,236,236,253,254,254,266,266,212],"floor_reached":51,"playtime":5243,"items_purged":[],"score":797,"play_id":"c961ba1e-7658-423d-a5b6-d4b799925a0b","local_time":"20201220184455","is_ascension_mode":false,"campfire_choices":[{"data":"theMarked:SoldierOfQuellstein","floor":6.0,"key":"SMITH"},{"data":"theMarked:EmpowerWeapon","floor":8.0,"key":"SMITH"},{"data":"theMarked:EmpowerWeapon","floor":12.0,"key":"SMITH"},{"data":"theMarked:RogueSparks","floor":15.0,"key":"SMITH"},{"data":"theMarked:EnhancedHearing","floor":23.0,"key":"SMITH"},{"data":"theMarked:SoldierOfQuellstein","floor":27.0,"key":"SMITH"},{"data":"theMarked:MuscleMemory","floor":29.0,"key":"SMITH"},{"data":"theMarked:WardOff","floor":32.0,"key":"SMITH"},{"data":"TH:ElvenBoots","floor":40.0,"key":"SMITH"},{"floor":42.0,"key":"DIG"},{"floor":47,"key":"DIG"},{"floor":49,"key":"DIG"}],"circlet_count":0,"master_deck":["theMarked:Strike","theMarked:Strike","theMarked:Strike","theMarked:Defend","theMarked:Defend+1","theMarked:Defend","theMarked:Defend","theMarked:SoldierOfQuellstein+1","theMarked:WardOff+1","theMarked:EmpowerWeapon+1","theMarked:ParalyzingBlade+1","theMarked:EmpowerWeapon+1","theMarked:WardOff+1","TH:DeckOfManyThings","theMarked:RogueSparks+1","TH:TreasureMap","theMarked:MuscleMemory+1","theMarked:ChannelForce+1","theMarked:SoldierOfQuellstein+1","theMarked:EnhancedHearing+1","TH:CopperCoins","TH:TreasureMap","TH:ElvenBoots+1","theMarked:Challenge","theMarked:Seal+1","Madness","Madness","theMarked:WardOff","TH:BikiniMail","theMarked:WastefulDefense+1","TH:ElvenBoots","theMarked:Overcharge+1","TH:ElvenBoots","theMarked:EmpowerWeapon+1","TH:Mimic","theMarked:DeterminationOfTheMarked"],"relics":["theMarked:SpiritSword","InkBottle","Runic Dome","War Paint","Juzu Bracelet","TH:HealthInsurance","Centennial Puzzle","theMarked:Eyepatch","Shovel","Bag of Preparation","Potion Belt","Dream Catcher","theMarked:KettuFlask","Torii","Ornamental Fan"],"acts_visited":["Exordium","TheCity","TheBeyond"],"potions_floor_usage":[46,48,50,50,50],"damage_taken":[{"damage":6.0,"enemies":"Jaw Worm","floor":1.0,"turns":3.0},{"damage":1.0,"enemies":"2 Louse","floor":3.0,"turns":3.0},{"damage":0.0,"enemies":"Cultist","floor":4.0,"turns":3.0},{"damage":0.0,"enemies":"2 Fungi Beasts","floor":5.0,"turns":4.0},{"damage":4.0,"enemies":"Large Slime","floor":7.0,"turns":4.0},{"damage":15.0,"enemies":"Exordium Thugs","floor":10.0,"turns":3.0},{"damage":4.0,"enemies":"Blue Slaver","floor":11.0,"turns":3.0},{"damage":14.0,"enemies":"Gremlin Gang","floor":13.0,"turns":3.0},{"damage":0.0,"enemies":"The Guardian","floor":16.0,"turns":7.0},{"damage":10.0,"enemies":"3 Byrds","floor":18.0,"turns":4.0},{"damage":0.0,"enemies":"Shell Parasite","floor":20.0,"turns":3.0},{"damage":15.0,"enemies":"Cultist and Chosen","floor":21.0,"turns":5.0},{"damage":11.0,"enemies":"Gremlin Leader","floor":24.0,"turns":5.0},{"damage":6.0,"enemies":"Chosen and Byrds","floor":25.0,"turns":5.0},{"damage":3.0,"enemies":"Snake Plant","floor":28.0,"turns":3.0},{"damage":17.0,"enemies":"Collector","floor":33.0,"turns":5.0},{"damage":3.0,"enemies":"3 Shapes","floor":35.0,"turns":5.0},{"damage":16.0,"enemies":"3 Darklings","floor":39.0,"turns":4.0},{"damage":0.0,"enemies":"Reptomancer","floor":41.0,"turns":5.0},{"damage":9,"enemies":"Spire Growth","floor":45,"turns":4},{"damage":23,"enemies":"Giant Head","floor":46,"turns":7},{"damage":19,"enemies":"Nemesis","floor":48,"turns":9},{"damage":52,"enemies":"Time Eater","floor":50,"turns":10}],"seed_played":"314075754221602333","potions_obtained":[{"floor":5.0,"key":"Fruit Juice"},{"floor":7.0,"key":"LiquidBronze"},{"floor":10.0,"key":"ColorlessPotion"},{"floor":11.0,"key":"Weak Potion"},{"floor":20.0,"key":"Regen Potion"},{"floor":24.0,"key":"Explosive Potion"},{"floor":39.0,"key":"BlessingOfTheForge"},{"floor":41.0,"key":"SkillPotion"},{"floor":44.0,"key":"theMarked:SummonPotion"},{"floor":44.0,"key":"BlessingOfTheForge"},{"floor":44.0,"key":"EssenceOfSteel"},{"floor":45,"key":"SteroidPotion"}],"is_trial":false,"path_per_floor":["M","?","M","M","M","R","M","R","T","M","M","R","M","?","R","B",null,"M","?","M","M","?","R","E","M","T","R","M","R","?","$","R","B",null,"M","?","?","$","M","R","E","R","T","?","M","E","R","E","R","B",null],"character_chosen":"THE_DEFAULT","items_purchased":["TH:HealthInsurance","Centennial Puzzle"],"campfire_rested":0,"item_purchase_floors":[31,31],"current_hp_per_floor":[64,69,68,68,73,73,69,69,69,54,50,50,36,29,29,29,80,70,70,70,55,55,55,56,50,50,50,47,47,47,47,47,42,80,77,67,67,67,51,51,51,51,51,51,42,47,47,44,44,46],"gold":212,"neow_bonus":"BOSS_RELIC","is_daily":false,"chose_seed":false,"campfire_upgraded":9,"win_rate":0.0,"timestamp":1608443095,"path_taken":["M","?","M","M","M","R","M","R","T","M","M","R","M","?","R","BOSS","M","?","M","?","?","R","E","M","T","R","M","R","?","$","R","BOSS","M","?","?","$","M","R","E","R","T","?","M","E","R","E","R","BOSS"],"items_purchased_type":["Relic","Relic"],"build_version":"2020-12-13","purchased_purges":0,"victory":true,"max_hp_per_floor":[70,75,75,75,80,80,80,80,80,80,80,80,80,80,80,80,80,80,80,80,80,80,80,80,80,80,80,80,80,80,80,80,80,80,80,80,80,80,80,80,80,80,80,80,80,80,80,80,80,80],"card_choices":[{"not_picked":["theMarked:Panic","theMarked:Static"],"picked":"theMarked:WardOff","floor":1.0},{"not_picked":["theMarked:ChainLightning","theMarked:ShockingTouch"],"picked":"theMarked:EmpowerWeapon","floor":3.0},{"not_picked":["theMarked:Panic","theMarked:LightningStrikesTwice"],"picked":"theMarked:ParalyzingBlade","floor":4.0},{"not_picked":["theMarked:Electrocute","theMarked:Aftermath"],"picked":"theMarked:EmpowerWeapon","floor":5.0},{"not_picked":["theMarked:Parkour","theMarked:Improvise"],"picked":"theMarked:WardOff","floor":7.0},{"not_picked":["TH:EnergyPotion"],"picked":"TH:DeckOfManyThings","floor":9.0},{"not_picked":["theMarked:TwofoldDefense","theMarked:Generate","theMarked:ChainLightning"],"picked":"SKIP","floor":10.0},{"not_picked":["theMarked:ReduceFriction","theMarked:TwofoldDefense","theMarked:Seal"],"picked":"SKIP","floor":11.0},{"not_picked":["theMarked:TunnelVision","theMarked:Aftermath"],"picked":"theMarked:RogueSparks","floor":13.0},{"not_picked":["TH:Mimic"],"picked":"TH:TreasureMap","floor":16.0},{"not_picked":["theMarked:Levitate","theMarked:DispelDoubt"],"picked":"theMarked:MuscleMemory","floor":16.0},{"not_picked":["theMarked:ElectricStrings+1","theMarked:Frustration+1","theMarked:ResourceFulStrike"],"picked":"SKIP","floor":18.0},{"not_picked":["theMarked:Generate","theMarked:Electrocute","theMarked:TwofoldDefense"],"picked":"SKIP","floor":20.0},{"not_picked":["theMarked:ChainLightning","theMarked:PowerFlow"],"picked":"theMarked:EnhancedHearing","floor":21.0},{"not_picked":["TH:ArmorSpikes"],"picked":"TH:CopperCoins","floor":24.0},{"not_picked":["theMarked:ChainLightning","theMarked:GodGivenPower","theMarked:TwofoldDefense"],"picked":"SKIP","floor":24.0},{"not_picked":["theMarked:BanishingStrike","theMarked:Panic","theMarked:SelfDefenseTraining+1"],"picked":"SKIP","floor":25.0},{"not_picked":["TH:EnergyPotion"],"picked":"TH:TreasureMap","floor":26.0},{"not_picked":["theMarked:RepellingDischarge+1","theMarked:Frustration","theMarked:Static"],"picked":"SKIP","floor":28.0},{"not_picked":["TH:ArmorSpikes"],"picked":"TH:ElvenBoots","floor":33.0},{"not_picked":["theMarked:UnarmedFury","theMarked:DispelDoubt"],"picked":"theMarked:Challenge","floor":33.0},{"not_picked":["theMarked:WastefulAttack+1","theMarked:Panic"],"picked":"theMarked:Seal+1","floor":35.0},{"not_picked":["theMarked:Opportunist","theMarked:ChainLightning+1"],"picked":"theMarked:WardOff","floor":39.0},{"not_picked":["TH:TreasureMap"],"picked":"TH:BikiniMail","floor":41.0},{"not_picked":["theMarked:BanishingWave+1","theMarked:StartUp+1"],"picked":"theMarked:WastefulDefense+1","floor":41.0},{"not_picked":["TH:EnergyPotion"],"picked":"TH:ElvenBoots","floor":43.0},{"not_picked":["theMarked:HeightenedSenses+1","theMarked:WastefulAttack+1"],"picked":"theMarked:Overcharge+1","floor":45},{"not_picked":["TH:PixieDust"],"picked":"TH:ElvenBoots","floor":46},{"not_picked":["theMarked:Parkour","theMarked:WastefulAttack"],"picked":"theMarked:EmpowerWeapon+1","floor":46},{"not_picked":["TH:CursedSword"],"picked":"TH:Mimic","floor":48},{"not_picked":["theMarked:Generate","theMarked:Reabsorb"],"picked":"theMarked:DeterminationOfTheMarked","floor":48}],"player_experience":1751030,"relics_obtained":[{"floor":9.0,"key":"InkBottle"},{"floor":24.0,"key":"War Paint"},{"floor":26.0,"key":"Juzu Bracelet"},{"floor":41.0,"key":"Shovel"},{"floor":42.0,"key":"Bag of Preparation"},{"floor":43.0,"key":"Potion Belt"},{"floor":46,"key":"Dream Catcher"},{"floor":47,"key":"theMarked:KettuFlask"},{"floor":48,"key":"Torii"},{"floor":49,"key":"Ornamental Fan"}],"event_choices":[{"damage_healed":0.0,"max_hp_gain":5.0,"max_hp_loss":0.0,"gold_gain":0.0,"event_name":"Big Fish","player_choice":"Donut","floor":2.0,"gold_loss":0.0,"damage_taken":0.0},{"cards_removed":["theMarked:Strike"],"damage_healed":0.0,"max_hp_gain":0.0,"max_hp_loss":0.0,"gold_gain":0.0,"event_name":"Golden Wing","player_choice":"Card Removal","floor":14.0,"gold_loss":0.0,"damage_taken":7.0},{"damage_healed":0.0,"max_hp_gain":0.0,"max_hp_loss":0.0,"gold_gain":0.0,"event_name":"Match and Keep!","player_choice":"2 cards matched","floor":19.0,"gold_loss":0.0,"damage_taken":0.0,"cards_obtained":["theMarked:ChannelForce","theMarked:SoldierOfQuellstein"]},{"cards_removed":["theMarked:Strike"],"damage_healed":0.0,"max_hp_gain":0.0,"max_hp_loss":0.0,"gold_gain":0.0,"event_name":"Beggar","player_choice":"Gave Gold","floor":22.0,"gold_loss":75.0,"damage_taken":0.0},{"damage_healed":0.0,"max_hp_gain":0.0,"max_hp_loss":0.0,"gold_gain":0.0,"event_name":"Upgrade Shrine","player_choice":"Upgraded","floor":30.0,"gold_loss":0.0,"damage_taken":0.0,"cards_upgraded":["theMarked:ChannelForce"]},{"damage_healed":0.0,"max_hp_gain":0.0,"max_hp_loss":0.0,"gold_gain":0.0,"event_name":"Winding Halls","player_choice":"Embrace Madness","floor":36.0,"gold_loss":0.0,"damage_taken":10.0,"cards_obtained":["Madness","Madness"]},{"damage_healed":0.0,"max_hp_gain":0.0,"max_hp_loss":0.0,"gold_gain":0.0,"event_name":"Upgrade Shrine","player_choice":"Upgraded","floor":37.0,"gold_loss":0.0,"damage_taken":0.0,"cards_upgraded":["theMarked:WardOff"]},{"damage_healed":0.0,"max_hp_gain":0.0,"max_hp_loss":0.0,"gold_gain":0.0,"event_name":"Lab","player_choice":"Got Potions","floor":44.0,"gold_loss":0.0,"damage_taken":0.0}],"is_beta":false,"boss_relics":[{"not_picked":["Fusion Hammer","Empty Cage"],"picked":"Runic Dome"},{"not_picked":["Black Star","SacredBark"],"picked":"theMarked:Eyepatch"}],"items_purged_floors":[],"is_endless":false,"potions_floor_spawned":[5,7,10,11,20,24,39,41,45],"ascension_level":0}}