{"host":"mgc7o2tpy0ck407l","time":1608483242,"event":{"mods":["Alarm Clock","AlwaysNeverKeys","BaseMod","Better Altar","Better Match","Better Note","Better Sensory Stone","Better Skull","Better Third Choice","Better Vampires","Block Reminder","Booster Modes","Challenge The Spire","Colored Map","Colored Powertips","Disable Question Mark Monsters","Emptier Cage","Infinite Spire","Minty Spire (QoL Compilation)","Permanent Neow","Quick Restart","Rare Cards Sparkle","Reorder Act Four","Replay The Spire","Spicy Shops","StSLib","The Blue Laboratory","Transform Curses","Unceasing Turn Reminder"],"gold_per_floor":[111,36,47,58,8,36,3,17,17,17,28,28,45,55,55,150,150,162,174,174,174,174,174,27,27,51,71,101,101,101,121,121,225,225,243,298,310,51,65,65,65],"floor_reached":40,"playtime":1799,"items_purged":["Strike_B","Normality"],"score":453,"play_id":"c0a39d74-a671-47a3-84c5-e67b9a963489","local_time":"20201220115401","is_ascension_mode":true,"campfire_choices":[{"data":"Storm","floor":12.0,"key":"SMITH"},{"floor":15.0,"key":"REST"},{"data":"Defragment","floor":23.0,"key":"SMITH"},{"data":"FIFO Queue","floor":25.0,"key":"SMITH"},{"data":"Reinforced Body","floor":30.0,"key":"SMITH"},{"data":"Strike_B","floor":32.0,"key":"PURGE"}],"circlet_count":0,"master_deck":["Strike_B","Defend_B","Defend_B","Defend_B","Defend_B","Zap","Dualcast","Electrodynamics","Storm+1","Thunder Strike+1","Electrodynamics+1","Defragment+1","Reinforced Body+1","Machine Learning","FIFO Queue+1","BasicCrystalCard","Conserve Battery","Tempest","BasicCrystalCard","Leap","Machine Learning","Defragment+1","Machine Learning","Recycle","Barrage+1","Capacitor+1","Panic Button","infinitespire:UltimateForm+1","Force Field","Buffer+1","Lockon","Fusion","Conserve Battery+1","Conserve Battery+1","Defragment+1","ReplayTheSpireMod:Private Reserves","Double Energy"],"relics":["Cracked Core","Prayer Wheel","Strawberry","Sundial","Philosopher\u0027s Stone","infinitespire:Lychee Nut","Bird Faced Urn","DataDisk","Frozen Egg 2","Gremlin Food","Coffee Dripper","Boot","ReplayTheSpireMod:CursedCoin","Blue Doll"],"acts_visited":["Exordium","TheCity","TheBeyond"],"potions_floor_usage":[40,40],"damage_taken":[{"damage":8.0,"enemies":"Small Slimes","floor":1.0,"turns":2.0},{"damage":6.0,"enemies":"Cultist","floor":3.0,"turns":3.0},{"damage":5.0,"enemies":"2 Louse","floor":4.0,"turns":2.0},{"damage":25.0,"enemies":"Gremlin Nob","floor":6.0,"turns":4.0},{"damage":0.0,"enemies":"2 Fungi Beasts","floor":8.0,"turns":1.0},{"damage":13.0,"enemies":"Lots of Slimes","floor":11.0,"turns":3.0},{"damage":13.0,"enemies":"Exordium Wildlife","floor":13.0,"turns":2.0},{"damage":2.0,"enemies":"Blue Slaver","floor":14.0,"turns":3.0},{"damage":27.0,"enemies":"Slime Boss","floor":16.0,"turns":6.0},{"damage":7.0,"enemies":"Chosen","floor":18.0,"turns":4.0},{"damage":2.0,"enemies":"Spheric Guardian","floor":19.0,"turns":3.0},{"damage":17.0,"enemies":"Cultist and Chosen","floor":27.0,"turns":5.0},{"damage":30.0,"enemies":"Replay:Snechameleon","floor":28.0,"turns":4.0},{"damage":16.0,"enemies":"Shelled Parasite and Fungi","floor":31.0,"turns":3.0},{"damage":35.0,"enemies":"Automaton","floor":33.0,"turns":5.0},{"damage":4.0,"enemies":"Orb Walker","floor":35.0,"turns":3.0},{"damage":44.0,"enemies":"3 Darklings","floor":37.0,"turns":5.0},{"damage":27.0,"enemies":"Writhing Mass","floor":39.0,"turns":4.0},{"damage":54,"enemies":"Giant Head","floor":40,"turns":5}],"seed_played":"386722657242082865","potions_obtained":[{"floor":3.0,"key":"Energy Potion"},{"floor":4.0,"key":"blueLaboratory:PhilterOfMotion"},{"floor":8.0,"key":"blueLaboratory:NullPotion"},{"floor":22.0,"key":"Toxic Potion"},{"floor":36.0,"key":"blueLaboratory:PlasmaFuel"}],"is_trial":false,"path_per_floor":["M","?","M","M","?","E","$","M","T","?","M","R","M","M","R","B",null,"M","M","?","T","?","R","$","R","T","M","E","AVR","R","M","R_BF","B",null,"M","?","M","$","M","E"],"character_chosen":"DEFECT","items_purchased":["FIFO Queue","Bird Faced Urn","ReplayTheSpireMod:CursedCoin","Blue Doll","Defragment+1","ReplayTheSpireMod:Private Reserves"],"campfire_rested":1,"item_purchase_floors":[7,24,38,38,38,38],"current_hp_per_floor":[67,67,61,56,56,38,38,38,38,38,25,25,12,10,34,7,82,75,73,73,61,61,61,61,61,61,55,38,38,38,39,39,30,61,61,46,28,28,23,0,0],"gold":65,"neow_bonus":"THREE_RARE_CARDS","is_daily":false,"chose_seed":false,"campfire_upgraded":4,"win_rate":0.0,"timestamp":1608483241,"path_taken":["M","?","M","M","?","E","$","M","T","?","M","R","?","M","R","BOSS","M","M","?","?","?","R","$","R","T","M","E","AVR","R","M","R_BF","BOSS","M","?","?","?","M","E"],"items_purchased_type":["Card","Relic","Relic","Relic","Card","Card"],"build_version":"2020-12-13","purchased_purges":2,"victory":false,"max_hp_per_floor":[75,75,75,75,75,82,82,82,82,82,82,82,82,82,82,82,82,82,82,82,61,61,61,61,61,61,61,61,61,61,61,61,61,61,61,61,61,61,61,61,61],"card_choices":[{"not_picked":["ReplayTheSpireMod:Omega Cannon","Meteor Strike"],"picked":"Electrodynamics","floor":0.0},{"not_picked":["Melter","Capacitor"],"picked":"Storm","floor":1.0},{"not_picked":["ReplayRNGCard+1","Rainbow+1"],"picked":"Thunder Strike+1","floor":2.0},{"not_picked":["Seek+1","Electrodynamics+1"],"picked":"ReplayTheSpireMod:Fabricate Wheel+1","floor":2.0},{"not_picked":["Rainbow+1","Hyperbeam+1"],"picked":"Electrodynamics+1","floor":2.0},{"not_picked":["Sweeping Beam","Conserve Battery"],"picked":"Defragment","floor":3.0},{"not_picked":["Steam","White Noise"],"picked":"Reinforced Body","floor":4.0},{"not_picked":["Steam","BasicCrystalCard","Cold Snap"],"picked":"SKIP","floor":6.0},{"not_picked":["Hologram","Lockon"],"picked":"BasicCrystalCard","floor":8.0},{"not_picked":["Melter","Blizzard"],"picked":"Conserve Battery","floor":8.0},{"not_picked":["Time Bomb","Steam"],"picked":"BasicCrystalCard","floor":11.0},{"not_picked":["Double Energy","Compile Driver","Doom and Gloom"],"picked":"SKIP","floor":11.0},{"not_picked":["Sweeping Beam","Barrage"],"picked":"Leap","floor":13.0},{"not_picked":["Coolheaded","Stack","Hello World"],"picked":"SKIP","floor":13.0},{"not_picked":["Cold Snap","Reinforced Body","Stack"],"picked":"SKIP","floor":14.0},{"not_picked":["Streamline","Hello World","Barrage"],"picked":"SKIP","floor":14.0},{"not_picked":["Meteor Strike","Amplify"],"picked":"Machine Learning","floor":16.0},{"not_picked":["Beam Cell","Leap"],"picked":"Defragment+1","floor":18.0},{"not_picked":["Tempest","BasicCrystalCard","Turbo"],"picked":"SKIP","floor":18.0},{"not_picked":["Turbo+1","Ball Lightning"],"picked":"Machine Learning","floor":19.0},{"not_picked":["ReplayTheSpireMod:Repulse","Redo","Coolheaded+1"],"picked":"SKIP","floor":19.0},{"not_picked":["Hologram","Streamline"],"picked":"Barrage+1","floor":27.0},{"not_picked":["Time Bomb","Streamline"],"picked":"Capacitor+1","floor":27.0},{"not_picked":["Redo","Streamline+1"],"picked":"Panic Button","floor":28.0},{"not_picked":["Darkness","Ball Lightning"],"picked":"Force Field","floor":31.0},{"not_picked":["Coolheaded","Steam","Beam Cell+1"],"picked":"SKIP","floor":31.0},{"not_picked":["Rainbow","Seek"],"picked":"Buffer+1","floor":33.0},{"not_picked":["BasicCrystalCard","Melter"],"picked":"Lockon","floor":35.0},{"not_picked":["Capacitor+1","Hologram","Turbo"],"picked":"SKIP","floor":35.0},{"not_picked":["Beam Cell+1","Turbo"],"picked":"Fusion","floor":36.0},{"not_picked":["Chill+1","Sunder+1"],"picked":"Conserve Battery+1","floor":37.0},{"not_picked":["Tempest","Stack"],"picked":"Conserve Battery+1","floor":37.0},{"not_picked":["Panic Button","Leap+1"],"picked":"Double Energy","floor":39.0},{"not_picked":["Steam Power+1","All For One","Aggregate"],"picked":"SKIP","floor":39.0}],"player_experience":682595,"relics_obtained":[{"floor":6.0,"key":"Strawberry"},{"floor":9.0,"key":"Sundial"},{"floor":21.0,"key":"infinitespire:Lychee Nut"},{"floor":26.0,"key":"DataDisk"},{"floor":28.0,"key":"Frozen Egg 2"},{"floor":36.0,"key":"Boot"}],"event_choices":[{"damage_healed":0.0,"max_hp_gain":0.0,"max_hp_loss":0.0,"gold_gain":0.0,"event_name":"betterMatch:BetterMatch","player_choice":"3","floor":2.0,"gold_loss":0.0,"damage_taken":0.0,"cards_obtained":["betterMatch:RareCard"]},{"cards_removed":["Eruption"],"damage_healed":0.0,"max_hp_gain":0.0,"max_hp_loss":0.0,"gold_gain":0.0,"event_name":"The Cleric","player_choice":"Card Removal","floor":5.0,"gold_loss":50.0,"damage_taken":0.0},{"damage_healed":0.0,"max_hp_gain":0.0,"max_hp_loss":0.0,"gold_gain":0.0,"cards_transformed":["Strike_P"],"event_name":"Transmorgrifier","player_choice":"Transformed","floor":10.0,"gold_loss":0.0,"damage_taken":0.0,"cards_obtained":["Tempest"]},{"damage_healed":0.0,"max_hp_gain":0.0,"max_hp_loss":0.0,"gold_gain":0.0,"cards_transformed":["Strike_B"],"event_name":"Transmorgrifier","player_choice":"Transformed","floor":20.0,"gold_loss":0.0,"damage_taken":0.0,"cards_obtained":["Recycle"]},{"damage_healed":0.0,"max_hp_gain":0.0,"max_hp_loss":0.0,"gold_gain":0.0,"event_name":"Lab","player_choice":"Got Potions","floor":22.0,"gold_loss":0.0,"damage_taken":0.0}],"is_beta":false,"boss_relics":[{"not_picked":["Runic Pyramid","Runic Dome"],"picked":"Philosopher\u0027s Stone"},{"not_picked":["Replay:Wanted Poster","Replay:Drink Me"],"picked":"Coffee Dripper"}],"items_purged_floors":[29,38],"is_endless":false,"potions_floor_spawned":[3,4,8,13,14,19,27,31,33],"killed_by":"Giant Head","ascension_level":1}}