{"host":"0rxdudjy6rylha1k","time":1608481442,"event":{"mods":["Aspiration","BaseMod","Colored Map","Colored Powertips","Downfall","Highlight Path","Hubris","Minty Spire (QoL Compilation)","StSLib"],"gold_per_floor":[111,54,32,43,54,54,2,2,2,17,17,47,57,75,75,171,171,181,199,199,199],"floor_reached":20,"playtime":1686,"items_purged":[],"score":229,"play_id":"852a80c3-66f4-4235-9618-6a4a31c5bf0e","local_time":"20201220092402","is_ascension_mode":true,"campfire_choices":[{"data":"Eruption","floor":6,"key":"SMITH"},{"data":"SashWhip","floor":8,"key":"SMITH"},{"floor":11,"key":"REST"},{"floor":15,"key":"REST"}],"circlet_count":0,"master_deck":["Strike_P","Strike_P","Strike_P","Strike_P","Defend_P","Defend_P","Defend_P","Defend_P","Eruption+1","Vigilance","Perseverance","FlurryOfBlows","SashWhip+1","CarveReality","SashWhip","Wireheading","CutThroughFate","Prostrate","DevaForm","FollowUp+1","FlurryOfBlows"],"relics":["PureWater","Tiny Chest","Shovel","sneckomod:BlankCard","sneckomod:SneckoTalon"],"acts_visited":["Exordium","TheCity"],"potions_floor_usage":[10,12,16],"damage_taken":[{"damage":0.0,"enemies":"Cultist","floor":1.0,"turns":2.0},{"damage":4.0,"enemies":"2 Louse","floor":4.0,"turns":3.0},{"damage":2.0,"enemies":"Small Slimes","floor":5.0,"turns":3.0},{"damage":20,"enemies":"Gremlin Gang","floor":10,"turns":5},{"damage":4,"enemies":"Lagavulin","floor":12,"turns":5},{"damage":14,"enemies":"Blue Slaver","floor":13,"turns":3},{"damage":0,"enemies":"Looter","floor":14,"turns":2},{"damage":69,"enemies":"Slime Boss","floor":16,"turns":14},{"damage":29,"enemies":"Shell Parasite","floor":18,"turns":9},{"damage":26,"enemies":"3 Byrds","floor":19,"turns":5},{"damage":15,"enemies":"Centurion and Healer","floor":20,"turns":2}],"seed_played":"-1041125061234363594","potions_obtained":[{"floor":0.0,"key":"FairyPotion"},{"floor":0.0,"key":"Fire Potion"},{"floor":0.0,"key":"Strength Potion"},{"floor":10,"key":"hexamod:EctoCoolerPotion"},{"floor":14,"key":"BottledMiracle"},{"floor":19,"key":"sneckomod:MuddlingPotion"}],"is_trial":false,"path_per_floor":["M","?","$","M","M","R","$","R","T","M","R","E","M","M","R","B",null,"M","M","M"],"character_chosen":"WATCHER","items_purchased":["FlurryOfBlows","SashWhip"],"campfire_rested":2,"item_purchase_floors":[3,7],"current_hp_per_floor":[65,65,65,61,59,59,59,59,59,39,60,56,42,42,63,21,59,30,4,0,0],"gold":199,"neow_bonus":"THREE_SMALL_POTIONS","is_daily":false,"chose_seed":false,"campfire_upgraded":2,"win_rate":0.0,"timestamp":1608481442,"path_taken":["M","?","$","?","M","R","$","R","T","M","R","E","?","M","R","BOSS","M","M","M"],"items_purchased_type":["Card","Card"],"build_version":"2020-12-13","purchased_purges":0,"victory":false,"max_hp_per_floor":[72,72,72,72,72,72,72,72,72,72,72,72,72,72,72,72,72,72,72,72,72],"card_choices":[{"not_picked":["WreathOfFlame","CrushJoints"],"picked":"Perseverance","floor":1.0},{"not_picked":["Adaptation","Protect"],"picked":"SashWhip","floor":4.0},{"not_picked":["Evaluate","Pray"],"picked":"CarveReality","floor":5.0},{"not_picked":["ReachHeaven","FollowUp"],"picked":"Wireheading","floor":10},{"not_picked":["Collect","Meditate","Omniscience"],"picked":"SKIP","floor":12},{"not_picked":["Consecrate","ThirdEye"],"picked":"CutThroughFate","floor":13},{"not_picked":["ClearTheMind","ThirdEye"],"picked":"Prostrate","floor":14},{"not_picked":["Omniscience","Wish"],"picked":"DevaForm","floor":16},{"not_picked":["Vengeance+1","WreathOfFlame"],"picked":"FollowUp+1","floor":18},{"not_picked":["Halt","EmptyFist"],"picked":"FlurryOfBlows","floor":19}],"player_experience":2319044,"relics_obtained":[{"floor":9,"key":"Shovel"},{"floor":12,"key":"sneckomod:BlankCard"}],"event_choices":[{"damage_healed":0.0,"max_hp_gain":0.0,"max_hp_loss":0.0,"gold_gain":0.0,"event_name":"WeMeetAgain","player_choice":"Paid Gold","floor":2.0,"gold_loss":57.0,"damage_taken":0.0,"relics_obtained":["Tiny Chest"]}],"is_beta":false,"boss_relics":[{"not_picked":["aspiration:RitualDagger","hubris:VirtuousBlindfold"],"picked":"sneckomod:SneckoTalon"}],"items_purged_floors":[],"is_endless":false,"potions_floor_spawned":[10,14,19],"killed_by":"Centurion and Healer","ascension_level":6}}