{"host":"no0bdlpxzp7bzzks","time":1608425496,"event":{"mods":["BaseMod","Better Match","Block Reminder","Colored Map","Curses Come First","DeckTracker","Downfall","Duelist Mod","Filter the Spire","Highlight Path","Jorbs\u0027s Wanderer Trilogy","Key Reminder","Mad Scientist","Minty Spire (QoL Compilation)","Permanent Neow","Relic Sorter","Relic Stats","StSLib","The Construct"],"gold_per_floor":[112,112,112,112,112,112,143,143,166,182,217,247,259,271,283,295,295],"floor_reached":16,"playtime":1019,"items_purged":[],"score":111,"play_id":"b62c79fc-028d-4825-a71d-baa921cc8370","local_time":"20201219185136","is_ascension_mode":true,"campfire_choices":[{"floor":6.0,"key":"RECALL"},{"data":"construct:SiegeForm","floor":8.0,"key":"SMITH"},{"data":"construct:Autoturret","floor":15,"key":"SMITH"}],"circlet_count":0,"master_deck":["construct:Strike_Gold","construct:Strike_Gold","construct:Defend_Gold+1","construct:Defend_Gold","construct:Defend_Gold","construct:Defend_Gold+1","construct:AttackMode","construct:DefenseMode","construct:HyperBeam+1","construct:Overcharge+1","construct:Boost+1","construct:ModeShift+1","construct:SiegeForm+1","construct:Autoturret+1","construct:Reserves"],"relics":["Astrolabe","War Paint","keyreminder:keyreminder","Omamori","Potion Belt","MawBank","Golden Idol"],"acts_visited":["Exordium"],"potions_floor_usage":[],"damage_taken":[{"damage":2.0,"enemies":"Small Slimes","floor":1.0,"turns":2.0},{"damage":16.0,"enemies":"Gremlin Nob","floor":7.0,"turns":3.0},{"damage":7.0,"enemies":"2 Louse","floor":10.0,"turns":7.0},{"damage":37.0,"enemies":"3 Sentries","floor":11.0,"turns":8.0},{"damage":0.0,"enemies":"Cultist","floor":12.0,"turns":2.0},{"damage":8,"enemies":"The Guardian","floor":16,"turns":4}],"seed_played":"1241348524566726803","potions_obtained":[{"floor":7.0,"key":"FearPotion"},{"floor":10.0,"key":"Fire Potion"}],"is_trial":false,"path_per_floor":["M","?","?","?","?","R","E","R","T","M","E","M","$","?","R","B"],"character_chosen":"THE_CONSTRUCT_MOD","items_purchased":[],"campfire_rested":0,"item_purchase_floors":[],"current_hp_per_floor":[83,83,80,85,85,85,69,69,69,62,25,25,25,3,3,0,0],"gold":295,"neow_bonus":"BOSS_RELIC","is_daily":false,"chose_seed":false,"campfire_upgraded":2,"win_rate":0.0,"timestamp":1608425496,"path_taken":["M","?","?","?","?","R","E","R","T","?","E","M","?","?","R","BOSS"],"items_purchased_type":[],"build_version":"2020-12-13","purchased_purges":0,"victory":false,"max_hp_per_floor":[85,85,85,90,90,90,90,90,90,90,90,90,90,90,90,90,90],"relic_stats":{"counters":[6,26],"Golden Idol":0,"Astrolabe":["construct:HyperBeam","construct:Overcharge","construct:Boost"],"War Paint":["construct:Defend_Gold","construct:Defend_Gold"],"MawBank":60,"obtain_stats":[{"keyreminder:keyreminder":6,"Potion Belt":9,"Golden Idol":14,"construct:Cogwheel":0,"Astrolabe":0,"Omamori":7,"War Paint":3,"MawBank":11},{"keyreminder:keyreminder":1,"Potion Belt":2,"Golden Idol":5,"construct:Cogwheel":0,"Astrolabe":0,"Omamori":2,"War Paint":1,"MawBank":4},{"keyreminder:keyreminder":2,"Potion Belt":5,"Golden Idol":22,"construct:Cogwheel":0,"Astrolabe":0,"Omamori":5,"War Paint":2,"MawBank":20}]},"card_choices":[{"not_picked":["construct:ClusterMines","construct:Construct_Overclock"],"picked":"construct:ModeShift","floor":1.0},{"not_picked":["construct:ScrapCannon","construct:ElectricArmor"],"picked":"construct:Autoturret","floor":7.0},{"not_picked":["construct:FocusedBeam","construct:HardReboot","construct:Anticipate"],"picked":"SKIP","floor":10.0},{"not_picked":["construct:Failsafe","construct:ShiftGuard"],"picked":"construct:Reserves","floor":11.0},{"not_picked":["construct:SaveState","construct:HeavyBolt","construct:Analyze"],"picked":"SKIP","floor":12.0}],"player_experience":197105,"relics_obtained":[{"floor":7.0,"key":"Omamori"},{"floor":9.0,"key":"Potion Belt"},{"floor":11.0,"key":"MawBank"}],"event_choices":[{"damage_healed":0.0,"max_hp_gain":0.0,"max_hp_loss":0.0,"gold_gain":0.0,"event_name":"Living Wall","player_choice":"Grow","floor":2.0,"gold_loss":0.0,"damage_taken":0.0,"cards_upgraded":["construct:ModeShift"]},{"damage_healed":0.0,"max_hp_gain":0.0,"max_hp_loss":0.0,"gold_gain":0.0,"event_name":"Scrap Ooze","player_choice":"Success","floor":3.0,"gold_loss":0.0,"damage_taken":3.0,"relics_obtained":["War Paint"]},{"damage_healed":0.0,"max_hp_gain":5.0,"max_hp_loss":0.0,"gold_gain":0.0,"event_name":"Big Fish","player_choice":"Donut","floor":4.0,"gold_loss":0.0,"damage_taken":0.0},{"damage_healed":0.0,"max_hp_gain":0.0,"max_hp_loss":0.0,"gold_gain":0.0,"cards_transformed":["construct:Strike_Gold"],"event_name":"Transmorgrifier","player_choice":"Transformed","floor":5.0,"gold_loss":0.0,"damage_taken":0.0,"cards_obtained":["construct:SiegeForm"]},{"damage_healed":0,"gold_gain":0,"player_choice":"Take Damage","damage_taken":22,"relics_obtained":["Golden Idol"],"max_hp_gain":0,"max_hp_loss":0,"event_name":"Golden Idol","floor":14,"gold_loss":0}],"is_beta":false,"boss_relics":[],"items_purged_floors":[],"is_endless":false,"potions_floor_spawned":[7,10],"killed_by":"The Guardian","ascension_level":1}}