{"host":"xb2tau8pgi8aflss","time":1608459606,"event":{"mods":["AchievementEnabler","BaseMod","Minty Spire (QoL Compilation)","StSLib","SuperFastMode"],"gold_per_floor":[112,123,136,153,165,165,165,165,165,0,27,39,69,79,79,79,79],"floor_reached":16,"playtime":308,"items_purged":["Strike_B"],"score":94,"play_id":"cb577e80-9574-4cf5-9fec-a69cefdb5d73","local_time":"20201220192006","is_ascension_mode":false,"campfire_choices":[{"data":"Recycle","floor":6,"key":"SMITH"},{"data":"Dualcast","floor":8,"key":"SMITH"},{"data":"Coolheaded","floor":15,"key":"SMITH"}],"circlet_count":0,"master_deck":["Strike_B","Strike_B","Strike_B","Defend_B","Defend_B","Defend_B","Defend_B","Zap","Dualcast+1","Turbo","Double Energy","Recycle+1","Panacea","Conserve Battery","Coolheaded+1"],"relics":["Cracked Core","Strawberry","Orichalcum","Juzu Bracelet"],"acts_visited":["Exordium"],"potions_floor_usage":[4,14,14],"damage_taken":[{"damage":10,"enemies":"Small Slimes","floor":1,"turns":3},{"damage":0,"enemies":"Cultist","floor":2,"turns":3},{"damage":8,"enemies":"Jaw Worm","floor":3,"turns":4},{"damage":13,"enemies":"Gremlin Gang","floor":4,"turns":5},{"damage":17,"enemies":"Looter","floor":5,"turns":4},{"damage":9,"enemies":"Blue Slaver","floor":12,"turns":4},{"damage":15,"enemies":"Exordium Thugs","floor":14,"turns":5},{"damage":19,"enemies":"Slime Boss","floor":16,"turns":3}],"seed_played":"-1136701242501730915","potions_obtained":[{"floor":2,"key":"BlessingOfTheForge"},{"floor":4,"key":"EssenceOfSteel"},{"floor":5,"key":"AttackPotion"}],"is_trial":false,"path_per_floor":["M","M","M","M","M","R","?","R","T","$","T","M","?","M","R","B"],"character_chosen":"DEFECT","items_purchased":["Panacea"],"campfire_rested":0,"item_purchase_floors":[10],"current_hp_per_floor":[65,65,57,44,27,27,27,27,34,34,34,25,25,10,10,0,0],"gold":79,"neow_bonus":"THREE_CARDS","is_daily":false,"chose_seed":false,"campfire_upgraded":3,"win_rate":0.0,"timestamp":1608459606,"path_taken":["M","M","M","M","M","R","?","R","T","?","?","?","?","M","R","BOSS"],"items_purchased_type":["Card"],"build_version":"2020-12-13","purchased_purges":1,"victory":false,"max_hp_per_floor":[75,75,75,75,75,75,75,75,82,82,82,82,82,82,82,82,82],"card_choices":[{"not_picked":["Doom and Gloom","Sweeping Beam"],"picked":"Turbo","floor":0},{"not_picked":["Ball Lightning","Turbo"],"picked":"Double Energy","floor":1},{"not_picked":["Sweeping Beam","Reinforced Body"],"picked":"Recycle","floor":2},{"not_picked":["Leap","Rebound","Turbo"],"picked":"SKIP","floor":3},{"not_picked":["Hologram","Stack","Cold Snap"],"picked":"SKIP","floor":4},{"not_picked":["Auto Shields","Turbo","Compile Driver"],"picked":"SKIP","floor":5},{"not_picked":["Machine Learning","Redo"],"picked":"Conserve Battery","floor":12},{"not_picked":["Compile Driver","Go for the Eyes"],"picked":"Coolheaded","floor":14}],"player_experience":718231,"relics_obtained":[{"floor":9,"key":"Strawberry"},{"floor":11,"key":"Orichalcum"}],"event_choices":[{"damage_healed":0,"gold_gain":0,"player_choice":"Ignored","damage_taken":0,"max_hp_gain":0,"max_hp_loss":0,"event_name":"NoteForYourself","floor":7,"gold_loss":0},{"damage_healed":0,"gold_gain":30,"player_choice":"Searched \u00272\u0027 times","damage_taken":0,"relics_obtained":["Juzu Bracelet"],"max_hp_gain":0,"max_hp_loss":0,"event_name":"Dead Adventurer","floor":13,"gold_loss":0}],"is_beta":false,"boss_relics":[],"items_purged_floors":[10],"is_endless":false,"potions_floor_spawned":[2,4,5],"killed_by":"Slime Boss","ascension_level":0}}