{"host":"jzehok24c0182h89","time":1608492204,"event":{"mods":["Bard","BaseMod","Colored Map","Colored Powertips","Downfall","Hermit","Marisa????????","Minty Spire (QoL Compilation)","Random Character Button","Shade Mod","StSLib","The Alterego","The Blackbeard","The Bug Knight","The Construct","The Cursed","The Disciple","The Hierophant","The Necromancer","The Servant 0.9.4"],"gold_per_floor":[113,130,149,165,185,210,210,222,222,222,237,252,284,300,300,405,405,425,425,435,104,123,157,57,83,107,135,153,180,190,206,206,305,305,325,375,392,118,129,157,173,173,252,280,295,145,160,172,172,172,172,172,18,52,52],"floor_reached":56,"playtime":4232,"items_purged":["alterego_mod:Impale","alterego_mod:BigMeatyClaws","alterego_mod:Strike","alterego_mod:Strike"],"score":1514,"play_id":"534b1a4e-c41d-4755-8c53-dcc173f22afd","local_time":"20201220142324","is_ascension_mode":true,"campfire_choices":[{"data":"alterego_mod:Mirror","floor":7,"key":"SMITH"},{"data":"alterego_mod:BrynhildrsRune","floor":10,"key":"SMITH"},{"data":"alterego_mod:TrashNCrash","floor":15,"key":"SMITH"},{"data":"alterego_mod:Nekomimi","floor":32,"key":"SMITH"},{"data":"alterego_mod:Cushion","floor":42,"key":"SMITH"},{"floor":49,"key":"RECALL"},{"data":"alterego_mod:MagicResistance","floor":52,"key":"SMITH"}],"circlet_count":0,"master_deck":["alterego_mod:Strike","alterego_mod:Strike","alterego_mod:Defend","alterego_mod:Defend","alterego_mod:Defend","alterego_mod:Defend","alterego_mod:BrynhildrsRune+1","alterego_mod:PerceptionDisorder","alterego_mod:Mirror+1","alterego_mod:MagicResistance+1","alterego_mod:Pet","alterego_mod:TrashNCrash+1","alterego_mod:BiFurious","alterego_mod:PerceptionDisorder","alterego_mod:SakuraFive","alterego_mod:Rake","alterego_mod:SakuraFive","alterego_mod:Nekomimi+1","alterego_mod:Cushion+1","alterego_mod:BeGentle","alterego_mod:Pet+1","alterego_mod:SakuraFive+1","alterego_mod:TrashNCrash+1","alterego_mod:Birthday+1","alterego_mod:Cushion+1"],"relics":["alterego_mod:MasochisticConstitution","Bag of Marbles","Pear","Art of War","Runic Pyramid","Bird Faced Urn","Question Card","Bottled Tornado","Bag of Preparation","HollowMod:LifeEnderRelic","Eternal Feather","Velvet Choker","Gambling Chip","Medical Kit","HollowMod:PaleOreRelic","construct:FoamFinger","Oddly Smooth Stone","DollysMirror","Boot"],"acts_visited":["Exordium","TheCity","TheBeyond","TheEnding"],"potions_floor_usage":[6,16,23,25,27,28,30,30,55],"damage_taken":[{"damage":6,"enemies":"2 Louse","floor":1,"turns":6},{"damage":7,"enemies":"Cultist","floor":2,"turns":5},{"damage":7,"enemies":"Small Slimes","floor":3,"turns":4},{"damage":4,"enemies":"2 Fungi Beasts","floor":4,"turns":7},{"damage":20,"enemies":"3 Louse","floor":5,"turns":6},{"damage":32,"enemies":"Gremlin Nob","floor":6,"turns":4},{"damage":30,"enemies":"Lots of Slimes","floor":8,"turns":5},{"damage":9,"enemies":"Red Slaver","floor":11,"turns":7},{"damage":9,"enemies":"3 Louse","floor":12,"turns":4},{"damage":26,"enemies":"Lagavulin","floor":13,"turns":7},{"damage":13,"enemies":"Blue Slaver","floor":14,"turns":2},{"damage":25,"enemies":"Hexaghost","floor":16,"turns":4},{"damage":22,"enemies":"3 Byrds","floor":18,"turns":5},{"damage":3,"enemies":"Spheric Guardian","floor":20,"turns":3},{"damage":7,"enemies":"Cultist and Chosen","floor":22,"turns":4},{"damage":39,"enemies":"Slavers","floor":23,"turns":7},{"damage":25,"enemies":"Gremlin Leader","floor":25,"turns":3},{"damage":49,"enemies":"Slavers","floor":27,"turns":7},{"damage":4,"enemies":"Centurion and Healer","floor":28,"turns":4},{"damage":20,"enemies":"Book of Stabbing","floor":29,"turns":3},{"damage":4,"enemies":"Shelled Parasite and Fungi","floor":30,"turns":3},{"damage":21,"enemies":"Cultist and Chosen","floor":31,"turns":6},{"damage":46,"enemies":"Collector","floor":33,"turns":9},{"damage":13,"enemies":"3 Shapes","floor":35,"turns":6},{"damage":0,"enemies":"Mind Bloom Boss Battle","floor":36,"turns":3},{"damage":11,"enemies":"3 Darklings","floor":37,"turns":3},{"damage":5,"enemies":"Transient","floor":39,"turns":5},{"damage":0,"enemies":"Nemesis","floor":40,"turns":3},{"damage":14,"enemies":"Maw","floor":41,"turns":6},{"damage":1,"enemies":"Reptomancer","floor":44,"turns":3},{"damage":1,"enemies":"Jaw Worm Horde","floor":45,"turns":4},{"damage":1,"enemies":"3 Darklings","floor":47,"turns":3},{"damage":2,"enemies":"Sphere and 2 Shapes","floor":48,"turns":2},{"damage":1,"enemies":"Donu and Deca","floor":50,"turns":5},{"damage":0,"enemies":"Shield and Spear","floor":54,"turns":5},{"damage":28,"enemies":"The Heart","floor":55,"turns":9}],"seed_played":"2824307908102302775","potions_obtained":[{"floor":2,"key":"PowerPotion"},{"floor":4,"key":"DistilledChaos"},{"floor":6,"key":"sneckomod:MuddlingPotion"},{"floor":8,"key":"Swift Potion"},{"floor":13,"key":"PowerPotion"},{"floor":18,"key":"SkillPotion"},{"floor":20,"key":"SteroidPotion"},{"floor":25,"key":"hexamod:EctoCoolerPotion"},{"floor":27,"key":"GamblersBrew"},{"floor":29,"key":"Regen Potion"},{"floor":35,"key":"Strength Potion"},{"floor":37,"key":"Weak Potion"},{"floor":41,"key":"GamblersBrew"},{"floor":45,"key":"FairyPotion"}],"is_trial":false,"path_per_floor":["M","M","M","M","M","E","R","M","T","R","M","M","E","M","R","B",null,"M","?","M","$","M","E","$","E","T","E","M","E","M","M","R","B",null,"M","?","M","$","M","E","M","R","T","E","M","$","M","M","R","B",null,"R","$","E","B",null],"character_chosen":"The_Alterego","items_purchased":["Question Card","Medical Kit","DollysMirror"],"campfire_rested":0,"item_purchase_floors":[21,38,53],"current_hp_per_floor":[78,79,73,81,82,58,58,64,74,74,73,79,61,49,49,25,99,92,92,99,99,102,82,82,66,66,43,54,44,52,43,55,47,110,106,111,101,101,103,112,106,114,114,115,116,116,117,118,118,119,119,119,119,119,99],"gold":52,"neow_bonus":"TEN_PERCENT_HP_BONUS","is_daily":false,"chose_seed":false,"campfire_upgraded":6,"win_rate":0.0,"timestamp":1608492204,"path_taken":["M","M","M","M","M","E","R","M","T","R","M","M","E","M","R","BOSS","M","?","?","$","?","E","$","E","T","E","M","E","M","M","R","BOSS","M","?","M","$","M","E","M","R","T","E","M","$","M","M","R","BOSS","R","$","E","BOSS"],"items_purchased_type":["Relic","Relic","Relic"],"build_version":"2020-12-13","purchased_purges":4,"victory":true,"max_hp_per_floor":[78,79,80,81,82,83,83,84,94,94,95,96,97,98,98,99,99,100,100,101,101,102,103,103,104,104,105,106,107,108,109,109,110,110,111,111,112,112,113,113,114,114,114,115,116,116,117,118,118,119,119,119,119,119,120],"card_choices":[{"not_picked":["alterego_mod:Complex","alterego_mod:Cooking"],"picked":"alterego_mod:PerceptionDisorder","floor":1},{"not_picked":["alterego_mod:Valentines","alterego_mod:DiscoLights","alterego_mod:Bloomers"],"picked":"SKIP","floor":2},{"not_picked":["alterego_mod:Stockings","alterego_mod:Birthday"],"picked":"alterego_mod:Mirror","floor":3},{"not_picked":["alterego_mod:Collar","alterego_mod:RingBreak","alterego_mod:Jiggle"],"picked":"SKIP","floor":4},{"not_picked":["alterego_mod:Belle","alterego_mod:1TonWallop"],"picked":"alterego_mod:MagicResistance","floor":5},{"not_picked":["alterego_mod:DustData","alterego_mod:Bloomers","alterego_mod:SakuraPetals"],"picked":"SKIP","floor":6},{"not_picked":["alterego_mod:1TonWallop","alterego_mod:Undulate"],"picked":"alterego_mod:Pet","floor":8},{"not_picked":["alterego_mod:Jiggle","alterego_mod:BeGentle"],"picked":"alterego_mod:TrashNCrash","floor":11},{"not_picked":["alterego_mod:BustOut","alterego_mod:Skirt"],"picked":"alterego_mod:BiFurious","floor":12},{"not_picked":["alterego_mod:DiscoLights","alterego_mod:Rip"],"picked":"alterego_mod:PerceptionDisorder","floor":13},{"not_picked":["alterego_mod:Lingerie","alterego_mod:AlterEgo"],"picked":"alterego_mod:SakuraFive","floor":14},{"not_picked":["alterego_mod:Antipathy","alterego_mod:Palingenesis"],"picked":"alterego_mod:Rake","floor":16},{"not_picked":["alterego_mod:Punishment","alterego_mod:Cycle"],"picked":"alterego_mod:SakuraFive","floor":18},{"not_picked":["alterego_mod:Cushion","alterego_mod:BoobPocket+1"],"picked":"alterego_mod:Nekomimi","floor":20},{"not_picked":["alterego_mod:Complex","alterego_mod:DustData","alterego_mod:BiFurious","alterego_mod:HighServant"],"picked":"SKIP","floor":22},{"not_picked":["alterego_mod:Santa","alterego_mod:1TonWallop","alterego_mod:Swimsuit"],"picked":"alterego_mod:Cushion","floor":23},{"not_picked":["alterego_mod:BrynhildrRomantia","alterego_mod:Bunnysuit","alterego_mod:Maid","alterego_mod:Mirror"],"picked":"SKIP","floor":25},{"not_picked":["alterego_mod:HighServant+1","alterego_mod:Cycle","alterego_mod:1TonWallop","alterego_mod:Rip"],"picked":"SKIP","floor":27},{"not_picked":["alterego_mod:BiFurious","alterego_mod:Punishment","alterego_mod:Cooking+1","alterego_mod:Jiggle+1"],"picked":"SKIP","floor":28},{"not_picked":["alterego_mod:Venus","alterego_mod:Undulate+1","alterego_mod:Punishment+1"],"picked":"alterego_mod:BeGentle","floor":29},{"not_picked":["alterego_mod:RocketPunch+1","alterego_mod:Palingenesis","alterego_mod:Complex"],"picked":"alterego_mod:Pet+1","floor":30},{"not_picked":["alterego_mod:Jiggle","alterego_mod:1TonWallop","alterego_mod:BoobPocket+1","alterego_mod:RidiculouslyBig+1"],"picked":"SKIP","floor":31},{"not_picked":["alterego_mod:TrashNCrash","alterego_mod:Valentines+1","alterego_mod:Santa","alterego_mod:Punishment+1"],"picked":"SKIP","floor":35},{"not_picked":["alterego_mod:Rip+1","alterego_mod:Birthday+1","alterego_mod:Jiggle"],"picked":"alterego_mod:SakuraFive+1","floor":36},{"not_picked":["alterego_mod:DeftHands+1","alterego_mod:Punishment+1","alterego_mod:Maid+1"],"picked":"alterego_mod:TrashNCrash+1","floor":37},{"not_picked":["alterego_mod:Punishment","alterego_mod:Skirt+1","alterego_mod:Rip+1","alterego_mod:Complex+1"],"picked":"SKIP","floor":39},{"not_picked":["alterego_mod:Rip+1","alterego_mod:Valkyrie","alterego_mod:Venus","alterego_mod:Maid"],"picked":"SKIP","floor":40},{"not_picked":["alterego_mod:Punishment","alterego_mod:TrashNCrash+1","alterego_mod:Nekomimi+1"],"picked":"alterego_mod:Birthday+1","floor":41},{"not_picked":["alterego_mod:Mirror+1","alterego_mod:ClassAdvantage","alterego_mod:SakuraPetals","alterego_mod:Cooking+1"],"picked":"SKIP","floor":44},{"not_picked":["alterego_mod:SakuraFive+1","alterego_mod:BiFurious","alterego_mod:Pet","alterego_mod:Clap+1"],"picked":"SKIP","floor":45},{"not_picked":["alterego_mod:Swimsuit+1","alterego_mod:Valentines","alterego_mod:Schoolgirl","alterego_mod:DestructionOfProperty"],"picked":"SKIP","floor":47},{"not_picked":["alterego_mod:Cycle","alterego_mod:Belle+1","alterego_mod:Skirt+1","alterego_mod:GoddessCore"],"picked":"SKIP","floor":48},{"not_picked":["alterego_mod:Belle+1","alterego_mod:Antipathy","alterego_mod:PerceptionDisorder+1","alterego_mod:Punishment"],"picked":"SKIP","floor":54}],"player_experience":830499,"relics_obtained":[{"floor":6,"key":"Bag of Marbles"},{"floor":9,"key":"Pear"},{"floor":13,"key":"Art of War"},{"floor":23,"key":"Bottled Tornado"},{"floor":25,"key":"Bag of Preparation"},{"floor":27,"key":"HollowMod:LifeEnderRelic"},{"floor":29,"key":"Eternal Feather"},{"floor":36,"key":"Gambling Chip"},{"floor":40,"key":"HollowMod:PaleOreRelic"},{"floor":43,"key":"construct:FoamFinger"},{"floor":44,"key":"Oddly Smooth Stone"},{"floor":54,"key":"Boot"}],"event_choices":[{"damage_healed":0,"gold_gain":0,"player_choice":"Gave Potion","damage_taken":0,"relics_obtained":["Bird Faced Urn"],"max_hp_gain":0,"max_hp_loss":0,"event_name":"WeMeetAgain","floor":19,"gold_loss":0},{"damage_healed":0,"gold_gain":0,"player_choice":"Fight","damage_taken":0,"max_hp_gain":0,"max_hp_loss":0,"event_name":"MindBloom","floor":36,"gold_loss":0}],"is_beta":false,"boss_relics":[{"not_picked":["Pandora\u0027s Box","Calling Bell"],"picked":"Runic Pyramid"},{"not_picked":["Tiny House","Black Star"],"picked":"Velvet Choker"}],"items_purged_floors":[21,24,38,46],"is_endless":false,"potions_floor_spawned":[2,4,6,8,13,18,20,25,27,29,35,37,41,44,45,47,54],"ascension_level":3}}