{"host":"ijaho54sjpvyy1fy","time":1608467356,"event":{"mods":["BaseMod","Colored Map","DeckTracker","Minty Spire (QoL Compilation)","Permanent Neow","Quick Restart","StSLib","The Bug Knight","The Cursed","The Witch"],"gold_per_floor":[368,318,206,216,216,216,251,251,251,5,21,96,96,96,96],"floor_reached":14,"playtime":451,"items_purged":["Strike_R","Defend_R"],"score":86,"play_id":"05993399-7dfa-4d8b-9d3d-ae506e7c975c","local_time":"20201220092916","is_ascension_mode":false,"campfire_choices":[{"data":"Dual Wield","floor":6,"key":"SMITH"},{"floor":8,"key":"REST"}],"circlet_count":0,"master_deck":["Strike_R","Strike_R","Strike_R","Defend_R","Defend_R","Bash","Dual Wield+1"],"relics":["Burning Blood","Regal Pillow","Juzu Bracelet","Kunai","Pen Nib"],"acts_visited":["Exordium"],"potions_floor_usage":[14],"damage_taken":[{"damage":7,"enemies":"Small Slimes","floor":1,"turns":3},{"damage":13,"enemies":"Cultist","floor":4,"turns":5},{"damage":54,"enemies":"Gremlin Nob","floor":7,"turns":6},{"damage":10,"enemies":"2 Louse","floor":11,"turns":3},{"damage":29,"enemies":"Lagavulin","floor":14,"turns":5}],"seed_played":"-7986628446555279395","potions_obtained":[{"floor":4,"key":"Block Potion"},{"floor":11,"key":"EssenceOfSteel"}],"is_trial":false,"path_per_floor":["M","?","$","M","?","R","E","R","T","$","M","?","?","E"],"character_chosen":"IRONCLAD","items_purchased":["Dual Wield","Pen Nib"],"campfire_rested":1,"item_purchase_floors":[3,10],"current_hp_per_floor":[71,71,71,64,64,64,16,52,52,52,48,37,30,1,1],"gold":96,"neow_bonus":"TWO_FIFTY_GOLD","is_daily":false,"chose_seed":false,"campfire_upgraded":1,"win_rate":0.0,"timestamp":1608467356,"path_taken":["M","?","$","M","?","R","E","R","T","$","M","?","?","E"],"items_purchased_type":["Card","Relic"],"build_version":"2020-12-13","purchased_purges":2,"victory":false,"max_hp_per_floor":[72,72,72,72,72,72,72,72,72,72,72,72,72,72,72],"card_choices":[{"not_picked":["Iron Wave","Body Slam","Clash"],"picked":"SKIP","floor":1},{"not_picked":["Pommel Strike","Combust","Flex"],"picked":"SKIP","floor":4},{"not_picked":["Rupture","Power Through","Shrug It Off"],"picked":"SKIP","floor":7},{"not_picked":["Anger","Twin Strike","Flex"],"picked":"SKIP","floor":11}],"player_experience":16940,"relics_obtained":[{"floor":7,"key":"Juzu Bracelet"},{"floor":9,"key":"Kunai"}],"event_choices":[{"cards_removed":["Strike_R"],"damage_healed":0,"gold_gain":0,"player_choice":"Card Removal","damage_taken":0,"max_hp_gain":0,"max_hp_loss":0,"event_name":"The Cleric","floor":2,"gold_loss":50},{"damage_healed":0,"gold_gain":0,"player_choice":"Gave Potion","damage_taken":0,"relics_obtained":["Regal Pillow"],"max_hp_gain":0,"max_hp_loss":0,"event_name":"WeMeetAgain","floor":5,"gold_loss":0},{"damage_healed":0,"gold_gain":75,"player_choice":"Gather Gold","damage_taken":11,"max_hp_gain":0,"max_hp_loss":0,"event_name":"World of Goop","floor":12,"gold_loss":0},{"cards_removed":["Defend_R"],"damage_healed":0,"gold_gain":0,"player_choice":"Card Removal","damage_taken":7,"max_hp_gain":0,"max_hp_loss":0,"event_name":"Golden Wing","floor":13,"gold_loss":0}],"is_beta":false,"boss_relics":[],"items_purged_floors":[3,10],"is_endless":false,"potions_floor_spawned":[4,11],"killed_by":"Lagavulin","ascension_level":0}}