{"host":"tknto047uabgu3zm","time":1608440753,"event":{"mods":["AchievementEnabler","BaseMod","Block Reminder","Colored Map","Colored Powertips","Highlight Path","Minty Spire (QoL Compilation)","MonsterHotkey","Permanent Neow","Random Character Button","Rare Cards Sparkle","Relic Sorter","StSLib"],"gold_per_floor":[112,127,146,163,175,175,185,185,185,210,210,229,249,72,72,148,148,162,162,186,36,45,73,73,93,93,119,119,147,162,162,162,244,244,260,280,229,238,250,250,150,150,204,56,70,0,28,28,28,28],"floor_reached":51,"playtime":2098,"items_purged":["Shame","Strike_R"],"score":1380,"play_id":"c4374b9e-7aab-432b-968b-1d0597035e7d","local_time":"20201219210553","is_ascension_mode":true,"campfire_choices":[{"data":"Bash","floor":6.0,"key":"SMITH"},{"data":"Cleave","floor":8.0,"key":"SMITH"},{"floor":15.0,"key":"REST"},{"data":"Barricade","floor":24.0,"key":"SMITH"},{"floor":32.0,"key":"REST"},{"data":"Rage","floor":40,"key":"SMITH"},{"data":"Corruption","floor":42,"key":"SMITH"},{"floor":49,"key":"REST"}],"circlet_count":0,"master_deck":["AscendersBane","Strike_R","Strike_R","Strike_R+1","Defend_R","Defend_R","Defend_R","Defend_R","Bash+1","Cleave+1","Clothesline","Ghostly Armor","Pommel Strike","Disarm","Hemokinesis","Anger","Impervious","Whirlwind+1","Barricade+1","Shrug It Off","Rage+1","Evolve","Metallicize","Feed","Corruption+1"],"relics":["Burning Blood","Happy Flower","Shuriken","Singing Bowl","ClockworkSouvenir","Velvet Choker","Centennial Puzzle","CeramicFish","Unceasing Top","Champion Belt","Whetstone","Enchiridion","Busted Crown","Blood Vial","HandDrill","Red Mask","Bag of Marbles"],"acts_visited":["Exordium","TheCity","TheBeyond"],"potions_floor_usage":[36,47,50],"damage_taken":[{"damage":6.0,"enemies":"Cultist","floor":1.0,"turns":3.0},{"damage":9.0,"enemies":"Jaw Worm","floor":2.0,"turns":3.0},{"damage":3.0,"enemies":"2 Louse","floor":3.0,"turns":2.0},{"damage":2.0,"enemies":"2 Fungi Beasts","floor":4.0,"turns":3.0},{"damage":23.0,"enemies":"Lots of Slimes","floor":5.0,"turns":5.0},{"damage":14.0,"enemies":"3 Louse","floor":7.0,"turns":3.0},{"damage":31.0,"enemies":"Lagavulin","floor":10.0,"turns":7.0},{"damage":5.0,"enemies":"Exordium Wildlife","floor":12.0,"turns":3.0},{"damage":2.0,"enemies":"Lots of Slimes","floor":13.0,"turns":3.0},{"damage":1.0,"enemies":"Slime Boss","floor":16.0,"turns":7.0},{"damage":8.0,"enemies":"3 Byrds","floor":18.0,"turns":6.0},{"damage":34.0,"enemies":"Gremlin Leader","floor":23.0,"turns":5.0},{"damage":0.0,"enemies":"Chosen","floor":25.0,"turns":6.0},{"damage":9.0,"enemies":"Shelled Parasite and Fungi","floor":27.0,"turns":6.0},{"damage":12.0,"enemies":"Chosen and Byrds","floor":29.0,"turns":5.0},{"damage":6.0,"enemies":"Cultist and Chosen","floor":30.0,"turns":7.0},{"damage":33.0,"enemies":"Automaton","floor":33.0,"turns":10.0},{"damage":7,"enemies":"3 Shapes","floor":35,"turns":8},{"damage":6,"enemies":"3 Darklings","floor":36,"turns":2},{"damage":16,"enemies":"4 Shapes","floor":39,"turns":6},{"damage":10,"enemies":"Jaw Worm Horde","floor":45,"turns":4},{"damage":9,"enemies":"Giant Head","floor":47,"turns":8},{"damage":53,"enemies":"Donu and Deca","floor":50,"turns":8}],"seed_played":"-3775906875361209884","potions_obtained":[{"floor":2.0,"key":"Fire Potion"},{"floor":5.0,"key":"CultistPotion"},{"floor":12.0,"key":"SpeedPotion"},{"floor":16.0,"key":"ColorlessPotion"},{"floor":25.0,"key":"DuplicationPotion"},{"floor":29.0,"key":"Energy Potion"},{"floor":39,"key":"FearPotion"}],"is_trial":false,"path_per_floor":["M","M","M","M","M","R","M","R","T","E","?","M","M","$","R","B",null,"M","?","T","$","?","E","R","M","T","M","?","M","M","?","R","B",null,"M","M","$","?","M","R","$","R","T","$","M","?","E","?","R","B",null],"character_chosen":"IRONCLAD","items_purchased":["Whirlwind","ClockworkSouvenir","Rage","BloodPotion","SteroidPotion","HandDrill"],"campfire_rested":3,"item_purchase_floors":[14,14,21,21,37,44],"current_hp_per_floor":[68,65,68,72,55,55,47,47,47,22,22,23,29,29,52,57,72,70,70,70,70,70,44,44,52,52,49,49,59,61,40,64,37,72,76,78,78,78,73,73,73,73,73,73,76,76,77,77,102,55],"gold":28,"neow_bonus":"RANDOM_COMMON_RELIC","is_daily":false,"chose_seed":false,"campfire_upgraded":5,"win_rate":0.0,"timestamp":1608440753,"path_taken":["M","M","?","M","?","R","M","R","T","E","?","?","M","?","R","BOSS","M","?","?","$","?","E","R","M","T","M","?","M","?","?","R","BOSS","M","M","$","?","?","R","$","R","T","?","M","?","E","?","R","BOSS"],"items_purchased_type":["Card","Relic","Card","Potion","Potion","Relic"],"build_version":"2020-12-13","purchased_purges":2,"victory":true,"max_hp_per_floor":[75,75,75,75,75,75,75,75,75,75,75,75,77,77,77,77,77,77,77,77,77,77,79,79,81,81,81,81,81,83,83,83,83,83,88,90,90,90,95,95,95,95,95,95,100,100,102,102,102,102],"card_choices":[{"not_picked":["Clothesline","Shrug It Off"],"picked":"Cleave","floor":1.0},{"not_picked":["Havoc","Twin Strike"],"picked":"Clothesline","floor":2.0},{"not_picked":["Perfected Strike","Cleave"],"picked":"Ghostly Armor","floor":3.0},{"not_picked":["Sever Soul","Sword Boomerang"],"picked":"Pommel Strike","floor":4.0},{"not_picked":["Sword Boomerang","Heavy Blade"],"picked":"Disarm","floor":5.0},{"not_picked":["Ghostly Armor","Iron Wave"],"picked":"Hemokinesis","floor":7.0},{"not_picked":["Power Through","Armaments"],"picked":"Anger","floor":10.0},{"not_picked":["Dark Embrace","Rampage"],"picked":"Impervious","floor":12.0},{"not_picked":["Cleave","Clothesline","True Grit"],"picked":"Singing Bowl","floor":13.0},{"not_picked":["Limit Break","Demon Form"],"picked":"Barricade","floor":16.0},{"not_picked":["Clash+1","Thunderclap"],"picked":"Shrug It Off","floor":18.0},{"not_picked":["Thunderclap","Warcry","Cleave"],"picked":"Singing Bowl","floor":23.0},{"not_picked":["Pommel Strike","Perfected Strike","Blood for Blood"],"picked":"Singing Bowl","floor":25.0},{"not_picked":["Wild Strike","Combust"],"picked":"Evolve","floor":27.0},{"not_picked":["Armaments","Searing Blow"],"picked":"Metallicize","floor":29.0},{"not_picked":["Headbutt","Heavy Blade","Pommel Strike"],"picked":"Singing Bowl","floor":30.0},{"not_picked":["Demon Form","Immolate"],"picked":"Feed","floor":33.0},{"not_picked":["Anger"],"picked":"Singing Bowl","floor":35},{"not_picked":["Headbutt"],"picked":"Singing Bowl","floor":36},{"not_picked":["Havoc"],"picked":"Singing Bowl","floor":39},{"not_picked":["Cleave"],"picked":"Singing Bowl","floor":45},{"not_picked":["Pommel Strike"],"picked":"Singing Bowl","floor":47}],"player_experience":457693,"relics_obtained":[{"floor":9.0,"key":"Shuriken"},{"floor":10.0,"key":"Singing Bowl"},{"floor":20.0,"key":"CeramicFish"},{"floor":23.0,"key":"Champion Belt"},{"floor":26.0,"key":"Whetstone"},{"floor":31.0,"key":"Enchiridion"},{"floor":43,"key":"Blood Vial"},{"floor":47,"key":"Bag of Marbles"}],"event_choices":[{"cards_removed":["Strike_R"],"damage_healed":0.0,"max_hp_gain":0.0,"max_hp_loss":0.0,"gold_gain":0.0,"event_name":"Bonfire Elementals","player_choice":"Offered Basic","floor":11.0,"gold_loss":0.0,"damage_taken":0.0},{"damage_healed":0.0,"max_hp_gain":0.0,"max_hp_loss":0.0,"gold_gain":0.0,"event_name":"Addict","player_choice":"Stole Relic","floor":19.0,"gold_loss":0.0,"damage_taken":0.0,"relics_obtained":["Centennial Puzzle"],"cards_obtained":["Shame"]},{"damage_healed":0.0,"max_hp_gain":0.0,"max_hp_loss":0.0,"gold_gain":0.0,"event_name":"The Mausoleum","player_choice":"Opened","floor":22.0,"gold_loss":0.0,"damage_taken":0.0,"relics_obtained":["Unceasing Top"],"cards_obtained":["Writhe"]},{"cards_removed":["Writhe"],"damage_healed":0.0,"max_hp_gain":0.0,"max_hp_loss":0.0,"gold_gain":0.0,"event_name":"Fountain of Cleansing","player_choice":"Removed Curses","floor":28.0,"gold_loss":0.0,"damage_taken":0.0},{"damage_healed":0.0,"max_hp_gain":0.0,"max_hp_loss":0.0,"gold_gain":0.0,"event_name":"Cursed Tome","player_choice":"Obtained Book","floor":31.0,"gold_loss":0.0,"damage_taken":21.0},{"damage_healed":0,"gold_gain":0,"player_choice":"1 cards matched","damage_taken":0,"max_hp_gain":0,"max_hp_loss":0,"event_name":"Match and Keep!","floor":38,"gold_loss":0,"cards_obtained":["Corruption"]},{"damage_healed":0,"gold_gain":0,"player_choice":"Paid","damage_taken":0,"relics_obtained":["Red Mask"],"max_hp_gain":0,"max_hp_loss":0,"event_name":"Tomb of Lord Red Mask","floor":46,"gold_loss":70},{"damage_healed":0,"gold_gain":0,"player_choice":"Ignored","damage_taken":0,"max_hp_gain":0,"max_hp_loss":0,"event_name":"Mysterious Sphere","floor":48,"gold_loss":0}],"is_beta":false,"boss_relics":[{"not_picked":["Runic Dome","Black Blood"],"picked":"Velvet Choker"},{"not_picked":["SlaversCollar","Calling Bell"],"picked":"Busted Crown"}],"items_purged_floors":[21,41],"is_endless":false,"potions_floor_spawned":[2,5,7,12,16,25,29,30,39,45],"ascension_level":15}}