{"host":"uzcks4yhskks9i02","time":1608503804,"event":{"mods":["BaseMod","Minty Spire (QoL Compilation)","Quick Restart"],"gold_per_floor":[110,122,134,152,171,171,201,235,287,287,321,321,362,382,382,496,496,519,546,31,59,78,78,122,122,148,189,189,224,269,295,295,409,409,437,456,456,456,456],"floor_reached":38,"playtime":1797,"items_purged":[],"score":663,"play_id":"fa95c3ab-f1d9-4a4c-a4ef-8153eea3d04e","local_time":"20201220153644","is_ascension_mode":true,"campfire_choices":[{"data":"Rampage","floor":6.0,"key":"SMITH"},{"data":"Shockwave","floor":10.0,"key":"SMITH"},{"data":"Uppercut","floor":15.0,"key":"SMITH"},{"floor":23.0,"key":"REST"},{"data":"The Bomb","floor":25.0,"key":"SMITH"},{"floor":28.0,"key":"REST"},{"data":"Perfected Strike","floor":32.0,"key":"SMITH"}],"circlet_count":0,"master_deck":["Defend_R","Defend_R","Defend_R","Defend_R","Bash","Clothesline","Rampage+1","Uppercut+1","Shockwave+1","Perfected Strike+1","Exhume","Limit Break","Clash","Rampage","Brutality","Wild Strike+1","Headbutt+1","Twin Strike","The Bomb+1","Brutality","Carnage","Impervious","Rupture+1","Perfected Strike","Bite","Bite","Bite","Bite","Bite","Wild Strike","Offering+1","Twin Strike","Thunderclap+1"],"relics":["Black Blood","Omamori","Bronze Scales","Meat on the Bone","Ancient Tea Set","CeramicFish","Philosopher\u0027s Stone","PreservedInsect","Toy Ornithopter","Tiny Chest","Strawberry","Akabeko","Potion Belt"],"acts_visited":["Exordium","TheCity","TheBeyond"],"potions_floor_usage":[33],"damage_taken":[{"damage":10.0,"enemies":"2 Louse","floor":1.0,"turns":3.0},{"damage":4.0,"enemies":"Jaw Worm","floor":2.0,"turns":4.0},{"damage":1.0,"enemies":"Cultist","floor":3.0,"turns":3.0},{"damage":20.0,"enemies":"3 Louse","floor":4.0,"turns":4.0},{"damage":20.0,"enemies":"Gremlin Gang","floor":5.0,"turns":5.0},{"damage":27.0,"enemies":"Lagavulin","floor":8.0,"turns":6.0},{"damage":23.0,"enemies":"Gremlin Nob","floor":11.0,"turns":4.0},{"damage":1.0,"enemies":"Lagavulin","floor":13.0,"turns":7.0},{"damage":4.0,"enemies":"Large Slime","floor":14.0,"turns":6.0},{"damage":37.0,"enemies":"The Guardian","floor":16.0,"turns":10.0},{"damage":41.0,"enemies":"Shell Parasite","floor":18.0,"turns":5.0},{"damage":26.0,"enemies":"Spheric Guardian","floor":19.0,"turns":4.0},{"damage":32.0,"enemies":"Centurion and Healer","floor":21.0,"turns":3.0},{"damage":28.0,"enemies":"3 Cultists","floor":22.0,"turns":5.0},{"damage":32.0,"enemies":"Gremlin Leader","floor":24.0,"turns":4.0},{"damage":35.0,"enemies":"Slavers","floor":27.0,"turns":4.0},{"damage":28.0,"enemies":"Gremlin Leader","floor":29.0,"turns":5.0},{"damage":14.0,"enemies":"Cultist and Chosen","floor":31.0,"turns":3.0},{"damage":66,"enemies":"Champ","floor":33,"turns":8},{"damage":16,"enemies":"Orb Walker","floor":35,"turns":3},{"damage":61,"enemies":"3 Darklings","floor":36,"turns":8},{"damage":38,"enemies":"Maw","floor":38,"turns":4}],"seed_played":"-5871279474074297843","potions_obtained":[{"floor":3.0,"key":"Ancient Potion"},{"floor":4.0,"key":"DuplicationPotion"},{"floor":5.0,"key":"ColorlessPotion"},{"floor":16.0,"key":"Weak Potion"},{"floor":18.0,"key":"BlessingOfTheForge"},{"floor":24.0,"key":"Ancient Potion"},{"floor":31.0,"key":"CultistPotion"},{"floor":33,"key":"Weak Potion"},{"floor":36,"key":"Ancient Potion"}],"is_trial":false,"path_per_floor":["M","M","M","M","M","R","?","E","T","R","E","T","E","M","R","B",null,"M","M","$","M","M","R","E","R","T","E","R","E","?","M","R","B",null,"M","M","?","M"],"character_chosen":"IRONCLAD","items_purchased":["PreservedInsect","Toy Ornithopter","Twin Strike","The Bomb"],"campfire_rested":2,"item_purchase_floors":[20,20,20,20],"current_hp_per_floor":[76,78,83,69,55,55,55,34,34,34,17,17,34,48,48,29,73,50,42,42,33,23,49,35,35,42,25,53,43,43,47,47,22,55,57,28,28,0,0],"gold":456,"neow_bonus":"TEN_PERCENT_HP_BONUS","is_daily":false,"chose_seed":false,"campfire_upgraded":5,"win_rate":0.0,"timestamp":1608503804,"path_taken":["M","M","M","M","M","R","?","E","T","R","E","?","E","M","R","BOSS","M","M","$","M","M","R","E","R","T","E","R","E","?","M","R","BOSS","M","M","?","M"],"items_purchased_type":["Relic","Relic","Card","Card"],"build_version":"2020-12-13","purchased_purges":0,"victory":false,"max_hp_per_floor":[88,88,88,88,88,88,88,88,88,88,88,88,88,88,88,88,88,88,88,88,88,88,88,88,88,95,95,95,95,66,66,66,66,66,66,66,66,66,66],"card_choices":[{"not_picked":["Evolve","Armaments"],"picked":"Clothesline","floor":1.0},{"not_picked":["Wild Strike","Sword Boomerang"],"picked":"Rampage","floor":2.0},{"not_picked":["Shrug It Off","Perfected Strike"],"picked":"Uppercut","floor":3.0},{"not_picked":["Anger","Havoc"],"picked":"Shockwave","floor":4.0},{"not_picked":["Iron Wave","Twin Strike"],"picked":"Perfected Strike","floor":5.0},{"not_picked":["Rupture","Thunderclap"],"picked":"Exhume","floor":8.0},{"not_picked":["Pommel Strike","Heavy Blade"],"picked":"Limit Break","floor":11.0},{"not_picked":["Shockwave","Second Wind"],"picked":"Clash","floor":13.0},{"not_picked":["Armaments","Sword Boomerang"],"picked":"Rampage","floor":14.0},{"not_picked":["Juggernaut","Double Tap"],"picked":"Brutality","floor":16.0},{"not_picked":["Havoc","Feel No Pain+1"],"picked":"Wild Strike+1","floor":18.0},{"not_picked":["Sword Boomerang","Havoc+1"],"picked":"Headbutt+1","floor":19.0},{"not_picked":["Headbutt+1","Shrug It Off+1"],"picked":"Brutality","floor":21.0},{"not_picked":["Shrug It Off+1","Twin Strike"],"picked":"Carnage","floor":22.0},{"not_picked":["Battle Trance","Whirlwind+1"],"picked":"Impervious","floor":24.0},{"not_picked":["Warcry","Evolve+1"],"picked":"Rupture+1","floor":27.0},{"not_picked":["Fire Breathing","Clash"],"picked":"Perfected Strike","floor":29.0},{"not_picked":["Iron Wave+1","Power Through"],"picked":"Wild Strike","floor":31.0},{"not_picked":["Barricade","Limit Break"],"picked":"Offering","floor":33},{"not_picked":["Blood for Blood+1","Clothesline"],"picked":"Twin Strike","floor":35},{"not_picked":["Rupture","Warcry"],"picked":"Thunderclap+1","floor":36}],"player_experience":459260,"relics_obtained":[{"floor":8.0,"key":"Omamori"},{"floor":9.0,"key":"Bronze Scales"},{"floor":11.0,"key":"Meat on the Bone"},{"floor":12.0,"key":"Ancient Tea Set"},{"floor":13.0,"key":"CeramicFish"},{"floor":24.0,"key":"Tiny Chest"},{"floor":26.0,"key":"Strawberry"},{"floor":27.0,"key":"Akabeko"},{"floor":29.0,"key":"Potion Belt"}],"event_choices":[{"damage_healed":0.0,"max_hp_gain":0.0,"max_hp_loss":0.0,"gold_gain":30.0,"event_name":"Dead Adventurer","player_choice":"Searched \u00271\u0027 times","floor":7.0,"gold_loss":0.0,"damage_taken":0.0},{"damage_healed":0.0,"max_hp_gain":0.0,"max_hp_loss":29.0,"gold_gain":0.0,"event_name":"Vampires","player_choice":"Became a vampire","floor":30.0,"gold_loss":0.0,"damage_taken":0.0,"cards_obtained":["Bite","Bite","Bite","Bite","Bite"]},{"damage_healed":0,"gold_gain":0,"player_choice":"Upgraded","damage_taken":0,"max_hp_gain":0,"max_hp_loss":0,"event_name":"Upgrade Shrine","floor":37,"gold_loss":0,"cards_upgraded":["Offering"]}],"is_beta":false,"boss_relics":[{"not_picked":["Fusion Hammer","SlaversCollar"],"picked":"Philosopher\u0027s Stone"},{"not_picked":["Pandora\u0027s Box","Runic Dome"],"picked":"Black Blood"}],"items_purged_floors":[],"is_endless":false,"potions_floor_spawned":[3,4,5,16,18,24,31,33,36],"killed_by":"Maw","ascension_level":8}}