{"host":"2lo6hma6kymb0g9i","time":1608470902,"event":{"mods":["BaseMod","Colored Map","DeckTracker","Minty Spire (QoL Compilation)"],"gold_per_floor":[116,116,116,132,132,132,142,142,169,183,194,194,194],"floor_reached":12,"playtime":580,"items_purged":[],"score":130,"play_id":"57201aaf-157f-4bf0-b524-6b969fae25d4","local_time":"20201220222822","is_ascension_mode":true,"campfire_choices":[{"data":"Flechettes","floor":6,"key":"SMITH"},{"data":"Neutralize","floor":8,"key":"SMITH"}],"circlet_count":0,"master_deck":["AscendersBane","Strike_G","Strike_G","Strike_G","Strike_G","Defend_G","Defend_G","Defend_G","Defend_G","Defend_G","Survivor","Neutralize+1","Flechettes+1","Quick Slash","Eviscerate","Backflip","Predator"],"relics":["Ring of the Snake","Matryoshka","Art of War","Nunchaku"],"acts_visited":["Exordium"],"potions_floor_usage":[11,11],"damage_taken":[{"damage":4,"enemies":"Jaw Worm","floor":1,"turns":2},{"damage":0,"enemies":"2 Louse","floor":4,"turns":2},{"damage":9,"enemies":"Cultist","floor":7,"turns":5},{"damage":8,"enemies":"Blue Slaver","floor":10,"turns":4},{"damage":0,"enemies":"2 Fungi Beasts","floor":11,"turns":2},{"damage":41,"enemies":"3 Sentries","floor":12,"turns":10}],"seed_played":"-2037679893121634790","potions_obtained":[{"floor":7,"key":"ColorlessPotion"},{"floor":10,"key":"Swift Potion"}],"is_trial":false,"path_per_floor":["M","?","?","M","?","R","M","R","T","M","M","E"],"character_chosen":"THE_SILENT","items_purchased":[],"campfire_rested":0,"item_purchase_floors":[],"current_hp_per_floor":[55,55,55,55,55,55,46,46,46,38,38,0,0],"gold":194,"neow_bonus":"TRANSFORM_CARD","is_daily":false,"chose_seed":false,"campfire_upgraded":2,"win_rate":0.0,"timestamp":1608470902,"path_taken":["M","?","?","M","?","R","M","R","T","M","M","E"],"items_purchased_type":[],"build_version":"2020-12-13","purchased_purges":0,"victory":false,"max_hp_per_floor":[66,66,66,66,66,66,66,66,66,66,66,66,66],"card_choices":[{"not_picked":["Well Laid Plans","Masterful Stab"],"picked":"Backflip","floor":1},{"not_picked":["Dodge and Roll","Bane"],"picked":"Quick Slash","floor":4},{"not_picked":["Leg Sweep","Deadly Poison"],"picked":"Eviscerate","floor":7},{"not_picked":["Expertise","Prepared"],"picked":"Backflip","floor":10},{"not_picked":["Flying Knee","Prepared"],"picked":"Predator","floor":11}],"player_experience":845983,"relics_obtained":[{"floor":9,"key":"Art of War"},{"floor":9,"key":"Nunchaku"}],"event_choices":[{"damage_healed":0,"gold_gain":0,"player_choice":"Ignored","damage_taken":0,"max_hp_gain":0,"max_hp_loss":0,"event_name":"Shining Light","floor":2,"gold_loss":0},{"damage_healed":0,"gold_gain":0,"player_choice":"Ignored","damage_taken":0,"max_hp_gain":0,"max_hp_loss":0,"event_name":"Golden Idol","floor":3,"gold_loss":0},{"cards_removed":["Backflip"],"damage_healed":0,"gold_gain":0,"player_choice":"Gave Card","damage_taken":0,"relics_obtained":["Matryoshka"],"max_hp_gain":0,"max_hp_loss":0,"event_name":"WeMeetAgain","floor":5,"gold_loss":0}],"is_beta":false,"boss_relics":[],"items_purged_floors":[],"is_endless":false,"potions_floor_spawned":[7,10],"killed_by":"3 Sentries","ascension_level":17}}