{"host":"5qewjvycy34u7aeo","time":1608446278,"event":{"mods":["Act Like it!","Aspiration","BaseMod","Conspire","Downfall","GifTheSpireLib","Hubris","Infinite Spire","Minty Spire (QoL Compilation)","Permanent Neow","Replay The Spire","Shop Mod","StSLib","Stuff the Spire"],"gold_per_floor":[99,110,35,35,49,60,60,74,94,123,223,240,250,267,278,278,278],"floor_reached":16,"playtime":985,"items_purged":[],"score":113,"play_id":"918d897a-2ad1-4de1-abc6-e671975549b4","local_time":"20201219223758","is_ascension_mode":true,"campfire_choices":[{"floor":1,"key":"RECALL"},{"data":"Guardian:PiercingHide","floor":3,"key":"SMITH"}],"circlet_count":0,"master_deck":["Guardian:Strike_Guardian","Guardian:Strike_Guardian","Guardian:Strike_Guardian","Guardian:Defend_Guardian","Guardian:Defend_Guardian","Guardian:Defend_Guardian","Guardian:Defend_Guardian","Guardian:CurlUp","Guardian:TwinSlam","Guardian:PiercingHide+1","Guardian:Gem_Cyan","Guardian:EvasiveProtocol","Guardian:Gem_Fragmented","Guardian:Gem_White","Guardian:Gem_Cyan"],"relics":["Ring of Chaos","downfall:HeartBlessingRed","conspire:DeflatedDodgeball","downfall:GremlinWheel"],"acts_visited":["Exordium"],"potions_floor_usage":[10],"damage_taken":[{"damage":0,"enemies":"Jaw Worm","floor":2,"turns":4},{"damage":0,"enemies":"Cultist","floor":5,"turns":4},{"damage":0,"enemies":"2 Louse","floor":6,"turns":2},{"damage":4,"enemies":"Gremlin Gang","floor":8,"turns":5},{"damage":0,"enemies":"Exordium Wildlife","floor":9,"turns":4},{"damage":3,"enemies":"Replay:BlueRogue","floor":10,"turns":10},{"damage":72,"enemies":"Replay:BlueRogue","floor":11,"turns":6},{"damage":0,"enemies":"conspire:2 RoseBushes","floor":12,"turns":4},{"damage":0,"enemies":"2 Fungi Beasts","floor":13,"turns":4},{"damage":0,"enemies":"Blue Slaver","floor":14,"turns":4},{"damage":0,"enemies":"Lots of Slimes","floor":15,"turns":3},{"damage":9,"enemies":"downfall:Watcher","floor":16,"turns":4}],"seed_played":"2198567948902800656","potions_obtained":[{"floor":6,"key":"Venom Potion"},{"floor":8,"key":"Adrenaline Potion"},{"floor":13,"key":"Dexterity Potion"},{"floor":15,"key":"Languid Potion"}],"is_trial":false,"path_per_floor":["R","M","R","?","M","M","T","M","M","E","?","M","M","M","M","B"],"character_chosen":"GUARDIAN","items_purchased":[],"campfire_rested":0,"item_purchase_floors":[],"current_hp_per_floor":[80,80,80,80,80,80,80,76,76,73,1,1,1,1,1,0,0],"gold":278,"neow_bonus":"BOSS_RELIC","is_daily":false,"chose_seed":false,"campfire_upgraded":1,"win_rate":0.0,"timestamp":1608446278,"path_taken":["R","M","R","?","M","?","T","?","M","E","?","M","?","M","M","BOSS"],"items_purchased_type":[],"build_version":"2020-12-13","purchased_purges":0,"victory":false,"max_hp_per_floor":[80,80,80,80,80,80,80,80,80,80,80,80,80,80,80,80,80],"card_choices":[{"not_picked":["Guardian:VentSteam","Guardian:TemporalStrike"],"picked":"Guardian:PiercingHide","floor":2},{"not_picked":["Guardian:Gem_Lightblue","Guardian:TemporalStrike"],"picked":"Guardian:Gem_Cyan","floor":5},{"not_picked":["Guardian:Planning","Guardian:PrimingBeam"],"picked":"Guardian:EvasiveProtocol","floor":6},{"not_picked":["Guardian:BronzeArmor","Guardian:SentryBeam"],"picked":"Guardian:Gem_Fragmented","floor":8},{"not_picked":["Guardian:TemporalShield","Guardian:PrismaticBeam","Guardian:Emergency"],"picked":"SKIP","floor":9},{"not_picked":["Guardian:StasisField","Guardian:Planning"],"picked":"Guardian:Gem_White","floor":10},{"not_picked":["Guardian:Emergency","Guardian:TemporalStrike","Guardian:Incinerate"],"picked":"SKIP","floor":12},{"not_picked":["Guardian:RollAttack","Guardian:WalkerClaw"],"picked":"Guardian:Gem_Cyan","floor":13},{"not_picked":["Guardian:HyperBeam_Guardian","Guardian:MultiBeam","Guardian:GuardianWhirl"],"picked":"SKIP","floor":14},{"not_picked":["Guardian:ChargeCore","Guardian:Recover","Guardian:MultiBeam"],"picked":"SKIP","floor":15}],"player_experience":371123,"relics_obtained":[{"floor":10,"key":"conspire:DeflatedDodgeball"},{"floor":11,"key":"downfall:GremlinWheel"}],"event_choices":[{"cards_removed":["Guardian:Strike_Guardian"],"damage_healed":0,"gold_gain":0,"player_choice":"Purged","damage_taken":0,"max_hp_gain":0,"max_hp_loss":0,"event_name":"Purifier","floor":4,"gold_loss":0}],"is_beta":false,"boss_relics":[],"items_purged_floors":[],"is_endless":false,"potions_floor_spawned":[6,8,13,15],"killed_by":"downfall:Watcher","ascension_level":1}}