{"host":"684z1xpuwaoqmmh1","time":1608460686,"event":{"mods":["BaseMod","Downfall","Hermit","Jorbs\u0027s Wanderer Trilogy","Marisa????????","Minty Spire (QoL Compilation)","StSLib","The Hierophant","The Mystic"],"gold_per_floor":[111,133,70,113,138,169,181,220,157,203,215,239,263,275,300,389,401,413,443,78,78,96,125,148,160,192,192,224,44,144,144,155,229,229,154,186,186,186,203,234,234,268,268,295,309,309,321,70,89,89,89,89,89],"floor_reached":52,"playtime":3141,"items_purged":["champ:Strike","Writhe"],"score":1561,"play_id":"c746de38-dbdd-4350-aee9-595e2321e002","local_time":"20201220123806","is_ascension_mode":true,"campfire_choices":[{"floor":1.0,"key":"RECALL"},{"data":"champ:Taunt","floor":3.0,"key":"SMITH"},{"data":"champ:IgnorePain","floor":9.0,"key":"SMITH"},{"data":"champ:Improvising","floor":18.0,"key":"SMITH"},{"data":"champ:EnchantSword","floor":21.0,"key":"SMITH"},{"data":"champ:PerfectForm","floor":35,"key":"SMITH"},{"data":"champ:EnchantCrown","floor":37,"key":"SMITH"},{"data":"champ:IgnorePain","floor":43,"key":"SMITH"}],"circlet_count":0,"master_deck":["AscendersBane","champ:Defend","champ:Defend","champ:Execute","champ:Taunt+1","champ:Encircle","champ:IgnorePain+1","champ:GutPunch","champ:BerserkerStyle","champ:Control","champ:Balance","champ:Improvising+1","champ:IronFortress","champ:CheapShot","champ:EnchantSword+1","champ:LastStand+1","champ:Circumvent+1","champ:ShieldThrow+1","champ:GutPunch","champ:GladiatorStyle","champ:Lariat","champ:FlashCut","champ:PerfectForm+1","champ:AdrenalArmor","champ:TornadoPunch+1","champ:ShieldSlam","champ:Haymaker+1","champ:FocusedDefense","champ:EnchantCrown+1","expansioncontent:CaCaw","expansioncontent:DonusPower","expansioncontent:Chronoboost","champ:Aggression","champ:IgnorePain+1","champ:DefensiveStyle","champ:RisingSlash+1","champ:EndlessRage","champ:CheapShot","expansioncontent:Collect","champ:CalledShot"],"relics":["champ:ChampionCrown","MawBank","downfall:HeartBlessingRed","Letter Opener","Question Card","Smiling Mask","downfall:HeartBlessingGreen","champ:DefensiveTrainingManual","Eternal Feather","Astrolabe","Meat on the Bone","Regal Pillow","Matryoshka","Red Mask","Pen Nib","Mango","Singing Bowl","Orichalcum","sneckomod:SneckoTalon","downfall:HeartBlessingBlue","sneckomod:BlankCard","Nunchaku","Guardian:PocketSentry","Omamori","Bag of Marbles","Juzu Bracelet","Membership Card"],"acts_visited":["Exordium","TheCity","TheBeyond","TheEnding"],"potions_floor_usage":[36,47],"damage_taken":[{"damage":12.0,"enemies":"Small Slimes","floor":2.0,"turns":4.0},{"damage":22.0,"enemies":"Gremlin Nob","floor":4.0,"turns":4.0},{"damage":3.0,"enemies":"Jaw Worm","floor":5.0,"turns":2.0},{"damage":0.0,"enemies":"2 Louse","floor":6.0,"turns":2.0},{"damage":32.0,"enemies":"Lagavulin","floor":8.0,"turns":6.0},{"damage":6.0,"enemies":"Gremlin Nob","floor":10.0,"turns":3.0},{"damage":7.0,"enemies":"Blue Slaver","floor":12.0,"turns":2.0},{"damage":10.0,"enemies":"Exordium Wildlife","floor":13.0,"turns":4.0},{"damage":15.0,"enemies":"Red Slaver","floor":15.0,"turns":2.0},{"damage":38.0,"enemies":"downfall:Silent","floor":16.0,"turns":9.0},{"damage":7.0,"enemies":"Chosen","floor":19.0,"turns":4.0},{"damage":23.0,"enemies":"downfall:FleeingMerchant","floor":20.0,"turns":5.0},{"damage":13.0,"enemies":"Snecko","floor":22.0,"turns":4.0},{"damage":38.0,"enemies":"Gremlin Leader","floor":23.0,"turns":10.0},{"damage":48.0,"enemies":"Shelled Parasite and Fungi","floor":25.0,"turns":7.0},{"damage":50.0,"enemies":"Slavers","floor":26.0,"turns":6.0},{"damage":7.0,"enemies":"Masked Bandits","floor":28.0,"turns":3.0},{"damage":12.0,"enemies":"downfall:FleeingMerchant","floor":29.0,"turns":5.0},{"damage":65,"enemies":"downfall:CharBossIronclad","floor":30,"turns":8},{"damage":42,"enemies":"Centurion and Healer","floor":32,"turns":6},{"damage":63,"enemies":"downfall:Ironclad","floor":33,"turns":7},{"damage":57,"enemies":"Giant Head","floor":36,"turns":7},{"damage":9,"enemies":"Orb Walker","floor":39,"turns":3},{"damage":5,"enemies":"downfall:FleeingMerchant","floor":40,"turns":4},{"damage":74,"enemies":"Reptomancer","floor":42,"turns":5},{"damage":16,"enemies":"Nemesis","floor":44,"turns":7},{"damage":22,"enemies":"3 Shapes","floor":45,"turns":5},{"damage":38,"enemies":"3 Darklings","floor":47,"turns":6},{"damage":40,"enemies":"Sphere and 2 Shapes","floor":49,"turns":3},{"damage":39,"enemies":"downfall:Watcher","floor":50,"turns":11},{"damage":125,"enemies":"downfall:CharBossMerchant","floor":52,"turns":9}],"seed_played":"2024922814381706318","potions_obtained":[{"floor":4.0,"key":"champ:UltimateStancePotion"},{"floor":6.0,"key":"Fire Potion"},{"floor":8.0,"key":"SteroidPotion"},{"floor":10.0,"key":"Fire Potion"},{"floor":25.0,"key":"LiquidBronze"},{"floor":30,"key":"Guardian:BlockOnCardUsePotion"},{"floor":42,"key":"Regen Potion"}],"is_trial":false,"path_per_floor":["R","M","R","E","M","M","T","E","R","E","?","M","M","?","M","B",null,"R","M","$","R","M","E","T","M","E","?","?","$","?","?","M","B",null,"R","E","R","?","M","$","T","E","R","E","M","?","M","$","M","B",null,"E"],"character_chosen":"THE_CHAMP","items_purchased":["champ:Lariat","Meat on the Bone","Pen Nib","Nunchaku","champ:DefensiveStyle","Membership Card","expansioncontent:Collect","champ:CalledShot"],"campfire_rested":0,"item_purchase_floors":[20,20,29,40,40,48,48,48],"current_hp_per_floor":[73,69,69,61,65,65,65,58,58,63,58,58,63,63,58,40,71,81,81,81,81,81,77,77,67,39,39,51,77,87,87,95,67,88,105,103,107,97,97,102,102,70,91,106,101,101,109,109,102,106,110,0,0],"gold":89,"neow_bonus":"RANDOM_COMMON_RELIC","is_daily":false,"chose_seed":false,"campfire_upgraded":7,"win_rate":0.0,"timestamp":1608460686,"path_taken":["R","M","R","E","M","M","T","E","R","E","?","M","M","?","M","BOSS","R","M","$","R","M","E","T","M","E","?","?","$","?","?","M","BOSS","R","E","R","?","M","$","T","E","R","E","M","?","M","?","M","BOSS","E"],"items_purchased_type":["Card","Relic","Relic","Relic","Card","Relic","Card","Card"],"build_version":"2020-12-13","purchased_purges":2,"victory":false,"max_hp_per_floor":[81,81,81,81,81,81,81,81,81,81,81,81,81,81,81,81,81,81,81,81,81,81,81,81,81,81,81,81,81,95,95,95,95,95,105,107,107,107,107,107,107,107,107,107,109,109,109,109,111,111,111,111,111],"card_choices":[{"not_picked":["champ:EnragedBash","champ:Haymaker"],"picked":"champ:Encircle","floor":2.0},{"not_picked":["champ:ShieldSigil","champ:SwordSigil"],"picked":"champ:IgnorePain","floor":4.0},{"not_picked":["champ:BladeFlurry","champ:EnGarde"],"picked":"champ:GutPunch","floor":5.0},{"not_picked":["champ:FlashCut","champ:CrookedStrike"],"picked":"champ:BerserkerStyle","floor":6.0},{"not_picked":["champ:FocusedDefense","champ:BerserkerStyle","champ:DefensiveStyle"],"picked":"champ:Control","floor":8.0},{"not_picked":["champ:ShieldWall","champ:RisingSlash","champ:DefensiveShout"],"picked":"champ:Balance","floor":10.0},{"not_picked":["champ:EnragedBash","champ:RageSigil","champ:StanceDance"],"picked":"champ:Improvising","floor":12.0},{"not_picked":["champ:EnragedBash","champ:AdrenalArmor","champ:BringItOn"],"picked":"champ:IronFortress","floor":13.0},{"not_picked":["champ:CrookedStrike","champ:FlashCut","champ:GladiatorsShout"],"picked":"champ:CheapShot","floor":15.0},{"not_picked":["champ:MurderStrike","champ:StrikeOfGenius","champ:LastStand"],"picked":"champ:EnchantSword","floor":16.0},{"not_picked":["champ:BladeFlurry","champ:PerfectedStrike","champ:Balance"],"picked":"champ:GutPunch","floor":19.0},{"not_picked":["champ:Encircle","champ:DefensiveShout","champ:BringItOn"],"picked":"champ:GladiatorStyle","floor":20.0},{"not_picked":["champ:Shatter","champ:GladiatorsShout","champ:CrookedStrike"],"picked":"champ:FlashCut","floor":22.0},{"not_picked":["champ:CrookedStrike","champ:StanceDance","champ:Encircle","champ:FightOn"],"picked":"SKIP","floor":23.0},{"not_picked":["champ:FaceSlap","champ:TornadoPunch+1","champ:PerfectedStrike"],"picked":"champ:PerfectForm","floor":25.0},{"not_picked":["champ:TornadoPunch","champ:ShieldSigil","champ:Circumvent"],"picked":"champ:AdrenalArmor","floor":26.0},{"not_picked":["champ:SwordSigil+1","champ:BringItOn","champ:DeathBlow"],"picked":"champ:TornadoPunch+1","floor":28.0},{"not_picked":["champ:TornadoPunch","champ:RageSigil","champ:CrookedStrike"],"picked":"champ:ShieldSlam","floor":29.0},{"not_picked":["champ:ShieldSigil","champ:FlashCut","champ:Encircle+1"],"picked":"champ:Haymaker+1","floor":30},{"not_picked":["champ:BerserkerStyle+1","champ:RecklessLeap","champ:Duel"],"picked":"champ:FocusedDefense","floor":32},{"not_picked":["champ:HeavySlash","champ:SwordThrow","champ:CrownThrow"],"picked":"champ:EnchantCrown","floor":33},{"not_picked":["champ:Riposte","champ:Circumvent","champ:GladiatorsShout","champ:ViciousMockery"],"picked":"Singing Bowl","floor":36},{"not_picked":["expansioncontent:GoopSpray","expansioncontent:PolyBeam","expansioncontent:FaceSlap"],"picked":"expansioncontent:CaCaw","floor":38},{"not_picked":["expansioncontent:GoopSpray","expansioncontent:PrepareCrush","expansioncontent:YouAreMine"],"picked":"expansioncontent:DonusPower","floor":38},{"not_picked":["expansioncontent:GoopSpray","expansioncontent:Hexaburn","expansioncontent:DefensiveStance"],"picked":"expansioncontent:Chronoboost","floor":38},{"not_picked":["champ:BerserkerStyle+1","champ:Haymaker","champ:GladiatorStyle"],"picked":"champ:Aggression","floor":39},{"not_picked":["champ:Backstep","champ:PreciseThrust","champ:StanceDance"],"picked":"champ:IgnorePain","floor":40},{"not_picked":["champ:TornadoPunch+1","champ:FocusedDefense","champ:Shatter"],"picked":"champ:RisingSlash+1","floor":42},{"not_picked":["champ:DefensiveStyle","champ:BerserkerStyle+1","champ:Balance+1"],"picked":"champ:EndlessRage","floor":44},{"not_picked":["champ:StanceDance","champ:RisingSlash","champ:PerfectedStrike","champ:Encircle"],"picked":"Singing Bowl","floor":45},{"not_picked":["champ:Haymaker","champ:BladeFlurry","champ:FanOfKnives"],"picked":"champ:CheapShot","floor":47},{"not_picked":["champ:AdrenalArmor","champ:Encircle","champ:ShieldSigil","champ:Duel"],"picked":"Singing Bowl","floor":49}],"player_experience":2352944,"relics_obtained":[{"floor":4.0,"key":"Letter Opener"},{"floor":7.0,"key":"Question Card"},{"floor":8.0,"key":"Smiling Mask"},{"floor":10.0,"key":"champ:DefensiveTrainingManual"},{"floor":23.0,"key":"Regal Pillow"},{"floor":26.0,"key":"Matryoshka"},{"floor":28.0,"key":"Red Mask"},{"floor":30,"key":"Mango"},{"floor":30,"key":"Singing Bowl"},{"floor":36,"key":"sneckomod:BlankCard"},{"floor":41,"key":"Guardian:PocketSentry"},{"floor":41,"key":"Omamori"},{"floor":42,"key":"Bag of Marbles"},{"floor":44,"key":"Juzu Bracelet"}],"event_choices":[{"damage_healed":0.0,"max_hp_gain":0.0,"max_hp_loss":0.0,"gold_gain":0.0,"event_name":"Scrap Ooze","player_choice":"Success","floor":11.0,"gold_loss":0.0,"damage_taken":5.0,"relics_obtained":["Eternal Feather"]},{"cards_removed":["champ:Strike"],"damage_healed":0.0,"max_hp_gain":0.0,"max_hp_loss":0.0,"gold_gain":0.0,"event_name":"The Cleric","player_choice":"Card Removal","floor":14.0,"gold_loss":0.0,"damage_taken":0.0},{"damage_healed":0.0,"max_hp_gain":0.0,"max_hp_loss":0.0,"gold_gain":0.0,"event_name":"Masked Bandits","player_choice":"Fought Bandits","floor":28.0,"gold_loss":0.0,"damage_taken":0.0},{"cards_removed":["champ:Defend"],"damage_healed":0,"gold_gain":0,"player_choice":"Removed Skill","damage_taken":0,"max_hp_gain":0,"max_hp_loss":0,"event_name":"Falling","floor":46,"gold_loss":0}],"is_beta":false,"boss_relics":[{"not_picked":["Cursed Key","Runic Dome"],"picked":"Astrolabe"},{"not_picked":["Tiny House","Black Star"],"picked":"sneckomod:SneckoTalon"}],"items_purged_floors":[20,40],"is_endless":false,"potions_floor_spawned":[4,6,8,10,12,13,22,25,26,30,42,45],"killed_by":"downfall:CharBossMerchant","ascension_level":16}}