{"host":"d61vkvf8c80cu18y","time":1608430255,"event":{"mods":["2.2 Compatiblity","AchievementEnabler","AlwaysNeverKeys","Aspiration","BaseMod","Better Altar","Better Note","Better Sensory Stone","Better Skull","Better Third Choice","BetterRewards","Challenge The Spire","ChefMod","Conspire","Custom Start","Downfall","Emptier Cage","Energized Spire","Force Act Four","GifTheSpireLib","Gremlin Mod","GungeonMod","Hermit","Highlight Path","Hubris","Infinite Spire","Ironclad Rager","Jess\u0027s Bottle","Marked Mod","Minty Spire (QoL Compilation)","Quick Restart","Rare Cards Sparkle","Relic Filter","Replay The Spire","Retaliation","Shade Mod","Shop Mod","Spicy Shops","Spikes Relics","StSLib","Stuff the Spire","Swap Starting Deck Mod","The Blue Laboratory","The Bug Knight","The Cursed","The Forsaken","The Marked","The Runesmith","The Sage","The Servant 0.9.4","TheVacant","Thieving Mod","Virulent Crown","thorton"],"gold_per_floor":[117,117,133,153,170,170,205,205,229,15,58,58,77,87,87,188,188,202,202,216,216,62,93,93,141,141,165,165],"floor_reached":27,"playtime":2059,"items_purged":[],"score":276,"play_id":"b386468e-86ce-428d-a814-0028a4c06d20","local_time":"20201219201055","is_ascension_mode":false,"campfire_choices":[{"data":"chefmod:CandyBowl","floor":6,"key":"SMITH"},{"data":"chefmod:TodaysSpecial","floor":8,"key":"SMITH"},{"data":"chefmod:FreezerBurn","floor":15,"key":"SMITH"},{"floor":24,"key":"REST"}],"circlet_count":0,"master_deck":["chefmod:Fillet","chefmod:Strike","chefmod:Strike","chefmod:Strike","chefmod:Strike","chefmod:Strike","chefmod:Defend","chefmod:Defend","chefmod:Defend","chefmod:QuickThaw+1","chefmod:TodaysSpecial+1","chefmod:CandyBowl+1","chefmod:LiquidNitrogen","chefmod:HotSoup","chefmod:ZaruSoba","chefmod:ZaruSoba","chefmod:FullCourseMeal","chefmod:Ratatouille","chefmod:Fillet","chefmod:FreezerBurn+1","chefmod:FrozenTuna+1","chefmod:AllYouCanEat","chefmod:SpaghettiCarbonara","chefmod:ZaruSoba","chefmod:Gelato"],"relics":["chefmod:TrustyPot","Gremlin Food","StuffTheSpire:OldFever","Membership Card","DemoMod:OrangeGuonStone","StuffTheSpire:Gunfinga","ZombieTooth","Replay:Bandana","Replay:Ringing Soul","MawBank"],"acts_visited":["Exordium","TheCity"],"potions_floor_usage":[],"damage_taken":[{"damage":0.0,"enemies":"Jaw Worm","floor":1.0,"turns":4.0},{"damage":4.0,"enemies":"Cultist","floor":3.0,"turns":4.0},{"damage":0.0,"enemies":"Small Slimes","floor":4.0,"turns":3.0},{"damage":3,"enemies":"2 Fungi Beasts","floor":5,"turns":3},{"damage":29,"enemies":"Gremlin Nob","floor":7,"turns":4},{"damage":33,"enemies":"conspire:MimicChest","floor":11,"turns":9},{"damage":0,"enemies":"Blue Slaver","floor":13,"turns":2},{"damage":0,"enemies":"Red Slaver","floor":14,"turns":3},{"damage":64,"enemies":"The Guardian","floor":16,"turns":7},{"damage":28,"enemies":"3 Byrds","floor":18,"turns":6},{"damage":0,"enemies":"Chosen","floor":20,"turns":3},{"damage":46,"enemies":"Slavers","floor":23,"turns":6},{"damage":12,"enemies":"conspire:SneckoGhost","floor":25,"turns":5},{"damage":16,"enemies":"Snake Plant","floor":27,"turns":2}],"seed_played":"-7348369334349065045","potions_obtained":[{"floor":5,"key":"blueLaboratory:AbyssPotion"},{"floor":11,"key":"DDmod:CleansePotion"},{"floor":13,"key":"blueLaboratory:TrueEctoplasm"},{"floor":18,"key":"DuplicationPotion"}],"is_trial":false,"path_per_floor":["M","?","M","M","M","R","E","R","T","$","?","?","M","M","R","B",null,"M","T","M","?","$","E","R","E","T","M"],"character_chosen":"THE_CHEF","items_purchased":["Membership Card","chefmod:Ratatouille","chefmod:Fillet","ZombieTooth"],"campfire_rested":1,"item_purchase_floors":[10,10,10,22],"current_hp_per_floor":[76,76,72,72,69,69,40,40,40,40,7,76,76,76,76,12,76,48,48,48,48,48,2,24,15,15,0,0],"gold":165,"neow_bonus":"ONE_RANDOM_RARE_CARD","is_daily":false,"chose_seed":false,"campfire_upgraded":3,"win_rate":0.0,"timestamp":1608430255,"path_taken":["M","?","M","?","M","R","E","R","T","$","?","?","M","M","R","BOSS","M","?","M","?","$","E","R","E","T","M"],"items_purchased_type":["Relic","Card","Card","Relic"],"build_version":"2020-12-13","purchased_purges":0,"victory":false,"max_hp_per_floor":[76,76,76,76,76,76,76,76,76,76,76,76,76,76,76,76,76,76,76,76,76,76,76,76,79,79,79,79],"card_choices":[{"not_picked":["chefmod:Julienne","chefmod:NoSoupForYou"],"picked":"chefmod:LiquidNitrogen","floor":1.0},{"not_picked":["chefmod:CuttingBoard","chefmod:IcePick"],"picked":"chefmod:HotSoup","floor":3.0},{"not_picked":["chefmod:SliceAndDice","chefmod:Granita"],"picked":"chefmod:ZaruSoba","floor":4.0},{"not_picked":["chefmod:ColdSteel","chefmod:SliceAndDice"],"picked":"chefmod:ZaruSoba","floor":5},{"not_picked":["chefmod:Chop","chefmod:SliceAndDice"],"picked":"chefmod:FullCourseMeal","floor":7},{"not_picked":["chefmod:Sorbet","chefmod:HotSoup"],"picked":"chefmod:FreezerBurn","floor":13},{"not_picked":["chefmod:IcePick","chefmod:Chop","chefmod:Sorbet"],"picked":"SKIP","floor":14},{"not_picked":["chefmod:RisingDough","chefmod:PrepCook"],"picked":"chefmod:FrozenTuna","floor":16},{"not_picked":["chefmod:Ratatouille+1","chefmod:Julienne"],"picked":"chefmod:AllYouCanEat","floor":18},{"not_picked":["chefmod:Granita","chefmod:DinoKale"],"picked":"chefmod:SpaghettiCarbonara","floor":20},{"not_picked":["chefmod:ColdSteel+1","chefmod:PotatoGratin"],"picked":"chefmod:ZaruSoba","floor":23},{"not_picked":["chefmod:DinoKale+1","chefmod:Cleavers"],"picked":"chefmod:Gelato","floor":25}],"player_experience":384836,"relics_obtained":[{"floor":7,"key":"Gremlin Food"},{"floor":9,"key":"StuffTheSpire:OldFever"},{"floor":11,"key":"DemoMod:OrangeGuonStone"},{"floor":19,"key":"StuffTheSpire:Gunfinga"},{"floor":23,"key":"Replay:Bandana"},{"floor":25,"key":"Replay:Ringing Soul"},{"floor":26,"key":"MawBank"}],"event_choices":[{"damage_healed":0.0,"max_hp_gain":0.0,"max_hp_loss":0.0,"gold_gain":0.0,"event_name":"Upgrade Shrine","player_choice":"Upgraded","floor":2.0,"gold_loss":0.0,"damage_taken":0.0,"cards_upgraded":["chefmod:QuickThaw"]},{"cards_removed":["chefmod:Ratatouille"],"damage_healed":69,"gold_gain":0,"player_choice":"Offered Uncommon","damage_taken":0,"max_hp_gain":0,"max_hp_loss":0,"event_name":"Bonfire Elementals","floor":12,"gold_loss":0},{"damage_healed":0,"gold_gain":0,"player_choice":"Ignored","damage_taken":0,"max_hp_gain":0,"max_hp_loss":0,"event_name":"betterNote:BetterNote","floor":21,"gold_loss":0,"cards_obtained":["SilverBlades"]}],"is_beta":false,"boss_relics":[{"not_picked":["hubris:RunicObelisk","aspiration:RunicSpoon","ChewingGum"]}],"items_purged_floors":[],"is_endless":false,"potions_floor_spawned":[5,11,13,18,25],"killed_by":"Snake Plant","ascension_level":0}}