{"host":"vumwfieg2b2mnrfl","time":1608441927,"event":{"mods":["AchievementEnabler","BaseMod","Minty Spire (QoL Compilation)","Rare Cards Sparkle","Relic Stats"],"gold_per_floor":[119,133,308,327,343,378,378,397,451,451,479,479,479,54,54,152,152,171,181,193,115,128,128,128],"floor_reached":23,"playtime":778,"items_purged":["Regret"],"score":203,"play_id":"ea0232dc-3632-4814-8c41-6777eb3ff533","local_time":"20201219232527","is_ascension_mode":false,"campfire_choices":[{"floor":7.0,"key":"REST"},{"floor":12,"key":"REST"},{"data":"Skewer","floor":15,"key":"SMITH"}],"circlet_count":0,"master_deck":["Strike_G","Strike_G","Strike_G","Strike_G","Defend_G","Defend_G","Defend_G","Defend_G","Defend_G","Survivor","Neutralize","Storm of Steel","All Out Attack","Skewer+1","Doubt","Cloak And Dagger","Footwork","Burst","Flying Knee","Catalyst","Dagger Throw","Prepared","Unload","Dagger Throw+1","Backstab+1","Crippling Poison+1","Footwork","Escape Plan"],"relics":["Ring of the Snake","Darkstone Periapt","Art of War","Bottled Flame","Bag of Marbles","Tough Bandages","Fusion Hammer"],"acts_visited":["Exordium","TheCity"],"potions_floor_usage":[11,16,22],"damage_taken":[{"damage":8.0,"enemies":"2 Louse","floor":1.0,"turns":3.0},{"damage":0.0,"enemies":"Small Slimes","floor":2.0,"turns":4.0},{"damage":1.0,"enemies":"Jaw Worm","floor":4.0,"turns":3.0},{"damage":8.0,"enemies":"Blue Slaver","floor":5.0,"turns":4.0},{"damage":22.0,"enemies":"3 Sentries","floor":6.0,"turns":10.0},{"damage":3.0,"enemies":"Lots of Slimes","floor":8.0,"turns":3.0},{"damage":39,"enemies":"Gremlin Nob","floor":11,"turns":5},{"damage":26,"enemies":"Slime Boss","floor":16,"turns":9},{"damage":6,"enemies":"Shell Parasite","floor":18,"turns":5},{"damage":17,"enemies":"Spheric Guardian","floor":19,"turns":6},{"damage":12,"enemies":"Snake Plant","floor":20,"turns":5},{"damage":8,"enemies":"Cultist and Chosen","floor":22,"turns":5},{"damage":11,"enemies":"Slavers","floor":23,"turns":2}],"seed_played":"1628909060278776935","potions_obtained":[{"floor":1.0,"key":"Explosive Potion"},{"floor":2.0,"key":"FearPotion"},{"floor":5.0,"key":"PowerPotion"},{"floor":16,"key":"Strength Potion"},{"floor":18,"key":"GhostInAJar"},{"floor":22,"key":"BlessingOfTheForge"}],"is_trial":false,"path_per_floor":["M","M","?","M","M","E","R","M","T","?","E","R","?","$","R","B",null,"M","M","M","$","M","E"],"character_chosen":"THE_SILENT","items_purchased":["Tough Bandages","Prepared","Footwork"],"campfire_rested":2,"item_purchase_floors":[14,14,21],"current_hp_per_floor":[62,62,62,61,53,31,52,49,49,49,10,31,37,37,37,11,76,70,53,41,41,33,22,22],"gold":128,"neow_bonus":"ONE_RANDOM_RARE_CARD","is_daily":false,"chose_seed":false,"campfire_upgraded":1,"win_rate":0.0,"timestamp":1608441927,"path_taken":["M","M","?","M","M","E","R","M","T","?","E","R","?","?","R","BOSS","M","M","M","$","M","E"],"items_purchased_type":["Relic","Card","Card"],"build_version":"2020-12-13","purchased_purges":1,"victory":false,"max_hp_per_floor":[70,70,70,70,70,70,70,70,70,70,70,70,76,76,76,76,76,76,76,76,76,76,76,76],"relic_stats":{"Darkstone Periapt":6,"Tough Bandages":[108],"counters":[13,64],"Art of War":[0],"obtain_stats":[{"Darkstone Periapt":6,"Bottled Flame":11,"Tough Bandages":14,"Fusion Hammer":17,"Art of War":9,"Bag of Marbles":13,"Ring of the Snake":0},{"Darkstone Periapt":5,"Bottled Flame":7,"Tough Bandages":7,"Fusion Hammer":8,"Art of War":6,"Bag of Marbles":7,"Ring of the Snake":0},{"Darkstone Periapt":24,"Bottled Flame":32,"Tough Bandages":32,"Fusion Hammer":41,"Art of War":27,"Bag of Marbles":32,"Ring of the Snake":0}],"Ring of the Snake":[26]},"card_choices":[{"not_picked":["Expertise","Caltrops"],"picked":"All Out Attack","floor":1.0},{"not_picked":["Acrobatics","Dagger Throw"],"picked":"Skewer","floor":2.0},{"not_picked":["Slice","Endless Agony"],"picked":"Cloak And Dagger","floor":4.0},{"not_picked":["All Out Attack","Setup"],"picked":"Footwork","floor":5.0},{"not_picked":["Escape Plan","Backstab"],"picked":"Burst","floor":6.0},{"not_picked":["Outmaneuver","Acrobatics"],"picked":"Flying Knee","floor":8.0},{"not_picked":["Quick Slash","Endless Agony"],"picked":"Dagger Throw","floor":11},{"not_picked":["Doppelganger","Tools of the Trade"],"picked":"Unload","floor":16},{"not_picked":["Bouncing Flask","Underhanded Strike"],"picked":"Dagger Throw+1","floor":18},{"not_picked":["Sucker Punch","Slice"],"picked":"Backstab+1","floor":19},{"not_picked":["Outmaneuver","Quick Slash+1"],"picked":"Crippling Poison+1","floor":20},{"not_picked":["Grand Finale","Poisoned Stab+1"],"picked":"Escape Plan","floor":22}],"player_experience":265005,"relics_obtained":[{"floor":6.0,"key":"Darkstone Periapt"},{"floor":9.0,"key":"Art of War"},{"floor":11,"key":"Bottled Flame"}],"event_choices":[{"damage_healed":0.0,"max_hp_gain":0.0,"max_hp_loss":0.0,"gold_gain":175.0,"event_name":"Liars Game","player_choice":"AGREE","floor":3.0,"gold_loss":0.0,"damage_taken":0.0,"cards_obtained":["Doubt"]},{"damage_healed":0.0,"max_hp_gain":0.0,"max_hp_loss":0.0,"gold_gain":0.0,"cards_transformed":["Strike_G"],"event_name":"Living Wall","player_choice":"Change","floor":10.0,"gold_loss":0.0,"damage_taken":0.0,"cards_obtained":["Catalyst"]},{"damage_healed":0,"gold_gain":0,"player_choice":"Box","damage_taken":0,"relics_obtained":["Bag of Marbles"],"max_hp_gain":0,"max_hp_loss":0,"event_name":"Big Fish","floor":13,"gold_loss":0,"cards_obtained":["Regret"]}],"is_beta":false,"boss_relics":[{"not_picked":["Runic Dome","SacredBark"],"picked":"Fusion Hammer"}],"items_purged_floors":[14],"is_endless":false,"potions_floor_spawned":[1,2,5,16,18,22],"killed_by":"Slavers","ascension_level":0}}