{"host":"99ad87xtd5ypi7ii","time":1608456864,"event":{"mods":["BaseMod","Hermit","Highlight Path","Marisa????????","Minty Spire (QoL Compilation)","Robot Space Explorer","StSLib","The Bladedancer","The Construct","The Cursed","The Disciple","The Gatherer","The Hierophant","The Runesmith","The Servant 0.9.4","TheVacant"],"gold_per_floor":[111,111,57,71,84,84,103,103,103,103],"floor_reached":8,"playtime":512,"items_purged":[],"score":48,"play_id":"c0a51163-7bcb-4c96-926a-d7bad00f5dce","local_time":"20201220103424","is_ascension_mode":false,"metric_token":1041,"campfire_choices":[{"data":"Gatherer:Centralize","floor":6,"key":"SMITH"}],"circlet_count":0,"master_deck":["Gatherer:Strike_Gatherer","Gatherer:Strike_Gatherer","Gatherer:Strike_Gatherer","Gatherer:Strike_Gatherer","Gatherer:Strike_Gatherer","Gatherer:Defend_Gatherer","Gatherer:Defend_Gatherer","Gatherer:Defend_Gatherer","Gatherer:Defend_Gatherer","Gatherer:Defend_Gatherer","Gatherer:Centralize+1","Gatherer:FlowerWhip","Gatherer:SmartManeuver","Gatherer:QuickSynthesis","Gatherer:MiningStrike","Gatherer:EnergyBasket"],"relics":["Gatherer:AlchemyBag"],"acts_visited":["Exordium"],"potions_floor_usage":[7,8,8],"damage_taken":[{"damage":0,"enemies":"Jaw Worm","floor":1,"turns":5},{"damage":0,"enemies":"Cultist","floor":4,"turns":5},{"damage":0,"enemies":"Small Slimes","floor":5,"turns":3},{"damage":5,"enemies":"Red Slaver","floor":7,"turns":4},{"damage":0,"enemies":"3 Sentries","floor":8,"turns":2}],"seed_played":"1318906029266675625","potions_obtained":[{"floor":1,"key":"AttackPotion"},{"floor":2,"key":"SpeedPotion"},{"floor":2,"key":"BlessingOfTheForge"}],"is_trial":false,"path_per_floor":["M","?","$","M","M","R","M","E"],"character_chosen":"THE_GATHERER","items_purchased":["Gatherer:QuickSynthesis"],"campfire_rested":0,"item_purchase_floors":[3],"current_hp_per_floor":[79,79,79,79,79,79,74,74,74,74],"gold":103,"neow_bonus":"TEN_PERCENT_HP_BONUS","is_daily":false,"chose_seed":false,"campfire_upgraded":1,"win_rate":0.0,"timestamp":1608456864,"path_taken":["M","?","?","M","M","R","M","E"],"items_purchased_type":["Card"],"build_version":"2020-12-13","purchased_purges":0,"victory":false,"max_hp_per_floor":[79,79,79,79,79,79,79,79,79,79],"card_choices":[{"not_picked":["Gatherer:BalancedGrowth","Gatherer:DrugPower"],"picked":"Gatherer:SmartManeuver","floor":1},{"not_picked":["Gatherer:TacticalStrike","Gatherer:FlowerFalling"],"picked":"Gatherer:MiningStrike","floor":4},{"not_picked":["Gatherer:SaveValuables","Gatherer:GatherMaterial"],"picked":"Gatherer:EnergyBasket","floor":5},{"not_picked":["Gatherer:AromaProtection","Gatherer:WoolGloves","Gatherer:TacticalStrike"],"picked":"SKIP","floor":7}],"player_experience":790662,"relics_obtained":[],"event_choices":[{"damage_healed":0,"gold_gain":0,"player_choice":"Got Potions","damage_taken":0,"max_hp_gain":0,"max_hp_loss":0,"event_name":"Lab","floor":2,"gold_loss":0}],"is_beta":false,"boss_relics":[],"items_purged_floors":[],"is_endless":false,"potions_floor_spawned":[1,4],"killed_by":"3 Sentries","ascension_level":0}}