{"host":"an6uhul3yec8m0jh","time":1608483165,"event":{"mods":["Act Like it!","BaseMod","Colored Map","Colored Powertips","Gensokyo","Highlight Path","Minty Spire (QoL Compilation)","MostiFishMod","Quick Restart","StSLib","TestMod","UnlockEverythingMod","Waifu the Spire","noobMod"],"gold_per_floor":[110,125,141,160,160,190,203,203,285,300,300,334,71,71,71,147,147,187,204,204,204,204,216,845,864,910,910,1525,1525,1551,1565,1565,2844,2844,3458,4125,3476,3526,2737,2737,3371,2597,2646,2772,2788,3403,3403,3434,3434,4035,4635,4635,4635,3709,3744,3744],"floor_reached":57,"playtime":4047,"items_purged":["Strike_P","Streamline","Sword Boomerang","Strike_P","Strike_P"],"score":3570,"play_id":"75ff7df7-08c5-46cb-bbbc-00fbba051359","local_time":"20201221005245","is_ascension_mode":true,"campfire_choices":[{"data":"Eruption","floor":8.0,"key":"SMITH"},{"floor":11.0,"key":"REST"},{"data":"MostiFishMod:Hijack","floor":15.0,"key":"SMITH"},{"data":"testmod-PulseDistributor","floor":27.0,"key":"SMITH"},{"data":"MostiFishMod:PathToVictory","floor":29.0,"key":"SMITH"},{"floor":32.0,"key":"RECALL"},{"data":"MostiFishMod:JungleRules","floor":40.0,"key":"SMITH"},{"data":"Gensokyo:FourOfAKind","floor":47,"key":"SMITH"},{"data":"testmod-BackupPower","floor":49,"key":"SMITH"},{"data":"MostiFishMod:OneDayCity","floor":53,"key":"SMITH"}],"circlet_count":0,"master_deck":["AscendersBane","Defend_P","Eruption+1","Vigilance","Escape Plan","MostiFishMod:PerfectParry","BowlingBash","MostiFishMod:Hijack+1","testmod-PulseDistributor+1","MostiFishMod:PathToVictory+1","Backflip","Gensokyo:FourOfAKind","Gensokyo:FourOfAKind+1","Gensokyo:FourOfAKind+1","Gensokyo:FourOfAKind+1","Exhume","Gensokyo:ShootingStar+1","MostiFishMod:VineMother","Skim+1","MostiFishMod:JungleRules+1","MostiFishMod:OneDayCity+1","testmod-BackupPower+1"],"relics":["ice","DaveBox","MetatronsCube","testmod-BatchProcessingSystem","HaiYi:Twilight","Question Card","PrismaticShard","InkBottle","TeardropLocket","Bird Faced Urn","Juzu Bracelet","ImportantClient","xbg","Gensokyo:RedStar","Akabeko","Potion Belt","Transparent","Gambling Chip","SynthV","Bottled Lightning","Matryoshka","War Paint","Turnip","Technique","testmod-TurbochargingSystem","Chemical X","Blood Vial","White Beast Statue","testmod-IndustrialRevolution","Boot","Centennial Puzzle","Toy Ornithopter","testmod-ObsoleteBoomerang","Gremlin Horn","Sling","Shuriken"],"acts_visited":["Gensokyo:Gensokyo","Gensokyo:Gensokyoer","TheBeyond","TheEnding"],"potions_floor_usage":[54],"damage_taken":[{"damage":14.0,"enemies":"Gensokyo:3_Fairies","floor":1.0,"turns":5.0},{"damage":0.0,"enemies":"Gensokyo:Python","floor":2.0,"turns":2.0},{"damage":0.0,"enemies":"Gensokyo:Gryphon","floor":3.0,"turns":2.0},{"damage":0.0,"enemies":"Gensokyo:2_Rabbits","floor":4.0,"turns":2.0},{"damage":33.0,"enemies":"Gensokyo:Cirno","floor":6.0,"turns":7.0},{"damage":14.0,"enemies":"Gensokyo:3_Kodama","floor":7.0,"turns":5.0},{"damage":21.0,"enemies":"Gensokyo:5_Fairies","floor":10.0,"turns":3.0},{"damage":31.0,"enemies":"Gensokyo:Aya","floor":12.0,"turns":4.0},{"damage":0.0,"enemies":"Gensokyo:Yukari","floor":16.0,"turns":4.0},{"damage":36.0,"enemies":"Gensokyo:3_Dogs","floor":18.0,"turns":3.0},{"damage":0.0,"enemies":"Gensokyo:2_Gloops","floor":19.0,"turns":2.0},{"damage":32.0,"enemies":"Gensokyo:Wraith","floor":23.0,"turns":3.0},{"damage":0.0,"enemies":"Gensokyo:Koishi","floor":24.0,"turns":3.0},{"damage":0.0,"enemies":"Gensokyo:Swordslinger","floor":25.0,"turns":1.0},{"damage":0.0,"enemies":"Gensokyo:Slime_Group","floor":28.0,"turns":3.0},{"damage":0.0,"enemies":"Gensokyo:Reisen","floor":30.0,"turns":3.0},{"damage":0.0,"enemies":"Gensokyo:Wraith","floor":31.0,"turns":2.0},{"damage":0.0,"enemies":"Gensokyo:Kaguya","floor":33.0,"turns":3.0},{"damage":5.0,"enemies":"3 Shapes","floor":35.0,"turns":1.0},{"damage":5.0,"enemies":"2 Orb Walkers","floor":36.0,"turns":1.0},{"damage":5.0,"enemies":"Nemesis","floor":41.0,"turns":1.0},{"damage":5.0,"enemies":"Reptomancer","floor":44.0,"turns":1.0},{"damage":5.0,"enemies":"3 Darklings","floor":45.0,"turns":1.0},{"damage":10,"enemies":"Writhing Mass","floor":46,"turns":2},{"damage":5,"enemies":"Nemesis","floor":48,"turns":1},{"damage":10,"enemies":"Awakened One","floor":50,"turns":2},{"damage":43,"enemies":"Time Eater","floor":51,"turns":3},{"damage":5,"enemies":"Shield and Spear","floor":55,"turns":1},{"damage":14,"enemies":"The Heart","floor":56,"turns":1}],"seed_played":"-6442526159113509562","potions_obtained":[{"floor":1.0,"key":"SkillPotion"},{"floor":6.0,"key":"FearPotion"},{"floor":7.0,"key":"FearPotion"},{"floor":16.0,"key":"Dexterity Potion"},{"floor":19.0,"key":"AttackPotion"},{"floor":30.0,"key":"LiquidMemories"},{"floor":31.0,"key":"testmod-EscapePotion"},{"floor":45.0,"key":"DuplicationPotion"},{"floor":55,"key":"SkillPotion"}],"is_trial":false,"path_per_floor":["M","M","M","M","?","E","M","R","T","M","R","E","$","?","R","B",null,"M","M","?","?","?","M","E","M","T","R","M","R","E","M","R","B",null,"M","?","$","?","$","R","E","$","T","E","M","M","R","E","R","B","B",null,"R","$","E","B",null],"character_chosen":"WATCHER","items_purchased":["testmod-PulseDistributor","SynthV","Bottled Lightning","Matryoshka","War Paint","Turnip","Technique","MostiFishMod:JungleRules","MostiFishMod:OneDayCity","Chemical X","Blood Vial","White Beast Statue","testmod-ObsoleteBoomerang","Gremlin Horn","Sling","Swift Potion","testmod-SpacePotion","Explosive Potion"],"campfire_rested":1,"item_purchase_floors":[13,37,37,37,39,39,39,39,42,42,42,42,54,54,54,54,54,54],"current_hp_per_floor":[47,47,47,47,13,46,32,32,32,11,35,4,4,4,4,6,63,61,61,54,54,54,50,54,54,54,54,54,54,54,54,54,54,54,54,54,54,54,54,54,54,54,54,54,54,54,54,54,54,54,54,54,54,54,54,54],"gold":3744,"neow_bonus":"BOSS_RELIC","is_daily":false,"chose_seed":false,"campfire_upgraded":8,"win_rate":0.0,"timestamp":1608483165,"path_taken":["M","M","M","M","?","E","M","R","T","M","R","E","$","?","R","BOSS","M","M","?","?","?","M","E","M","T","R","M","R","E","M","R","BOSS","M","?","$","?","$","R","E","?","T","E","M","M","R","E","R","BOSS","BOSS","R","$","E","BOSS"],"items_purchased_type":["Card","Relic","Relic","Relic","Relic","Relic","Relic","Card","Card","Relic","Relic","Relic","Relic","Relic","Relic","Potion","Potion","Potion"],"build_version":"2020-12-13","purchased_purges":5,"victory":true,"max_hp_per_floor":[68,68,68,68,68,72,80,80,80,82,82,82,82,82,82,82,82,82,82,54,54,54,54,54,54,54,54,54,54,54,54,54,54,54,54,54,54,54,54,54,54,54,54,54,54,54,54,54,54,54,54,54,54,54,54,54],"card_choices":[{"not_picked":["WreathOfFlame","Halt","Weave"],"picked":"SKIP","floor":1.0},{"not_picked":["Crescendo","Mind Blast","SignatureMove"],"picked":"Streamline","floor":2.0},{"not_picked":["SandsOfTime","Defragment","Gash","Deadly Poison"],"picked":"SKIP","floor":3.0},{"not_picked":["All Out Attack","Dash","Turbo"],"picked":"Escape Plan","floor":4.0},{"not_picked":["Steam","Genetic Algorithm","Streamline"],"picked":"MostiFishMod:PerfectParry","floor":6.0},{"not_picked":["Madness","Masterful Stab","Ghostly Armor"],"picked":"BowlingBash","floor":7.0},{"not_picked":["Bane","Nirvana","Clash"],"picked":"Sword Boomerang","floor":10.0},{"not_picked":["Compile Driver","Hologram","Trip"],"picked":"MostiFishMod:Hijack","floor":12.0},{"not_picked":["testmod-Wormhole","Envenom","MostiFishMod:DisColor"],"picked":"MostiFishMod:PathToVictory","floor":16.0},{"not_picked":["Steam","Combust","Sword Boomerang","Protect+1"],"picked":"SKIP","floor":18.0},{"not_picked":["Storm","Leg Sweep","Quick Slash"],"picked":"Backflip","floor":19.0},{"not_picked":["Sucker Punch","testmod-Bloodthirsty","Rebound","FollowUp"],"picked":"SKIP","floor":23.0},{"not_picked":["Underhanded Strike","Deflect","Heavy Blade"],"picked":"Exhume","floor":24.0},{"not_picked":["Headbutt","Dodge and Roll","All Out Attack+1","MostiFishMod:BrandingRite+1"],"picked":"SKIP","floor":25.0},{"not_picked":["Flex","Thunderclap","Auto Shields","Deadly Poison"],"picked":"SKIP","floor":28.0},{"not_picked":["Whirlwind","ThirdEye","Hologram+1","Compile Driver"],"picked":"SKIP","floor":30.0},{"not_picked":["MostiFishMod:ThornCasing","Rebound","Cleave","Dagger Throw"],"picked":"SKIP","floor":31.0},{"not_picked":[],"picked":"Gensokyo:ShootingStar","floor":33.0},{"not_picked":["MostiFishMod:KamiSmash","MostiFishMod:Distribution","Devotion"],"picked":"MostiFishMod:VineMother","floor":33.0},{"not_picked":["Evaluate","PiercingWail","Halt"],"picked":"Skim","floor":35.0},{"not_picked":["Prostrate","Heavy Blade","Clash","Rebound"],"picked":"SKIP","floor":41.0},{"not_picked":["Metallicize+1","Shrug It Off","Halt","Sword Boomerang"],"picked":"SKIP","floor":44.0},{"not_picked":["Conserve Battery","EmptyFist","Barrage","Caltrops"],"picked":"SKIP","floor":45.0},{"not_picked":["MostiFishMod:PerfectParry","Hemokinesis+1","Nirvana+1","Backstab"],"picked":"SKIP","floor":46},{"not_picked":["EmptyFist+1","Undo","MostiFishMod:OneDayCity"],"picked":"testmod-BackupPower","floor":48},{"not_picked":["Cleave","Blade Dance","Gash","Body Slam"],"picked":"SKIP","floor":55}],"player_experience":148016,"relics_obtained":[{"floor":1.0,"key":"Question Card"},{"floor":1.0,"key":"PrismaticShard"},{"floor":6.0,"key":"InkBottle"},{"floor":9.0,"key":"TeardropLocket"},{"floor":12.0,"key":"Bird Faced Urn"},{"floor":16.0,"key":"ImportantClient"},{"floor":24.0,"key":"Akabeko"},{"floor":30.0,"key":"Potion Belt"},{"floor":36.0,"key":"Gambling Chip"},{"floor":41.0,"key":"testmod-TurbochargingSystem"},{"floor":43.0,"key":"testmod-IndustrialRevolution"},{"floor":43.0,"key":"Boot"},{"floor":44.0,"key":"Centennial Puzzle"},{"floor":48,"key":"Toy Ornithopter"},{"floor":55,"key":"Shuriken"}],"event_choices":[{"damage_healed":0.0,"max_hp_gain":0.0,"max_hp_loss":0.0,"gold_gain":0.0,"event_name":"给自己的盒子","player_choice":"Swap Relic","floor":14.0,"relics_lost":["testmod-TestBox"],"gold_loss":0.0,"damage_taken":0.0,"relics_obtained":["Juzu Bracelet"]},{"damage_healed":0.0,"max_hp_gain":0.0,"max_hp_loss":0.0,"gold_gain":0.0,"event_name":"Mysterious Sphere","player_choice":"Fight","floor":36.0,"gold_loss":0.0,"damage_taken":0.0},{"damage_healed":0.0,"max_hp_gain":0.0,"max_hp_loss":0.0,"gold_gain":50.0,"event_name":"Golden Shrine","player_choice":"Pray","floor":38.0,"gold_loss":0.0,"damage_taken":0.0}],"is_beta":false,"boss_relics":[{"not_picked":["testmod-NegativeEmotionEnhancer","JellyFishMachine"],"picked":"xbg"},{"not_picked":["SynthV:MejaisSoulstealer","GuanYuAspect"],"picked":"Transparent"}],"items_purged_floors":[13,37,39,42,54],"is_endless":false,"potions_floor_spawned":[1,6,7,16,18,19,30,31,35,44,45,46,48,55],"ascension_level":20}}