{"host":"uzj3qtz06dzkgpll","time":1608495836,"event":{"mods":["BaseMod","Better Altar","Better Match","Better Note","Better Sensory Stone","Better Skull","Better Third Choice","Colored Map","Custom Start","Hubris","Minty Spire (QoL Compilation)","Permanent Neow","Replay The Spire","Shop Mod","Spicy Shops","StSLib"],"gold_per_floor":[111,127,146,166,17,45,0,0,25,25,56,56,131,158,158,262,262,279,291,291,304,321,349,349,364,388,388,388,420,450,485,485,485,485],"floor_reached":33,"playtime":2844,"items_purged":[],"score":576,"play_id":"ed5c9e95-625d-414f-b329-e50ae62e09af","local_time":"20201220122356","daily_mods":["Green Cards","DeadlyEvents"],"is_ascension_mode":true,"campfire_choices":[{"data":"Tools of the Trade","floor":8.0,"key":"SMITH"},{"data":"Dodge and Roll","floor":10.0,"key":"SMITH"},{"data":"Armaments","floor":12.0,"key":"SMITH"},{"floor":15.0,"key":"REST"},{"data":"Flame Barrier","floor":28,"key":"SMITH"}],"circlet_count":0,"master_deck":["Strike_R","Strike_R","Strike_R","Strike_R","Strike_R","Defend_R","Defend_R","Defend_R","Defend_R","Bash","Dodge and Roll+1","Shrug It Off","Escape Plan","Tools of the Trade+1","Iron Wave","Armaments+1","Dagger Throw","Poison Darts","Flame Barrier+1","Cloak And Dagger+1","Replay:Undeath\u0027s Touch"],"relics":["Burning Blood","Membership Card","Bronze Scales","Replay:Wax Seal","hubris:TenFootPole","Chameleon Ring","Regal Pillow","Ring of Chaos","hubris:BottledHeart","hubris:Metronome","Bag of Preparation","hubris:PeanutButter","Mango","Pet Ghost","ReplayTheSpireMod:Spearhead"],"acts_visited":["Exordium","TheCity"],"potions_floor_usage":[21,23,30,30,33],"damage_taken":[{"damage":16.0,"enemies":"Cultist","floor":1.0,"turns":4.0},{"damage":10.0,"enemies":"Small Slimes","floor":2.0,"turns":3.0},{"damage":2.0,"enemies":"2 Louse","floor":3.0,"turns":3.0},{"damage":14.0,"enemies":"Blue Slaver","floor":4.0,"turns":5.0},{"damage":28.0,"enemies":"Gremlin Nob","floor":6.0,"turns":4.0},{"damage":23.0,"enemies":"Lagavulin","floor":11.0,"turns":9.0},{"damage":25.0,"enemies":"Gremlin Nob","floor":14.0,"turns":5.0},{"damage":24.0,"enemies":"Fading Forest","floor":16.0,"turns":11.0},{"damage":25,"enemies":"Shell Parasite","floor":18,"turns":9},{"damage":45,"enemies":"Chosen","floor":19,"turns":7},{"damage":0,"enemies":"Centurion and Healer","floor":21,"turns":7},{"damage":0,"enemies":"Shelled Parasite and Fungi","floor":22,"turns":8},{"damage":0,"enemies":"Slavers","floor":23,"turns":7},{"damage":0,"enemies":"Snake Plant","floor":25,"turns":5},{"damage":0,"enemies":"Replay:Snechameleon","floor":29,"turns":6},{"damage":0,"enemies":"Book of Stabbing","floor":30,"turns":6},{"damage":0,"enemies":"Gremlin Leader","floor":31,"turns":8},{"damage":4,"enemies":"Automaton","floor":33,"turns":6}],"seed_played":"5801277916547442406","potions_obtained":[{"floor":3.0,"key":"Fire Potion"},{"floor":4.0,"key":"Dexterity Potion"},{"floor":6.0,"key":"SpeedPotion"},{"floor":14.0,"key":"LiquidMemories"},{"floor":18,"key":"Swift Potion"},{"floor":19,"key":"Explosive Potion"},{"floor":21,"key":"Elixir"},{"floor":24,"key":"BlessingOfTheForge"},{"floor":24,"key":"PowerPotion"},{"floor":32,"key":"Dexterity Potion"},{"floor":32,"key":"Milkshake"}],"is_trial":true,"path_per_floor":["M","M","M","M","$","E","WH","R","T","R","E","R","T","E","R","B",null,"M","M","?","M","M","E","R","M","T","T","R","E","E","E","R","B"],"character_chosen":"IRONCLAD","items_purchased":["Membership Card"],"campfire_rested":1,"item_purchase_floors":[5],"current_hp_per_floor":[62,58,62,54,54,32,48,48,48,48,31,31,31,12,55,37,81,62,23,1,1,1,1,1,1,1,1,1,1,1,1,1,0,0],"gold":485,"neow_bonus":"TWENTY_PERCENT_HP_BONUS","is_daily":false,"chose_seed":false,"campfire_upgraded":4,"win_rate":0.0,"timestamp":1608495836,"path_taken":["M","?","?","M","?","E","WH","R","T","R","E","R","?","?","R","BOSS","M","M","?","M","M","E","R","M","T","?","R","E","?","E","R","BOSS"],"items_purchased_type":["Relic"],"build_version":"2020-12-13","purchased_purges":0,"victory":false,"max_hp_per_floor":[80,80,80,80,80,80,96,96,96,96,96,96,96,96,96,96,96,96,96,1,1,1,1,1,1,1,1,1,1,1,1,1,1,1],"card_choices":[{"not_picked":["Havoc","ReplayTheSpireMod:Tripwire"],"picked":"Dodge and Roll","floor":1.0},{"not_picked":["Flying Knee","Clash"],"picked":"Shrug It Off","floor":2.0},{"not_picked":["Deadly Poison","Headbutt"],"picked":"Escape Plan","floor":3.0},{"not_picked":["Warcry","Cleave"],"picked":"Tools of the Trade","floor":4.0},{"not_picked":["Prepared","Deadly Poison"],"picked":"Iron Wave","floor":6.0},{"not_picked":["hubris:CleavingFinish","ReplayTheSpireMod:Limb From Limb"],"picked":"Armaments","floor":11.0},{"not_picked":["ReplayTheSpireMod:Tripwire","Fluid Movement"],"picked":"Dagger Throw","floor":14.0},{"not_picked":["Replay:Bag of Tricks","Feed"],"picked":"Poison Darts","floor":16.0},{"not_picked":["Shrug It Off","Hidden Blade+1"],"picked":"Flame Barrier","floor":18},{"not_picked":["Warcry","Hidden Blade","Sucker Punch"],"picked":"SKIP","floor":19},{"not_picked":["Dagger Spray","Spot Weakness","Blade Dance+1"],"picked":"SKIP","floor":21},{"not_picked":["Hidden Blade","Skewer","Clash+1"],"picked":"SKIP","floor":22},{"not_picked":["hubris:SharpeningStone","Underhanded Strike"],"picked":"Cloak And Dagger+1","floor":23},{"not_picked":["Impervious","Power Through"],"picked":"Replay:Undeath\u0027s Touch","floor":25},{"not_picked":["Flying Knee","Leg Sweep+1","Clash+1"],"picked":"SKIP","floor":29},{"not_picked":["Eviscerate","Dropkick","PiercingWail"],"picked":"SKIP","floor":30},{"not_picked":["Havoc","PiercingWail","ReplayTheSpireMod:Shiv Toss"],"picked":"SKIP","floor":31}],"player_experience":307430,"relics_obtained":[{"floor":6.0,"key":"Bronze Scales"},{"floor":9.0,"key":"Replay:Wax Seal"},{"floor":11.0,"key":"hubris:TenFootPole"},{"floor":13.0,"key":"Chameleon Ring"},{"floor":14.0,"key":"Regal Pillow"},{"floor":23,"key":"hubris:Metronome"},{"floor":26,"key":"Bag of Preparation"},{"floor":27,"key":"hubris:PeanutButter"},{"floor":29,"key":"Mango"},{"floor":30,"key":"Pet Ghost"},{"floor":31,"key":"ReplayTheSpireMod:Spearhead"}],"event_choices":[],"is_beta":false,"boss_relics":[{"not_picked":["Busted Crown","ReplayTheSpireMod:DimensionalGlitch"],"picked":"Ring of Chaos"}],"items_purged_floors":[],"is_endless":false,"potions_floor_spawned":[3,4,6,14,18,19,21,25],"killed_by":"Automaton","ascension_level":6}}