{"host":"cz3p2o9n3b1gdmkz","time":1608472808,"event":{"mods":["AchievementEnabler","BaseMod","CapriCore","GungeonMod","Hermit","Lobotomy","Minty Spire (QoL Compilation)","Replay The Spire","Shop Mod","StSLib","SuperFastMode","The Cursed","The Dragon Tamer","The Gatherer","The Jungle","The Poker Player","The Runesmith"],"gold_per_floor":[117,42,42,42,56,56,85,85,85,104,167,167,182,182,182,256,256,271,288,188,206,256,256,287,287,287,162,174,202,214,214,214,214,214],"floor_reached":33,"playtime":1510,"items_purged":["hermit:Strike_Hermit","hermit:Defend_Hermit","hermit:Defend_Hermit"],"score":570,"play_id":"7821f303-392c-42d1-abe4-cca58c65b8d4","local_time":"20201220230008","is_ascension_mode":true,"campfire_choices":[{"data":"Flash of Steel","floor":6.0,"key":"SMITH"},{"floor":8.0,"key":"REST"},{"data":"hermit:Strike_Hermit","floor":12.0,"key":"SMITH"},{"data":"hermit:Strike_Hermit","floor":15.0,"key":"SMITH"},{"floor":23.0,"key":"REST"},{"data":"hermit:BlackWind","floor":25.0,"key":"SMITH"},{"data":"hermit:Strike_Hermit","floor":32,"key":"SMITH"}],"circlet_count":0,"master_deck":["AscendersBane","hermit:Strike_Hermit","hermit:Strike_Hermit+2","hermit:Strike_Hermit","hermit:Defend_Hermit","hermit:Defend_Hermit","hermit:Snapshot","hermit:Covet","Flash of Steel+1","hermit:FinalCanter","hermit:BlackWind+1","hermit:Quickdraw"],"relics":["hermit:Momento","DemoMod:OrangeGuonStone","Eternal Feather","Replay:Bottled Steam","DemoMod:WaxWing","Meat on the Bone","Blue Candle","Simple Rune"],"acts_visited":["Exordium","TheCity"],"potions_floor_usage":[33],"damage_taken":[{"damage":7.0,"enemies":"Small Slimes","floor":1.0,"turns":4.0},{"damage":2.0,"enemies":"Jaw Worm","floor":5.0,"turns":3.0},{"damage":44.0,"enemies":"Lagavulin","floor":7.0,"turns":6.0},{"damage":0.0,"enemies":"2 Louse","floor":10.0,"turns":2.0},{"damage":20.0,"enemies":"Gremlin Nob","floor":11.0,"turns":4.0},{"damage":0.0,"enemies":"Looter","floor":13.0,"turns":2.0},{"damage":15.0,"enemies":"Hexaghost","floor":16.0,"turns":8.0},{"damage":0.0,"enemies":"3 Byrds","floor":18.0,"turns":6.0},{"damage":5.0,"enemies":"Spheric Guardian","floor":19.0,"turns":4.0},{"damage":34.0,"enemies":"Shelled Parasite and Fungi","floor":21.0,"turns":5.0},{"damage":0.0,"enemies":"Slavers","floor":24.0,"turns":8.0},{"damage":24.0,"enemies":"Snecko","floor":28.0,"turns":5.0},{"damage":26,"enemies":"Book of Stabbing","floor":29,"turns":4},{"damage":0,"enemies":"Chosen and Byrds","floor":30,"turns":3},{"damage":57,"enemies":"Pondfish","floor":33,"turns":9}],"seed_played":"-4375752146649114182","potions_obtained":[{"floor":10.0,"key":"Adrenaline Potion"},{"floor":11.0,"key":"AttackPotion"},{"floor":13.0,"key":"SkillPotion"},{"floor":16.0,"key":"BlessingOfTheForge"},{"floor":21.0,"key":"DemoMod:LeadSkinPotion"},{"floor":30,"key":"Adrenaline Potion"}],"is_trial":false,"path_per_floor":["M","$","?","?","M","R","E","R","T","M","?","R","M","?","R","B",null,"M","M","$","M","?","R","E","R","T","$","M","E","M","?","R","B"],"character_chosen":"HERMIT","items_purchased":[],"campfire_rested":2,"item_purchase_floors":[],"current_hp_per_floor":[57,57,57,57,55,55,11,32,32,32,12,18,18,18,24,9,56,56,51,51,17,17,44,44,50,50,50,38,24,36,50,56,0,0],"gold":214,"neow_bonus":"RANDOM_COLORLESS","is_daily":false,"chose_seed":false,"campfire_upgraded":5,"win_rate":0.0,"timestamp":1608472808,"path_taken":["M","$","?","?","M","R","E","R","T","M","?","R","M","?","R","BOSS","M","M","$","M","?","R","E","R","T","$","M","E","M","?","R","BOSS"],"items_purchased_type":[],"build_version":"2020-12-13","purchased_purges":3,"victory":false,"max_hp_per_floor":[71,71,71,71,71,71,71,71,71,71,71,71,71,71,71,71,71,71,71,71,71,71,71,71,71,71,71,71,71,71,71,71,71,71],"card_choices":[{"not_picked":["Jack Of All Trades","PanicButton"],"picked":"Flash of Steel","floor":0.0},{"not_picked":["hermit:Desperado","hermit:ItchyTrigger","hermit:Manifest"],"picked":"SKIP","floor":1.0},{"not_picked":["hermit:GhostlyPresence","hermit:Dive","hermit:LuckOfTheDraw"],"picked":"SKIP","floor":5.0},{"not_picked":["hermit:Spite","hermit:PistolWhip"],"picked":"hermit:FinalCanter","floor":7.0},{"not_picked":["hermit:Maintenance","hermit:Manifest","hermit:HoleUp"],"picked":"SKIP","floor":10.0},{"not_picked":["hermit:Determination","hermit:SprayPray","hermit:FromBeyond"],"picked":"SKIP","floor":13.0},{"not_picked":["hermit:FromBeyond","hermit:HighNoon"],"picked":"hermit:BlackWind","floor":16.0},{"not_picked":["hermit:Dive","hermit:Manifest"],"picked":"hermit:Quickdraw","floor":18.0},{"not_picked":["hermit:SprayPray","hermit:TakeAim","hermit:Midnight"],"picked":"SKIP","floor":19.0},{"not_picked":["hermit:Brawl","hermit:FullyLoaded","hermit:Roulette"],"picked":"SKIP","floor":21.0},{"not_picked":["hermit:Shortfuse","hermit:Snipe","hermit:Grudge"],"picked":"SKIP","floor":24.0},{"not_picked":["hermit:Midnight+1","hermit:Roulette","hermit:Combo"],"picked":"SKIP","floor":28.0},{"not_picked":["hermit:Midnight+1","hermit:Roulette","hermit:Combo"],"picked":"SKIP","floor":28.0},{"not_picked":["hermit:HighCaliber","hermit:Roulette","hermit:HoleUp"],"picked":"SKIP","floor":29},{"not_picked":["hermit:Coalescence","hermit:Spite+1","hermit:Roulette"],"picked":"SKIP","floor":30}],"player_experience":992921,"relics_obtained":[{"floor":7.0,"key":"DemoMod:OrangeGuonStone"},{"floor":9.0,"key":"Eternal Feather"},{"floor":11.0,"key":"Replay:Bottled Steam"},{"floor":24.0,"key":"Meat on the Bone"},{"floor":26.0,"key":"Blue Candle"},{"floor":29,"key":"Simple Rune"}],"event_choices":[{"damage_healed":0.0,"max_hp_gain":0.0,"max_hp_loss":0.0,"gold_gain":0.0,"event_name":"Dead Adventurer","player_choice":"Searched \u00271\u0027 times","floor":11.0,"gold_loss":0.0,"damage_taken":0.0},{"damage_healed":0.0,"max_hp_gain":0.0,"max_hp_loss":0.0,"gold_gain":0.0,"event_name":"Shining Light","player_choice":"Ignored","floor":14.0,"gold_loss":0.0,"damage_taken":0.0},{"damage_healed":0.0,"max_hp_gain":0.0,"max_hp_loss":0.0,"gold_gain":50.0,"event_name":"Nest","player_choice":"Stole From Cult","floor":22.0,"gold_loss":0.0,"damage_taken":0.0},{"damage_healed":14,"gold_gain":0,"player_choice":"Heal","damage_taken":0,"max_hp_gain":0,"max_hp_loss":0,"event_name":"The Library","floor":31,"gold_loss":0}],"is_beta":false,"boss_relics":[{"not_picked":["Snecko Eye","Pandora\u0027s Box"],"picked":"DemoMod:WaxWing"}],"items_purged_floors":[2,20,27],"is_endless":false,"potions_floor_spawned":[10,11,13,16,21,30],"killed_by":"Pondfish","ascension_level":17}}