{"host":"qvm8mnkwg7phaqzl","time":1608458423,"event":{"mods":["2.2 Compatiblity","A Magickal Journey","Act Like it!","Aspiration","Astrologer","Bard","BaseMod","Beaked The Cultist","Better Altar","Better Match","Better Note","Better Sensory Stone","Better Skull","Better Third Choice","CCEM","CatGirl Mod","Chen","Colored Map","Conspire","DeckTracker","Downfall","Elementarium","Friendly Minions","Gensokyo","GifTheSpireLib","Halation","Hubris","Koishi","Marisa（霧雨　魔理沙）","Mathematician","Minty Spire (QoL Compilation)","Onozuka Komachi Mod","Potionbrewer","Random Character Button","Rare Cards Sparkle","Reimu（博??梦）","Replay The Spire","Somnambulant","StSLib","The Accelerator","The Blackbeard","The Bladedancer","The Bug Knight","The Construct","The Cursed","The Disciple","The Druid","The Elementalist","The Factory","The Florist","The Forsaken","The Gatherer","The Hierophant","The Judge","The Juggle","The Jungle","The Mystic","The Necromancer","The Poker Player","The Problem Sleuth","The Runesmith","The Sage","The Servant 0.9.4","The Spell Scribe","The Valiant","The Witch","TheArtist","TheFirefly","Wandering Minibosses","Youmu（魂魄妖梦）","Yuyuko","vexMod","yUi"],"gold_per_floor":[109,126,126,137,137,167,167,187,265,265,265,299,317,330,330,427,427,438,438,113,113,147,182,182,182,208,226,226,226],"floor_reached":28,"playtime":3508,"items_purged":["beaked:Strike_Y"],"score":248,"play_id":"07ea27da-7867-4c33-99e5-df3266b636d4","local_time":"20201220040023","is_ascension_mode":false,"campfire_choices":[{"data":"beaked:Evade","floor":7,"key":"SMITH"},{"data":"beaked:WarriorEssence","floor":11,"key":"SMITH"},{"data":"beaked:BloodRitual","floor":15,"key":"SMITH"},{"data":"beaked:WarriorEssence","floor":24,"key":"SMITH"}],"circlet_count":0,"master_deck":["beaked:Strike_Y","beaked:Strike_Y","beaked:Strike_Y","beaked:Strike_Y","beaked:Defend_Y","beaked:Defend_Y","beaked:Defend_Y","beaked:Defend_Y","beaked:Ceremony","beaked:Ceremony","beaked:Ceremony","beaked:AwakenedForm","beaked:Evade+1","beaked:WarriorEssence+1","beaked:Resilience","beaked:BloodRitual+1","beaked:Brace","beaked:WarriorEssence+1","ReplayTheSpireMod:Brewmster+1"],"relics":["beaked:MendingPlumage","halation:StarCompass","White Beast Statue","Lantern","ReplayFunnel","construct:ClawGrip","Snack Pack","CCEMRelics:FryingPan"],"acts_visited":["Exordium","theJungle:Jungle"],"potions_floor_usage":[6,13,14,16,18,22,22,22,22,22,23,27,27,27,28,28,28,28,28,28],"damage_taken":[{"damage":6,"enemies":"conspire:RoseBush","floor":1,"turns":4},{"damage":17,"enemies":"2 Louse","floor":2,"turns":11},{"damage":25,"enemies":"Jaw Worm","floor":4,"turns":7},{"damage":66,"enemies":"3 Sentries","floor":6,"turns":15},{"damage":38,"enemies":"Large Slime","floor":8,"turns":22},{"damage":9,"enemies":"Replay:BlueRogue","floor":12,"turns":6},{"damage":15,"enemies":"Red Slaver","floor":13,"turns":3},{"damage":42,"enemies":"Exordium Thugs","floor":14,"turns":16},{"damage":67,"enemies":"Hexaghost","floor":16,"turns":10},{"damage":58,"enemies":"theJungle:Flameango_and_Byrd","floor":18,"turns":8},{"damage":42,"enemies":"theJungle:5_Spyders","floor":22,"turns":8},{"damage":24,"enemies":"theJungle:2_Phrogs","floor":23,"turns":11},{"damage":49,"enemies":"Snake Plant","floor":27,"turns":4},{"damage":73,"enemies":"theJungle:MamaSnecko","floor":28,"turns":7}],"seed_played":"5772470794298254500","potions_obtained":[{"floor":4,"key":"BlessingOfTheForge"},{"floor":8,"key":"ColorlessPotion"},{"floor":12,"key":"Swift Potion"},{"floor":13,"key":"Energy Potion"},{"floor":14,"key":"PowerPotion"},{"floor":16,"key":"SteroidPotion"},{"floor":18,"key":"potionbrewer:QuicksilverPotion"},{"floor":22,"key":"potionbrewer:QuicksilverPotion"},{"floor":23,"key":"SteroidPotion"},{"floor":25,"key":"Energy Potion"},{"floor":27,"key":"Venom Potion"}],"is_trial":false,"path_per_floor":["M","M","?","M","?","E","R","M","T","?","R","E","M","M","R","B",null,"M","?","$","?","M","E","R","?","T","M","E"],"character_chosen":"BEAKED_THE_CULTIST","items_purchased":["Snack Pack"],"campfire_rested":0,"item_purchase_floors":[20],"current_hp_per_floor":[39,45,45,40,40,9,9,32,32,20,20,42,41,43,43,12,50,50,50,50,50,41,47,47,47,47,27,0,0],"gold":226,"neow_bonus":"THREE_RARE_CARDS","is_daily":false,"chose_seed":false,"campfire_upgraded":4,"win_rate":0.0,"timestamp":1608458423,"path_taken":["M","M","?","M","?","E","R","M","T","?","R","E","M","M","R","BOSS","M","?","$","?","M","E","R","?","T","M","E"],"items_purchased_type":["Relic"],"build_version":"2020-12-13","purchased_purges":1,"victory":false,"max_hp_per_floor":[50,50,50,50,50,50,50,50,50,50,50,50,50,50,50,50,50,50,50,50,50,50,50,50,50,50,50,50,50],"card_choices":[{"not_picked":["beaked:CheekyTricks","beaked:MachineEssence"],"picked":"beaked:AwakenedForm","floor":0},{"not_picked":["beaked:HuntressSpirit","beaked:DigDeep"],"picked":"beaked:Evade","floor":1},{"not_picked":["beaked:BloodForTheGods","beaked:Redirect","beaked:BounceBack"],"picked":"SKIP","floor":2},{"not_picked":["beaked:Cower","beaked:Struggle","beaked:Mantra"],"picked":"SKIP","floor":4},{"not_picked":["beaked:Tweet","beaked:BloodRitual","beaked:Tradeoff"],"picked":"SKIP","floor":6},{"not_picked":["beaked:DesperateSwing","beaked:DigDeep"],"picked":"beaked:WarriorEssence","floor":8},{"not_picked":["beaked:StickSmack","beaked:ShadowFade"],"picked":"beaked:Resilience","floor":12},{"not_picked":["beaked:Resilience","beaked:Tweet"],"picked":"beaked:BloodRitual","floor":13},{"not_picked":["beaked:Tradeoff","beaked:Insight"],"picked":"beaked:Brace","floor":14},{"not_picked":["beaked:Evade","beaked:DigDeep+1"],"picked":"beaked:WarriorEssence","floor":18},{"not_picked":["beaked:SurvivalInstinct+1","beaked:Insight","beaked:Cower"],"picked":"SKIP","floor":22},{"not_picked":["beaked:Redirect","beaked:MimicHuntress+1","beaked:Brace"],"picked":"SKIP","floor":23},{"not_picked":["beaked:BraceForImpact","beaked:Flinch","beaked:WarriorEssence"],"picked":"SKIP","floor":27}],"player_experience":589363,"relics_obtained":[{"floor":9,"key":"White Beast Statue"},{"floor":12,"key":"ReplayFunnel"},{"floor":23,"key":"CCEMRelics:FryingPan"}],"event_choices":[{"damage_healed":0,"gold_gain":0,"player_choice":"Leave","damage_taken":0,"max_hp_gain":0,"max_hp_loss":0,"event_name":"The Cleric","floor":5,"gold_loss":0},{"damage_healed":0,"gold_gain":0,"player_choice":"Relic ","damage_taken":12,"max_hp_gain":0,"max_hp_loss":0,"event_name":"betterThird:BetterScrap","floor":10,"gold_loss":0,"cards_obtained":["Buffer"]},{"cards_removed":["beaked:Strike_Y"],"damage_healed":0,"gold_gain":0,"player_choice":"Purged","damage_taken":0,"max_hp_gain":0,"max_hp_loss":0,"event_name":"Purifier","floor":19,"gold_loss":0},{"cards_removed":["beaked:Evade"],"damage_healed":0,"gold_gain":0,"player_choice":"Take \u0026 Give","damage_taken":0,"max_hp_gain":0,"max_hp_loss":0,"event_name":"betterNote:BetterNote","floor":21,"gold_loss":0,"cards_obtained":["ReplayTheSpireMod:Brewmster"]},{"damage_healed":0,"gold_gain":0,"player_choice":"Got Potions","damage_taken":0,"max_hp_gain":0,"max_hp_loss":0,"event_name":"Lab","floor":25,"gold_loss":0}],"is_beta":false,"boss_relics":[{"not_picked":["aspiration:FutureDiary","theForsaken:PaleLantern"],"picked":"construct:ClawGrip"}],"items_purged_floors":[20],"is_endless":false,"potions_floor_spawned":[4,8,12,13,14,16,18,22,23,27],"killed_by":"theJungle:MamaSnecko","ascension_level":0}}