{"host":"ue7jlgf7uv134an9","time":1608454697,"event":{"mods":["BaseMod","Better Third Choice","Defuse TimeMaze Blight","Minty Spire (QoL Compilation)","Quick Restart","Rare Cards Sparkle","Relic Stats","StSLib","UnlockEverythingMod"],"gold_per_floor":[117,117,137,219,238,265,277,289,289],"floor_reached":8,"playtime":246,"items_purged":[],"score":112,"play_id":"52c5e6e7-67f9-4fa5-bb93-89ff0075409e","local_time":"20201220035817","is_ascension_mode":true,"campfire_choices":[],"circlet_count":0,"master_deck":["AscendersBane","Strike_G","Strike_G","Strike_G","Strike_G","Strike_G","Defend_G","Defend_G","Defend_G","Defend_G","Defend_G","Survivor","Neutralize","Dagger Spray","Finisher","Well Laid Plans"],"relics":["Ring of the Snake","NeowsBlessing","Blood Vial","Singing Bowl","MawBank"],"acts_visited":["Exordium"],"potions_floor_usage":[6,8],"damage_taken":[{"damage":0,"enemies":"Small Slimes","floor":1,"turns":1},{"damage":0,"enemies":"Cultist","floor":3,"turns":1},{"damage":0,"enemies":"Jaw Worm","floor":5,"turns":1},{"damage":46,"enemies":"3 Sentries","floor":6,"turns":11},{"damage":27,"enemies":"Lagavulin","floor":8,"turns":7}],"seed_played":"5554697528329375440","potions_obtained":[{"floor":1,"key":"Weak Potion"},{"floor":3,"key":"PowerPotion"},{"floor":6,"key":"Block Potion"}],"is_trial":false,"path_per_floor":["M","?","M","T","M","E","?","E"],"character_chosen":"THE_SILENT","items_purchased":[],"campfire_rested":0,"item_purchase_floors":[],"current_hp_per_floor":[59,59,61,61,63,19,19,0,0],"gold":289,"neow_bonus":"THREE_ENEMY_KILL","is_daily":false,"chose_seed":false,"campfire_upgraded":0,"win_rate":0.0,"timestamp":1608454697,"path_taken":["M","?","?","?","?","E","?","E"],"items_purchased_type":[],"build_version":"2020-12-13","purchased_purges":0,"victory":false,"max_hp_per_floor":[66,66,66,66,66,66,66,66,66],"relic_stats":{"Blood Vial":8,"Singing Bowl":0,"counters":[5,21],"MawBank":24,"obtain_stats":[{"Blood Vial":2,"NeowsBlessing":0,"Singing Bowl":4,"MawBank":6,"Ring of the Snake":0},{"Blood Vial":1,"NeowsBlessing":0,"Singing Bowl":2,"MawBank":4,"Ring of the Snake":0},{"Blood Vial":1,"NeowsBlessing":0,"Singing Bowl":2,"MawBank":14,"Ring of the Snake":0}],"Ring of the Snake":[10]},"card_choices":[{"not_picked":["Riddle With Holes","Reflex"],"picked":"Dagger Spray","floor":1},{"not_picked":["Calculated Gamble","Concentrate","Heel Hook"],"picked":"SKIP","floor":3},{"not_picked":["Quick Slash","Prepared"],"picked":"Finisher","floor":5},{"not_picked":["Blur","Noxious Fumes"],"picked":"Well Laid Plans","floor":6}],"player_experience":2565,"relics_obtained":[{"floor":4,"key":"Singing Bowl"},{"floor":6,"key":"MawBank"}],"event_choices":[{"damage_healed":0,"gold_gain":0,"player_choice":"Gave Potion","damage_taken":0,"relics_obtained":["Blood Vial"],"max_hp_gain":0,"max_hp_loss":0,"event_name":"WeMeetAgain","floor":2,"gold_loss":0},{"damage_healed":0,"gold_gain":0,"player_choice":"Searched \u00271\u0027 times","damage_taken":0,"max_hp_gain":0,"max_hp_loss":0,"event_name":"Dead Adventurer","floor":7,"gold_loss":0}],"is_beta":false,"boss_relics":[],"items_purged_floors":[],"is_endless":false,"potions_floor_spawned":[1,3,6],"killed_by":"Lagavulin","ascension_level":20}}