{"host":"29mhc2ja7u6lu5r0","time":1608472179,"event":{"mods":["AchievementEnabler","BaseMod","Block Reminder","Colored Map","Colored Powertips","Highlight Path","Minty Spire (QoL Compilation)","Quick Restart","SuperFastMode","slay the spire mod where everything is the same but ironclad has a cowboy hat"],"gold_per_floor":[119,194,194,207,220,253,270,270,270,445,460,93,93,132,132,225,225,241,241,241,87,110,110,110],"floor_reached":23,"playtime":1447,"items_purged":["Doubt"],"score":353,"play_id":"b1c6cb56-a8b8-4ad7-9f7a-d5f5cd660926","local_time":"20201220164939","is_ascension_mode":true,"campfire_choices":[{"data":"Dagger Spray","floor":8.0,"key":"SMITH"},{"data":"Catalyst","floor":15.0,"key":"SMITH"}],"circlet_count":0,"master_deck":["AscendersBane","Strike_G","Strike_G","Strike_G","Strike_G","Strike_G","Defend_G","Defend_G","Defend_G","Defend_G","Defend_G","Survivor","Neutralize+1","Dagger Spray+1","Deadly Poison","Terror","Riddle With Holes","Crippling Poison","Catalyst+1","Malaise","Caltrops","Writhe","Ghostly","Ghostly","Ghostly","Ghostly","Ghostly","Concentrate+1"],"relics":["Ring of the Snake","NeowsBlessing","Snake Skull","Pen Nib","Lee\u0027s Waffle","Golden Idol","Bottled Flame","Snecko Eye","Bag of Preparation","ClockworkSouvenir"],"acts_visited":["Exordium","TheCity"],"potions_floor_usage":[16,23],"damage_taken":[{"damage":0.0,"enemies":"Small Slimes","floor":1.0,"turns":1.0},{"damage":0.0,"enemies":"Cultist","floor":4.0,"turns":1.0},{"damage":0.0,"enemies":"Jaw Worm","floor":5.0,"turns":1.0},{"damage":19.0,"enemies":"Lagavulin","floor":6.0,"turns":8.0},{"damage":19.0,"enemies":"3 Louse","floor":7.0,"turns":4.0},{"damage":13.0,"enemies":"Exordium Wildlife","floor":11.0,"turns":4.0},{"damage":31.0,"enemies":"Gremlin Nob","floor":14.0,"turns":4.0},{"damage":23,"enemies":"The Guardian","floor":16,"turns":9},{"damage":3,"enemies":"2 Thieves","floor":18,"turns":3},{"damage":6,"enemies":"Spheric Guardian","floor":22,"turns":3},{"damage":37,"enemies":"Gremlin Leader","floor":23,"turns":8}],"seed_played":"5571606940504371038","potions_obtained":[{"floor":1.0,"key":"PowerPotion"},{"floor":5.0,"key":"Block Potion"},{"floor":11.0,"key":"Poison Potion"},{"floor":14.0,"key":"CunningPotion"}],"is_trial":false,"path_per_floor":["M","?","?","M","M","E","M","R","T","?","M","$","?","E","R","B",null,"M","?","?","$","M","E"],"character_chosen":"THE_SILENT","items_purchased":["Lee\u0027s Waffle","Crippling Poison","Catalyst","ClockworkSouvenir"],"campfire_rested":0,"item_purchase_floors":[12,12,12,21],"current_hp_per_floor":[63,52,52,52,52,33,14,14,14,14,1,77,58,27,27,4,59,56,56,38,38,32,0,0],"gold":110,"neow_bonus":"THREE_ENEMY_KILL","is_daily":false,"chose_seed":false,"campfire_upgraded":2,"win_rate":0.0,"timestamp":1608472179,"path_taken":["M","?","?","?","M","E","M","R","T","?","M","$","?","E","R","BOSS","M","?","?","$","?","E"],"items_purchased_type":["Relic","Card","Card","Relic"],"build_version":"2020-12-13","purchased_purges":1,"victory":false,"max_hp_per_floor":[70,70,70,70,70,70,70,70,70,70,70,77,77,77,77,77,77,77,77,38,38,38,38,38],"card_choices":[{"not_picked":["Sucker Punch","Slice"],"picked":"Dagger Spray","floor":1.0},{"not_picked":["Setup","Flying Knee","Dagger Throw"],"picked":"SKIP","floor":4.0},{"not_picked":["Dodge and Roll","Flying Knee"],"picked":"Deadly Poison","floor":5.0},{"not_picked":["Cloak And Dagger","A Thousand Cuts"],"picked":"Terror","floor":6.0},{"not_picked":["Outmaneuver","Dodge and Roll","Escape Plan"],"picked":"SKIP","floor":7.0},{"not_picked":["Heel Hook","Accuracy"],"picked":"Riddle With Holes","floor":11.0},{"not_picked":["Deadly Poison","After Image","Dodge and Roll"],"picked":"SKIP","floor":14.0},{"not_picked":["Phantasmal Killer","A Thousand Cuts"],"picked":"Malaise","floor":16},{"not_picked":["Outmaneuver","Flying Knee+1"],"picked":"Caltrops","floor":18},{"not_picked":["Dodge and Roll","Underhanded Strike"],"picked":"Concentrate+1","floor":22}],"player_experience":965420,"relics_obtained":[{"floor":6.0,"key":"Snake Skull"},{"floor":9.0,"key":"Pen Nib"},{"floor":14.0,"key":"Bottled Flame"}],"event_choices":[{"damage_healed":0.0,"max_hp_gain":0.0,"max_hp_loss":0.0,"gold_gain":75.0,"event_name":"World of Goop","player_choice":"Gather Gold","floor":2.0,"gold_loss":0.0,"damage_taken":11.0},{"damage_healed":0.0,"max_hp_gain":0.0,"max_hp_loss":0.0,"gold_gain":0.0,"event_name":"Accursed Blacksmith","player_choice":"Forge","floor":3.0,"gold_loss":0.0,"damage_taken":0.0,"cards_upgraded":["Neutralize"]},{"damage_healed":0.0,"max_hp_gain":0.0,"max_hp_loss":0.0,"gold_gain":175.0,"event_name":"Liars Game","player_choice":"AGREE","floor":10.0,"gold_loss":0.0,"damage_taken":0.0,"cards_obtained":["Doubt"]},{"damage_healed":0.0,"max_hp_gain":0.0,"max_hp_loss":0.0,"gold_gain":0.0,"event_name":"Golden Idol","player_choice":"Take Damage","floor":13.0,"gold_loss":0.0,"damage_taken":19.0,"relics_obtained":["Golden Idol"]},{"damage_healed":0,"gold_gain":0,"player_choice":"Opened","damage_taken":0,"relics_obtained":["Bag of Preparation"],"max_hp_gain":0,"max_hp_loss":0,"event_name":"The Mausoleum","floor":19,"gold_loss":0,"cards_obtained":["Writhe"]},{"damage_healed":0,"gold_gain":0,"player_choice":"Became a Ghost","damage_taken":0,"max_hp_gain":0,"max_hp_loss":39,"event_name":"Ghosts","floor":20,"gold_loss":0,"cards_obtained":["Ghostly","Ghostly","Ghostly","Ghostly","Ghostly"]}],"is_beta":false,"boss_relics":[{"not_picked":["Fusion Hammer","SlaversCollar"],"picked":"Snecko Eye"}],"items_purged_floors":[12],"is_endless":false,"potions_floor_spawned":[1,5,11,14],"killed_by":"Gremlin Leader","ascension_level":13}}