{"host":"xyexbe31ku0ov20l","time":1608453787,"event":{"mods":["AchievementEnabler","AlwaysNeverKeys","BaseMod","Bestiary","Block Reminder","Colored Map","Colored Powertips","Curses Come First","Displayed Cursed Tome","Minty Spire (QoL Compilation)","Permanent Neow","Quick Restart","Random Character Button","Rare Cards Sparkle","Relic Stats","StSLib"],"gold_per_floor":[110,110,124,124,72,72,72],"floor_reached":6,"playtime":8511,"items_purged":[],"score":68,"play_id":"4cb60de9-5eed-4920-b8b0-55ca4867bcba","local_time":"20201220004307","is_ascension_mode":true,"campfire_choices":[],"circlet_count":0,"master_deck":["AscendersBane","Strike_G","Strike_G","Strike_G","Defend_G","Defend_G","Defend_G","Defend_G","Survivor","Neutralize+1","Expertise","Backflip","Cloak And Dagger"],"relics":["Empty Cage"],"acts_visited":["Exordium"],"potions_floor_usage":[3],"damage_taken":[{"damage":9,"enemies":"Small Slimes","floor":1,"turns":9},{"damage":0,"enemies":"Cultist","floor":3,"turns":6},{"damage":50,"enemies":"3 Sentries","floor":6,"turns":10}],"seed_played":"-6575728609607806757","potions_obtained":[{"floor":1,"key":"DistilledChaos"}],"is_trial":false,"path_per_floor":["M","?","M","?","$","E"],"character_chosen":"THE_SILENT","items_purchased":["Cloak And Dagger"],"campfire_rested":0,"item_purchase_floors":[5],"current_hp_per_floor":[50,50,50,50,50,0,0],"gold":72,"neow_bonus":"BOSS_RELIC","is_daily":false,"chose_seed":false,"campfire_upgraded":0,"win_rate":0.0,"timestamp":1608453787,"path_taken":["M","?","?","?","?","E"],"items_purchased_type":["Card"],"build_version":"2020-12-13","purchased_purges":0,"victory":false,"max_hp_per_floor":[66,66,66,66,66,66,66],"relic_stats":{"counters":[3,25],"obtain_stats":[{"Empty Cage":0,"Ring of the Snake":0},{"Empty Cage":0,"Ring of the Snake":0},{"Empty Cage":0,"Ring of the Snake":0}]},"card_choices":[{"not_picked":["Catalyst","Endless Agony"],"picked":"Expertise","floor":1},{"not_picked":["Skewer","Deflect"],"picked":"Backflip","floor":3}],"player_experience":2226413,"relics_obtained":[],"event_choices":[{"damage_healed":0,"gold_gain":0,"player_choice":"Upgraded","damage_taken":0,"max_hp_gain":0,"max_hp_loss":0,"event_name":"Upgrade Shrine","floor":2,"gold_loss":0,"cards_upgraded":["Neutralize"]},{"cards_removed":["Defend_G"],"damage_healed":0,"gold_gain":0,"player_choice":"Purged","damage_taken":0,"max_hp_gain":0,"max_hp_loss":0,"event_name":"Purifier","floor":4,"gold_loss":0}],"is_beta":false,"boss_relics":[],"items_purged_floors":[],"is_endless":false,"potions_floor_spawned":[1],"killed_by":"3 Sentries","ascension_level":20}}