{"host":"cijhj3091wf4aho3","time":1608443615,"event":{"mods":["BaseMod","Colored Map","Colored Powertips","Downfall","Friendly Minions","GifTheSpireLib","Highlight Path","Minty Spire (QoL Compilation)","Permanent Neow","Random Character Button","Relic Sorter","Relic Stats","StSLib","everything is the same but u backflip on backflip","slay the spire mod where everything is the same but ironclad has a cowboy hat"],"gold_per_floor":[99,99,99,112,128,154,235,275,275,319,83,96,151,94,107,218,218,143,165,90,120,133,133,201,201,126,156,169,196,281,23,36,143,143,143,156,156,68,68,109,109,142,142,178,194,210,228,248,260,260,260,285,135,135,135],"floor_reached":56,"playtime":3896,"items_purged":["champ:Strike","champ:Strike","champ:Defend","champ:TornadoPunch+1"],"score":1579,"play_id":"878f1f84-6256-42db-9f0b-a1f196fb43cc","local_time":"20201219215335","is_ascension_mode":true,"campfire_choices":[{"data":"champ:Taunt","floor":1,"key":"SMITH"},{"data":"champ:Execute","floor":3,"key":"SMITH"},{"data":"champ:TornadoPunch","floor":9,"key":"SMITH"},{"floor":18,"key":"RECALL"},{"data":"champ:Balance","floor":20,"key":"SMITH"},{"data":"champ:FlashCut","floor":23,"key":"SMITH"},{"data":"champ:Haymaker","floor":26,"key":"SMITH"},{"data":"champ:EnchantShield","floor":35,"key":"SMITH"},{"data":"champ:DefensiveShout","floor":37,"key":"SMITH"},{"data":"champ:Defend","floor":39,"key":"SMITH"},{"data":"champ:Defend","floor":43,"key":"SMITH"},{"data":"expansioncontent:Chronoboost","floor":54,"key":"SMITH"}],"circlet_count":0,"master_deck":["champ:Defend+1","champ:Defend+1","champ:Defend+1","champ:Execute+1","champ:Taunt+1","champ:ShieldSigil+1","champ:FlashCut+1","champ:Haymaker+1","champ:IronFortress+1","champ:VampiricStrike+1","champ:DefensiveShout+1","champ:SteelEdge+1","champ:Balance+1","champ:ViciousMockery+1","champ:EnchantShield+1","champ:Circumvent+1","champ:FalseCounter","expansioncontent:Chronoboost+1","expansioncontent:Chronoboost+1"],"relics":["champ:ChampionCrown","Juzu Bracelet","HornCleat","CeramicFish","champ:FightingForDummies","champ:Barbells","Mummified Hand","Coffee Dripper","downfall:HeartBlessingGreen","downfall:HeartBlessingRed","Mercury Hourglass","downfall:HeartBlessingBlue","Bag of Marbles","Bag of Preparation","champ:ChampionCrownUpgraded","Centennial Puzzle","Happy Flower","Darkstone Periapt","White Beast Statue","Question Card","Girya","hexamod:BolsterEngine"],"acts_visited":["Exordium","TheCity","TheBeyond","TheEnding"],"potions_floor_usage":[16,31,55,55,55],"damage_taken":[{"damage":5,"enemies":"2 Louse","floor":4,"turns":2},{"damage":5,"enemies":"Small Slimes","floor":5,"turns":3},{"damage":37,"enemies":"Lagavulin","floor":6,"turns":7},{"damage":23,"enemies":"3 Sentries","floor":8,"turns":6},{"damage":11,"enemies":"Gremlin Nob","floor":10,"turns":4},{"damage":10,"enemies":"downfall:FleeingMerchant","floor":11,"turns":4},{"damage":0,"enemies":"Jaw Worm","floor":12,"turns":3},{"damage":3,"enemies":"3 Sentries","floor":13,"turns":4},{"damage":10,"enemies":"downfall:FleeingMerchant","floor":14,"turns":4},{"damage":22,"enemies":"Large Slime","floor":15,"turns":5},{"damage":45,"enemies":"downfall:Ironclad","floor":16,"turns":7},{"damage":5,"enemies":"3 Byrds","floor":19,"turns":4},{"damage":27,"enemies":"Gremlin Leader","floor":21,"turns":8},{"damage":0,"enemies":"Snake Plant","floor":22,"turns":2},{"damage":3,"enemies":"Book of Stabbing","floor":27,"turns":3},{"damage":0,"enemies":"Snecko","floor":28,"turns":2},{"damage":5,"enemies":"Centurion and Healer","floor":29,"turns":4},{"damage":10,"enemies":"downfall:FleeingMerchant","floor":31,"turns":5},{"damage":10,"enemies":"Chosen and Byrds","floor":32,"turns":4},{"damage":40,"enemies":"downfall:Watcher","floor":33,"turns":7},{"damage":29,"enemies":"3 Darklings","floor":36,"turns":3},{"damage":15,"enemies":"downfall:FleeingMerchant","floor":38,"turns":1},{"damage":24,"enemies":"Giant Head","floor":40,"turns":6},{"damage":39,"enemies":"Nemesis","floor":42,"turns":7},{"damage":40,"enemies":"Reptomancer","floor":44,"turns":4},{"damage":18,"enemies":"Orb Walker","floor":45,"turns":1},{"damage":27,"enemies":"3 Darklings","floor":46,"turns":2},{"damage":27,"enemies":"Transient","floor":48,"turns":5},{"damage":29,"enemies":"Jaw Worm Horde","floor":49,"turns":4},{"damage":46,"enemies":"downfall:Defect","floor":50,"turns":7},{"damage":75,"enemies":"downfall:CharBossMerchant","floor":52,"turns":11},{"damage":101,"enemies":"downfall:NeowBoss","floor":55,"turns":22}],"seed_played":"-356300701940992116","potions_obtained":[{"floor":4,"key":"EssenceOfSteel"},{"floor":6,"key":"SkillPotion"},{"floor":13,"key":"Strength Potion"},{"floor":19,"key":"AttackPotion"},{"floor":28,"key":"FearPotion"},{"floor":33,"key":"AttackPotion"},{"floor":36,"key":"Regen Potion"},{"floor":42,"key":"champ:CounterPotion"},{"floor":44,"key":"FairyPotion"},{"floor":45,"key":"champ:UltimateStancePotion"},{"floor":46,"key":"DuplicationPotion"},{"floor":52,"key":"Energy Potion"}],"is_trial":false,"path_per_floor":["R","?","R","M","M","E","T","E","R","E","$","M","?","$","M","B",null,"R","M","R","E","M","R","T","?","R","E","M","M","?","$","M","B",null,"R","M","R","$","R","E","T","E","R","E","M","M","?","M","M","B",null,"E","$","R","B",null],"character_chosen":"THE_CHAMP","items_purchased":["champ:Barbells","champ:DefensiveShout","Bag of Preparation","Centennial Puzzle","Happy Flower"],"campfire_rested":0,"item_purchase_floors":[11,14,31,38,38],"current_hp_per_floor":[90,90,90,90,90,68,68,50,50,44,44,54,61,73,68,59,82,82,88,88,73,82,82,82,82,92,89,100,100,82,83,97,75,94,94,94,94,100,100,100,100,100,100,100,100,100,90,100,100,89,97,85,85,85,70],"gold":135,"neow_bonus":"TRANSFORM_CARD","is_daily":false,"chose_seed":false,"campfire_upgraded":11,"win_rate":0.0,"timestamp":1608443615,"path_taken":["R","?","R","M","M","E","T","E","R","E","$","M","?","?","M","BOSS","R","M","R","E","M","R","T","?","R","E","M","M","?","$","M","BOSS","R","M","R","$","R","E","T","E","R","E","M","M","?","M","M","BOSS","E","$","R","BOSS"],"items_purchased_type":["Relic","Card","Relic","Relic","Relic"],"build_version":"2020-12-13","purchased_purges":4,"victory":true,"max_hp_per_floor":[90,90,90,90,90,90,90,90,90,90,90,90,90,90,90,90,90,90,90,90,90,90,90,90,90,100,100,100,100,100,100,100,100,100,100,100,100,100,100,100,100,100,100,100,100,100,100,100,100,100,100,100,100,100,100],"relic_stats":{"Darkstone Periapt":0,"Centennial Puzzle":[28],"Happy Flower":[23],"counters":[32,160],"Mummified Hand":[38],"CeramicFish":99,"Juzu Bracelet":0,"Bag of Preparation":[28],"Question Card":12,"obtain_stats":[{"Darkstone Periapt":40,"champ:Barbells":11,"Girya":44,"downfall:HeartBlessingRed":20,"Happy Flower":38,"CeramicFish":8,"champ:ChampionCrown":0,"downfall:HeartBlessingGreen":18,"champ:ChampionCrownUpgraded":34,"Juzu Bracelet":6,"Bag of Preparation":31,"Question Card":42,"White Beast Statue":41,"Mercury Hourglass":21,"Centennial Puzzle":38,"HornCleat":7,"Mummified Hand":13,"downfall:HeartBlessingBlue":26,"Coffee Dripper":17,"Bag of Marbles":27,"champ:FightingForDummies":10,"hexamod:BolsterEngine":52},{"Darkstone Periapt":23,"champ:Barbells":6,"Girya":25,"downfall:HeartBlessingRed":12,"Happy Flower":22,"CeramicFish":4,"champ:ChampionCrown":0,"downfall:HeartBlessingGreen":11,"champ:ChampionCrownUpgraded":20,"Juzu Bracelet":3,"Bag of Preparation":18,"Question Card":24,"White Beast Statue":23,"Mercury Hourglass":13,"Centennial Puzzle":22,"HornCleat":3,"Mummified Hand":8,"downfall:HeartBlessingBlue":14,"Coffee Dripper":11,"Bag of Marbles":15,"champ:FightingForDummies":5,"hexamod:BolsterEngine":31},{"Darkstone Periapt":98,"champ:Barbells":26,"Girya":108,"downfall:HeartBlessingRed":53,"Happy Flower":92,"CeramicFish":18,"champ:ChampionCrown":0,"downfall:HeartBlessingGreen":49,"champ:ChampionCrownUpgraded":88,"Juzu Bracelet":12,"Bag of Preparation":77,"Question Card":105,"White Beast Statue":98,"Mercury Hourglass":61,"Centennial Puzzle":92,"HornCleat":12,"Mummified Hand":33,"downfall:HeartBlessingBlue":63,"Coffee Dripper":49,"Bag of Marbles":66,"champ:FightingForDummies":22,"hexamod:BolsterEngine":138}],"Mercury Hourglass":[238]},"card_choices":[{"not_picked":["champ:BerserkersShout","champ:SwordSigil"],"picked":"champ:FlashCut","floor":4},{"not_picked":["champ:BringItOn","champ:Encircle"],"picked":"champ:TornadoPunch","floor":5},{"not_picked":["champ:Circumvent","champ:FocusedBerserking"],"picked":"champ:Haymaker","floor":6},{"not_picked":["champ:EndlessRage","champ:Backstep"],"picked":"champ:IronFortress","floor":8},{"not_picked":["champ:FlashCut","champ:Duel"],"picked":"champ:VampiricStrike","floor":10},{"not_picked":["champ:BerserkersShout","champ:ShieldSigil","champ:FightOn"],"picked":"SKIP","floor":11},{"not_picked":["champ:EnragedBash","champ:DeathBlow","champ:ShieldWall"],"picked":"SKIP","floor":12},{"not_picked":["champ:FocusedBerserking","champ:BerserkersShout","champ:TornadoPunch"],"picked":"SKIP","floor":14},{"not_picked":["champ:GladiatorsShout","champ:GladiatorStyle","champ:BringItOn"],"picked":"SKIP","floor":15},{"not_picked":["champ:EnchantCrown","champ:DancingMaster"],"picked":"champ:SteelEdge","floor":16},{"not_picked":["champ:TornadoPunch","champ:BladeFlurry+1"],"picked":"champ:Balance","floor":19},{"not_picked":["champ:GutPunch","champ:Control","champ:Circumvent"],"picked":"SKIP","floor":21},{"not_picked":["champ:FocusedGladiator","champ:GladiatorsShout","champ:AdrenalArmor+1"],"picked":"SKIP","floor":22},{"not_picked":["champ:Backstep","champ:GladiatorsShout+1","champ:BerserkersShout"],"picked":"SKIP","floor":27},{"not_picked":["champ:Duel","champ:PerfectedStrike+1","champ:RageSigil+1"],"picked":"SKIP","floor":28},{"not_picked":["champ:ShieldSigil+1","champ:TornadoPunch"],"picked":"champ:ViciousMockery","floor":29},{"not_picked":["champ:DefensiveStyle","champ:TornadoPunch","champ:ViciousMockery+1"],"picked":"SKIP","floor":31},{"not_picked":["champ:ShieldWall","champ:ShieldSigil","champ:Circumvent"],"picked":"SKIP","floor":32},{"not_picked":["champ:EnchantCrown","champ:MurderStrike"],"picked":"champ:EnchantShield","floor":33},{"not_picked":["champ:IronFortress","champ:Backstep+1","champ:Haymaker+1"],"picked":"SKIP","floor":36},{"not_picked":["champ:Backstep","champ:RageSigil+1","champ:FightOn"],"picked":"SKIP","floor":38},{"not_picked":["champ:PerfectedStrike","champ:LastStand"],"picked":"champ:Circumvent+1","floor":40},{"not_picked":["champ:SteelEdge","champ:DefensiveShout","champ:CrookedStrike+1"],"picked":"SKIP","floor":42},{"not_picked":["champ:BringItOn","champ:DefensiveShout+1","champ:ShieldSigil"],"picked":"champ:FalseCounter","floor":44},{"not_picked":["champ:AdrenalArmor+1","champ:SteelEdge","champ:BerserkersShout+1","champ:DefensiveShout"],"picked":"SKIP","floor":45},{"not_picked":["champ:FightOn","champ:FocusedGladiator","champ:Circumvent","champ:CrookedStrike"],"picked":"SKIP","floor":46},{"not_picked":["expansioncontent:DefensiveStance","expansioncontent:PolyBeam","expansioncontent:GuardianWhirl"],"picked":"expansioncontent:Chronoboost","floor":47},{"not_picked":["expansioncontent:Collect","expansioncontent:Torchfire","expansioncontent:HyperBeam"],"picked":"expansioncontent:Chronoboost","floor":47},{"not_picked":["champ:BringItOn","champ:TornadoPunch","champ:FocusedBerserking+1","champ:RisingSlash"],"picked":"SKIP","floor":48},{"not_picked":["champ:PreciseThrust","champ:GladiatorStyle","champ:Circumvent","champ:RageSigil+1"],"picked":"SKIP","floor":49},{"not_picked":["champ:TornadoPunch","champ:BringItOn+1","champ:EnchantShield","champ:DeathBlow"],"picked":"SKIP","floor":52}],"player_experience":450444,"relics_obtained":[{"floor":6,"key":"Juzu Bracelet"},{"floor":7,"key":"HornCleat"},{"floor":8,"key":"CeramicFish"},{"floor":10,"key":"champ:FightingForDummies"},{"floor":13,"key":"Mummified Hand"},{"floor":21,"key":"Mercury Hourglass"},{"floor":27,"key":"Bag of Marbles"},{"floor":40,"key":"Darkstone Periapt"},{"floor":41,"key":"White Beast Statue"},{"floor":42,"key":"Question Card"},{"floor":44,"key":"Girya"},{"floor":52,"key":"hexamod:BolsterEngine"}],"event_choices":[{"cards_removed":["champ:Strike"],"damage_healed":0,"gold_gain":0,"player_choice":"Card Removal","damage_taken":0,"max_hp_gain":0,"max_hp_loss":0,"event_name":"The Cleric","floor":2,"gold_loss":0},{"damage_healed":0,"gold_gain":0,"player_choice":"Ignored","damage_taken":0,"max_hp_gain":0,"max_hp_loss":0,"event_name":"Ghosts","floor":25,"gold_loss":0}],"is_beta":false,"boss_relics":[{"not_picked":["Busted Crown","Ectoplasm"],"picked":"Coffee Dripper"},{"not_picked":["Runic Dome","SacredBark"],"picked":"champ:ChampionCrownUpgraded"}],"items_purged_floors":[11,31,38,53],"is_endless":false,"potions_floor_spawned":[4,6,13,15,19,22,28,33,36,42,44,45,46,48,49,52],"ascension_level":5}}