{"host":"gjj8cpt329rt31is","time":1608495636,"event":{"mods":["BaseMod","BetterRewards","Colored Map","Hubris","Minty Spire (QoL Compilation)","Replay The Spire","StSLib"],"gold_per_floor":[117,128,146,146,146,177,189,221,259,271,215,240,240,272,272,377,477,493,503,418,432,451,493,504,504,504,514,553,553,485,513,513,625,625,642,642,660,679,702,702,752,780,780,780,780,805,657,657,657,657,657,657],"floor_reached":53,"playtime":3132,"items_purged":[],"score":1117,"play_id":"79741788-56e3-460b-9358-14d8349cf102","local_time":"20201220142036","daily_mods":["Vintage","Heirloom"],"is_ascension_mode":true,"campfire_choices":[{"data":"Defend_R","floor":7,"key":"SMITH"},{"data":"Strike_R","floor":7,"key":"SMITH"},{"data":"Searing Blow","floor":15,"key":"SMITH"},{"data":"Searing Blow+1","floor":15,"key":"SMITH"},{"data":"Metallicize","floor":25,"key":"SMITH"},{"data":"Metallicize","floor":25,"key":"SMITH"},{"data":"Juggernaut","floor":29,"key":"SMITH"},{"data":"Searing Blow+2","floor":29,"key":"SMITH"},{"data":"Combust","floor":32,"key":"SMITH"},{"data":"Searing Blow+3","floor":32,"key":"SMITH"},{"data":"hubris:DuctTapeCard","floor":40,"key":"SMITH"},{"data":"Barricade","floor":40,"key":"SMITH"},{"data":"Searing Blow+4","floor":45,"key":"SMITH"},{"data":"Searing Blow+5","floor":45,"key":"SMITH"},{"data":"Searing Blow+6","floor":51,"key":"SMITH"},{"data":"Searing Blow+7","floor":51,"key":"SMITH"}],"circlet_count":0,"master_deck":["Strike_R+1","Strike_R+1","Strike_R+1","Defend_R","Defend_R","Defend_R+1","Defend_R","Bash+1","Metallicize+1","Searing Blow+8","Metallicize+1","Juggernaut+1","Combust+1","Shockwave+1","Combust+1","Barricade+1","hubris:DuctTapeCard+2"],"relics":["Burning Blood","Replay:Arrowhead","Strawberry","Charon\u0027s Ashes","StrikeDummy","MawBank","InkBottle","Centennial Puzzle","HornCleat","Whetstone","Replay:Wanted Poster","Mercury Hourglass","hubris:SphereOfDissonance","Question Card","CeramicFish","Bird Faced Urn","BranchBurnRelic","Dream Catcher","Shuriken","hubris:TinFlute","Replay:Rubber Ducky","Replay:Grab Bag","Ooze Armor","Philosopher\u0027s Stone","hubris:Backtick","ReplayFunnel","Black Star","Art of War","Pocketwatch","hubris:MysteriousPyramids","hubris:DuctTape","Prayer Wheel","Bag of Marbles","Durian","hubris:Towel","Blue Doll","Potion Belt","Oddly Smooth Stone"],"acts_visited":["Exordium","TheCity","TheBeyond"],"potions_floor_usage":[],"damage_taken":[{"damage":0,"enemies":"Small Slimes","floor":1,"turns":3},{"damage":10,"enemies":"2 Louse","floor":2,"turns":3},{"damage":9,"enemies":"Jaw Worm","floor":3,"turns":3},{"damage":26,"enemies":"Replay:BlueRogue","floor":6,"turns":5},{"damage":0,"enemies":"2 Fungi Beasts","floor":8,"turns":3},{"damage":8,"enemies":"Gremlin Nob","floor":12,"turns":4},{"damage":24,"enemies":"Replay:BlueRogue","floor":14,"turns":4},{"damage":30,"enemies":"Hexaghost","floor":16,"turns":10},{"damage":1,"enemies":"Chosen","floor":18,"turns":4},{"damage":0,"enemies":"3 Byrds","floor":19,"turns":3},{"damage":14,"enemies":"Snake Plant","floor":21,"turns":3},{"damage":29,"enemies":"Centurion and Healer","floor":22,"turns":4},{"damage":21,"enemies":"Book of Stabbing","floor":23,"turns":4},{"damage":2,"enemies":"3 Cultists","floor":24,"turns":3},{"damage":5,"enemies":"Cultist and Chosen","floor":27,"turns":4},{"damage":9,"enemies":"Gremlin Leader","floor":28,"turns":5},{"damage":22,"enemies":"Book of Stabbing","floor":31,"turns":4},{"damage":14,"enemies":"Collector","floor":33,"turns":6},{"damage":6,"enemies":"3 Darklings","floor":35,"turns":3},{"damage":15,"enemies":"3 Shapes","floor":37,"turns":4},{"damage":6,"enemies":"Sphere and 2 Shapes","floor":38,"turns":4},{"damage":14,"enemies":"3 Darklings","floor":39,"turns":4},{"damage":4,"enemies":"Mind Bloom Boss Battle","floor":41,"turns":4},{"damage":10,"enemies":"R_Hoarder","floor":42,"turns":5},{"damage":0,"enemies":"Giant Head","floor":46,"turns":5},{"damage":0,"enemies":"hubris:GrandSnecko","floor":52,"turns":7}],"seed_played":"4743190942752931779","potions_obtained":[{"floor":1,"key":"Weak Potion"},{"floor":2,"key":"Flashbang"},{"floor":8,"key":"FearPotion"},{"floor":18,"key":"Explosive Potion"},{"floor":46,"key":"SkillPotion"}],"is_trial":true,"path_per_floor":["M","M","M","$","?","E","R","M","T","?","$","E","?","E","R","B",null,"M","M","?","M","M","E","M","R","T","M","E","R","$","E","R","B",null,"M","$","M","M","M","R","?","E","T","?","R","E","$","?","R_BF","PTL","R","B",null],"character_chosen":"IRONCLAD","items_purchased":["Metallicize","Combust","Oddly Smooth Stone"],"campfire_rested":0,"item_purchase_floors":[11,30,47],"current_hp_per_floor":[87,83,80,80,80,60,60,66,66,66,66,64,64,46,46,22,87,87,87,87,79,56,47,53,53,53,74,79,79,79,77,77,84,87,87,87,87,87,87,87,87,87,92,92,92,92,92,92,92,92,92,92],"gold":657,"neow_bonus":"","is_daily":false,"chose_seed":false,"campfire_upgraded":16,"win_rate":0.0,"timestamp":1608495636,"path_taken":["M","M","M","$","?","E","R","M","T","?","$","E","?","E","R","BOSS","M","M","?","M","M","E","M","R","T","M","E","R","$","E","R","BOSS","M","$","M","M","M","R","?","E","T","?","R","E","$","?","R_BF","PTL","R","BOSS"],"items_purchased_type":["Card","Card","Relic"],"build_version":"2020-12-13","purchased_purges":0,"victory":true,"max_hp_per_floor":[87,87,87,87,87,87,87,87,87,87,87,87,87,87,87,87,87,87,87,87,87,87,87,87,87,87,87,87,87,87,87,87,87,87,87,87,87,87,87,87,87,87,92,92,92,92,92,92,92,92,92,92],"card_choices":[{"not_picked":["Massacre","Dark Embrace"],"picked":"Metallicize","floor":6},{"not_picked":["Dropkick","True Grit","Anger"],"picked":"SKIP","floor":12},{"not_picked":["Sever Soul","Headbutt","Body Slam"],"picked":"SKIP","floor":14},{"not_picked":["Feed","Fiend Fire"],"picked":"Juggernaut","floor":16},{"not_picked":["True Grit+1","Thunderclap","Rage"],"picked":"Combust+1","floor":23},{"not_picked":["Uppercut","Sentinel","Clash"],"picked":"Shockwave+1","floor":28},{"not_picked":["Thunderclap","Sword Boomerang","Havoc+1","Replay:Undeath\u0027s Touch"],"picked":"SKIP","floor":31},{"not_picked":["Feed","Bludgeon","Exhume"],"picked":"Barricade","floor":33},{"not_picked":["Headbutt+1","Shrug It Off","ReplayTheSpireMod:Strike From Hell","Rage"],"picked":"SKIP","floor":42},{"not_picked":["Wild Strike+1","Anger+1","Thunderclap","Shrug It Off"],"picked":"SKIP","floor":46}],"player_experience":274486,"relics_obtained":[{"floor":1,"key":"Strawberry"},{"floor":2,"key":"Charon\u0027s Ashes"},{"floor":3,"key":"StrikeDummy"},{"floor":6,"key":"MawBank"},{"floor":8,"key":"InkBottle"},{"floor":9,"key":"Centennial Puzzle"},{"floor":12,"key":"HornCleat"},{"floor":14,"key":"Whetstone"},{"floor":18,"key":"Mercury Hourglass"},{"floor":19,"key":"hubris:SphereOfDissonance"},{"floor":21,"key":"CeramicFish"},{"floor":22,"key":"Bird Faced Urn"},{"floor":24,"key":"Dead Branch"},{"floor":26,"key":"Dream Catcher"},{"floor":27,"key":"Shuriken"},{"floor":28,"key":"hubris:TinFlute"},{"floor":31,"key":"Replay:Rubber Ducky"},{"floor":35,"key":"Art of War"},{"floor":37,"key":"Pocketwatch"},{"floor":38,"key":"hubris:MysteriousPyramids"},{"floor":39,"key":"hubris:DuctTape"},{"floor":41,"key":"Prayer Wheel"},{"floor":42,"key":"Bag of Marbles"},{"floor":43,"key":"Durian"},{"floor":46,"key":"Blue Doll"},{"floor":46,"key":"Potion Belt"}],"event_choices":[{"damage_healed":0,"gold_gain":0,"player_choice":"Grow","damage_taken":0,"max_hp_gain":0,"max_hp_loss":0,"event_name":"Living Wall","floor":5,"gold_loss":0,"cards_upgraded":["Bash"]},{"damage_healed":0,"gold_gain":0,"player_choice":"Obtained Relic","damage_taken":0,"relics_obtained":["Question Card"],"max_hp_gain":0,"max_hp_loss":0,"event_name":"Addict","floor":20,"gold_loss":85},{"damage_healed":0,"gold_gain":0,"player_choice":"Fight","damage_taken":0,"max_hp_gain":0,"max_hp_loss":0,"event_name":"MindBloom","floor":41,"gold_loss":0},{"damage_healed":0,"gold_gain":0,"player_choice":"Ignored","damage_taken":0,"max_hp_gain":0,"max_hp_loss":0,"event_name":"Tomb of Lord Red Mask","floor":48,"gold_loss":0}],"is_beta":false,"boss_relics":[{"not_picked":["hubris:HollowSoul","Velvet Choker"],"picked":"Replay:Wanted Poster"},{"not_picked":["Empty Cage","Snecko Eye"],"picked":"Replay:Grab Bag"},{"not_picked":["Runic Dome","Painkiller Herb"],"picked":"Ooze Armor"},{"not_picked":["ChewingGum","hubris:RunicObelisk"],"picked":"Philosopher\u0027s Stone"},{"not_picked":["Snecko Heart","Runic Pyramid"],"picked":"hubris:Backtick"},{"not_picked":["Replay:Drink Me","Kintsugi"],"picked":"Black Star"}],"items_purged_floors":[],"is_endless":false,"potions_floor_spawned":[1,2,8,12,14,18,22,23,33,38,39,41,46],"ascension_level":4}}