{"host":"3srbdas3e7jgqz5l","time":1608470918,"event":{"mods":["BaseMod","Downfall","Minty Spire (QoL Compilation)","StSLib"],"gold_per_floor":[399,415,431,356,376,410,410,410,429,429,442,453,24,38,58,153,153,153,167,167,167,167,192,219,235,260,185,200,200,220,320,340,442,442,442,495,511,189,201,228,228,153,187,199,146,146,156,153,164,164,164,191,25,25,25],"floor_reached":56,"playtime":5186,"items_purged":["Guardian:Repulse","Guardian:Defend_Guardian","Guardian:FierceBash"],"score":1506,"play_id":"3d46464b-9950-493f-abd6-156ab4db5221","local_time":"20201220132838","is_ascension_mode":true,"campfire_choices":[{"floor":1,"key":"RECALL"},{"data":"Guardian:Orbwalk","floor":4,"key":"SMITH"},{"data":"Guardian:FloatingOrbs","floor":18,"key":"SMITH"},{"data":"Guardian:DonusPower","floor":21,"key":"SMITH"},{"data":"Guardian:TimeCapacitor","floor":27,"key":"SMITH"},{"floor":35,"key":"REST"},{"floor":42,"key":"REST"},{"floor":44,"key":"REST"},{"floor":54,"key":"REST"}],"circlet_count":0,"master_deck":["Guardian:Defend_Guardian+1","Guardian:Defend_Guardian","Guardian:Defend_Guardian","Guardian:CurlUp","Guardian:TwinSlam","CurseOfTheBell","Guardian:Orbwalk+1","Guardian:Preprogram+1","Guardian:FloatingOrbs+1","Guardian:EvasiveProtocol","Guardian:TimeCapacitor+1","Guardian:TemporalShield+1","Guardian:SpikerProtocol+1","Guardian:StasisEngine+1","Guardian:DonusPower+1","Guardian:AncientConstruct+1","Bite","Bite","Bite","Bite","Bite","Guardian:StasisEngine+1","Guardian:Clone","Guardian:TemporalShield+1","Guardian:Gem_Lightblue","Guardian:SpikerProtocol+1","Guardian:TimeSifter+1","Guardian:Planning","Guardian:Gem_Cyan","Guardian:ChargeUp","Guardian:ShieldCharger+1","Guardian:FastForward","Guardian:DonusPower+1","Guardian:Emergency+1","expansioncontent:DarkVoid","Guardian:Suspension+1","Guardian:BronzeOrb+1"],"relics":["Calling Bell","Happy Flower","White Beast Statue","Old Coin","downfall:HeartBlessingRed","Dead Branch","Eternal Feather","Frozen Egg 2","Guardian:StasisSlotReductionRelic","Nilry\u0027s Codex","Smiling Mask","Orichalcum","Bag of Preparation","downfall:HeartBlessingGreen","Fusion Hammer","Thread and Needle","Bottled Lightning","Prayer Wheel","downfall:HeartBlessingBlue","MawBank","Nunchaku","Medical Kit","Blood Vial","War Paint"],"acts_visited":["Exordium","TheCity","TheBeyond","TheEnding"],"potions_floor_usage":[6,15,15,23,26,26,28,32,38,40,43,52,52],"damage_taken":[{"damage":7,"enemies":"Jaw Worm","floor":2,"turns":5},{"damage":6,"enemies":"Cultist","floor":3,"turns":5},{"damage":0,"enemies":"2 Louse","floor":5,"turns":3},{"damage":25,"enemies":"Gremlin Nob","floor":6,"turns":5},{"damage":2,"enemies":"Large Slime","floor":9,"turns":5},{"damage":1,"enemies":"3 Louse","floor":11,"turns":5},{"damage":0,"enemies":"Large Slime","floor":12,"turns":5},{"damage":0,"enemies":"downfall:FleeingMerchant","floor":13,"turns":4},{"damage":4,"enemies":"Exordium Wildlife","floor":14,"turns":5},{"damage":14,"enemies":"3 Louse","floor":15,"turns":4},{"damage":9,"enemies":"downfall:Watcher","floor":16,"turns":6},{"damage":5,"enemies":"Spheric Guardian","floor":19,"turns":4},{"damage":11,"enemies":"Book of Stabbing","floor":23,"turns":4},{"damage":18,"enemies":"Snake Plant","floor":25,"turns":4},{"damage":40,"enemies":"Gremlin Leader","floor":26,"turns":6},{"damage":8,"enemies":"Shelled Parasite and Fungi","floor":28,"turns":4},{"damage":0,"enemies":"Snecko","floor":30,"turns":4},{"damage":21,"enemies":"Centurion and Healer","floor":32,"turns":6},{"damage":0,"enemies":"downfall:Defect","floor":33,"turns":6},{"damage":41,"enemies":"2 Orb Walkers","floor":36,"turns":6},{"damage":3,"enemies":"Orb Walker","floor":37,"turns":3},{"damage":0,"enemies":"downfall:FleeingMerchant","floor":38,"turns":4},{"damage":25,"enemies":"3 Shapes","floor":39,"turns":5},{"damage":0,"enemies":"Nemesis","floor":40,"turns":5},{"damage":10,"enemies":"Reptomancer","floor":43,"turns":6},{"damage":0,"enemies":"downfall:FleeingMerchant","floor":45,"turns":4},{"damage":0,"enemies":"Writhing Mass","floor":47,"turns":5},{"damage":0,"enemies":"downfall:FleeingMerchant","floor":48,"turns":4},{"damage":0,"enemies":"Sphere and 2 Shapes","floor":49,"turns":4},{"damage":5,"enemies":"downfall:Silent","floor":50,"turns":4},{"damage":4,"enemies":"downfall:CharBossMerchant","floor":52,"turns":6},{"damage":18,"enemies":"downfall:NeowBoss","floor":55,"turns":11}],"seed_played":"2847630361328533296","potions_obtained":[{"floor":2,"key":"Strength Potion"},{"floor":3,"key":"Energy Potion"},{"floor":5,"key":"AttackPotion"},{"floor":6,"key":"PowerPotion"},{"floor":9,"key":"Block Potion"},{"floor":12,"key":"Regen Potion"},{"floor":14,"key":"Dexterity Potion"},{"floor":15,"key":"GamblersBrew"},{"floor":16,"key":"DistilledChaos"},{"floor":23,"key":"LiquidMemories"},{"floor":25,"key":"Guardian:BlockOnCardUsePotion"},{"floor":26,"key":"DistilledChaos"},{"floor":28,"key":"LiquidBronze"},{"floor":30,"key":"sneckomod:MuddlingPotion"},{"floor":32,"key":"DuplicationPotion"},{"floor":37,"key":"hexamod:EctoCoolerPotion"},{"floor":38,"key":"Block Potion"},{"floor":40,"key":"EntropicBrew"},{"floor":43,"key":"Slimebound:ThreeZeroPotion"}],"is_trial":false,"path_per_floor":["R","M","M","R","M","E","T","?","M","?","M","M","$","M","M","B",null,"R","M","?","R","?","E","T","M","E","R","M","?","M","?","M","B",null,"R","?","M","$","M","E","T","R","E","R","$","?","M","$","M","B",null,"E","$","R","B",null],"character_chosen":"GUARDIAN","items_purchased":["Guardian:FierceBash","Frozen Egg 2","Guardian:SpikerProtocol+1","Bottled Lightning","Nunchaku","Medical Kit","Guardian:Gem_Cyan","War Paint"],"campfire_rested":4,"item_purchase_floors":[13,13,13,38,48,48,53,53],"current_hp_per_floor":[80,73,67,67,67,42,42,42,40,40,39,39,39,35,33,24,80,80,75,59,71,56,49,49,39,13,28,34,34,38,38,37,47,56,56,29,34,48,31,41,41,66,64,66,66,66,66,66,66,66,66,66,66,66,64],"gold":25,"neow_bonus":"BOSS_RELIC","is_daily":false,"chose_seed":false,"campfire_upgraded":4,"win_rate":0.0,"timestamp":1608470918,"path_taken":["R","M","M","R","M","E","T","?","?","?","M","M","$","M","M","BOSS","R","M","?","R","?","E","T","M","E","R","M","?","M","?","M","BOSS","R","?","M","$","M","E","T","R","E","R","$","?","M","$","M","BOSS","E","$","R","BOSS"],"items_purchased_type":["Card","Relic","Card","Relic","Relic","Relic","Card","Relic"],"build_version":"2020-12-13","purchased_purges":3,"victory":true,"max_hp_per_floor":[80,80,80,80,80,80,80,80,80,80,80,80,80,80,80,80,80,80,80,80,80,56,56,56,56,56,56,56,56,56,56,56,56,56,56,56,56,56,56,56,56,66,66,66,66,66,66,66,66,66,66,66,66,66,66],"card_choices":[{"not_picked":["Guardian:Emergency","Guardian:WalkerClaw"],"picked":"Guardian:Orbwalk","floor":2},{"not_picked":["Guardian:Planning","Guardian:TemporalStrike"],"picked":"Guardian:Preprogram","floor":3},{"not_picked":["Guardian:Planning","Guardian:Gem_Red"],"picked":"Guardian:FloatingOrbs","floor":5},{"not_picked":["Guardian:PiercingHide","Guardian:RollAttack"],"picked":"Guardian:EvasiveProtocol","floor":6},{"not_picked":["Guardian:Gem_Purple","Guardian:Gem_Red"],"picked":"Guardian:Repulse","floor":9},{"not_picked":["Guardian:Gem_Red","Guardian:PiercingHide"],"picked":"Guardian:TemporalShield","floor":11},{"not_picked":["Guardian:Planning","Guardian:Reroute"],"picked":"Guardian:Gem_Yellow","floor":12},{"not_picked":["Guardian:Reroute","Guardian:PrimingBeam","Guardian:CrystalBeam"],"picked":"SKIP","floor":13},{"not_picked":["Guardian:Repulse+1","Guardian:VentSteam"],"picked":"Guardian:StasisEngine+1","floor":14},{"not_picked":["Guardian:TemporalStrike","Guardian:Repulse+1"],"picked":"Guardian:DonusPower","floor":15},{"not_picked":["Guardian:GemFire","Guardian:BaubleBeam"],"picked":"Guardian:AncientConstruct+1","floor":16},{"not_picked":["Guardian:TemporalStrike","Guardian:EvasiveProtocol+1"],"picked":"Guardian:Gem_Red","floor":19},{"not_picked":["Guardian:RollAttack","Guardian:ShieldCharger"],"picked":"Guardian:StasisEngine+1","floor":23},{"not_picked":["Guardian:TemporalShield","Guardian:TimeBomb"],"picked":"Guardian:Clone","floor":25},{"not_picked":["Guardian:DecasProtection","Guardian:TemporalStrike"],"picked":"Guardian:TemporalShield+1","floor":26},{"not_picked":["Guardian:Repulse+1","Guardian:Gem_Fragmented"],"picked":"Guardian:Gem_White","floor":28},{"not_picked":["Guardian:WalkerClaw","Guardian:RollAttack+1"],"picked":"Guardian:Gem_Lightblue","floor":30},{"not_picked":["Guardian:Clone+1","Guardian:RefractedBeam"],"picked":"Guardian:SpikerProtocol+1","floor":32},{"not_picked":["Guardian:GatlingBeam","Guardian:StasisEngine+1"],"picked":"Guardian:TimeSifter+1","floor":33},{"not_picked":["Guardian:TemporalStrike+1","Guardian:Orbwalk+1"],"picked":"Guardian:Planning","floor":36},{"not_picked":["Guardian:Gem_Synthetic","Guardian:Planning"],"picked":"Guardian:Gem_Cyan","floor":37},{"not_picked":["Guardian:Gem_Green","Guardian:Suspension+1"],"picked":"Guardian:ChargeUp","floor":38},{"not_picked":["Guardian:PiercingHide","Guardian:VentSteam+1"],"picked":"Guardian:ShieldCharger+1","floor":39},{"not_picked":["Guardian:Gem_Green","Guardian:TimeBomb"],"picked":"Guardian:FastForward","floor":40},{"not_picked":["Guardian:FastForward","Guardian:Gem_Crimson"],"picked":"Guardian:DonusPower+1","floor":43},{"not_picked":["Guardian:TemporalStrike+1","Guardian:ArmoredProtocol+1"],"picked":"Guardian:Emergency+1","floor":45},{"not_picked":["expansioncontent:Sear","expansioncontent:AwakenDeath+1"],"picked":"expansioncontent:DarkVoid","floor":46},{"not_picked":["Guardian:TemporalShield","Guardian:PrimingBeam","Guardian:VentSteam"],"picked":"SKIP","floor":47},{"not_picked":["Guardian:VentSteam","Guardian:CrystalBeam+1","Guardian:PrimingBeam"],"picked":"SKIP","floor":47},{"not_picked":["Guardian:ChargeCore+1","Guardian:CrystalBeam"],"picked":"Guardian:Suspension+1","floor":48},{"not_picked":["Guardian:PrimingBeam","Guardian:PolyBeam"],"picked":"Guardian:BronzeOrb+1","floor":49},{"not_picked":["Guardian:SpikerProtocol+1","Guardian:BaubleBeam","Guardian:PolyBeam"],"picked":"SKIP","floor":49},{"not_picked":["Guardian:ShieldSpikes","Guardian:RefractedBeam+1","Guardian:Gem_Crimson"],"picked":"SKIP","floor":52}],"player_experience":483867,"relics_obtained":[{"floor":0,"key":"Happy Flower"},{"floor":0,"key":"White Beast Statue"},{"floor":0,"key":"Old Coin"},{"floor":6,"key":"Dead Branch"},{"floor":7,"key":"Eternal Feather"},{"floor":20,"key":"Nilry\u0027s Codex"},{"floor":23,"key":"Smiling Mask"},{"floor":24,"key":"Orichalcum"},{"floor":26,"key":"Bag of Preparation"},{"floor":36,"key":"Thread and Needle"},{"floor":40,"key":"Prayer Wheel"},{"floor":43,"key":"MawBank"},{"floor":52,"key":"Blood Vial"}],"event_choices":[{"damage_healed":0,"gold_gain":0,"player_choice":"Grow","damage_taken":0,"max_hp_gain":0,"max_hp_loss":0,"event_name":"Living Wall","floor":10,"gold_loss":0,"cards_upgraded":["Guardian:Preprogram"]},{"damage_healed":0,"gold_gain":0,"player_choice":"Became a vampire","damage_taken":0,"max_hp_gain":0,"max_hp_loss":24,"event_name":"Vampires","floor":22,"gold_loss":0,"cards_obtained":["Bite","Bite","Bite","Bite","Bite"]},{"damage_healed":0,"gold_gain":0,"player_choice":"Ignored","damage_taken":0,"max_hp_gain":0,"max_hp_loss":0,"event_name":"Ghosts","floor":29,"gold_loss":0},{"damage_healed":0,"gold_gain":0,"player_choice":"Fight","damage_taken":0,"max_hp_gain":0,"max_hp_loss":0,"event_name":"Mysterious Sphere","floor":36,"gold_loss":0}],"is_beta":false,"boss_relics":[{"not_picked":["expansioncontent:StudyCardRelic","SacredBark"],"picked":"Guardian:StasisSlotReductionRelic"},{"not_picked":["Empty Cage","Busted Crown"],"picked":"Fusion Hammer"}],"items_purged_floors":[38,45,48],"is_endless":false,"potions_floor_spawned":[2,3,5,6,9,11,12,13,14,15,16,19,23,25,26,28,30,32,33,36,37,38,39,40,43,45,47,48,49,52],"ascension_level":2}}