{"host":"nx6ib2o6hmd449ys","time":1608444756,"event":{"mods":["2.2 Compatiblity","Act Like it!","Aspiration","BaseMod","Better Silent Start","Better Third Choice","BetterRewards","CCEM","Colored Powertips","Conjunction","Conspire","Downfall","Energized Spire","Gensokyo","GifTheSpireLib","GungeonMod","Halation","Hallownest","Hubris","Infinite Spire","Jedi Mod","Lobotomy","LobotomyExtend","Marisa????????","Minty Spire (QoL Compilation)","MostiFishMod","Quick Restart","RRrroohrrRGHHhhh!!","Rare Cards Sparkle","RatMod","Replay The Spire","RumiaBox-????????","Shop Mod","Small Relic Pack","Spicy Shops","Spikes Relics","StSLib","Stuff the Spire","TestMod","The Blue Laboratory","The Dragon Tamer","The Exalted","The Jungle","TheWitcher","Wandering Minibosses","[IsaacMod]????","noobMod","vexMod","??????REMEMod"],"gold_per_floor":[33,110,121,154,154,154,154,183,33,65,82,91,76,93,103,205,205,130,139,166,166,200,200,200,299,310,310,399,416,429,442,461,557,557,557,351,384,409,436,436,436,466,515,541,566,597,458,489,515,515,515,549,483,483,483],"floor_reached":56,"playtime":3489,"items_purged":[],"score":3808,"play_id":"5551ede3-0b75-4e40-8ecb-31d15e66240c","local_time":"20201220071236","is_ascension_mode":true,"campfire_choices":[{"floor":1.0,"key":"RECALL"},{"floor":9.0,"key":"REST"},{"data":"Guardian:RefractedBeam","floor":21,"key":"SMITH"},{"data":"EpicFetus","floor":35,"key":"SMITH"},{"data":"Guardian:EvasiveProtocol","floor":40,"key":"SMITH"},{"data":"Guardian:RefractedBeam+1","floor":54,"key":"SMITH"}],"circlet_count":0,"master_deck":["Guardian:Strike_Guardian","Guardian:Strike_Guardian","Guardian:Strike_Guardian","Guardian:Defend_Guardian","Guardian:Defend_Guardian","Guardian:Defend_Guardian","Guardian:Defend_Guardian","Guardian:CurlUp","Guardian:TwinSlam","DoctorFetus+1","Wraith Form v2","Guardian:WalkerClaw","Guardian:FloatingOrbs","MostiFishMod:TheEndOfMoonlight+1","Magnetism+1","Guardian:PiercingHide","testmod-Provocation+1","Guardian:TemporalStrike","Guardian:TemporalShield","Guardian:ExploitGems","EpicFetus+1","Guardian:ChargeCore","Guardian:TemporalStrike","Guardian:RefractedBeam+1","Guardian:EvasiveProtocol+1","Guardian:TemporalStrike+1","Guardian:RefractedBeam+2"],"relics":["Guardian:ModeShifter","HushsDoor","DaveBox","testmod-TestBox","ice","REME_ComplimentaryCards","SteamSale","Brimstone","testmod-BouquetWithThorns","CCEMRelics:FestiveHat","Guardian:BottledStasis","halation:OrihimeAndHikoboshiSamaAndTears","GodSword6","testmod-Charity","LetterFromLob","Guardian:DefensiveModeMoreBlock","GodSword4","downfall:HeartBlessingRed","downfall:HeartBlessingGreen","vexMod:InvisibilityCloak","DemoMod:GlassGuonStoneRelic","ImportantClient","PatriotShield","GuppysHairball","downfall:HeartBlessingBlue","aspiration:FetidBarrel","Damocles","ReplayTheSpireMod:DimensionalGlitch","RollingBoulder","vexMod:CardConverter","GnawedLeaf","StuffTheSpire:Barrel","DemoMod:WhiteGuonStone","ReplayFunnel","hubris:CrystalStatue","SpikesRelics:DaevaFist","Guardian:PickAxe","ChampionBelt","MealTicket","vexMod:Dragonfruit","StuffTheSpire:Saxophone","SentryEyes","BookOfRevelations","BloodDonationMachine","StuffTheSpire:ForceGauntlet","hubris:MedicalManual","hubris:TinFlute","Ancient Tea Set","hubris:SlimyHat","infinitespire:PuzzleCube","FossilizedHelix","aspiration:ChemicalBlood","infinitespire:Satchel","StuffTheSpire:Mouthbags","jedi:crownofsimplicity","conspire:Flyswatter","HowToJump","testmod-Register","infinitespire:Lucky Rock","Strawberry","TheBean","Lantern","Gremlin Horn","StuffTheSpire:RubySignet","ClockworkSouvenir"],"acts_visited":[],"potions_floor_usage":[13,16],"damage_taken":[{"damage":2.0,"enemies":"Gensokyo:Gryphon","floor":2.0,"turns":3.0},{"damage":0.0,"enemies":"Gensokyo:2_Kodama","floor":3.0,"turns":2.0},{"damage":0.0,"enemies":"Gensokyo:Mamizou","floor":4.0,"turns":3.0},{"damage":0.0,"enemies":"Gensokyo:Aya","floor":8.0,"turns":2.0},{"damage":2.0,"enemies":"Gensokyo:Cirno","floor":10.0,"turns":4.0},{"damage":0,"enemies":"Gensokyo:3_Fairies","floor":11,"turns":4},{"damage":2,"enemies":"Gensokyo:Python_and_Kodama","floor":12,"turns":3},{"damage":0,"enemies":"downfall:FleeingMerchant","floor":13,"turns":4},{"damage":0,"enemies":"Gensokyo:Kitsune","floor":14,"turns":2},{"damage":0,"enemies":"Gensokyo:2_Rabbits","floor":15,"turns":2},{"damage":0,"enemies":"downfall:Ironclad","floor":16,"turns":4},{"damage":0,"enemies":"Spheric Guardian","floor":19,"turns":1},{"damage":0,"enemies":"Book of Stabbing","floor":20,"turns":2},{"damage":0,"enemies":"Gremlin Leader","floor":22,"turns":3},{"damage":0,"enemies":"Snecko","floor":26,"turns":1},{"damage":0,"enemies":"downfall:FleeingMerchant","floor":28,"turns":3},{"damage":0,"enemies":"Centurion and Healer","floor":29,"turns":1},{"damage":0,"enemies":"Cultist and Chosen","floor":30,"turns":3},{"damage":0,"enemies":"3 Cultists","floor":31,"turns":2},{"damage":0,"enemies":"Centurion and Healer","floor":32,"turns":2},{"damage":0,"enemies":"downfall:Watcher","floor":33,"turns":2},{"damage":0,"enemies":"R_Hoarder","floor":37,"turns":2},{"damage":0,"enemies":"Reptomancer","floor":38,"turns":3},{"damage":0,"enemies":"Giant Head","floor":39,"turns":2},{"damage":0,"enemies":"R_Hoarder","floor":42,"turns":2},{"damage":0,"enemies":"Reptomancer","floor":44,"turns":2},{"damage":0,"enemies":"R_Hoarder","floor":45,"turns":2},{"damage":0,"enemies":"Reptomancer","floor":46,"turns":1},{"damage":0,"enemies":"R_Hoarder","floor":48,"turns":3},{"damage":0,"enemies":"Giant Head","floor":49,"turns":1},{"damage":0,"enemies":"downfall:Defect","floor":50,"turns":3},{"damage":0,"enemies":"downfall:CharBossMerchant","floor":52,"turns":2},{"damage":0,"enemies":"downfall:NeowBoss","floor":55,"turns":9}],"seed_played":"-706063312366795889","potions_obtained":[{"floor":8.0,"key":"Explosive Potion"},{"floor":10,"key":"SneckoOil"},{"floor":12,"key":"Fire Potion"},{"floor":14,"key":"Adrenaline Potion"},{"floor":20,"key":"Slimebound:ThreeZeroPotion"}],"is_trial":false,"path_per_floor":["R","M","M","E","?","?","T","E","R","E","M","M","$","M","M","B",null,"R","M","E","R","E","HB","T","?","M","E","$","M","M","M","M","B",null,"R","$","M","M","M","R","T","E","?","E","M","M","$","M","M","B",null,"E","$","R","B",null],"character_chosen":"GUARDIAN","items_purchased":["CCEMRelics:FestiveHat","Guardian:WalkerClaw","Guardian:BottledStasis","DemoMod:WeirdEgg","GodSword6","testmod-Charity","GuppysHairball","EpicFetus","StuffTheSpire:Barrel","DemoMod:WhiteGuonStone","MealTicket","vexMod:Dragonfruit","StuffTheSpire:Saxophone","HowToJump","testmod-Register","ClockworkSouvenir"],"campfire_rested":1,"item_purchase_floors":[0,0,0,0,0,0,17,17,28,28,36,36,36,47,47,53],"current_hp_per_floor":[36,35,36,37,29,29,29,30,55,54,55,54,54,55,56,57,76,86,87,88,88,89,89,89,90,93,93,96,99,102,103,106,107,107,107,112,113,114,117,117,117,118,119,120,123,124,124,134,135,135,135,136,136,136,136],"gold":483,"neow_bonus":"","is_daily":false,"chose_seed":false,"campfire_upgraded":4,"win_rate":0.0,"timestamp":1608444756,"path_taken":["R","M","M","E","?","?","T","E","R","E","?","M","$","?","M","BOSS","R","M","E","R","E","HB","T","?","M","E","$","M","?","?","M","BOSS","R","$","M","M","M","R","T","E","?","E","M","M","$","M","M","BOSS","E","$","R","BOSS"],"items_purchased_type":["Relic","Card","Relic","Relic","Relic","Relic","Relic","Card","Relic","Relic","Relic","Relic","Relic","Relic","Relic","Relic"],"build_version":"2020-12-13","purchased_purges":0,"victory":true,"max_hp_per_floor":[80,81,82,83,83,83,83,84,84,85,86,87,87,88,89,90,76,86,87,88,88,89,89,89,90,93,93,96,99,102,103,106,107,107,107,112,113,114,117,117,117,118,119,120,123,124,124,134,135,135,135,136,136,136,136],"card_choices":[{"not_picked":[],"picked":"DoctorFetus","floor":0.0},{"not_picked":["ReplayTheSpireMod:Private Reserves+1","Feint+1"],"picked":"MostiFishMod:TheEndOfMoonlight+1","floor":2.0},{"not_picked":["Guardian:Recover","Guardian:Gem_Purple"],"picked":"Guardian:Gem_Blue","floor":2.0},{"not_picked":["ReplayTheSpireMod:Private Reserves+1","Flash of Steel+1"],"picked":"Magnetism+1","floor":3.0},{"not_picked":["Guardian:Reroute","Guardian:BronzeArmor"],"picked":"Guardian:PiercingHide","floor":3.0},{"not_picked":["Madness+1","Replay:SS_forest_5+1"],"picked":"testmod-Provocation+1","floor":4.0},{"not_picked":["Guardian:Incinerate","Guardian:RollAttack"],"picked":"Guardian:TemporalStrike","floor":4.0},{"not_picked":["Guardian:TimeBomb","Guardian:Clone"],"picked":"Guardian:Gem_Green","floor":8.0},{"not_picked":["Guardian:RollAttack","Guardian:BronzeOrb"],"picked":"Guardian:RefractedBeam","floor":10},{"not_picked":["Guardian:PrismaticBarrier","Guardian:Recover","Guardian:Suspension"],"picked":"SKIP","floor":11},{"not_picked":["Guardian:Gem_Blue","Guardian:Gem_Cyan"],"picked":"Guardian:TemporalShield","floor":12},{"not_picked":["Guardian:RefractedBeam","Guardian:TimeBomb","Guardian:TimeCapacitor"],"picked":"SKIP","floor":13},{"not_picked":["Guardian:TemporalStrike","Guardian:ChargeCore"],"picked":"Guardian:Gem_Lightblue","floor":14},{"not_picked":["Guardian:CrystalBeam","Guardian:Gem_Cyan"],"picked":"Guardian:Gem_Red","floor":15},{"not_picked":["Guardian:HyperBeam_Guardian","Guardian:BaubleBeam"],"picked":"Guardian:ExploitGems","floor":16},{"not_picked":["Guardian:TemporalShield","Guardian:PrimingBeam+1","Guardian:VentSteam"],"picked":"SKIP","floor":19},{"not_picked":["Guardian:Gem_Green","Guardian:TemporalStrike+1","Guardian:ChargeCore"],"picked":"SKIP","floor":20},{"not_picked":["Guardian:TemporalStrike","Guardian:DonusPower+1","Guardian:Harden"],"picked":"SKIP","floor":22},{"not_picked":["Guardian:Preprogram","Guardian:Gem_Green"],"picked":"Guardian:TemporalStrike","floor":25},{"not_picked":["Guardian:Gem_Green","Guardian:PrismaticBarrier+1"],"picked":"Guardian:Gem_White","floor":26},{"not_picked":["Guardian:MultiBeam","Guardian:ChargeUp"],"picked":"Guardian:RefractedBeam+1","floor":28},{"not_picked":["Guardian:Recover+1","Guardian:Gem_Crimson"],"picked":"Guardian:EvasiveProtocol","floor":29},{"not_picked":["Guardian:Incinerate+1","Guardian:ShieldCharger"],"picked":"Guardian:Gem_Fragmented","floor":30},{"not_picked":["Guardian:Planning","Guardian:WalkerClaw","Guardian:ShieldCharger"],"picked":"SKIP","floor":31},{"not_picked":["Guardian:Preprogram+1","Guardian:Gem_Green"],"picked":"Guardian:TemporalStrike+1","floor":32},{"not_picked":["Guardian:TemporalShield+1","Guardian:WalkerClaw","Guardian:StasisField"],"picked":"SKIP","floor":37},{"not_picked":["Guardian:DecasProtection","Guardian:Suspension","Guardian:ShieldCharger+1"],"picked":"SKIP","floor":38},{"not_picked":["Guardian:CrystalBeam","Guardian:Clone"],"picked":"Guardian:Gem_Fragmented","floor":39},{"not_picked":["Guardian:PrimingBeam+1","Guardian:SphericShield","Guardian:PrismaticBeam"],"picked":"SKIP","floor":42},{"not_picked":["Guardian:Gem_Lightblue","Guardian:ShieldSpikes","Guardian:TimeCapacitor+1"],"picked":"SKIP","floor":44},{"not_picked":["Guardian:SentryBeam","Guardian:ChargeCore+1"],"picked":"Guardian:Gem_Orange","floor":45},{"not_picked":["Guardian:ShieldCharger","Guardian:PiercingHide","Guardian:PrimingBeam"],"picked":"SKIP","floor":46},{"not_picked":["Guardian:ConstructionForm","Guardian:Gem_Synthetic"],"picked":"Guardian:Gem_Red","floor":48},{"not_picked":["Guardian:PrimingBeam","Guardian:VentSteam","Guardian:MultiBeam"],"picked":"SKIP","floor":49},{"not_picked":["Guardian:ShieldCharger","Guardian:Suspension","Guardian:PiercingHide"],"picked":"SKIP","floor":52}],"player_experience":276015,"relics_obtained":[{"floor":2.0,"key":"LetterFromLob"},{"floor":4.0,"key":"Guardian:DefensiveModeMoreBlock"},{"floor":8.0,"key":"GodSword4"},{"floor":10,"key":"vexMod:InvisibilityCloak"},{"floor":16,"key":"ImportantClient"},{"floor":20,"key":"aspiration:FetidBarrel"},{"floor":22,"key":"Damocles"},{"floor":24,"key":"RollingBoulder"},{"floor":26,"key":"vexMod:CardConverter"},{"floor":28,"key":"GnawedLeaf"},{"floor":29,"key":"ReplayFunnel"},{"floor":30,"key":"hubris:CrystalStatue"},{"floor":31,"key":"SpikesRelics:DaevaFist"},{"floor":32,"key":"Guardian:PickAxe"},{"floor":37,"key":"SentryEyes"},{"floor":37,"key":"BookOfRevelations"},{"floor":38,"key":"BloodDonationMachine"},{"floor":38,"key":"StuffTheSpire:ForceGauntlet"},{"floor":39,"key":"hubris:MedicalManual"},{"floor":39,"key":"hubris:TinFlute"},{"floor":41,"key":"Ancient Tea Set"},{"floor":42,"key":"hubris:SlimyHat"},{"floor":42,"key":"infinitespire:PuzzleCube"},{"floor":44,"key":"FossilizedHelix"},{"floor":44,"key":"aspiration:ChemicalBlood"},{"floor":45,"key":"infinitespire:Satchel"},{"floor":45,"key":"StuffTheSpire:Mouthbags"},{"floor":46,"key":"jedi:crownofsimplicity"},{"floor":46,"key":"conspire:Flyswatter"},{"floor":48,"key":"infinitespire:Lucky Rock"},{"floor":48,"key":"Strawberry"},{"floor":49,"key":"TheBean"},{"floor":49,"key":"Lantern"},{"floor":52,"key":"Gremlin Horn"},{"floor":52,"key":"StuffTheSpire:RubySignet"}],"event_choices":[],"is_beta":false,"boss_relics":[{"not_picked":["hubris:VirtuousBlindfold","conspire:SpecialSausage"],"picked":"PatriotShield"},{"not_picked":[]},{"not_picked":["GuanYuAspect","TimeKeys"],"picked":"ChampionBelt"},{"not_picked":[]}],"items_purged_floors":[],"is_endless":false,"potions_floor_spawned":[8,10,12,14,20,29,30,33,42,45,46,48,49,52],"ascension_level":20}}