{"host":"a1eatafr7pisesky","time":1608473159,"event":{"mods":["BaseMod","Colored Map","DeckTracker","Highlight Path","Keyboard Shortcuts","Minty Spire (QoL Compilation)","Permanent Neow","Random Character Button","StSLib","SuperFastMode","everything is the same but u backflip on backflip"],"gold_per_floor":[110,110,70,87,103,135,155,484,560,560,574,574,574,176,176,306,306,322,107,32,52,52,52,52,90,117,138,138,154,175,175,175,175,175],"floor_reached":33,"playtime":1695,"items_purged":["Strike_B","Strike_B"],"score":330,"play_id":"713cb9a7-34a2-486c-9d57-db2304357c2f","local_time":"20201220230559","is_ascension_mode":true,"campfire_choices":[{"floor":10.0,"key":"REST"},{"floor":13.0,"key":"REST"},{"data":"Genetic Algorithm","floor":15.0,"key":"SMITH"},{"data":"Go for the Eyes","floor":23.0,"key":"SMITH"},{"floor":28.0,"key":"REST"},{"data":"Heatsinks","floor":32.0,"key":"SMITH"}],"circlet_count":0,"master_deck":["Strike_B+1","Strike_B+1","Defend_B","Zap","Dualcast","Conserve Battery","Go for the Eyes+1","Glacier","Compile Driver","Ball Lightning","Genetic Algorithm+1","Coolheaded","Self Repair","Biased Cognition","CurseOfTheBell","Steam+1","BootSequence+1","Coolheaded+1","Defragment","Heatsinks","Cold Snap+1","Scrape","Heatsinks+1"],"relics":["Cracked Core","Nunchaku","Sundial","Old Coin","Shuriken","Golden Idol","Toxic Egg 2","Calling Bell","Regal Pillow","Mummified Hand","Dead Branch","Membership Card","Akabeko","MealTicket"],"acts_visited":["Exordium","TheCity"],"potions_floor_usage":[33,33],"damage_taken":[{"damage":4.0,"enemies":"Jaw Worm","floor":1.0,"turns":4.0},{"damage":1.0,"enemies":"Cultist","floor":4.0,"turns":3.0},{"damage":2.0,"enemies":"Small Slimes","floor":5.0,"turns":3.0},{"damage":7.0,"enemies":"3 Sentries","floor":6.0,"turns":8.0},{"damage":4.0,"enemies":"Looter","floor":7.0,"turns":2.0},{"damage":30.0,"enemies":"Lagavulin","floor":8.0,"turns":5.0},{"damage":0.0,"enemies":"2 Fungi Beasts","floor":11.0,"turns":2.0},{"damage":12.0,"enemies":"The Guardian","floor":16.0,"turns":13.0},{"damage":24.0,"enemies":"2 Thieves","floor":18.0,"turns":5.0},{"damage":16.0,"enemies":"3 Byrds","floor":21.0,"turns":7.0},{"damage":17.0,"enemies":"Book of Stabbing","floor":25.0,"turns":7.0},{"damage":31.0,"enemies":"Cultist and Chosen","floor":27.0,"turns":8.0},{"damage":0.0,"enemies":"Centurion and Healer","floor":29.0,"turns":8.0},{"damage":0.0,"enemies":"Snecko","floor":30.0,"turns":7.0},{"damage":48,"enemies":"Automaton","floor":33,"turns":8}],"seed_played":"-5523134194546794946","potions_obtained":[{"floor":3.0,"key":"BlessingOfTheForge"},{"floor":3.0,"key":"SpeedPotion"},{"floor":3.0,"key":"SneckoOil"},{"floor":4.0,"key":"PowerPotion"},{"floor":21.0,"key":"FearPotion"},{"floor":24.0,"key":"LiquidBronze"},{"floor":29.0,"key":"Strength Potion"}],"is_trial":false,"path_per_floor":["M","?","?","M","M","E","M","E","T","R","M","?","R","$","R","B",null,"M","$","?","M","?","R","?","E","T","M","R","M","M","?","R","B"],"character_chosen":"DEFECT","items_purchased":["Self Repair","Toxic Egg 2","Membership Card","BootSequence+1"],"campfire_rested":3,"item_purchase_floors":[14,14,19,19],"current_hp_per_floor":[71,56,56,55,53,46,42,12,12,34,34,16,38,38,38,33,75,58,58,58,49,49,49,49,39,39,15,52,59,66,66,66,18,18],"gold":175,"neow_bonus":"RANDOM_COMMON_RELIC","is_daily":false,"chose_seed":false,"campfire_upgraded":3,"win_rate":0.0,"timestamp":1608473159,"path_taken":["M","?","?","?","M","E","M","E","T","R","M","?","R","$","R","BOSS","M","$","?","M","?","R","?","E","T","M","R","M","?","?","R","BOSS"],"items_purchased_type":["Card","Relic","Relic","Card"],"build_version":"2020-12-13","purchased_purges":2,"victory":false,"max_hp_per_floor":[75,75,75,75,75,75,75,75,75,75,75,75,75,75,75,75,75,75,75,75,75,75,75,75,75,75,75,75,75,75,75,75,75,75],"card_choices":[{"not_picked":["Barrage","Rebound"],"picked":"Conserve Battery","floor":1.0},{"not_picked":["Fusion","Turbo"],"picked":"Go for the Eyes","floor":4.0},{"not_picked":["Compile Driver","Double Energy"],"picked":"Glacier","floor":5.0},{"not_picked":["Consume","Rip and Tear"],"picked":"Compile Driver","floor":6.0},{"not_picked":["Rip and Tear","Coolheaded"],"picked":"Ball Lightning","floor":7.0},{"not_picked":["Fission","Beam Cell"],"picked":"Genetic Algorithm","floor":8.0},{"not_picked":["Steam","Turbo"],"picked":"Coolheaded","floor":11.0},{"not_picked":["Multi-Cast+1","Reboot+1"],"picked":"Biased Cognition","floor":16.0},{"not_picked":["Glacier+1","Chaos+1"],"picked":"Steam+1","floor":18.0},{"not_picked":["Steam Power+1","Conserve Battery+1"],"picked":"Coolheaded+1","floor":21.0},{"not_picked":["Reinforced Body+1","Steam Power+1"],"picked":"Defragment","floor":25.0},{"not_picked":["Scrape","Stack+1","Sweeping Beam"],"picked":"SKIP","floor":27.0},{"not_picked":["Hologram+1","White Noise+1"],"picked":"Heatsinks","floor":29.0},{"not_picked":["Hologram+1","Rebound"],"picked":"Cold Snap+1","floor":30.0}],"player_experience":225638,"relics_obtained":[{"floor":6.0,"key":"Sundial"},{"floor":8.0,"key":"Old Coin"},{"floor":9.0,"key":"Shuriken"},{"floor":17.0,"key":"Regal Pillow"},{"floor":17.0,"key":"Mummified Hand"},{"floor":17.0,"key":"Dead Branch"},{"floor":25.0,"key":"Akabeko"},{"floor":26.0,"key":"MealTicket"}],"event_choices":[{"damage_healed":0.0,"max_hp_gain":0.0,"max_hp_loss":0.0,"gold_gain":0.0,"event_name":"Shining Light","player_choice":"Entered Light","floor":2.0,"gold_loss":0.0,"damage_taken":15.0,"cards_upgraded":["Strike_B","Strike_B"]},{"damage_healed":0.0,"max_hp_gain":0.0,"max_hp_loss":0.0,"gold_gain":0.0,"event_name":"The Woman in Blue","player_choice":"Bought 3 Potions","floor":3.0,"gold_loss":0.0,"damage_taken":0.0},{"damage_healed":0.0,"max_hp_gain":0.0,"max_hp_loss":0.0,"gold_gain":0.0,"event_name":"Golden Idol","player_choice":"Take Damage","floor":12.0,"gold_loss":0.0,"damage_taken":18.0,"relics_obtained":["Golden Idol"]},{"cards_removed":["Defend_B"],"damage_healed":0.0,"max_hp_gain":0.0,"max_hp_loss":0.0,"gold_gain":0.0,"event_name":"Beggar","player_choice":"Gave Gold","floor":20.0,"gold_loss":75.0,"damage_taken":0.0},{"damage_healed":0.0,"max_hp_gain":0.0,"max_hp_loss":0.0,"gold_gain":0.0,"event_name":"Lab","player_choice":"Got Potions","floor":24.0,"gold_loss":0.0,"damage_taken":0.0},{"damage_healed":0.0,"max_hp_gain":0.0,"max_hp_loss":0.0,"gold_gain":0.0,"cards_transformed":["Defend_B","Defend_B"],"event_name":"Drug Dealer","player_choice":"Became Test Subject","floor":31.0,"gold_loss":0.0,"damage_taken":0.0,"cards_obtained":["Scrape","Heatsinks"]}],"is_beta":false,"boss_relics":[{"not_picked":["Tiny House","SlaversCollar"],"picked":"Calling Bell"}],"items_purged_floors":[14,19],"is_endless":false,"potions_floor_spawned":[4,7,11,21,29,30],"killed_by":"Automaton","ascension_level":4}}