{"host":"kjehzzhcyp0nyrrl","time":1608464457,"event":{"mods":["AchievementEnabler","BaseMod","Custom Start","Hermit","Keyboard Shortcuts","Koishi","Minty Spire (QoL Compilation)","Replay The Spire","StSLib","SuperFastMode","The Dragon Tamer","The Gatherer","everything is the same but u backflip on backflip"],"gold_per_floor":[112,112,129,2,19,19,19,19,19,45,56,76,89,164,164,268,268,285,296,296,76,175,203,203,203,256,272,285,285,314,60,60,156,156,167,167,215,308,325,325,325,325,375,391,178,193,24,42,42,42,42],"floor_reached":50,"playtime":1459,"items_purged":["Strike_R","Strike_R","Strike_R"],"score":624,"play_id":"873ff15c-e4cf-499a-a4f5-be346fc6bad1","local_time":"20201220204057","is_ascension_mode":true,"campfire_choices":[{"data":"Carnage","floor":6.0,"key":"SMITH"},{"data":"Flex","floor":8.0,"key":"SMITH"},{"data":"Second Wind","floor":15.0,"key":"SMITH"},{"data":"Limit Break","floor":25.0,"key":"SMITH"},{"floor":29.0,"key":"REST"},{"data":"Burning Pact","floor":32.0,"key":"SMITH"},{"floor":40,"key":"RECALL"},{"data":"Evolve","floor":42,"key":"SMITH"},{"data":"ReplayTheSpireMod:Limb From Limb","floor":42,"key":"SMITH"},{"floor":49,"key":"REST"}],"circlet_count":0,"master_deck":["Strike_R+1","Defend_R","Defend_R+1","Defend_R","Bash","Heavy Blade","Clothesline+1","Dropkick","Flex+1","Carnage+1","Pommel Strike","Second Wind+1","Limit Break+1","ReplayTheSpireMod:Limb From Limb+1","Spot Weakness","Burning Pact+1","Evolve+1","Headbutt+1","Sword Boomerang+1","Flash of Steel","ReplayTheSpireMod:Strike From Hell"],"relics":["Burning Blood","NeowsBlessing","Pantograph","Replay:PocketPolymizer","Busted Crown","TheAbacus","Question Card","Replay:Baseball","Blood Vial","HornCleat","Bag of Marbles","Painkiller Herb","Replay:Arrowhead","Replay:Rubber Ducky","Lantern","Membership Card"],"acts_visited":["Exordium","TheCity","TheBeyond"],"potions_floor_usage":[48],"damage_taken":[{"damage":0.0,"enemies":"Cultist","floor":1.0,"turns":1.0},{"damage":0.0,"enemies":"2 Louse","floor":3.0,"turns":1.0},{"damage":0.0,"enemies":"Small Slimes","floor":5.0,"turns":1.0},{"damage":37.0,"enemies":"3 Sentries","floor":10.0,"turns":8.0},{"damage":10.0,"enemies":"3 Louse","floor":11.0,"turns":3.0},{"damage":7.0,"enemies":"2 Fungi Beasts","floor":12.0,"turns":3.0},{"damage":0.0,"enemies":"Large Slime","floor":13.0,"turns":2.0},{"damage":32.0,"enemies":"Slime Boss","floor":16.0,"turns":8.0},{"damage":12.0,"enemies":"2 Thieves","floor":18.0,"turns":4.0},{"damage":12.0,"enemies":"Shell Parasite","floor":19.0,"turns":2.0},{"damage":23.0,"enemies":"Gremlin Leader","floor":23.0,"turns":3.0},{"damage":0.0,"enemies":"Centurion and Healer","floor":27.0,"turns":4.0},{"damage":8.0,"enemies":"3 Cultists","floor":28.0,"turns":5.0},{"damage":28.0,"enemies":"Slavers","floor":30.0,"turns":4.0},{"damage":56.0,"enemies":"Champ","floor":33.0,"turns":8.0},{"damage":5.0,"enemies":"3 Shapes","floor":35.0,"turns":6.0},{"damage":29.0,"enemies":"2 Orb Walkers","floor":37.0,"turns":4.0},{"damage":0,"enemies":"Orb Walker","floor":39,"turns":3},{"damage":9,"enemies":"Sphere and 2 Shapes","floor":44,"turns":3},{"damage":0,"enemies":"Transient","floor":46,"turns":5},{"damage":36,"enemies":"3 Darklings","floor":48,"turns":6},{"damage":76,"enemies":"Awakened One","floor":50,"turns":4}],"seed_played":"1521804934854835832","potions_obtained":[{"floor":5.0,"key":"Energy Potion"},{"floor":10.0,"key":"EssenceOfSteel"},{"floor":11.0,"key":"FearPotion"},{"floor":19.0,"key":"FearPotion"},{"floor":23.0,"key":"Reflective Coating"},{"floor":35.0,"key":"Energy Potion"},{"floor":48,"key":"Swift Potion"}],"is_trial":false,"path_per_floor":["M","?","M","$","M","R","?","R","T","E","M","M","M","?","R","B",null,"M","M","?","$","?","E","?","R","T","M","M","R","E","$","R","B",null,"?","?","?","?","?","T","T","T","T","?","T","?","T","?","T","B"],"character_chosen":"IRONCLAD","items_purchased":["Flex","Spot Weakness","TheAbacus","Bag of Marbles","Flash of Steel","Membership Card","ReplayTheSpireMod:Strike From Hell"],"campfire_rested":2,"item_purchase_floors":[4,21,21,31,45,47,47],"current_hp_per_floor":[78,78,80,80,80,80,64,64,64,33,29,28,34,23,23,22,66,60,54,39,39,39,22,22,22,22,30,30,55,35,35,35,12,67,70,70,49,28,36,36,36,36,36,35,35,43,43,15,40,0,0],"gold":42,"neow_bonus":"THREE_ENEMY_KILL","is_daily":false,"chose_seed":false,"campfire_upgraded":7,"win_rate":0.0,"timestamp":1608464457,"path_taken":["M","?","M","$","M","R","?","R","T","E","M","M","M","?","R","BOSS","M","M","?","$","?","E","?","R","T","M","M","R","E","?","R","BOSS","?","?","?","?","?","T","?","T","T","?","T","?","T","?","T","BOSS"],"items_purchased_type":["Card","Card","Relic","Relic","Card","Relic","Card"],"build_version":"2020-12-13","purchased_purges":3,"victory":false,"max_hp_per_floor":[80,80,80,80,80,80,80,80,80,80,80,80,80,80,80,80,80,80,80,85,85,85,85,85,85,85,85,85,85,85,85,85,85,85,85,85,85,85,85,85,85,85,85,85,85,85,85,85,85,85,85],"card_choices":[{"not_picked":["Shrug It Off","Power Through"],"picked":"Heavy Blade","floor":1.0},{"not_picked":["Havoc","Defy Death"],"picked":"Dropkick","floor":3.0},{"not_picked":["Life Link","Rage"],"picked":"Carnage","floor":5.0},{"not_picked":["Sword Boomerang","Armaments","Feel No Pain"],"picked":"SKIP","floor":10.0},{"not_picked":["Twin Strike","Havoc"],"picked":"Pommel Strike","floor":11.0},{"not_picked":["ReplayTheSpireMod:Stacked","ReplayTheSpireMod:Strike From Hell","Warcry"],"picked":"SKIP","floor":12.0},{"not_picked":["Replay:Undeath\u0027s Touch","Havoc","Twin Strike"],"picked":"SKIP","floor":13.0},{"not_picked":["Replay:Many Hands","Corruption"],"picked":"Limit Break","floor":16.0},{"not_picked":["ReplayTheSpireMod:Limb From Limb"],"picked":"SKIP","floor":18.0},{"not_picked":[],"picked":"ReplayTheSpireMod:Limb From Limb","floor":18.0},{"not_picked":["Pommel Strike"],"picked":"SKIP","floor":19.0},{"not_picked":["Life Link"],"picked":"SKIP","floor":23.0},{"not_picked":["Warcry","Sentinel+1"],"picked":"SKIP","floor":27.0},{"not_picked":["Warcry","Burning Pact"],"picked":"SKIP","floor":28.0},{"not_picked":["Warcry"],"picked":"Burning Pact","floor":28.0},{"not_picked":["Rupture","Pommel Strike"],"picked":"SKIP","floor":30.0},{"not_picked":["Second Wind"],"picked":"Evolve","floor":35.0},{"not_picked":["Cleave"],"picked":"Headbutt+1","floor":38},{"not_picked":["Flex","ReplayTheSpireMod:Limb From Limb"],"picked":"SKIP","floor":39},{"not_picked":["Rage+1"],"picked":"Sword Boomerang+1","floor":44},{"not_picked":["Carnage","Warcry+1"],"picked":"SKIP","floor":46},{"not_picked":["ReplayTheSpireMod:Stacked+1","Life Link"],"picked":"SKIP","floor":48}],"player_experience":371417,"relics_obtained":[{"floor":9.0,"key":"Pantograph"},{"floor":10.0,"key":"Replay:PocketPolymizer"},{"floor":23.0,"key":"Question Card"},{"floor":26.0,"key":"Blood Vial"},{"floor":30.0,"key":"HornCleat"},{"floor":37.0,"key":"Replay:Arrowhead"},{"floor":38,"key":"Replay:Rubber Ducky"},{"floor":43,"key":"Lantern"}],"event_choices":[{"damage_healed":0.0,"max_hp_gain":0.0,"max_hp_loss":0.0,"gold_gain":0.0,"event_name":"Shining Light","player_choice":"Entered Light","floor":7.0,"gold_loss":0.0,"damage_taken":16.0,"cards_upgraded":["Defend_R","Strike_R"]},{"damage_healed":0.0,"max_hp_gain":0.0,"max_hp_loss":0.0,"gold_gain":75.0,"event_name":"World of Goop","player_choice":"Gather Gold","floor":14.0,"gold_loss":0.0,"damage_taken":11.0},{"damage_healed":0.0,"max_hp_gain":5.0,"max_hp_loss":0.0,"gold_gain":0.0,"event_name":"Forgotten Altar","player_choice":"Shed Blood","floor":20.0,"gold_loss":0.0,"damage_taken":20.0},{"damage_healed":0.0,"max_hp_gain":0.0,"max_hp_loss":0.0,"gold_gain":99.0,"event_name":"Nest","player_choice":"Stole From Cult","floor":22.0,"gold_loss":0.0,"damage_taken":0.0},{"damage_healed":0.0,"max_hp_gain":0.0,"max_hp_loss":0.0,"gold_gain":0.0,"event_name":"Mysterious Sphere","player_choice":"Fight","floor":37.0,"gold_loss":0.0,"damage_taken":0.0}],"is_beta":false,"boss_relics":[{"not_picked":["Runic Dome","Black Star"],"picked":"Busted Crown"},{"not_picked":["Abe\u0027s Treasure","Black Blood"],"picked":"Painkiller Herb"}],"items_purged_floors":[4,31,45],"is_endless":false,"potions_floor_spawned":[5,10,11,19,23,35,37,48],"killed_by":"Awakened One","ascension_level":6}}