{"host":"bq4pt811tk9yrmjl","time":1608493581,"event":{"mods":["AchievementEnabler","BaseMod","Colored Map","Colored Powertips","Defuse TimeMaze Blight","Minty Spire (QoL Compilation)","StSLib","SuperFastMode","UnlockEverythingMod"],"gold_per_floor":[110,110,110,33,108,108,139,154,154,165,178,198,198,274,274,378,378,398,398,398,73,73,103,103,113,113,130,90,104,117,193,193,298,298,316,367,367,417,263,263,263,288,315,333,353,193,193,207,207,207,207,207,45,79,79],"floor_reached":56,"playtime":1127,"items_purged":["Strike_B"],"score":1231,"play_id":"11164d25-d49e-4606-b10f-cb90f97be845","local_time":"20201220174621","is_ascension_mode":true,"campfire_choices":[{"data":"Zap","floor":6,"key":"SMITH"},{"data":"Loop","floor":15,"key":"SMITH"},{"floor":24,"key":"REST"},{"data":"Storm","floor":32,"key":"SMITH"},{"floor":40,"key":"REST"},{"floor":41,"key":"RECALL"},{"data":"Creative AI","floor":47,"key":"SMITH"},{"data":"Static Discharge","floor":49,"key":"SMITH"},{"data":"Self Repair","floor":52,"key":"SMITH"}],"circlet_count":0,"master_deck":["Strike_B","Strike_B+1","Strike_B+1","Defend_B","Defend_B","Defend_B","Defend_B+1","Zap+1","Dualcast","Beam Cell+1","Loop+1","Storm+1","Static Discharge+1","Amplify+1","Force Field+1","Hologram+1","Electrodynamics","Force Field+1","White Noise+1","Self Repair+1","Tempest+1","Leap+1","Tempest+1","Creative AI+1","Undo+1","Loop+1","Zap+1","Apotheosis+1","Reboot+1"],"relics":["Cracked Core","NeowsBlessing","Mercury Hourglass","Toxic Egg 2","Matryoshka","Busted Crown","Membership Card","Omamori","Tiny Chest","Dream Catcher","Akabeko","HornCleat","Anchor","Kunai","Nuclear Battery","WingedGreaves","StoneCalendar","Runic Capacitor","Whetstone","Bronze Scales","Strawberry","DollysMirror","OrangePellets","Ginger"],"acts_visited":["Exordium","TheCity","TheBeyond","TheEnding"],"potions_floor_usage":[10,11,11,16,16,25,33,55,55],"damage_taken":[{"damage":0,"enemies":"Jaw Worm","floor":1,"turns":1},{"damage":0,"enemies":"Lagavulin","floor":7,"turns":1},{"damage":0,"enemies":"2 Louse","floor":8,"turns":1},{"damage":7,"enemies":"Small Slimes","floor":10,"turns":3},{"damage":2,"enemies":"Blue Slaver","floor":11,"turns":3},{"damage":10,"enemies":"Looter","floor":12,"turns":3},{"damage":8,"enemies":"The Guardian","floor":16,"turns":7},{"damage":0,"enemies":"3 Byrds","floor":18,"turns":1},{"damage":35,"enemies":"Slavers","floor":23,"turns":4},{"damage":0,"enemies":"Spheric Guardian","floor":25,"turns":3},{"damage":0,"enemies":"3 Cultists","floor":27,"turns":3},{"damage":0,"enemies":"Snake Plant","floor":29,"turns":4},{"damage":0,"enemies":"Snecko","floor":30,"turns":3},{"damage":45,"enemies":"Champ","floor":33,"turns":9},{"damage":0,"enemies":"3 Shapes","floor":35,"turns":2},{"damage":15,"enemies":"2 Orb Walkers","floor":36,"turns":4},{"damage":20,"enemies":"Mind Bloom Boss Battle","floor":38,"turns":5},{"damage":0,"enemies":"3 Darklings","floor":44,"turns":3},{"damage":11,"enemies":"Sphere and 2 Shapes","floor":45,"turns":4},{"damage":1,"enemies":"Maw","floor":48,"turns":6},{"damage":5,"enemies":"Donu and Deca","floor":50,"turns":5},{"damage":27,"enemies":"Shield and Spear","floor":54,"turns":5},{"damage":103,"enemies":"The Heart","floor":55,"turns":8}],"seed_played":"5996102206186402521","potions_obtained":[{"floor":7,"key":"Regen Potion"},{"floor":8,"key":"Swift Potion"},{"floor":10,"key":"Regen Potion"},{"floor":11,"key":"DistilledChaos"},{"floor":12,"key":"ColorlessPotion"},{"floor":18,"key":"SpeedPotion"},{"floor":27,"key":"Strength Potion"},{"floor":30,"key":"Weak Potion"},{"floor":35,"key":"Energy Potion"},{"floor":38,"key":"DuplicationPotion"}],"is_trial":false,"path_per_floor":["M","?","?","$","?","R","E","M","T","M","M","M","?","T","R","B",null,"M","?","?","$","?","E","R","M","T","M","?","M","M","T","R","B",null,"M","?","?","?","$","R","R","T","T","M","M","$","R","M","R","B",null,"R","$","E","B",null],"character_chosen":"DEFECT","items_purchased":["Loop","Membership Card","Omamori","Tiny Chest","Self Repair","Runic Capacitor","Whetstone","FairyPotion","DollysMirror","Apotheosis+1","OrangePellets"],"campfire_rested":2,"item_purchase_floors":[4,21,21,21,21,39,39,46,46,53,53],"current_hp_per_floor":[75,75,63,63,52,52,52,52,52,54,61,51,51,51,51,43,75,75,75,75,75,61,26,50,50,50,64,64,71,71,71,71,33,80,80,65,65,45,45,67,67,67,74,81,83,83,83,83,83,83,83,83,83,66,28],"gold":79,"neow_bonus":"THREE_ENEMY_KILL","is_daily":false,"chose_seed":false,"campfire_upgraded":6,"win_rate":0.0,"timestamp":1608493581,"path_taken":["M","?","?","$","?","R","E","M","T","M","M","M","?","?","R","BOSS","M","?","?","$","?","E","R","M","T","M","?","M","?","?","R","BOSS","M","?","?","?","$","R","R","?","T","M","M","$","R","M","R","BOSS","R","$","E","BOSS"],"items_purchased_type":["Card","Relic","Relic","Relic","Card","Relic","Relic","Potion","Relic","Card","Relic"],"build_version":"2020-12-13","purchased_purges":1,"victory":true,"max_hp_per_floor":[75,75,75,75,75,75,75,75,75,75,75,75,75,75,75,75,75,75,75,75,75,80,80,80,80,80,80,80,80,80,80,80,80,80,80,80,76,76,76,76,76,76,83,83,83,83,83,83,83,83,83,83,83,83,83],"card_choices":[{"not_picked":["Turbo","Chill"],"picked":"Beam Cell","floor":1},{"not_picked":["Rebound","Consume+1"],"picked":"Storm","floor":7},{"not_picked":["FTL","Heatsinks"],"picked":"Static Discharge","floor":8},{"not_picked":["Steam Power+1","Barrage"],"picked":"Amplify+1","floor":10},{"not_picked":["Leap+1","Blizzard"],"picked":"Force Field+1","floor":11},{"not_picked":["Barrage","Aggregate+1"],"picked":"Hologram+1","floor":12},{"not_picked":["Hyperbeam","Creative AI"],"picked":"Electrodynamics","floor":16},{"not_picked":[],"picked":"Force Field+1","floor":18},{"not_picked":["Hyperbeam"],"picked":"SKIP","floor":23},{"not_picked":[],"picked":"Tempest+1","floor":25},{"not_picked":["Turbo+1"],"picked":"SKIP","floor":27},{"not_picked":[],"picked":"Leap+1","floor":29},{"not_picked":[],"picked":"Tempest+1","floor":30},{"not_picked":[],"picked":"Creative AI","floor":33},{"not_picked":[],"picked":"Undo+1","floor":35},{"not_picked":[],"picked":"Loop+1","floor":36},{"not_picked":["Reprogram+1"],"picked":"SKIP","floor":44},{"not_picked":["Gash"],"picked":"SKIP","floor":45},{"not_picked":["Rebound"],"picked":"SKIP","floor":48},{"not_picked":[],"picked":"Reboot+1","floor":54}],"player_experience":85418,"relics_obtained":[{"floor":7,"key":"Toxic Egg 2"},{"floor":14,"key":"Matryoshka"},{"floor":23,"key":"Dream Catcher"},{"floor":26,"key":"Akabeko"},{"floor":26,"key":"HornCleat"},{"floor":31,"key":"Anchor"},{"floor":31,"key":"Kunai"},{"floor":36,"key":"WingedGreaves"},{"floor":38,"key":"StoneCalendar"},{"floor":42,"key":"Bronze Scales"},{"floor":43,"key":"Strawberry"},{"floor":54,"key":"Ginger"}],"event_choices":[{"damage_healed":0,"gold_gain":0,"player_choice":"Leave","damage_taken":0,"max_hp_gain":0,"max_hp_loss":0,"event_name":"The Cleric","floor":2,"gold_loss":0},{"damage_healed":0,"gold_gain":0,"player_choice":"Success","damage_taken":12,"relics_obtained":["Mercury Hourglass"],"max_hp_gain":0,"max_hp_loss":0,"event_name":"Scrap Ooze","floor":3,"gold_loss":0},{"damage_healed":0,"gold_gain":75,"player_choice":"Gather Gold","damage_taken":11,"max_hp_gain":0,"max_hp_loss":0,"event_name":"World of Goop","floor":5,"gold_loss":0},{"damage_healed":0,"gold_gain":0,"player_choice":"Ignored","damage_taken":0,"max_hp_gain":0,"max_hp_loss":0,"event_name":"Liars Game","floor":13,"gold_loss":0},{"damage_healed":0,"gold_gain":0,"player_choice":"Ignored","damage_taken":0,"max_hp_gain":0,"max_hp_loss":0,"event_name":"Vampires","floor":19,"gold_loss":0},{"damage_healed":0,"gold_gain":0,"player_choice":"Read","damage_taken":0,"max_hp_gain":0,"max_hp_loss":0,"event_name":"The Library","floor":20,"gold_loss":0,"cards_obtained":["White Noise"]},{"damage_healed":0,"gold_gain":0,"player_choice":"Shed Blood","damage_taken":19,"max_hp_gain":5,"max_hp_loss":0,"event_name":"Forgotten Altar","floor":22,"gold_loss":0},{"damage_healed":0,"gold_gain":0,"player_choice":"Upgraded Two","damage_taken":0,"max_hp_gain":0,"max_hp_loss":0,"event_name":"Designer","floor":28,"gold_loss":40,"cards_upgraded":["Defend_B","Strike_B"]},{"damage_healed":0,"gold_gain":0,"player_choice":"Fight","damage_taken":0,"max_hp_gain":0,"max_hp_loss":0,"event_name":"Mysterious Sphere","floor":36,"gold_loss":0},{"damage_healed":0,"gold_gain":0,"player_choice":"Max HP","damage_taken":0,"max_hp_gain":0,"max_hp_loss":4,"event_name":"Winding Halls","floor":37,"gold_loss":0},{"damage_healed":0,"gold_gain":0,"player_choice":"Fight","damage_taken":0,"max_hp_gain":0,"max_hp_loss":0,"event_name":"MindBloom","floor":38,"gold_loss":0}],"is_beta":false,"boss_relics":[{"not_picked":["Cursed Key","Philosopher\u0027s Stone"],"picked":"Busted Crown"},{"not_picked":["Black Star","Fusion Hammer"],"picked":"Nuclear Battery"}],"items_purged_floors":[46],"is_endless":false,"potions_floor_spawned":[7,8,10,11,12,18,27,30,35,38,48,54],"ascension_level":1}}