{"host":"lhth1efayex2023z","time":1608434884,"event":{"mods":["BaseMod","Colored Map","Googly Eyes","Infinite Spire","Minty Spire (QoL Compilation)","StSLib"],"gold_per_floor":[119,119,119,119,21,21,50,50,73,93,104,133,133,144,144,245,245,264,282,302,317,317,317],"floor_reached":22,"playtime":963,"items_purged":["Strike_R"],"score":345,"play_id":"7b2d03e8-2319-4c88-9cd5-5a8342a282e4","local_time":"20201219202804","is_ascension_mode":true,"campfire_choices":[{"data":"Warcry","floor":6.0,"key":"SMITH"},{"floor":8.0,"key":"REST"},{"data":"Armaments","floor":13.0,"key":"SMITH"},{"data":"infinitespire:NeuralNetwork","floor":15.0,"key":"SMITH"}],"circlet_count":0,"master_deck":["Strike_R","Strike_R","Strike_R","Defend_R","Defend_R","Defend_R","Defend_R","Bash","Warcry+1","infinitespire:NeuralNetwork+1","Shockwave","Demon Form","Havoc","Heavy Blade","Armaments+1","Sword Boomerang","Flex","Demon Form","Inflame","Anger","infinitespire:OneForAll"],"relics":["Burning Blood","Pen Nib","Smiling Mask","Anchor","SlaversCollar"],"acts_visited":["Exordium","TheCity"],"potions_floor_usage":[21,22],"damage_taken":[{"damage":1.0,"enemies":"Cultist","floor":1.0,"turns":4.0},{"damage":26.0,"enemies":"Gremlin Nob","floor":7.0,"turns":4.0},{"damage":11.0,"enemies":"Jaw Worm","floor":10.0,"turns":6.0},{"damage":1.0,"enemies":"2 Louse","floor":11.0,"turns":3.0},{"damage":2.0,"enemies":"Lagavulin","floor":12.0,"turns":6.0},{"damage":8.0,"enemies":"Exordium Thugs","floor":14.0,"turns":5.0},{"damage":35.0,"enemies":"The Guardian","floor":16.0,"turns":5.0},{"damage":29.0,"enemies":"2 Thieves","floor":18.0,"turns":4.0},{"damage":14.0,"enemies":"Shell Parasite","floor":19.0,"turns":6.0},{"damage":68,"enemies":"3 Cultists","floor":20,"turns":6},{"damage":18,"enemies":"Centurion and Healer","floor":21,"turns":6},{"damage":17,"enemies":"Sentry and Sphere","floor":22,"turns":3}],"seed_played":"8385841502360321876","potions_obtained":[{"floor":10.0,"key":"Regen Potion"},{"floor":12.0,"key":"Swift Potion"},{"floor":14.0,"key":"BloodPotion"},{"floor":18.0,"key":"Fire Potion"},{"floor":19.0,"key":"BloodPotion"}],"is_trial":false,"path_per_floor":["M","?","?","?","$","R","E","R","T","M","M","E","R","M","R","B",null,"M","M","M","M","M"],"character_chosen":"IRONCLAD","items_purchased":["Havoc"],"campfire_rested":1,"item_purchase_floors":[5],"current_hp_per_floor":[72,48,41,41,41,41,21,49,49,44,49,68,68,66,66,37,81,58,69,7,14,0,0],"gold":317,"neow_bonus":"TWENTY_PERCENT_HP_BONUS","is_daily":false,"chose_seed":false,"campfire_upgraded":3,"win_rate":0.0,"timestamp":1608434884,"path_taken":["M","?","?","?","$","R","E","R","T","M","M","E","R","?","R","BOSS","M","?","?","M","M"],"items_purchased_type":["Card"],"build_version":"2020-12-13","purchased_purges":1,"victory":false,"max_hp_per_floor":[96,96,96,96,96,96,96,96,96,96,96,96,96,96,96,96,96,96,96,96,96,96,96],"card_choices":[{"not_picked":["Seeing Red","Dropkick"],"picked":"Warcry","floor":1.0},{"not_picked":["infinitespire:FutureSight","infinitespire:Menacing"],"picked":"infinitespire:NeuralNetwork","floor":2.0},{"not_picked":["Thunderclap","Barricade"],"picked":"Heavy Blade","floor":7.0},{"not_picked":["Warcry","Havoc"],"picked":"Armaments","floor":10.0},{"not_picked":["Thunderclap","Shrug It Off"],"picked":"Sword Boomerang","floor":11.0},{"not_picked":["Second Wind","Shrug It Off","Heavy Blade"],"picked":"SKIP","floor":12.0},{"not_picked":["Clash","Clothesline"],"picked":"Flex","floor":14.0},{"not_picked":["Juggernaut","Double Tap"],"picked":"Demon Form","floor":16.0},{"not_picked":["Armaments","Intimidate+1","Wild Strike"],"picked":"SKIP","floor":18.0},{"not_picked":["Feel No Pain","Intimidate"],"picked":"Inflame","floor":19.0},{"not_picked":["Shrug It Off","True Grit"],"picked":"Anger","floor":20},{"not_picked":["Pommel Strike+1","Second Wind+1"],"picked":"infinitespire:OneForAll","floor":21}],"player_experience":376582,"relics_obtained":[{"floor":7.0,"key":"Pen Nib"},{"floor":9.0,"key":"Smiling Mask"},{"floor":12.0,"key":"Anchor"}],"event_choices":[{"cards_removed":["Strike_R"],"damage_healed":0.0,"max_hp_gain":0.0,"max_hp_loss":0.0,"gold_gain":0.0,"event_name":"Golden Wing","player_choice":"Card Removal","floor":3.0,"gold_loss":0.0,"damage_taken":7.0},{"damage_healed":0.0,"max_hp_gain":0.0,"max_hp_loss":0.0,"gold_gain":0.0,"event_name":"Match and Keep!","player_choice":"2 cards matched","floor":4.0,"gold_loss":0.0,"damage_taken":0.0,"cards_obtained":["Shockwave","Demon Form"]}],"is_beta":false,"boss_relics":[{"not_picked":["Pandora\u0027s Box","Black Blood"],"picked":"SlaversCollar"}],"items_purged_floors":[5],"is_endless":false,"potions_floor_spawned":[10,12,14,18,19],"killed_by":"Sentry and Sphere","ascension_level":9}}