{"host":"cf32014d19ld5mat","time":1608467194,"event":{"mods":["AchievementEnabler","BaseMod","Block Reminder","Minty Spire (QoL Compilation)","Random Character Button","Relic Stats","StSLib"],"gold_per_floor":[110,127,52,69,89,89,135,135,135,135,135,147,160,160,160,265,265,280,292,292,304,317,347,347,361,387,397,407,419,419,429,429,531,531,546,506,27,38,57,76,88,139,211,236,286,286,303,112,112,112],"floor_reached":51,"playtime":2670,"items_purged":["Strike_R","Bite"],"score":832,"play_id":"fa4626d4-c820-464c-b64a-bc3d9a67150b","local_time":"20201220122634","is_ascension_mode":false,"campfire_choices":[{"data":"Whirlwind","floor":6,"key":"SMITH"},{"data":"Sever Soul","floor":8,"key":"SMITH"},{"data":"Brutality","floor":11,"key":"SMITH"},{"data":"Power Through","floor":15,"key":"SMITH"},{"data":"Offering","floor":24,"key":"SMITH"},{"data":"Bite","floor":32,"key":"SMITH"},{"data":"Dark Embrace","floor":49,"key":"SMITH"}],"circlet_count":0,"master_deck":["Defend_R","Defend_R","Defend_R","Defend_R","Bash+1","Brutality+1","Whirlwind+1","Sever Soul+1","Power Through+1","Battle Trance","Offering+1","Battle Trance+1","Bite+1","Bite","Bite","Bite","Corruption","Seeing Red","FollowUp+1","Blade Dance+1","Blade Dance+1","Offering","Dark Embrace+1"],"relics":["Burning Blood","Omamori","Singing Bowl","CaptainsWheel","Philosopher\u0027s Stone","Unceasing Top","Potion Belt","Kunai","Runic Cube","Bag of Preparation","PrismaticShard","Charon\u0027s Ashes","Shuriken","Art of War","Mango","ClockworkSouvenir"],"acts_visited":["Exordium","TheCity","TheBeyond"],"potions_floor_usage":[7,23,28,33,33,33,38,41,50,50],"damage_taken":[{"damage":5,"enemies":"Small Slimes","floor":1,"turns":4},{"damage":5,"enemies":"Jaw Worm","floor":2,"turns":4},{"damage":4,"enemies":"Cultist","floor":4,"turns":4},{"damage":10,"enemies":"Blue Slaver","floor":5,"turns":4},{"damage":24,"enemies":"Lagavulin","floor":7,"turns":6},{"damage":1,"enemies":"Looter","floor":12,"turns":2},{"damage":8,"enemies":"2 Fungi Beasts","floor":13,"turns":3},{"damage":55,"enemies":"The Guardian","floor":16,"turns":11},{"damage":8,"enemies":"Spheric Guardian","floor":18,"turns":3},{"damage":4,"enemies":"Chosen","floor":19,"turns":3},{"damage":17,"enemies":"Snake Plant","floor":21,"turns":3},{"damage":25,"enemies":"Sentry and Sphere","floor":22,"turns":6},{"damage":10,"enemies":"Gremlin Leader","floor":23,"turns":5},{"damage":24,"enemies":"Shelled Parasite and Fungi","floor":25,"turns":5},{"damage":13,"enemies":"Snake Plant","floor":27,"turns":4},{"damage":9,"enemies":"Chosen and Byrds","floor":28,"turns":4},{"damage":8,"enemies":"Centurion and Healer","floor":29,"turns":3},{"damage":21,"enemies":"Cultist and Chosen","floor":31,"turns":4},{"damage":116,"enemies":"Automaton","floor":33,"turns":16},{"damage":27,"enemies":"Orb Walker","floor":35,"turns":3},{"damage":6,"enemies":"3 Darklings","floor":38,"turns":1},{"damage":19,"enemies":"Transient","floor":39,"turns":5},{"damage":27,"enemies":"Spire Growth","floor":40,"turns":4},{"damage":26,"enemies":"4 Shapes","floor":41,"turns":3},{"damage":30,"enemies":"2 Orb Walkers","floor":42,"turns":4},{"damage":10,"enemies":"Giant Head","floor":44,"turns":5},{"damage":7,"enemies":"Mind Bloom Boss Battle","floor":45,"turns":2},{"damage":28,"enemies":"Maw","floor":47,"turns":3},{"damage":24,"enemies":"Donu and Deca","floor":50,"turns":4}],"seed_played":"-5583076116408372226","potions_obtained":[{"floor":1,"key":"BlessingOfTheForge"},{"floor":4,"key":"ColorlessPotion"},{"floor":12,"key":"DistilledChaos"},{"floor":13,"key":"BloodPotion"},{"floor":23,"key":"SteroidPotion"},{"floor":27,"key":"Swift Potion"},{"floor":29,"key":"Strength Potion"},{"floor":31,"key":"Swift Potion"},{"floor":36,"key":"BlessingOfTheForge"},{"floor":36,"key":"Strength Potion"},{"floor":36,"key":"AttackPotion"},{"floor":38,"key":"Block Potion"},{"floor":44,"key":"FearPotion"}],"is_trial":false,"path_per_floor":["M","M","$","M","M","R","E","R","T","?","R","M","M","?","R","B",null,"M","M","?","M","M","E","R","M","T","M","M","M","T","M","R","B",null,"M","?","$","M","M","M","M","?","T","E","?","?","M","$","R","B",null],"character_chosen":"IRONCLAD","items_purchased":["Bag of Preparation","Seeing Red","PrismaticShard","Dark Embrace","ClockworkSouvenir"],"campfire_rested":0,"item_purchase_floors":[37,37,37,48,48],"current_hp_per_floor":[80,80,80,80,76,76,58,58,58,58,58,65,65,65,65,16,84,82,86,60,55,50,66,66,59,59,68,72,72,72,74,74,33,74,65,65,65,76,76,74,74,63,63,82,98,98,89,89,89,83],"gold":112,"neow_bonus":"ONE_RANDOM_RARE_CARD","is_daily":false,"chose_seed":false,"campfire_upgraded":7,"win_rate":0.0,"timestamp":1608467194,"path_taken":["M","M","$","M","M","R","E","R","T","?","R","M","M","?","R","BOSS","M","M","?","M","M","E","R","M","T","M","M","M","?","M","R","BOSS","M","?","$","M","?","M","M","?","T","E","?","?","M","$","R","BOSS"],"items_purchased_type":["Relic","Card","Relic","Card","Relic"],"build_version":"2020-12-13","purchased_purges":2,"victory":true,"max_hp_per_floor":[80,80,80,80,80,80,80,80,80,80,80,82,84,84,84,84,84,84,86,60,62,64,66,66,68,68,70,72,72,72,74,74,74,74,76,76,76,76,76,78,80,82,82,82,98,98,98,98,98,98],"relic_stats":{"Singing Bowl":30,"counters":[29,128],"Shuriken":[31],"Charon\u0027s Ashes":[336],"Bag of Preparation":[18],"Art of War":[0],"Kunai":[61],"obtain_stats":[{"Potion Belt":26,"Singing Bowl":9,"Mango":45,"Charon\u0027s Ashes":42,"Omamori":7,"Bag of Preparation":37,"PrismaticShard":37,"Burning Blood":0,"ClockworkSouvenir":48,"CaptainsWheel":14,"Shuriken":43,"Philosopher\u0027s Stone":17,"Art of War":44,"Kunai":30,"Unceasing Top":23,"Runic Cube":34},{"Potion Belt":14,"Singing Bowl":5,"Mango":27,"Charon\u0027s Ashes":25,"Omamori":5,"Bag of Preparation":20,"PrismaticShard":20,"Burning Blood":0,"ClockworkSouvenir":28,"CaptainsWheel":7,"Shuriken":25,"Philosopher\u0027s Stone":8,"Art of War":26,"Kunai":17,"Unceasing Top":13,"Runic Cube":19},{"Potion Belt":63,"Singing Bowl":22,"Mango":121,"Charon\u0027s Ashes":114,"Omamori":22,"Bag of Preparation":97,"PrismaticShard":97,"Burning Blood":0,"ClockworkSouvenir":124,"CaptainsWheel":27,"Shuriken":114,"Philosopher\u0027s Stone":38,"Art of War":119,"Kunai":74,"Unceasing Top":58,"Runic Cube":94}],"Burning Blood":134,"Unceasing Top":[1],"Runic Cube":[46]},"card_choices":[{"not_picked":["True Grit","Pommel Strike"],"picked":"Whirlwind","floor":1},{"not_picked":["Clash","Headbutt"],"picked":"Sever Soul","floor":2},{"not_picked":["Burning Pact","Sword Boomerang","Power Through"],"picked":"SKIP","floor":4},{"not_picked":["Burning Pact","Sword Boomerang"],"picked":"Power Through","floor":4},{"not_picked":["Havoc","Pummel"],"picked":"Battle Trance","floor":5},{"not_picked":["Sword Boomerang","Anger","Combust"],"picked":"SKIP","floor":7},{"not_picked":["Heavy Blade","Dark Embrace","Dropkick"],"picked":"Singing Bowl","floor":12},{"not_picked":["Iron Wave","Second Wind","Heavy Blade"],"picked":"Singing Bowl","floor":13},{"not_picked":["Exhume","Demon Form"],"picked":"Offering","floor":16},{"not_picked":["Warcry","Havoc"],"picked":"Battle Trance+1","floor":18},{"not_picked":["Thunderclap","Flex","Shrug It Off"],"picked":"Singing Bowl","floor":19},{"not_picked":["Combust","Demon Form","Pommel Strike"],"picked":"Singing Bowl","floor":21},{"not_picked":["Warcry","Armaments","Searing Blow"],"picked":"Singing Bowl","floor":22},{"not_picked":["Carnage+1","Iron Wave","Hemokinesis"],"picked":"Singing Bowl","floor":23},{"not_picked":["Ghostly Armor","Dual Wield+1","Blood for Blood+1"],"picked":"Singing Bowl","floor":25},{"not_picked":["Perfected Strike","Combust","Wild Strike"],"picked":"Singing Bowl","floor":27},{"not_picked":["Shrug It Off","Second Wind","Anger+1"],"picked":"Singing Bowl","floor":28},{"not_picked":["Cleave","Flex"],"picked":"Reaper","floor":29},{"not_picked":["Sword Boomerang+1","Perfected Strike","Havoc"],"picked":"Singing Bowl","floor":31},{"not_picked":["Fiend Fire","Impervious"],"picked":"Corruption","floor":33},{"not_picked":["Seeing Red+1","Infernal Blade+1","Whirlwind"],"picked":"Singing Bowl","floor":35},{"not_picked":["PiercingWail","Flying Knee"],"picked":"FollowUp+1","floor":38},{"not_picked":["Battle Trance+1","Warcry+1"],"picked":"Blade Dance+1","floor":39},{"not_picked":["FollowUp+1","Protect+1","Endless Agony"],"picked":"Singing Bowl","floor":40},{"not_picked":["Redo+1","Defragment+1","Electrodynamics"],"picked":"Singing Bowl","floor":41},{"not_picked":["Slice","Beam Cell+1","Eviscerate+1"],"picked":"Singing Bowl","floor":42},{"not_picked":["Beam Cell+1","Turbo+1"],"picked":"Blade Dance+1","floor":44},{"not_picked":["Slice+1","CutThroughFate+1","Auto Shields"],"picked":"Singing Bowl","floor":45},{"not_picked":["Doom and Gloom+1","Armaments+1"],"picked":"Offering","floor":47}],"player_experience":963109,"relics_obtained":[{"floor":7,"key":"Omamori"},{"floor":9,"key":"Singing Bowl"},{"floor":23,"key":"Unceasing Top"},{"floor":26,"key":"Potion Belt"},{"floor":30,"key":"Kunai"},{"floor":42,"key":"Charon\u0027s Ashes"},{"floor":43,"key":"Shuriken"},{"floor":44,"key":"Art of War"},{"floor":45,"key":"Mango"}],"event_choices":[{"damage_healed":0,"gold_gain":0,"player_choice":"Grow","damage_taken":0,"max_hp_gain":0,"max_hp_loss":0,"event_name":"Living Wall","floor":10,"gold_loss":0,"cards_upgraded":["Bash"]},{"damage_healed":0,"gold_gain":0,"player_choice":"Box","damage_taken":0,"relics_obtained":["CaptainsWheel"],"max_hp_gain":0,"max_hp_loss":0,"event_name":"Big Fish","floor":14,"gold_loss":0,"cards_obtained":["Regret"]},{"damage_healed":0,"gold_gain":0,"player_choice":"Became a vampire","damage_taken":0,"max_hp_gain":0,"max_hp_loss":26,"event_name":"Vampires","floor":20,"gold_loss":0,"cards_obtained":["Bite","Bite","Bite","Bite","Bite"]},{"damage_healed":0,"gold_gain":0,"player_choice":"Bought 3 Potions","damage_taken":0,"max_hp_gain":0,"max_hp_loss":0,"event_name":"The Woman in Blue","floor":36,"gold_loss":0},{"damage_healed":0,"gold_gain":0,"player_choice":"Fight","damage_taken":0,"max_hp_gain":0,"max_hp_loss":0,"event_name":"Mysterious Sphere","floor":42,"gold_loss":0},{"damage_healed":0,"gold_gain":0,"player_choice":"Fight","damage_taken":0,"max_hp_gain":0,"max_hp_loss":0,"event_name":"MindBloom","floor":45,"gold_loss":0},{"cards_removed":["Reaper"],"damage_healed":0,"gold_gain":0,"player_choice":"Removed Attack","damage_taken":0,"max_hp_gain":0,"max_hp_loss":0,"event_name":"Falling","floor":46,"gold_loss":0}],"is_beta":false,"boss_relics":[{"not_picked":["Astrolabe","SlaversCollar"],"picked":"Philosopher\u0027s Stone"},{"not_picked":["Sozu","Pandora\u0027s Box"],"picked":"Runic Cube"}],"items_purged_floors":[3,37],"is_endless":false,"potions_floor_spawned":[1,4,12,13,18,22,23,27,29,31,38,39,40,44],"ascension_level":0}}