{"host":"7z9w9s73v2jobm2z","time":1608450119,"event":{"mods":["AchievementEnabler","BaseMod","Colored Map","Colored Powertips","Custom Start","Minty Spire (QoL Compilation)","Quick Restart","Rare Cards Sparkle","Relic Stats","StSLib"],"gold_per_floor":[111,286,286,311,323,352,352,383,429,458,251,270,281,295,295,295,295],"floor_reached":16,"playtime":541,"items_purged":["Defend_P"],"score":156,"play_id":"ea8bda0b-a463-4f25-baf5-2638f09cd527","local_time":"20201220024159","is_ascension_mode":true,"campfire_choices":[{"floor":7.0,"key":"REST"},{"floor":15.0,"key":"REST"}],"circlet_count":0,"master_deck":["Strike_P+1","Strike_P+1","Strike_P","Strike_P","Defend_P","Defend_P","Defend_P","Eruption","Vigilance","Fasting2","Fasting2","Adaptation","LikeWater"],"relics":["Philosopher\u0027s Stone","Potion Belt","Akabeko","InkBottle","Whetstone","Matryoshka"],"acts_visited":["Exordium"],"potions_floor_usage":[16],"damage_taken":[{"damage":7.0,"enemies":"Small Slimes","floor":1.0,"turns":5.0},{"damage":12.0,"enemies":"2 Louse","floor":5.0,"turns":4.0},{"damage":20.0,"enemies":"Gremlin Nob","floor":6.0,"turns":4.0},{"damage":14.0,"enemies":"3 Sentries","floor":8.0,"turns":4.0},{"damage":11.0,"enemies":"Gremlin Nob","floor":10.0,"turns":3.0},{"damage":5.0,"enemies":"Jaw Worm","floor":12.0,"turns":2.0},{"damage":2.0,"enemies":"Blue Slaver","floor":13.0,"turns":2.0},{"damage":6.0,"enemies":"2 Fungi Beasts","floor":14.0,"turns":3.0},{"damage":27,"enemies":"Hexaghost","floor":16,"turns":4}],"seed_played":"3267857205974704680","potions_obtained":[{"floor":1.0,"key":"PowerPotion"},{"floor":8.0,"key":"EssenceOfSteel"},{"floor":10.0,"key":"Energy Potion"}],"is_trial":false,"path_per_floor":["M","?","?","T","M","E","R","E","T","E","$","M","M","M","R","B"],"character_chosen":"WATCHER","items_purchased":["PowerPotion","LikeWater"],"campfire_rested":2,"item_purchase_floors":[11,11],"current_hp_per_floor":[58,58,51,51,39,19,40,26,26,15,15,10,8,2,23,0,0],"gold":295,"neow_bonus":"BOSS_RELIC","is_daily":false,"chose_seed":false,"campfire_upgraded":0,"win_rate":0.0,"timestamp":1608450119,"path_taken":["M","?","?","?","M","E","R","E","T","E","?","M","M","M","R","BOSS"],"items_purchased_type":["Potion","Card"],"build_version":"2020-12-13","purchased_purges":1,"victory":false,"max_hp_per_floor":[72,72,72,72,72,72,72,72,72,72,72,72,72,72,72,72,72],"relic_stats":{"counters":[9,31],"Whetstone":["Strike_P","Strike_P"],"obtain_stats":[{"Potion Belt":4,"Matryoshka":10,"Philosopher\u0027s Stone":0,"Whetstone":9,"PureWater":0,"Akabeko":6,"InkBottle":8},{"Potion Belt":1,"Matryoshka":5,"Philosopher\u0027s Stone":0,"Whetstone":4,"PureWater":0,"Akabeko":3,"InkBottle":4},{"Potion Belt":5,"Matryoshka":20,"Philosopher\u0027s Stone":0,"Whetstone":17,"PureWater":0,"Akabeko":13,"InkBottle":17}],"InkBottle":[4]},"card_choices":[{"not_picked":["Nirvana","ThirdEye","BowlingBash"],"picked":"SKIP","floor":1.0},{"not_picked":["JustLucky","BowlingBash","InnerPeace"],"picked":"SKIP","floor":5.0},{"not_picked":["FollowUp","Evaluate"],"picked":"Fasting2","floor":6.0},{"not_picked":["SashWhip","ThirdEye"],"picked":"Fasting2","floor":8.0},{"not_picked":["Nirvana","FlyingSleeves"],"picked":"Adaptation","floor":10.0},{"not_picked":["Wallop","PathToVictory","CutThroughFate"],"picked":"SKIP","floor":12.0},{"not_picked":["Consecrate","EmptyFist","FlurryOfBlows"],"picked":"SKIP","floor":13.0},{"not_picked":["JustLucky","CrushJoints","Meditate"],"picked":"SKIP","floor":14.0}],"player_experience":434958,"relics_obtained":[{"floor":4.0,"key":"Potion Belt"},{"floor":6.0,"key":"Akabeko"},{"floor":8.0,"key":"InkBottle"},{"floor":9.0,"key":"Whetstone"},{"floor":10.0,"key":"Matryoshka"}],"event_choices":[{"damage_healed":0.0,"max_hp_gain":0.0,"max_hp_loss":0.0,"gold_gain":175.0,"event_name":"Liars Game","player_choice":"AGREE","floor":2.0,"gold_loss":0.0,"damage_taken":0.0,"cards_obtained":["Doubt"]},{"cards_removed":["Doubt"],"damage_healed":0.0,"max_hp_gain":0.0,"max_hp_loss":0.0,"gold_gain":0.0,"event_name":"Golden Wing","player_choice":"Card Removal","floor":3.0,"gold_loss":0.0,"damage_taken":7.0}],"is_beta":false,"boss_relics":[],"items_purged_floors":[11],"is_endless":false,"potions_floor_spawned":[1,8,10],"killed_by":"Hexaghost","ascension_level":6}}