{"host":"gpvfax9ls8tf4xze","time":1608429911,"event":{"mods":["Aspiration","BaseMod","BetterRewards","Colored Powertips","Downfall","GifTheSpireLib","Minty Spire (QoL Compilation)","Replay The Spire","StSLib","Stuff the Spire","The Hierophant"],"gold_per_floor":[99,109,134,145,174,99,125,125,137,152,165,165,157,177,189,301,301,301,327,357,357,372,390,390,490,245,275,295,307,407,407,433,532,532,457,457,467,467,487,525,551,551,589,624,637,637,637,687,703,703],"floor_reached":51,"playtime":10795,"items_purged":[],"score":909,"play_id":"710f208c-deb1-406e-8480-8f6718283bfa","local_time":"20201220110511","is_ascension_mode":false,"campfire_choices":[{"floor":1.0,"key":"RECALL"},{"data":"hexamod:BurningTouch","floor":6.0,"key":"SMITH"},{"data":"StuffTheSpire:Harmony","floor":18.0,"key":"SMITH"},{"data":"hexamod:ExtraCrispy","floor":35.0,"key":"SMITH"},{"data":"hexamod:UnleashSpirits","floor":38.0,"key":"SMITH"},{"data":"hexamod:NightmareGuise","floor":42.0,"key":"SMITH"}],"circlet_count":0,"master_deck":["hexamod:Strike","hexamod:Defend","hexamod:Defend+1","hexamod:Defend","hexamod:Sear+1","hexamod:Float+1","hexamod:BurningTouch+1","hexamod:BurningTouch+1","hexamod:BacktrackSmack","hexamod:Firestarter","hexamod:ExtraCrispy+1","StuffTheSpire:Harmony+1","hexamod:FastForward","hexamod:EtherealExpedition","hexamod:CrushingStance","hexamod:HeatMetal","hexamod:HeatCrush+1","hexamod:SpectersWail","hexamod:AdvancingGuard","hexamod:NightmareGuise+1","hexamod:Incineration","hexamod:AdvancingGuard+1","StuffTheSpire:Harmony","hexamod:Hexaguard+1","hexamod:SpectersWail","hexamod:UnleashSpirits+1","hexamod:NightmareGuise+1","hexamod:GhostLash+1","hexamod:PhantomFireball","hexamod:BacktrackSmack","hexamod:GhostLash+1","hexamod:ParanormalForm","Phantasmal Killer","StuffTheSpire:FinalStruggle","ReplayTheSpireMod:Necrosis"],"relics":["hexamod:SpiritBrand","Strawberry","downfall:HeartBlessingRed","War Paint","Snecko Eye","hexamod:TheBrokenSeal","StuffTheSpire:Experiment12","StrikeDummy","MutagenicStrength","Boot","Lizard Tail","Pantograph","downfall:HeartBlessingBlue","Replay:PocketPolymizer","Potion Belt","InkBottle","Bottled Flame","Ice Cream"],"acts_visited":["Exordium","TheCity","TheBeyond"],"potions_floor_usage":[49],"damage_taken":[{"damage":0.0,"enemies":"Small Slimes","floor":2.0,"turns":3.0},{"damage":18.0,"enemies":"Replay:BlueRogue","floor":3.0,"turns":5.0},{"damage":0.0,"enemies":"Cultist","floor":4.0,"turns":3.0},{"damage":16.0,"enemies":"3 Sentries","floor":5.0,"turns":10.0},{"damage":4.0,"enemies":"Jaw Worm","floor":9.0,"turns":4.0},{"damage":14.0,"enemies":"Blue Slaver","floor":10.0,"turns":4.0},{"damage":0.0,"enemies":"3 Louse","floor":11.0,"turns":3.0},{"damage":13.0,"enemies":"Large Slime","floor":14.0,"turns":7.0},{"damage":0.0,"enemies":"Exordium Thugs","floor":15.0,"turns":3.0},{"damage":38.0,"enemies":"downfall:Silent","floor":16.0,"turns":7.0},{"damage":31.0,"enemies":"Shell Parasite","floor":19.0,"turns":8.0},{"damage":67.0,"enemies":"Slavers","floor":20.0,"turns":6.0},{"damage":6.0,"enemies":"Shelled Parasite and Fungi","floor":22.0,"turns":3.0},{"damage":2.0,"enemies":"Centurion and Healer","floor":23.0,"turns":4.0},{"damage":0.0,"enemies":"downfall:Augmenter","floor":25.0,"turns":4.0},{"damage":20.0,"enemies":"Gremlin Leader","floor":27.0,"turns":4.0},{"damage":7.0,"enemies":"Chosen and Byrds","floor":28.0,"turns":3.0},{"damage":7.0,"enemies":"Shelled Parasite and Fungi","floor":29.0,"turns":4.0},{"damage":22.0,"enemies":"Colosseum Nobs","floor":30.0,"turns":3.0},{"damage":7.0,"enemies":"Cultist and Chosen","floor":32.0,"turns":5.0},{"damage":0.0,"enemies":"downfall:Defect","floor":33.0,"turns":6.0},{"damage":0.0,"enemies":"3 Darklings","floor":37.0,"turns":3.0},{"damage":0.0,"enemies":"Orb Walker","floor":39.0,"turns":3.0},{"damage":17.0,"enemies":"Reptomancer","floor":40.0,"turns":7.0},{"damage":14.0,"enemies":"Nemesis","floor":44.0,"turns":5.0},{"damage":1.0,"enemies":"Maw","floor":45.0,"turns":5.0},{"damage":7.0,"enemies":"Mind Bloom Boss Battle","floor":48.0,"turns":6.0},{"damage":33,"enemies":"Transient","floor":49,"turns":5},{"damage":62,"enemies":"downfall:Watcher","floor":50,"turns":7}],"seed_played":"-431504203159733794","potions_obtained":[{"floor":3.0,"key":"Elixir"},{"floor":4.0,"key":"champ:CounterPotion"},{"floor":5.0,"key":"Block Potion"},{"floor":10.0,"key":"Toxic Potion"},{"floor":11.0,"key":"Fire Potion"},{"floor":14.0,"key":"Block Potion"},{"floor":14.0,"key":"Explosive Potion"},{"floor":19.0,"key":"LiquidMemories"},{"floor":20.0,"key":"SteroidPotion"},{"floor":27.0,"key":"Death Potion"},{"floor":30.0,"key":"Elixir"},{"floor":32.0,"key":"Explosive Potion"},{"floor":37.0,"key":"SkillPotion"},{"floor":48.0,"key":"SneckoOil"},{"floor":49,"key":"hexamod:DoubleChargePotion"}],"is_trial":false,"path_per_floor":["R","M","E","M","E","R","T","?","M","M","M","?","?","M","M","B",null,"R","M","E","?","M","M","T","?","?","E","M","M","?","T","M","B",null,"R","?","M","R","M","E","T","R","?","E","M","?","?","?","M","B",null],"character_chosen":"THE_SPIRIT","items_purchased":[],"campfire_rested":0,"item_purchase_floors":[],"current_hp_per_floor":[77,77,59,66,57,57,57,57,53,46,53,53,53,50,60,25,84,84,91,30,30,30,34,34,43,43,41,55,69,62,62,81,94,94,104,104,104,104,104,97,97,97,71,87,104,104,104,102,87,50],"gold":703,"neow_bonus":"TEN_PERCENT_HP_BONUS","is_daily":false,"chose_seed":false,"campfire_upgraded":5,"win_rate":0.0,"timestamp":1608429911,"path_taken":["R","M","E","M","E","R","T","?","?","M","?","?","?","M","M","BOSS","R","M","E","?","M","M","T","?","?","E","M","M","?","?","M","BOSS","R","?","M","R","M","E","T","R","?","E","M","?","?","?","M","BOSS"],"items_purchased_type":[],"build_version":"2020-12-13","purchased_purges":0,"victory":true,"max_hp_per_floor":[77,77,77,77,84,84,84,84,84,84,84,84,84,84,84,84,84,84,94,94,94,94,94,94,94,94,94,94,94,94,94,94,94,94,104,104,104,104,104,104,104,104,104,104,104,104,104,104,104,104],"card_choices":[{"not_picked":["hexamod:SwordOfDarkness","hexamod:SecondSeal"],"picked":"hexamod:BurningTouch","floor":2.0},{"not_picked":["hexamod:SecondSeal","hexamod:FastForward"],"picked":"hexamod:FirstSeal","floor":3.0},{"not_picked":["hexamod:TurnItUp","hexamod:Rewind"],"picked":"hexamod:BurningTouch","floor":4.0},{"not_picked":["hexamod:ShieldOfDarkness","hexamod:EmpoweredFlame"],"picked":"hexamod:FifthSeal","floor":5.0},{"not_picked":["hexamod:SecondSeal","hexamod:FirstSeal"],"picked":"hexamod:FourthSeal","floor":9.0},{"not_picked":["hexamod:Haunt","hexamod:BurningTouch"],"picked":"hexamod:Firestarter","floor":9.0},{"not_picked":["hexamod:FirstSeal","hexamod:SecondSeal"],"picked":"hexamod:SixthSeal","floor":10.0},{"not_picked":["hexamod:RetreatToShadows","hexamod:SwordOfDarkness"],"picked":"hexamod:Rewind","floor":10.0},{"not_picked":["hexamod:SixthSeal","hexamod:FirstSeal"],"picked":"hexamod:ThirdSeal","floor":11.0},{"not_picked":["hexamod:ShieldOfDarkness","hexamod:BurningTouch"],"picked":"hexamod:ExtraCrispy","floor":11.0},{"not_picked":["StuffTheSpire:CelestialWarden","StuffTheSpire:Vigor"],"picked":"StuffTheSpire:Harmony","floor":12.0},{"not_picked":["hexamod:NecessarySacrifice","hexamod:AdvancingGuard"],"picked":"hexamod:FastForward","floor":14.0},{"not_picked":["hexamod:Rewind","hexamod:InspiringFlames","hexamod:BacktrackSmack"],"picked":"SKIP","floor":14.0},{"not_picked":["hexamod:ThermalTransfer","hexamod:SpectersWail"],"picked":"hexamod:EtherealExpedition","floor":15.0},{"not_picked":["hexamod:SixthSeal","hexamod:FifthSeal"],"picked":"hexamod:CrushingStance","floor":16.0},{"not_picked":["hexamod:ShieldOfDarkness","hexamod:GhostLash+1"],"picked":"hexamod:HeatMetal","floor":19.0},{"not_picked":["hexamod:FourthSeal","hexamod:ThermalTransfer"],"picked":"hexamod:HeatCrush+1","floor":20.0},{"not_picked":["hexamod:InspiringFlames","hexamod:CrushingStance"],"picked":"hexamod:SpectersWail","floor":22.0},{"not_picked":["hexamod:GhostShield","hexamod:FastForward"],"picked":"hexamod:AdvancingGuard","floor":23.0},{"not_picked":["hexamod:SwordOfDarkness","hexamod:Incineration"],"picked":"hexamod:AdvancingGuard+1","floor":25.0},{"not_picked":["hexamod:Firestarter","hexamod:SwordOfDarkness"],"picked":"hexamod:Hexaguard+1","floor":27.0},{"not_picked":["hexamod:ShieldOfDarkness+1","hexamod:CrushingStance"],"picked":"hexamod:SecondSeal","floor":28.0},{"not_picked":["hexamod:ExtraCrispy","hexamod:ShieldOfDarkness"],"picked":"hexamod:SpectersWail","floor":29.0},{"not_picked":["hexamod:GhostflameBarrier","hexamod:RainOfEmbers","hexamod:ShieldOfDarkness"],"picked":"SKIP","floor":32.0},{"not_picked":["hexamod:WildfireWeapon","hexamod:GhostflameInferno"],"picked":"hexamod:UnleashSpirits","floor":33.0},{"not_picked":["hexamod:ShieldOfDarkness+1","hexamod:InspiringFlames"],"picked":"hexamod:NightmareGuise+1","floor":37.0},{"not_picked":["hexamod:SpectralAdrenaline+1","hexamod:StepThrough"],"picked":"hexamod:GhostLash+1","floor":39.0},{"not_picked":["hexamod:BurningTouch+1","hexamod:HexaLevel"],"picked":"hexamod:PhantomFireball","floor":40.0},{"not_picked":["hexamod:FastForward","hexamod:SwordOfDarkness+1"],"picked":"hexamod:GhostLash+1","floor":43.0},{"not_picked":["hexamod:GhostOfSpireFuture+1","hexamod:RainOfEmbers+1","hexamod:ShieldOfDarkness"],"picked":"SKIP","floor":44.0},{"not_picked":["hexamod:ShieldOfDarkness+1","hexamod:RainOfEmbers+1"],"picked":"hexamod:ParanormalForm","floor":45.0},{"not_picked":["hexamod:RecurringNightmare","hexamod:FastForward+1","hexamod:SwordOfDarkness"],"picked":"SKIP","floor":49}],"player_experience":703034,"relics_obtained":[{"floor":3.0,"key":"StuffTheSpire:OldFever"},{"floor":5.0,"key":"Strawberry"},{"floor":7.0,"key":"War Paint"},{"floor":20.0,"key":"StuffTheSpire:Experiment12"},{"floor":24.0,"key":"StrikeDummy"},{"floor":25.0,"key":"MutagenicStrength"},{"floor":27.0,"key":"Boot"},{"floor":30.0,"key":"Lizard Tail"},{"floor":30.0,"key":"Pantograph"},{"floor":40.0,"key":"Replay:PocketPolymizer"},{"floor":41.0,"key":"Potion Belt"},{"floor":43.0,"key":"InkBottle"},{"floor":44.0,"key":"Bottled Flame"},{"floor":48.0,"key":"Ice Cream"}],"event_choices":[{"damage_healed":0.0,"max_hp_gain":0.0,"max_hp_loss":0.0,"gold_gain":0.0,"event_name":"Vampires","player_choice":"Ignored","floor":21.0,"gold_loss":0.0,"damage_taken":0.0}],"is_beta":false,"boss_relics":[{"not_picked":["ReplayTheSpireMod:DimensionalGlitch","Replay:Grab Bag"],"picked":"Snecko Eye"},{"not_picked":["StuffTheSpire:Kangaroo","aspiration:RitualDagger","aspiration:FutureDiary"]}],"items_purged_floors":[],"is_endless":false,"potions_floor_spawned":[3,4,5,14,19,20,27,30,32,37,48,49],"ascension_level":0}}