{"host":"ohkiwbq44sungglx","time":1608485212,"event":{"mods":["BaseMod","BetterRewards","Minty Spire (QoL Compilation)","StSLib"],"gold_per_floor":[112,38,48,66,81,81,109,109,409,409,409,423,438,362,362,362,362],"floor_reached":16,"playtime":392,"items_purged":[],"score":117,"play_id":"5a42a989-a208-4172-bd41-5c78cf34d562","local_time":"20201220122652","is_ascension_mode":true,"campfire_choices":[{"data":"Zap","floor":6,"key":"SMITH"},{"floor":8,"key":"REST"},{"floor":15,"key":"REST"}],"circlet_count":0,"master_deck":["Strike_B","Strike_B","Strike_B","Strike_B","Defend_B","Defend_B","Defend_B","Defend_B","Zap+1","Dualcast","Blizzard","Sweeping Beam","Barrage","Hologram","Parasite"],"relics":["Cracked Core","NeowsBlessing","Mercury Hourglass","Old Coin","Girya"],"acts_visited":["Exordium"],"potions_floor_usage":[],"damage_taken":[{"damage":0,"enemies":"Jaw Worm","floor":1,"turns":1},{"damage":0,"enemies":"2 Louse","floor":3,"turns":1},{"damage":0,"enemies":"Cultist","floor":4,"turns":1},{"damage":13,"enemies":"Exordium Wildlife","floor":5,"turns":4},{"damage":45,"enemies":"Gremlin Nob","floor":7,"turns":5},{"damage":19,"enemies":"2 Fungi Beasts","floor":12,"turns":3},{"damage":0,"enemies":"Exordium Thugs","floor":13,"turns":3},{"damage":30,"enemies":"Slime Boss","floor":16,"turns":5}],"seed_played":"6501612319988499837","potions_obtained":[{"floor":3,"key":"Weak Potion"},{"floor":7,"key":"FocusPotion"},{"floor":12,"key":"BlessingOfTheForge"}],"is_trial":false,"path_per_floor":["M","$","M","M","M","R","E","R","T","?","?","M","M","?","R","B"],"character_chosen":"DEFECT","items_purchased":["Blizzard"],"campfire_rested":2,"item_purchase_floors":[2],"current_hp_per_floor":[75,75,75,75,62,62,17,39,39,57,57,38,38,38,60,30,30],"gold":362,"neow_bonus":"THREE_ENEMY_KILL","is_daily":false,"chose_seed":false,"campfire_upgraded":1,"win_rate":0.0,"timestamp":1608485212,"path_taken":["M","$","M","M","M","R","E","R","T","?","?","M","M","?","R","BOSS"],"items_purchased_type":["Card"],"build_version":"2020-12-13","purchased_purges":0,"victory":false,"max_hp_per_floor":[75,75,75,75,75,75,75,75,75,75,75,75,75,75,75,75,75],"card_choices":[{"not_picked":["Steam","BootSequence","Reinforced Body"],"picked":"SKIP","floor":1},{"not_picked":["Conserve Battery","Fusion"],"picked":"Sweeping Beam","floor":3},{"not_picked":["Leap","Redo"],"picked":"Barrage","floor":4},{"not_picked":["Undo","Redo","Meteor Strike"],"picked":"SKIP","floor":5},{"not_picked":["Compile Driver","Core Surge"],"picked":"Hologram","floor":7},{"not_picked":["Sweeping Beam","Rip and Tear","Hologram"],"picked":"SKIP","floor":12},{"not_picked":["Compile Driver","Leap","Sunder"],"picked":"SKIP","floor":13}],"player_experience":85923,"relics_obtained":[{"floor":7,"key":"Mercury Hourglass"},{"floor":9,"key":"Old Coin"}],"event_choices":[{"damage_healed":18,"gold_gain":0,"player_choice":"Healed and dodged fight","damage_taken":0,"max_hp_gain":0,"max_hp_loss":0,"event_name":"Mushrooms","floor":10,"gold_loss":0,"cards_obtained":["Parasite"]},{"damage_healed":0,"gold_gain":0,"player_choice":"Ignored","damage_taken":0,"max_hp_gain":0,"max_hp_loss":0,"event_name":"Golden Idol","floor":11,"gold_loss":0},{"damage_healed":0,"gold_gain":0,"player_choice":"Paid Gold","damage_taken":0,"relics_obtained":["Girya"],"max_hp_gain":0,"max_hp_loss":0,"event_name":"WeMeetAgain","floor":14,"gold_loss":76}],"is_beta":false,"boss_relics":[],"items_purged_floors":[],"is_endless":false,"potions_floor_spawned":[3,7,12,13],"killed_by":"Slime Boss","ascension_level":3}}