{"host":"6ko66ogg91i6g7xq","time":1608465056,"event":{"mods":["AchievementEnabler","Act Like it!","BaseMod","Colored Map","Colored Powertips","Downfall","Hermit","Minty Spire (QoL Compilation)","Quick Restart","Relic Stats","StSLib","The Jungle","everything is the same but u backflip on backflip"],"gold_per_floor":[109,122,122,134,98,126,91,91,91],"floor_reached":8,"playtime":208,"items_purged":[],"score":59,"play_id":"4abca74a-da90-4b19-b5ad-3a9061217f7e","local_time":"20201220065056","is_ascension_mode":true,"campfire_choices":[],"circlet_count":0,"master_deck":["Strike_G","Strike_G","Strike_G","Strike_G","Strike_G","Defend_G","Defend_G","Defend_G","Defend_G","Defend_G","Survivor","Neutralize","Noxious Fumes","Caltrops","Caltrops"],"relics":["Ring of the Snake","NeowsBlessing","Singing Bowl"],"acts_visited":["Exordium"],"potions_floor_usage":[6,6,6,6,6,6],"damage_taken":[{"damage":0,"enemies":"2 Louse","floor":1,"turns":1},{"damage":0,"enemies":"Cultist","floor":2,"turns":1},{"damage":0,"enemies":"Small Slimes","floor":4,"turns":1},{"damage":16,"enemies":"3 Sentries","floor":6,"turns":10},{"damage":0,"enemies":"Gremlin Nob","floor":8,"turns":2}],"seed_played":"5647296082502435533","potions_obtained":[{"floor":2,"key":"PowerPotion"},{"floor":3,"key":"EntropicBrew"},{"floor":3,"key":"Ancient Potion"}],"is_trial":false,"path_per_floor":["M","M","?","M","$","E","$","E"],"character_chosen":"THE_SILENT","items_purchased":["Caltrops","Caltrops"],"campfire_rested":0,"item_purchase_floors":[5,7],"current_hp_per_floor":[70,70,70,70,70,56,56,56,56],"gold":91,"neow_bonus":"THREE_ENEMY_KILL","is_daily":false,"chose_seed":false,"campfire_upgraded":0,"win_rate":0.0,"timestamp":1608465056,"path_taken":["M","M","?","?","$","E","$","E"],"items_purchased_type":["Card","Card"],"build_version":"2020-12-13","purchased_purges":0,"victory":false,"max_hp_per_floor":[70,70,70,70,70,72,72,72,72],"relic_stats":{"Singing Bowl":2,"counters":[5,15],"obtain_stats":[{"NeowsBlessing":0,"Singing Bowl":6,"Ring of the Snake":0},{"NeowsBlessing":0,"Singing Bowl":4,"Ring of the Snake":0},{"NeowsBlessing":0,"Singing Bowl":13,"Ring of the Snake":0}],"Ring of the Snake":[10]},"card_choices":[{"not_picked":["Slice","PiercingWail"],"picked":"Noxious Fumes","floor":1},{"not_picked":["Quick Slash","Reflex","Riddle With Holes"],"picked":"SKIP","floor":2},{"not_picked":["Well Laid Plans","Accuracy","Outmaneuver"],"picked":"SKIP","floor":4},{"not_picked":["Bouncing Flask","Cloak And Dagger","Slice"],"picked":"Singing Bowl","floor":6}],"player_experience":290450,"relics_obtained":[{"floor":6,"key":"Singing Bowl"}],"event_choices":[{"damage_healed":0,"gold_gain":0,"player_choice":"Got Potions","damage_taken":0,"max_hp_gain":0,"max_hp_loss":0,"event_name":"Lab","floor":3,"gold_loss":0}],"is_beta":false,"boss_relics":[],"items_purged_floors":[],"is_endless":false,"potions_floor_spawned":[2],"killed_by":"Gremlin Nob","ascension_level":1}}