{"host":"ebguxldc2ucorva7","time":1608448701,"event":{"mods":["AchievementEnabler","BaseMod","Best Route Mod","Bestiary","Better Note","Better Third Choice","Better-Laid Plans","Colored Map","Colored Powertips","Disable Question Mark Monsters","Energized Spire","Minty Spire (QoL Compilation)","Permanent Neow","Quick Restart","Rare Cards Sparkle","Relic Stats","Replay The Spire","Shop Mod","StSLib","Synergy Search"],"gold_per_floor":[113,64,64,64,120,120,120,120],"floor_reached":7,"playtime":151,"items_purged":[],"score":69,"play_id":"d22a8d7c-6056-4b38-8d83-c4ad121e9a04","local_time":"20201220001821","daily_mods":["Draft","Vintage","Heirloom","DeadlyEvents","Elite Swarm","Uncertain Future"],"is_ascension_mode":true,"campfire_choices":[{"floor":6,"key":"REST"}],"circlet_count":0,"master_deck":["Hello World","ReplayTheSpireMod:GoodbyeWorld","Heatsinks","Rebound","Crystallizer","Heatsinks","White Noise","Loop","Compile Driver","Rebound","Streamline","Rebound","Panic Button","Leap","Rebound","Rebound"],"relics":["Cracked Core","Incense Burner","Blue Doll"],"acts_visited":["Exordium"],"potions_floor_usage":[],"damage_taken":[{"damage":24,"enemies":"Jaw Worm","floor":1,"turns":4},{"damage":101,"enemies":"Gremlin Nob","floor":7,"turns":5}],"seed_played":"-6976303685046295594","potions_obtained":[{"floor":1,"key":"EssenceOfDarkness"}],"is_trial":true,"path_per_floor":["M","$","WH","WH","?","R","E"],"character_chosen":"DEFECT","items_purchased":["Rebound"],"campfire_rested":1,"item_purchase_floors":[2],"current_hp_per_floor":[51,51,51,51,51,73,0,0],"gold":120,"neow_bonus":"","is_daily":false,"chose_seed":false,"campfire_upgraded":0,"win_rate":0.0,"timestamp":1608448701,"path_taken":["M","$","WH","WH","?","R","E"],"items_purchased_type":["Card"],"build_version":"2020-12-13","purchased_purges":0,"victory":false,"max_hp_per_floor":[75,75,75,75,75,75,75,75],"relic_stats":{"counters":[2,9],"obtain_stats":[{"Blue Doll":1,"Incense Burner":0,"Cracked Core":0},{"Blue Doll":1,"Incense Burner":0,"Cracked Core":0},{"Blue Doll":4,"Incense Burner":0,"Cracked Core":0}]},"card_choices":[{"not_picked":["BootSequence","Sweeping Beam"],"picked":"Hello World","floor":0},{"not_picked":["Leap","Tempest"],"picked":"ReplayTheSpireMod:GoodbyeWorld","floor":0},{"not_picked":["Panic Button","Hologram"],"picked":"Heatsinks","floor":0},{"not_picked":["Redo","Undo"],"picked":"Rebound","floor":0},{"not_picked":["Reinforced Body","Steam"],"picked":"Crystallizer","floor":0},{"not_picked":["ReplayTheSpireMod:Calculation Training","Sweeping Beam"],"picked":"Heatsinks","floor":0},{"not_picked":["Gash","Hologram"],"picked":"White Noise","floor":0},{"not_picked":["Stack","Chaos"],"picked":"Loop","floor":0},{"not_picked":["Hologram","Leap"],"picked":"Compile Driver","floor":0},{"not_picked":["Steam Power","Doom and Gloom"],"picked":"Rebound","floor":0},{"not_picked":["Coolheaded","BasicCrystalCard"],"picked":"Streamline","floor":0},{"not_picked":["Streamline","Undo"],"picked":"Rebound","floor":0},{"not_picked":["Sunder","Cold Snap"],"picked":"Panic Button","floor":0},{"not_picked":["Barrage","Steam"],"picked":"Leap","floor":0},{"not_picked":["Cold Snap","Double Energy"],"picked":"Rebound","floor":0}],"player_experience":133466,"relics_obtained":[{"floor":1,"key":"Blue Doll"}],"event_choices":[{"damage_healed":0,"gold_gain":56,"player_choice":"Gained Gold","damage_taken":0,"max_hp_gain":0,"max_hp_loss":0,"event_name":"Golden Wing","floor":5,"gold_loss":0}],"is_beta":false,"boss_relics":[],"items_purged_floors":[],"is_endless":true,"potions_floor_spawned":[1],"killed_by":"Gremlin Nob","ascension_level":4}}