{"host":"2o3sockympbxxanu","time":1608478299,"event":{"mods":["AchievementEnabler","BaseMod","Colored Map","Colored Powertips","Downfall","Marisa£®ÏF”Í°°ƒß¿Ì…≥£©","Minty Spire (QoL Compilation)","StSLib"],"gold_per_floor":[115,115,42,42,56,56,89,108,108,10,10,24,43,60,60,158,158,174,174,273,298,314,314,314],"floor_reached":23,"playtime":800,"items_purged":["Writhe"],"score":375,"play_id":"7961b528-d9f3-424d-9d8a-bc30b35ad049","local_time":"20201220233139","is_ascension_mode":true,"campfire_choices":[{"data":"Bouncing Flask","floor":6.0,"key":"SMITH"},{"floor":15.0,"key":"REST"}],"circlet_count":0,"master_deck":["Strike_G+1","Strike_G","Strike_G","Strike_G","Defend_G+1","Defend_G","Defend_G","Defend_G","Survivor","Neutralize","Poisoned Stab","Bouncing Flask+1","Poisoned Stab","Blade Dance","Deadly Poison","Bane","Decay","Acrobatics","Cloak And Dagger","Catalyst","Envenom","CurseOfTheBell","Accuracy","Deflect"],"relics":["Ring of the Snake","HornCleat","Ancient Tea Set","Calling Bell","Pen Nib","Paper Crane","Prayer Wheel","Omamori"],"acts_visited":["Exordium","TheCity"],"potions_floor_usage":[],"damage_taken":[{"damage":2.0,"enemies":"Cultist","floor":1.0,"turns":5.0},{"damage":8.0,"enemies":"2 Louse","floor":5.0,"turns":3.0},{"damage":22.0,"enemies":"Gremlin Nob","floor":7.0,"turns":4.0},{"damage":4.0,"enemies":"Jaw Worm","floor":8.0,"turns":2.0},{"damage":3.0,"enemies":"Looter","floor":12.0,"turns":2.0},{"damage":1.0,"enemies":"Red Slaver","floor":13.0,"turns":3.0},{"damage":6.0,"enemies":"Exordium Thugs","floor":14.0,"turns":4.0},{"damage":0.0,"enemies":"Slime Boss","floor":16.0,"turns":3.0},{"damage":18.0,"enemies":"Spheric Guardian","floor":18.0,"turns":4.0},{"damage":20.0,"enemies":"Chosen","floor":22.0,"turns":5.0},{"damage":44,"enemies":"Slavers","floor":23,"turns":3}],"seed_played":"5427509228920646904","potions_obtained":[{"floor":1.0,"key":"Weak Potion"},{"floor":7.0,"key":"FearPotion"},{"floor":12.0,"key":"Slimebound:ThreeZeroPotion"},{"floor":14.0,"key":"DuplicationPotion"}],"is_trial":false,"path_per_floor":["M","?","$","?","M","R","E","M","T","$","?","M","M","M","R","B",null,"M","?","?","T","M","E"],"character_chosen":"THE_SILENT","items_purchased":["Bouncing Flask","Bane"],"campfire_rested":1,"item_purchase_floors":[3,10],"current_hp_per_floor":[68,54,54,59,51,51,29,25,25,25,25,22,21,15,37,37,75,57,57,57,57,37,0,0],"gold":314,"neow_bonus":"TRANSFORM_TWO_CARDS","is_daily":false,"chose_seed":false,"campfire_upgraded":1,"win_rate":0.0,"timestamp":1608478299,"path_taken":["M","?","$","?","M","R","E","M","T","?","?","?","M","M","R","BOSS","M","?","?","?","M","E"],"items_purchased_type":["Card","Card"],"build_version":"2020-12-13","purchased_purges":1,"victory":false,"max_hp_per_floor":[70,70,70,75,75,75,75,75,75,75,75,75,75,75,75,75,75,75,75,75,75,75,75,75],"card_choices":[{"not_picked":["Heel Hook","Dagger Spray"],"picked":"Poisoned Stab","floor":1.0},{"not_picked":["Bouncing Flask","Underhanded Strike"],"picked":"Poisoned Stab","floor":5.0},{"not_picked":["Escape Plan","Crippling Poison"],"picked":"Blade Dance","floor":7.0},{"not_picked":["Blade Dance","Unload"],"picked":"Deadly Poison","floor":8.0},{"not_picked":["Flechettes","Concentrate"],"picked":"Acrobatics","floor":12.0},{"not_picked":["Prepared","Sucker Punch"],"picked":"Cloak And Dagger","floor":13.0},{"not_picked":["Slice","Dagger Throw"],"picked":"Catalyst","floor":14.0},{"not_picked":["Wraith Form v2","After Image"],"picked":"Envenom","floor":16.0},{"not_picked":["Cloak And Dagger","Expertise+1"],"picked":"Accuracy","floor":18.0},{"not_picked":["Quick Slash","Dash","Prepared"],"picked":"SKIP","floor":18.0},{"not_picked":["Dagger Spray","Flechettes+1"],"picked":"Deflect","floor":22.0},{"not_picked":["Doppelganger","Riddle With Holes","Dodge and Roll"],"picked":"SKIP","floor":22.0}],"player_experience":260991,"relics_obtained":[{"floor":7.0,"key":"HornCleat"},{"floor":9.0,"key":"Ancient Tea Set"},{"floor":17.0,"key":"Pen Nib"},{"floor":17.0,"key":"Paper Crane"},{"floor":17.0,"key":"Prayer Wheel"},{"floor":21.0,"key":"Omamori"}],"event_choices":[{"damage_healed":0.0,"max_hp_gain":0.0,"max_hp_loss":0.0,"gold_gain":0.0,"event_name":"Shining Light","player_choice":"Entered Light","floor":2.0,"gold_loss":0.0,"damage_taken":14.0,"cards_upgraded":["Strike_G","Defend_G"]},{"damage_healed":0.0,"max_hp_gain":5.0,"max_hp_loss":0.0,"gold_gain":0.0,"event_name":"Big Fish","player_choice":"Donut","floor":4.0,"gold_loss":0.0,"damage_taken":0.0},{"damage_healed":0.0,"max_hp_gain":0.0,"max_hp_loss":0.0,"gold_gain":0.0,"event_name":"Wheel of Change","player_choice":"Cursed","floor":11.0,"gold_loss":0.0,"damage_taken":0.0,"cards_obtained":["Decay"]},{"damage_healed":0.0,"max_hp_gain":0.0,"max_hp_loss":0.0,"gold_gain":0.0,"event_name":"Ghosts","player_choice":"Ignored","floor":19.0,"gold_loss":0.0,"damage_taken":0.0},{"damage_healed":0.0,"max_hp_gain":0.0,"max_hp_loss":0.0,"gold_gain":99.0,"event_name":"Nest","player_choice":"Stole From Cult","floor":20.0,"gold_loss":0.0,"damage_taken":0.0}],"is_beta":false,"boss_relics":[{"not_picked":["Fusion Hammer","Tiny House"],"picked":"Calling Bell"}],"items_purged_floors":[10],"is_endless":false,"potions_floor_spawned":[1,7,12,14],"killed_by":"Slavers","ascension_level":2}}