{"host":"yss19x4wvcyeircs","time":1608439989,"event":{"mods":["BaseMod","Custom Start","Minty Spire (QoL Compilation)","Replay The Spire","StSLib","The Bug Knight"],"gold_per_floor":[115,128,144,161,174,201,220,266,278,303,341,292,312,326,326,423,823,842,852,863,875,888,917,951,966,1015,578,613,641,656,669,669,768,768,783,745,759,657,668,668,708,708,708,720,544,558,594,630,630,630],"floor_reached":51,"playtime":3875,"items_purged":["HollowMod:PureVessel+1"],"score":1149,"play_id":"caf68552-2752-4913-80cb-e5c1ce41503a","local_time":"20201219235309","daily_mods":["Vintage","Flight"],"is_ascension_mode":false,"campfire_choices":[{"floor":15,"key":"REST"},{"floor":32,"key":"DIG"},{"data":"HollowMod:LifebloodCocoon","floor":40,"key":"SMITH"},{"data":"HollowMod:InfectedAttack","floor":42,"key":"SMITH"},{"data":"HollowMod:SoulStrike","floor":49,"key":"SMITH"}],"circlet_count":0,"master_deck":["HollowMod:MothsMistake+1","HollowMod:RadiancesLament+1","HollowMod:NewGlowingWomb+1","HollowMod:BrokenVessel+1","HollowMod:NewInfectedGuardian+1","HollowMod:PaleKingsBlessing+1","HollowMod:MawleksShell+1","HollowMod:DoubleDash+1","HollowMod:DoubleDash+1","HollowMod:DoubleDash+1","HollowMod:SoulShaman+1","HollowMod:TaintedHusks+1","HollowMod:NewJinnsSoul+1","HollowMod:FocusHealStart+1","HollowMod:InfectionAssault+1","HollowMod:InfectionAssault+1","HollowMod:InfectedCysts+1","HollowMod:InfectedAttack+1","HollowMod:InfectedAttack+1","HollowMod:NewGlowingWomb+1","HollowMod:BrokenVessel+1","CurseOfTheBell","HollowMod:LifebloodCocoon+1","HollowMod:InfectionAssault+1","HollowMod:InfectedAttack+1","HollowMod:SoulStrike+1","HollowMod:DashSlash+1"],"relics":["HollowMod:VesselMask","Busted Crown","Gremlin Horn","HollowMod:IsmasTear","Lantern","HollowMod:MantisClawRelic","Membership Card","Philosopher\u0027s Stone","SlaversCollar","HollowMod:StagPassRelic","HollowMod:KingsBrand","Unceasing Top","Mummified Hand","The Courier","ReplayTheSpireMod:Ninjato","Anchor","Replay:Kaleidoscope","Nunchaku","MawBank","PreservedInsect","Replay:WaspNest","Vajra","Bag of Marbles","Replay:Bottled Steam","War Paint","Replay:Grab Bag","Replay:Wanted Poster","Sozu","Calling Bell","SlaversCollar","Old Coin","Snack Pack","Replay:Wax Seal","Centennial Puzzle","Blood Vial","Replay:Bottled Eggs","ReplayTheSpireMod:Shallot","Gremlin Food","Replay:Ringing Soul","Juzu Bracelet","HollowMod:PaleOreRelic","CeramicFish","Divine Protection","Pet Ghost","Replay:Rubber Ducky","Blue Doll","Bronze Scales","Matryoshka","Replay:Bottled Snecko","CaptainsWheel","Bag of Preparation","Orichalcum","Honey Jar","Ornamental Fan","Replay:PocketPolymizer","HollowMod:LifeEnderRelic","HollowMod:DelicateFlower","Regal Pillow","Oddly Smooth Stone","Mirror","Bottled Lightning","ReplayTheSpireMod:TigerMarble","TungstenRod","ReplayFunnel","Akabeko","Pen Nib"],"acts_visited":["Exordium","TheCity","TheBeyond"],"potions_floor_usage":[],"damage_taken":[{"damage":11,"enemies":"Jaw Worm","floor":1,"turns":2},{"damage":0,"enemies":"Cultist","floor":2,"turns":1},{"damage":0,"enemies":"Small Slimes","floor":3,"turns":2},{"damage":15,"enemies":"Blue Slaver","floor":4,"turns":2},{"damage":1,"enemies":"Looter","floor":5,"turns":2},{"damage":0,"enemies":"3 Sentries","floor":6,"turns":1},{"damage":0,"enemies":"Exordium Thugs","floor":7,"turns":2},{"damage":0,"enemies":"Lagavulin","floor":8,"turns":1},{"damage":0,"enemies":"3 Louse","floor":10,"turns":1},{"damage":0,"enemies":"3 Sentries","floor":11,"turns":1},{"damage":0,"enemies":"Blue Slaver","floor":13,"turns":1},{"damage":0,"enemies":"2 Fungi Beasts","floor":14,"turns":1},{"damage":0,"enemies":"Fading Forest","floor":16,"turns":2},{"damage":0,"enemies":"2 Thieves","floor":18,"turns":1},{"damage":0,"enemies":"HollowMod:HuskSentry","floor":19,"turns":2},{"damage":0,"enemies":"Sentry and Sphere","floor":20,"turns":2},{"damage":0,"enemies":"Snake Plant","floor":21,"turns":1},{"damage":0,"enemies":"Cultist and Chosen","floor":22,"turns":1},{"damage":0,"enemies":"Book of Stabbing","floor":23,"turns":1},{"damage":0,"enemies":"HollowMod:Nosk","floor":24,"turns":2},{"damage":0,"enemies":"3 Cultists","floor":25,"turns":2},{"damage":0,"enemies":"Replay:Snechameleon","floor":28,"turns":1},{"damage":0,"enemies":"Gremlin Leader","floor":29,"turns":1},{"damage":0,"enemies":"Snake Plant","floor":30,"turns":2},{"damage":0,"enemies":"Centurion and Healer","floor":31,"turns":2},{"damage":0,"enemies":"HollowMod:NKGrimm","floor":33,"turns":1},{"damage":0,"enemies":"3 Darklings","floor":35,"turns":2},{"damage":0,"enemies":"3 Shapes","floor":37,"turns":1},{"damage":0,"enemies":"Spire Growth","floor":39,"turns":1},{"damage":0,"enemies":"R_Hoarder","floor":41,"turns":2},{"damage":0,"enemies":"Writhing Mass","floor":44,"turns":2},{"damage":0,"enemies":"3 Darklings","floor":46,"turns":1},{"damage":0,"enemies":"Giant Head","floor":47,"turns":2},{"damage":0,"enemies":"HollowMod:StalkingDevout","floor":48,"turns":1},{"damage":0,"enemies":"Replay:Hell Engine","floor":50,"turns":1}],"seed_played":"-7919771745372342736","potions_obtained":[{"floor":3,"key":"Venom Potion"},{"floor":4,"key":"SteroidPotion"},{"floor":6,"key":"SteroidPotion"},{"floor":10,"key":"Elixir"},{"floor":14,"key":"Block Potion"}],"is_trial":true,"path_per_floor":["M","M","M","M","M","E","M","E","T","M","E","$","M","M","R","B",null,"M","M","M","M","M","E","E","M","T","$","E","E","M","M","R","B",null,"M","$","M","$","M","R","E","R","T","M","$","M","E","E","R","B",null],"character_chosen":"THE_BUGKNIGHT","items_purchased":["HollowMod:NewGlowingWomb","HollowMod:BrokenVessel","Divine Protection","Pet Ghost","Replay:Rubber Ducky","Blue Doll","Bronze Scales","Matryoshka","HollowMod:LifeEnderRelic","HollowMod:InfectionAssault","ReplayTheSpireMod:TigerMarble","TungstenRod"],"campfire_rested":1,"item_purchase_floors":[12,12,27,27,27,27,27,27,38,38,45,45],"current_hp_per_floor":[64,64,70,60,71,75,75,75,75,75,75,75,75,75,75,75,75,75,75,75,75,75,78,78,78,78,78,78,78,78,78,78,78,78,78,78,78,81,81,81,84,84,84,84,84,84,87,90,90,90],"gold":630,"neow_bonus":"","is_daily":false,"chose_seed":false,"campfire_upgraded":3,"win_rate":0.0,"timestamp":1608439989,"path_taken":["M","M","M","M","M","E","M","E","T","M","E","$","M","M","R","BOSS","M","M","M","M","M","E","E","M","T","$","E","E","M","M","R","BOSS","M","$","M","$","M","R","E","R","T","M","$","M","E","E","R","BOSS"],"items_purchased_type":["Card","Card","Relic","Relic","Relic","Relic","Relic","Relic","Relic","Card","Relic","Relic"],"build_version":"2020-12-13","purchased_purges":1,"victory":true,"max_hp_per_floor":[75,75,75,75,75,75,75,75,75,75,75,75,75,75,75,75,75,75,75,75,75,75,78,78,78,78,78,78,78,78,78,78,78,78,78,78,78,81,81,81,84,84,84,84,84,84,87,90,90,90],"card_choices":[{"not_picked":["HollowMod:NewLittleFool"],"picked":"SKIP","floor":6},{"not_picked":["HollowMod:DescendingDark"],"picked":"SKIP","floor":8},{"not_picked":["HollowMod:HowlingWraiths"],"picked":"SKIP","floor":11},{"not_picked":[],"picked":"HollowMod:PureVessel","floor":16},{"not_picked":[],"picked":"HollowMod:LifebloodCocoon","floor":23},{"not_picked":["HollowMod:GoodIntentions+1"],"picked":"SKIP","floor":24},{"not_picked":["HollowMod:SoulStrike"],"picked":"SKIP","floor":28},{"not_picked":["HollowMod:CloakDash"],"picked":"SKIP","floor":29},{"not_picked":["HollowMod:Grubsong+1"],"picked":"HollowMod:InfectedAttack","floor":41},{"not_picked":["HollowMod:ShadowDash"],"picked":"HollowMod:SoulStrike","floor":47},{"not_picked":["HollowMod:QuirrelsAssistance+1"],"picked":"HollowMod:DashSlash+1","floor":48}],"player_experience":269276,"relics_obtained":[{"floor":1,"key":"Mummified Hand"},{"floor":2,"key":"The Courier"},{"floor":3,"key":"ReplayTheSpireMod:Ninjato"},{"floor":4,"key":"Anchor"},{"floor":5,"key":"Replay:Kaleidoscope"},{"floor":6,"key":"Nunchaku"},{"floor":7,"key":"MawBank"},{"floor":8,"key":"PreservedInsect"},{"floor":9,"key":"Replay:WaspNest"},{"floor":10,"key":"Vajra"},{"floor":11,"key":"Bag of Marbles"},{"floor":13,"key":"Replay:Bottled Steam"},{"floor":14,"key":"War Paint"},{"floor":17,"key":"Old Coin"},{"floor":17,"key":"Snack Pack"},{"floor":17,"key":"Replay:Wax Seal"},{"floor":18,"key":"Centennial Puzzle"},{"floor":19,"key":"Blood Vial"},{"floor":20,"key":"Replay:Bottled Eggs"},{"floor":21,"key":"ReplayTheSpireMod:Shallot"},{"floor":22,"key":"Gremlin Food"},{"floor":23,"key":"Replay:Ringing Soul"},{"floor":24,"key":"Juzu Bracelet"},{"floor":25,"key":"HollowMod:PaleOreRelic"},{"floor":26,"key":"CeramicFish"},{"floor":29,"key":"Replay:Bottled Snecko"},{"floor":30,"key":"CaptainsWheel"},{"floor":31,"key":"Bag of Preparation"},{"floor":32,"key":"Orichalcum"},{"floor":35,"key":"Ornamental Fan"},{"floor":37,"key":"Replay:PocketPolymizer"},{"floor":39,"key":"HollowMod:DelicateFlower"},{"floor":41,"key":"Regal Pillow"},{"floor":43,"key":"Oddly Smooth Stone"},{"floor":43,"key":"Mirror"},{"floor":44,"key":"Bottled Lightning"},{"floor":46,"key":"ReplayFunnel"},{"floor":47,"key":"Akabeko"},{"floor":48,"key":"Pen Nib"}],"event_choices":[],"is_beta":false,"boss_relics":[{"not_picked":["Busted Crown","Philosopher\u0027s Stone"],"picked":"Replay:Grab Bag"},{"not_picked":["ReplayTheSpireMod:DimensionalGlitch","Velvet Choker"],"picked":"Replay:Wanted Poster"},{"not_picked":["Abe\u0027s Treasure","ReplayTheSpireMod:Onyx Gauntlets"],"picked":"Sozu"},{"not_picked":["Runic Pyramid","Astrolabe"],"picked":"Calling Bell"},{"not_picked":["Ring of Chaos","Replay:Drink Me"],"picked":"SlaversCollar"},{"not_picked":["Replay:Ancient Bell","Cursed Key"],"picked":"Honey Jar"}],"items_purged_floors":[36],"is_endless":false,"potions_floor_spawned":[3,4,6,10,14,16,19,22,23,24,31,33,39,41],"ascension_level":0}}