{"host":"qhn6g0owdgjb77rz","time":1608472311,"event":{"mods":["BaseMod","Colored Map","Minty Spire (QoL Compilation)","Relic Sorter","StSLib"],"gold_per_floor":[116,134,134,154,154,154,174,124,151,151,161,188,200,233,233,233,233],"floor_reached":16,"playtime":567,"items_purged":[],"score":185,"play_id":"88dc4ca7-06b1-439e-9602-61df69c17c69","local_time":"20201220225151","is_ascension_mode":true,"campfire_choices":[{"data":"Whirlwind","floor":6.0,"key":"SMITH"},{"data":"Armaments","floor":10.0,"key":"SMITH"},{"data":"True Grit","floor":15,"key":"SMITH"}],"circlet_count":0,"master_deck":["AscendersBane","Strike_R","Strike_R","Strike_R","Strike_R","Strike_R","Defend_R","Defend_R+1","Defend_R+1","Bash","Spot Weakness+1","Shrug It Off","Whirlwind+1","Armaments+1","Impervious","Clash","True Grit+1"],"relics":["Burning Blood","Boot","War Paint","PreservedInsect"],"acts_visited":["Exordium"],"potions_floor_usage":[16,16],"damage_taken":[{"damage":18.0,"enemies":"Jaw Worm","floor":1.0,"turns":5.0},{"damage":8.0,"enemies":"2 Louse","floor":2.0,"turns":3.0},{"damage":12.0,"enemies":"Small Slimes","floor":4.0,"turns":3.0},{"damage":11.0,"enemies":"Exordium Thugs","floor":7.0,"turns":3.0},{"damage":9.0,"enemies":"2 Fungi Beasts","floor":11.0,"turns":3.0},{"damage":38.0,"enemies":"Gremlin Nob","floor":12.0,"turns":5.0},{"damage":5.0,"enemies":"Blue Slaver","floor":13.0,"turns":5.0},{"damage":22,"enemies":"Lagavulin","floor":14,"turns":9},{"damage":10,"enemies":"Hexaghost","floor":16,"turns":8}],"seed_played":"9011835929992194051","potions_obtained":[{"floor":1.0,"key":"Weak Potion"},{"floor":4.0,"key":"DuplicationPotion"},{"floor":12.0,"key":"SteroidPotion"}],"is_trial":false,"path_per_floor":["M","M","?","M","?","R","M","?","T","R","M","E","M","E","R","B"],"character_chosen":"IRONCLAD","items_purchased":[],"campfire_rested":0,"item_purchase_floors":[],"current_hp_per_floor":[68,66,66,60,65,65,60,60,60,60,57,25,26,10,10,0,0],"gold":233,"neow_bonus":"TEN_PERCENT_HP_BONUS","is_daily":false,"chose_seed":false,"campfire_upgraded":3,"win_rate":0.0,"timestamp":1608472311,"path_taken":["M","M","?","M","?","R","?","?","T","R","M","E","M","E","R","BOSS"],"items_purchased_type":[],"build_version":"2020-12-13","purchased_purges":0,"victory":false,"max_hp_per_floor":[88,88,88,88,93,93,93,93,93,93,93,93,93,93,93,93,93],"card_choices":[{"not_picked":["Disarm","Metallicize"],"picked":"Spot Weakness","floor":1.0},{"not_picked":["Wild Strike","Thunderclap"],"picked":"Shrug It Off","floor":2.0},{"not_picked":["Cleave","Reckless Charge"],"picked":"Whirlwind","floor":4.0},{"not_picked":["Twin Strike","True Grit"],"picked":"Armaments","floor":7.0},{"not_picked":["Wild Strike","Cleave","Fiend Fire"],"picked":"SKIP","floor":11.0},{"not_picked":["Perfected Strike","Havoc"],"picked":"Impervious","floor":12.0},{"not_picked":["Rupture","Flex"],"picked":"Clash","floor":13.0},{"not_picked":["Power Through","Spot Weakness"],"picked":"True Grit","floor":14}],"player_experience":377183,"relics_obtained":[{"floor":9.0,"key":"Boot"},{"floor":12.0,"key":"War Paint"},{"floor":14,"key":"PreservedInsect"}],"event_choices":[{"damage_healed":0.0,"max_hp_gain":0.0,"max_hp_loss":0.0,"gold_gain":0.0,"event_name":"Living Wall","player_choice":"Grow","floor":3.0,"gold_loss":0.0,"damage_taken":0.0,"cards_upgraded":["Spot Weakness"]},{"damage_healed":0.0,"max_hp_gain":5.0,"max_hp_loss":0.0,"gold_gain":0.0,"event_name":"Big Fish","player_choice":"Donut","floor":5.0,"gold_loss":0.0,"damage_taken":0.0},{"cards_removed":["Defend_R"],"damage_healed":0.0,"max_hp_gain":0.0,"max_hp_loss":0.0,"gold_gain":0.0,"event_name":"The Cleric","player_choice":"Card Removal","floor":8.0,"gold_loss":50.0,"damage_taken":0.0}],"is_beta":false,"boss_relics":[],"items_purged_floors":[],"is_endless":false,"potions_floor_spawned":[1,4,12],"killed_by":"Hexaghost","ascension_level":13}}