{"host":"g8sjq9ki9zl67elp","time":1608499151,"event":{"mods":["BaseMod","Colored Map","Highlight Path","Hubris","Infinite Spire","Mimic Mod","Minty Spire (QoL Compilation)","Replay The Spire","StSLib","everything is the same but u backflip on backflip"],"gold_per_floor":[117,117,131,131,147,147,182,182,182,182,182,207,238,259,259,259,259],"floor_reached":16,"playtime":414,"items_purged":[],"score":146,"play_id":"6deff0ed-0998-42d0-a276-05473a6d1349","local_time":"20201220131911","is_ascension_mode":true,"campfire_choices":[{"data":"Adaptation","floor":6,"key":"SMITH"},{"floor":15,"key":"REST"}],"circlet_count":0,"master_deck":["Strike_P+1","Strike_P","Strike_P","Strike_P","Defend_P","Defend_P+1","Defend_P","Eruption+1","Vigilance","Halt","Adaptation+1","Sanctity"],"relics":["PureWater","Kunai","Replay:Purple Gloves","hubris:Icosahedron","hubris:CuriousFeather","Golden Idol","PreservedInsect","Pet Ghost"],"acts_visited":["Exordium"],"potions_floor_usage":[7,7,16],"damage_taken":[{"damage":0,"enemies":"Jaw Worm","floor":1,"turns":3},{"damage":7,"enemies":"2 Louse","floor":3,"turns":3},{"damage":0,"enemies":"Small Slimes","floor":5,"turns":3},{"damage":9,"enemies":"Gremlin Nob","floor":7,"turns":3},{"damage":0,"enemies":"Replay:BlueRogue","floor":13,"turns":4},{"damage":0,"enemies":"2 Fungi Beasts","floor":14,"turns":3},{"damage":58,"enemies":"Slime Boss","floor":16,"turns":3}],"seed_played":"3578602269975933604","potions_obtained":[{"floor":1,"key":"Dexterity Potion"},{"floor":5,"key":"EssenceOfSteel"},{"floor":7,"key":"LiquidMemories"}],"is_trial":false,"path_per_floor":["M","?","M","T","M","R","E","?","T","?","?","T","E","M","R","B"],"character_chosen":"WATCHER","items_purchased":[],"campfire_rested":1,"item_purchase_floors":[],"current_hp_per_floor":[72,58,51,51,51,51,42,42,42,24,24,24,24,24,45,0,0],"gold":259,"neow_bonus":"UPGRADE_CARD","is_daily":false,"chose_seed":false,"campfire_upgraded":1,"win_rate":0.0,"timestamp":1608499151,"path_taken":["M","?","M","?","M","R","E","?","T","?","?","?","E","M","R","BOSS"],"items_purchased_type":[],"build_version":"2020-12-13","purchased_purges":0,"victory":false,"max_hp_per_floor":[72,72,72,72,72,72,72,72,72,72,72,72,72,72,72,72,72],"card_choices":[{"not_picked":["TalkToTheHand","JustLucky"],"picked":"Halt","floor":1},{"not_picked":["Crescendo","ForeignInfluence"],"picked":"Adaptation","floor":3},{"not_picked":["DeceiveReality","Replay:Vibes","Replay:Battleflow"],"picked":"SKIP","floor":5},{"not_picked":["Replay:ManipulateFuture","Replay:Cycle"],"picked":"Sanctity","floor":7},{"not_picked":["Adaptation","Replay:AtTheReady","Consecrate"],"picked":"SKIP","floor":13},{"not_picked":["WindmillStrike","Consecrate","LessonLearned"],"picked":"SKIP","floor":14}],"player_experience":173037,"relics_obtained":[{"floor":4,"key":"Kunai"},{"floor":7,"key":"Replay:Purple Gloves"},{"floor":9,"key":"hubris:CuriousFeather"},{"floor":12,"key":"PreservedInsect"},{"floor":13,"key":"Pet Ghost"}],"event_choices":[{"damage_healed":0,"gold_gain":0,"player_choice":"Entered Light","damage_taken":14,"max_hp_gain":0,"max_hp_loss":0,"event_name":"Shining Light","floor":2,"gold_loss":0,"cards_upgraded":["Defend_P","Strike_P"]},{"damage_healed":0,"gold_gain":0,"player_choice":"Take Damage","damage_taken":18,"relics_obtained":["Golden Idol"],"max_hp_gain":0,"max_hp_loss":0,"event_name":"Golden Idol","floor":10,"gold_loss":0}],"is_beta":false,"boss_relics":[],"items_purged_floors":[],"is_endless":false,"potions_floor_spawned":[1,5,7],"killed_by":"Slime Boss","ascension_level":2}}