{"host":"xb2tau8pgi8aflss","time":1608456193,"event":{"mods":["AchievementEnabler","BaseMod","Hermit","Minty Spire (QoL Compilation)","StSLib","SuperFastMode"],"gold_per_floor":[116,116,133,4,23,23,23,49,127,127,202,202,202],"floor_reached":12,"playtime":222,"items_purged":[],"score":95,"play_id":"28899fd2-8a04-4a6e-b279-48319daac696","local_time":"20201220182313","is_ascension_mode":true,"campfire_choices":[{"data":"Recycle","floor":6,"key":"SMITH"},{"data":"Double Energy","floor":10,"key":"SMITH"}],"circlet_count":0,"master_deck":["Strike_B","Strike_B","Strike_B","Defend_B","Defend_B","Defend_B","Defend_B","Zap","Dualcast","Panacea","Double Energy+1","Recycle+1","Self Repair","Enlightenment","Chill"],"relics":["Cracked Core","Strawberry","Kunai"],"acts_visited":["Exordium"],"potions_floor_usage":[8],"damage_taken":[{"damage":0,"enemies":"Small Slimes","floor":1,"turns":3},{"damage":1,"enemies":"Cultist","floor":3,"turns":4},{"damage":9,"enemies":"Jaw Worm","floor":5,"turns":4},{"damage":49,"enemies":"Gremlin Nob","floor":8,"turns":5},{"damage":26,"enemies":"Lagavulin","floor":12,"turns":5}],"seed_played":"3999534451061353925","potions_obtained":[{"floor":1,"key":"Strength Potion"}],"is_trial":false,"path_per_floor":["M","?","M","$","M","R","?","E","T","R","?","E"],"character_chosen":"DEFECT","items_purchased":["Self Repair","Enlightenment"],"campfire_rested":0,"item_purchase_floors":[4,4],"current_hp_per_floor":[75,75,74,74,72,72,72,37,37,37,26,0,0],"gold":202,"neow_bonus":"RANDOM_COLORLESS","is_daily":false,"chose_seed":false,"campfire_upgraded":2,"win_rate":0.0,"timestamp":1608456193,"path_taken":["M","?","M","$","?","R","?","E","T","R","?","E"],"items_purchased_type":["Card","Card"],"build_version":"2020-12-13","purchased_purges":0,"victory":false,"max_hp_per_floor":[75,75,75,75,75,75,75,82,82,82,82,82,82],"card_choices":[{"not_picked":["Bandage Up","Good Instincts"],"picked":"Panacea","floor":0},{"not_picked":["Steam","Conserve Battery"],"picked":"Double Energy","floor":1},{"not_picked":["Coolheaded","Leap","Steam"],"picked":"SKIP","floor":3},{"not_picked":["Rainbow","Streamline"],"picked":"Chill","floor":5},{"not_picked":["Darkness","Hello World","Self Repair"],"picked":"SKIP","floor":8}],"player_experience":751073,"relics_obtained":[{"floor":8,"key":"Strawberry"},{"floor":9,"key":"Kunai"}],"event_choices":[{"damage_healed":0,"gold_gain":0,"cards_transformed":["Strike_B"],"player_choice":"Transformed","damage_taken":0,"max_hp_gain":0,"max_hp_loss":0,"event_name":"Transmorgrifier","floor":2,"gold_loss":0,"cards_obtained":["Recycle"]},{"damage_healed":0,"gold_gain":0,"player_choice":"Ignored","damage_taken":0,"max_hp_gain":0,"max_hp_loss":0,"event_name":"Liars Game","floor":7,"gold_loss":0},{"damage_healed":0,"gold_gain":75,"player_choice":"Gather Gold","damage_taken":11,"max_hp_gain":0,"max_hp_loss":0,"event_name":"World of Goop","floor":11,"gold_loss":0}],"is_beta":false,"boss_relics":[],"items_purged_floors":[],"is_endless":false,"potions_floor_spawned":[1],"killed_by":"Lagavulin","ascension_level":5}}