{"host":"3pw9u83bdp0tylwm","time":1608447059,"event":{"mods":["AchievementEnabler","Act Like it!","BaseMod","Colored Map","Hallownest","Minty Spire (QoL Compilation)","Relic Stats","Slay the Relics Exporter","StSLib","The Bug Knight"],"gold_per_floor":[119,139,139,139,155,189,189,208,286,319,319,319,128,142,142,242,242,242,242,242,242,242,242,242,242,242,242,242,242,0,0,0,0,0,0,0,0,0,0,0,0,0,0,0,0,0,0,0,0,0,0],"floor_reached":50,"playtime":7310,"items_purged":[],"score":670,"play_id":"c2abb041-7d69-4cea-843b-fedf2b59f78e","local_time":"20201220005059","is_ascension_mode":true,"campfire_choices":[{"data":"HollowMod:GrimmsGift","floor":7.0,"key":"SMITH"},{"data":"HollowMod:SoulStrike","floor":12.0,"key":"SMITH"},{"data":"HollowMod:DesolateDive","floor":15.0,"key":"SMITH"},{"data":"HollowMod:MantisMark","floor":24.0,"key":"SMITH"},{"data":"HollowMod:NewLastStag","floor":32.0,"key":"SMITH"},{"data":"1","floor":42,"key":"LIFT"},{"floor":49,"key":"REST"}],"circlet_count":0,"master_deck":["HollowMod:NailStrikeStart+1","HollowMod:NailStrikeStart","HollowMod:QuickDashStart","HollowMod:QuickDashStart","HollowMod:QuickDashStart","HollowMod:QuickDashStart","HollowMod:FocusHealStart","HollowMod:PogoStrike","HollowMod:FallenFury","HollowMod:CornifersMapStart","HollowMod:GrimmsGift+1","HollowMod:SoulStrike+1","HollowMod:SoulSplash","HollowMod:DescendingDark","HollowMod:DesolateDive+1","HollowMod:ZotesMagnificence","HollowMod:CycloneSlash+1","HollowMod:GoodIntentions","HollowMod:Weaversong","HollowMod:AwokenDreamNail+1","HollowMod:NewLastStag+1","HollowMod:Weaversong","CurseOfTheBell","HollowMod:GoodIntentions+1","HollowMod:GoodIntentions+1","HollowMod:CloakDash","HollowMod:DescendingDark","HollowMod:DescendingDark"],"relics":["HollowMod:VesselMask","Hallownest:DreamNailRelic","HollowMod:QueensCombRelic","White Beast Statue","Blood Vial","Strawberry","Ectoplasm","HollowMod:KingsBrand","Singing Bowl","Bag of Marbles","CaptainsWheel","HornCleat","Calling Bell","Art of War","Matryoshka","Girya","Pantograph","Vajra","Shuriken","Pear","Whetstone"],"acts_visited":["Exordium","Hallownest:Greenpath","Hallownest:CityofTears"],"potions_floor_usage":[37,39,40,46,47,48,48,48,50,50,50],"damage_taken":[{"damage":0.0,"enemies":"2_ Uuma","floor":1.0,"turns":5.0},{"damage":0.0,"enemies":"Hallownest:monsterHuskWarrior","floor":2.0,"turns":4.0},{"damage":10.0,"enemies":"Hallownest:monsterHuskGuard","floor":5.0,"turns":4.0},{"damage":14.0,"enemies":"Hallownest:eliteVengeflyKing","floor":6.0,"turns":11.0},{"damage":37.0,"enemies":"Hallownest:1_Ooma_and_2_Uuma","floor":8.0,"turns":16.0},{"damage":23.0,"enemies":"Hallownest:eliteMossKnight","floor":10.0,"turns":9.0},{"damage":15.0,"enemies":"Hallownest:Guard_and_Warrior","floor":14.0,"turns":7.0},{"damage":65.0,"enemies":"Hallownest:BossFalseKnight","floor":16.0,"turns":9.0},{"damage":14.0,"enemies":"Hallownest:3_Youths","floor":18.0,"turns":8.0},{"damage":1.0,"enemies":"Hallownest:2_Mistakes","floor":21.0,"turns":3.0},{"damage":17.0,"enemies":"Hallownest:2_Husk_Sentries","floor":22.0,"turns":3.0},{"damage":15.0,"enemies":"Hallownest:eliteWatcherKnight","floor":23.0,"turns":11.0},{"damage":2.0,"enemies":"Hallownest:Nosk","floor":25.0,"turns":7.0},{"damage":0.0,"enemies":"Hallownest:monsterMisterMushroom","floor":27.0,"turns":4.0},{"damage":15.0,"enemies":"Hallownest:2_Flukemon","floor":28.0,"turns":5.0},{"damage":9.0,"enemies":"Hallownest:eliteWatcherKnight","floor":29.0,"turns":8.0},{"damage":0.0,"enemies":"Hallownest:monsterShrumalOgre","floor":31.0,"turns":3.0},{"damage":14.0,"enemies":"Hallownest:BossSoulMaster","floor":33.0,"turns":9.0},{"damage":15.0,"enemies":"Hallownest:Shield_Heavy","floor":35.0,"turns":5.0},{"damage":0,"enemies":"Hallownest:3_Siblings","floor":37,"turns":6},{"damage":31,"enemies":"Hallownest:Slobbering_and_Violent","floor":39,"turns":7},{"damage":29,"enemies":"Hallownest:eliteCollector","floor":40,"turns":7},{"damage":16,"enemies":"Hallownest:2_Soldiers_and_1_Guardian","floor":44,"turns":3},{"damage":31,"enemies":"Hallownest:StalkingDevout","floor":46,"turns":5},{"damage":0,"enemies":"Hallownest:2_Wing_and_1_Kings","floor":47,"turns":13},{"damage":55,"enemies":"Hallownest:eliteCollector","floor":48,"turns":7},{"damage":105,"enemies":"Hallownest:BossHollowKnight","floor":50,"turns":15}],"seed_played":"-6172003505611838804","potions_obtained":[{"floor":1.0,"key":"FairyPotion"},{"floor":5.0,"key":"EntropicBrew"},{"floor":8.0,"key":"DistilledChaos"},{"floor":10.0,"key":"SkillPotion"},{"floor":14.0,"key":"Dexterity Potion"},{"floor":16.0,"key":"LiquidBronze"},{"floor":18.0,"key":"FearPotion"},{"floor":21.0,"key":"PowerPotion"},{"floor":22.0,"key":"GamblersBrew"},{"floor":23.0,"key":"LiquidMemories"},{"floor":27.0,"key":"BlessingOfTheForge"},{"floor":29.0,"key":"Fire Potion"},{"floor":31.0,"key":"DuplicationPotion"},{"floor":33.0,"key":"SteroidPotion"},{"floor":35.0,"key":"AttackPotion"},{"floor":37,"key":"Strength Potion"},{"floor":39,"key":"ColorlessPotion"},{"floor":40,"key":"EntropicBrew"},{"floor":46,"key":"SpeedPotion"},{"floor":47,"key":"SpeedPotion"},{"floor":48,"key":"CultistPotion"}],"is_trial":false,"path_per_floor":["M","M","?","?","M","E","R","M","T","E","?","R","$","M","R","B",null,"M","?","?","M","M","E","R","E","T","M","M","E","?","M","R","B",null,"M","?","M","?","M","E","?","R","T","M","?","E","M","E","R","B"],"character_chosen":"THE_BUGKNIGHT","items_purchased":["HollowMod:MantisMark","Strawberry"],"campfire_rested":1,"item_purchase_floors":[13,13],"current_hp_per_floor":[82,82,82,82,78,54,54,29,29,28,34,34,41,42,42,25,67,63,59,59,66,50,47,47,67,67,69,60,69,69,73,73,69,73,60,60,77,77,52,35,35,35,35,31,31,30,91,38,65,0,0],"gold":0,"neow_bonus":"TEN_PERCENT_HP_BONUS","is_daily":false,"chose_seed":false,"campfire_upgraded":5,"win_rate":0.0,"timestamp":1608447059,"path_taken":["M","M","?","?","?","E","R","M","T","E","?","R","$","M","R","BOSS","M","?","?","M","M","E","R","E","T","M","?","E","?","M","R","BOSS","M","?","M","?","M","E","?","R","T","M","?","E","?","E","R","BOSS"],"items_purchased_type":["Card","Relic"],"build_version":"2020-12-13","purchased_purges":0,"victory":false,"max_hp_per_floor":[82,82,82,82,82,54,54,54,54,54,60,60,67,67,67,67,67,67,67,67,67,67,67,67,67,67,69,69,71,71,73,73,73,73,75,75,77,77,77,77,77,77,77,77,77,89,91,93,93,93,93],"card_choices":[{"not_picked":["HollowMod:LifebloodCocoon","HollowMod:MonarchWings"],"picked":"HollowMod:FallenFury","floor":1.0},{"not_picked":["HollowMod:SiblingsShadow","HollowMod:Grubsong"],"picked":"HollowMod:CornifersMapStart","floor":2.0},{"not_picked":["HollowMod:BrokenVessel","HollowMod:BaldurShell","HollowMod:CrystalDash"],"picked":"SKIP","floor":5.0},{"not_picked":["HollowMod:InfectedAttack","HollowMod:FastStrike"],"picked":"HollowMod:SoulStrike","floor":6.0},{"not_picked":["HollowMod:SoulEater","HollowMod:DescendingDark"],"picked":"HollowMod:SoulSplash","floor":8.0},{"not_picked":["HollowMod:CloakDash","HollowMod:ShapeofUnn"],"picked":"HollowMod:DescendingDark","floor":10.0},{"not_picked":["HollowMod:FallenFury","HollowMod:InfectedAttack"],"picked":"HollowMod:DesolateDive","floor":14.0},{"not_picked":["HollowMod:theNailsmith","HollowMod:PureVessel"],"picked":"HollowMod:ZotesMagnificence","floor":16.0},{"not_picked":["HollowMod:InfectedAttack+1","HollowMod:GoodIntentions"],"picked":"HollowMod:CycloneSlash+1","floor":18.0},{"not_picked":["HollowMod:DesolateDive","HollowMod:NewJinnsSoul"],"picked":"HollowMod:GoodIntentions","floor":21.0},{"not_picked":["HollowMod:MonarchWings+1","HollowMod:HowlingWraiths","HollowMod:NewLittleFool"],"picked":"SKIP","floor":22.0},{"not_picked":["HollowMod:TaintedHusks","HollowMod:NewLittleFool"],"picked":"HollowMod:Weaversong","floor":23.0},{"not_picked":["HollowMod:InfectedCysts","HollowMod:HeavyBlow"],"picked":"HollowMod:HuntersJournal","floor":25.0},{"not_picked":["HollowMod:PureNailStrike","HollowMod:InfectedAttack","HollowMod:ShadowDash"],"picked":"Singing Bowl","floor":27.0},{"not_picked":["HollowMod:ShadowDash","HollowMod:NewJinnsSoul"],"picked":"HollowMod:AwokenDreamNail","floor":28.0},{"not_picked":["HollowMod:InfectedCysts","HollowMod:BlackTendrils+1","HollowMod:CrystalDash"],"picked":"Singing Bowl","floor":29.0},{"not_picked":["HollowMod:NewLittleFool","HollowMod:Hiveblood","HollowMod:SharpenedNail"],"picked":"Singing Bowl","floor":31.0},{"not_picked":["HollowMod:AwokenDreamNail","HollowMod:Hiveblood"],"picked":"HollowMod:Weaversong","floor":33.0},{"not_picked":["HollowMod:ChannelNail+1","HollowMod:NewLittleFool+1","HollowMod:ShapeofUnn+1"],"picked":"Singing Bowl","floor":35.0},{"not_picked":["HollowMod:CoiledNail","HollowMod:SharpenedShadows+1","HollowMod:SoulSplash"],"picked":"Singing Bowl","floor":37},{"not_picked":["HollowMod:LifebloodCocoon","HollowMod:CornifersMapStart+1"],"picked":"HollowMod:GoodIntentions+1","floor":39},{"not_picked":["HollowMod:AbyssShriek","HollowMod:NewLittleFool+1"],"picked":"HollowMod:GoodIntentions+1","floor":40},{"not_picked":["HollowMod:HeavyBlow","HollowMod:NewGlowingWomb"],"picked":"HollowMod:CloakDash","floor":44},{"not_picked":["HollowMod:GoodIntentions+1","HollowMod:ChannelNail","HollowMod:DescendingDark"],"picked":"Singing Bowl","floor":46},{"not_picked":["HollowMod:HowlingWraiths+1","HollowMod:RecoilStrike","HollowMod:ChannelNail+1"],"picked":"Singing Bowl","floor":47},{"not_picked":["HollowMod:LifebloodCore","HollowMod:CornifersMapStart+1","HollowMod:CycloneSlash+1"],"picked":"Singing Bowl","floor":48}],"player_experience":700815,"relics_obtained":[{"floor":6.0,"key":"HollowMod:QueensCombRelic"},{"floor":9.0,"key":"White Beast Statue"},{"floor":10.0,"key":"Blood Vial"},{"floor":23.0,"key":"Singing Bowl"},{"floor":25.0,"key":"Bag of Marbles"},{"floor":26.0,"key":"CaptainsWheel"},{"floor":29.0,"key":"HornCleat"},{"floor":34.0,"key":"Art of War"},{"floor":34.0,"key":"Matryoshka"},{"floor":34.0,"key":"Girya"},{"floor":40,"key":"Pantograph"},{"floor":43,"key":"Vajra"},{"floor":43,"key":"Shuriken"},{"floor":46,"key":"Pear"},{"floor":48,"key":"Whetstone"}],"event_choices":[],"is_beta":false,"boss_relics":[{"not_picked":["Fusion Hammer","Runic Dome"],"picked":"Ectoplasm"},{"not_picked":["Velvet Choker","Tiny House"],"picked":"Calling Bell"}],"items_purged_floors":[],"is_endless":false,"potions_floor_spawned":[1,5,8,10,14,16,18,21,22,23,25,27,28,29,31,33,35,37,39,40,44,46,47,48],"killed_by":"Hallownest:BossHollowKnight","ascension_level":2}}