{"host":"h5acbxt0wmjo1kpm","time":1608431236,"event":{"mods":["2.2 Compatiblity","Act Like it!","AlwaysNeverKeys","Aspiration","Bartender","BaseMod","Better Third Choice","Colored Map","Downfall","Elementarium","Gensokyo","GifTheSpireLib","Hallownest","Marisa????????","Minty Spire (QoL Compilation)","Permanent Neow","Potionbrewer","Relic Filter","Replay The Spire","Robot Space Explorer","RumiaBox-????????","Shade Mod","Spicy Shops","StSLib","The Blackbeard","The Dragon Tamer","The Forsaken","The Gatherer","The Problem Sleuth","The Servant 0.9.4","Wandering Minibosses","vexMod"],"gold_per_floor":[99,132,41,41,41,56,56,56,82,82,67,67,197,35,53,155,155,155,171,201,224,251,251,251,265,285,310,339,357,50,50,50,50,69,170,170,170,198,48,48,75,86,111,36,61,61,61,74,93,111,130,130,130,155,4,4,4],"floor_reached":58,"playtime":5187,"items_purged":["Slimebound:Strike_Slimebound","Pain"],"score":1981,"play_id":"e1456d42-e39d-43d6-9946-5f7b49add22b","local_time":"20201219182716","is_ascension_mode":true,"campfire_choices":[{"data":"Slimebound:DouseInSlime","floor":1.0,"key":"SMITH"},{"data":"Slimebound:CorrosiveSpit","floor":5.0,"key":"SMITH"},{"data":"Slimebound:LevelUp","floor":8.0,"key":"SMITH"},{"data":"Slimebound:GrowthPunch","floor":10.0,"key":"SMITH"},{"data":"Slimebound:MassFeed","floor":18.0,"key":"SMITH"},{"floor":37.0,"key":"RECALL"},{"data":"Slimebound:DouseInSlime","floor":39.0,"key":"SMITH"},{"data":"Doppelganger","floor":44.0,"key":"SMITH"},{"data":"Slimebound:RainOfGoop","floor":46.0,"key":"SMITH"},{"data":"Slimebound:Defend_Slimebound","floor":56.0,"key":"PURGE"}],"circlet_count":0,"master_deck":["AscendersBane","Slimebound:Tackle","Slimebound:Defend_Slimebound","Slimebound:Split","Slimebound:CorrosiveSpit+1","Slimebound:DouseInSlime+1","Slimebound:SplitMire","Slimebound:LevelUp+1","Slimebound:Recollect","Slimebound:GrowthPunch+1","Slimebound:SlimeTap","Slimebound:LeechingTouch","Slimebound:MassFeed+1","Slimebound:LevelUp+1","Slimebound:RainOfGoop+1","Slimebound:Grow","Slimebound:SlimeTap+1","Slimebound:SplitMire","Slimebound:DouseInSlime+1","Slimebound:SplitAcid","Glass Knife","Skewer","Doppelganger+1","Slimebound:Equalize","Slimebound:LeadByExample","Slimebound:SlimeSlap+1","Slimebound:SplitMire","Parasite","Slimebound:LeechEnergy+1","Slimebound:HungryTackle+1","Slimebound:Dissolve+1"],"relics":["Slimebound:AbsorbEndCombat","aspiration:HummingbirdHeart","Hallownest:DreamNailRelic","potionbrewer:AlchemistFlask","Thread and Needle","Pear","vexMod:Spyglass","vexMod:BigBerry","Cleaning_Rag","Vajra","Guardian:PocketSentry","TungstenRod","White Beast Statue","Matryoshka","Bottled Lightning","Potion Belt","aspiration:RandomNobGenerator","vexMod:CardConverter","downfall:HeartBlessingRed","downfall:HeartBlessingGreen","Replay:Multitool","GodSword1","downfall:HeartBlessingBlue","Molten Egg 2","wanderingMiniBosses:OtherGremlinHorn","Replay:Kaleidoscope"],"acts_visited":["Hallownest:Greenpath","Elementarium:Elementarium","TheBeyond","TheEnding"],"potions_floor_usage":[57,57,57,57],"damage_taken":[{"damage":17.0,"enemies":"Hallownest:eliteCrystalGuardian","floor":2.0,"turns":5.0},{"damage":8.0,"enemies":"downfall:FleeingMerchant","floor":3.0,"turns":4.0},{"damage":36.0,"enemies":"Hallownest:2_MossCreeps","floor":6.0,"turns":6.0},{"damage":18.0,"enemies":"Hallownest:eliteVengeflyKing","floor":9.0,"turns":6.0},{"damage":16.0,"enemies":"downfall:FleeingMerchant","floor":11.0,"turns":4.0},{"damage":13.0,"enemies":"downfall:FleeingMerchant","floor":14.0,"turns":4.0},{"damage":12.0,"enemies":"Hallownest:monsterHuskGuard","floor":15.0,"turns":3.0},{"damage":15.0,"enemies":"downfall:Silent","floor":16.0,"turns":7.0},{"damage":13.0,"enemies":"Elementarium:2_ELEMENTALS","floor":19.0,"turns":4.0},{"damage":12.0,"enemies":"Elementarium:WarGolem","floor":20.0,"turns":5.0},{"damage":17.0,"enemies":"Elementarium:ElementalPortal","floor":22.0,"turns":6.0},{"damage":14.0,"enemies":"Elementarium:VoidCorruption","floor":25.0,"turns":5.0},{"damage":21.0,"enemies":"Elementarium:STONE_GOLEMS","floor":26.0,"turns":6.0},{"damage":12.0,"enemies":"Elementarium:FIRE_NOBILITY","floor":27.0,"turns":8.0},{"damage":6.0,"enemies":"downfall:FleeingMerchant","floor":28.0,"turns":2.0},{"damage":21.0,"enemies":"Elementarium:VOID_CORRUPTION_AND_TAR_GOLEM","floor":29.0,"turns":6.0},{"damage":38.0,"enemies":"Elementarium:Hydrostalker","floor":34.0,"turns":7.0},{"damage":12.0,"enemies":"downfall:Ironclad","floor":35.0,"turns":8.0},{"damage":67.0,"enemies":"Reptomancer","floor":38.0,"turns":7.0},{"damage":33.0,"enemies":"Nemesis","floor":41.0,"turns":7.0},{"damage":0.0,"enemies":"3 Shapes","floor":42.0,"turns":3.0},{"damage":18.0,"enemies":"R_Hoarder","floor":45.0,"turns":6.0},{"damage":6.0,"enemies":"Orb Walker","floor":48.0,"turns":2.0},{"damage":69.0,"enemies":"Writhing Mass","floor":49.0,"turns":6.0},{"damage":9.0,"enemies":"Spire Growth","floor":50.0,"turns":3.0},{"damage":21.0,"enemies":"4 Shapes","floor":51.0,"turns":2.0},{"damage":16.0,"enemies":"downfall:Defect","floor":52.0,"turns":4.0},{"damage":67.0,"enemies":"downfall:CharBossMerchant","floor":54.0,"turns":5.0},{"damage":31,"enemies":"downfall:NeowBoss","floor":57,"turns":16}],"seed_played":"-1953105286500867388","potions_obtained":[{"floor":9.0,"key":"Swift Potion"},{"floor":15.0,"key":"SteroidPotion"},{"floor":19.0,"key":"potionbrewer:HastePotion"},{"floor":22.0,"key":"Reflective Coating"},{"floor":25.0,"key":"SkillPotion"},{"floor":28.0,"key":"potionbrewer:AcidPotion"},{"floor":29.0,"key":"potionbrewer:QuicksilverPotion"},{"floor":34.0,"key":"sneckomod:MuddlingPotion"},{"floor":35.0,"key":"SpeedPotion"},{"floor":38.0,"key":"Block Potion"},{"floor":41.0,"key":"sneckomod:MuddlingPotion"},{"floor":42.0,"key":"PowerPotion"},{"floor":45.0,"key":"LiquidBronze"},{"floor":48.0,"key":"Elixir"},{"floor":49.0,"key":"Fire Potion"},{"floor":50.0,"key":"potionbrewer:SplittingPotion"},{"floor":54.0,"key":"DuplicationPotion"}],"is_trial":false,"path_per_floor":["R","E","$","?","R","M","T","R","E","R","$","T","?","$","M","B",null,"R","M","E","T","E","?","T","M","M","E","$","M","$","PTL","PTL","$","M","B",null,"R","E","R","?","E","M","T","R","E","R","?","M","M","M","M","B",null,"E","$","R","B",null],"character_chosen":"SLIMEBOUND","items_purchased":["Slimebound:Recollect","vexMod:Spyglass","Matryoshka","Bottled Lightning","Potion Belt","Slimebound:Dissolve+1"],"campfire_rested":0,"item_purchase_floors":[3,14,28,30,30,55],"current_hp_per_floor":[54,53,60,60,60,54,54,54,60,60,60,70,70,70,70,70,100,100,100,104,104,108,108,108,106,107,112,112,112,112,112,112,112,95,115,116,116,84,84,90,103,125,125,135,133,133,135,142,116,139,154,158,158,124,126,126,162],"gold":4,"neow_bonus":"ONE_RANDOM_RARE_CARD","is_daily":false,"chose_seed":false,"campfire_upgraded":8,"win_rate":0.0,"timestamp":1608431236,"path_taken":["R","E","$","?","R","?","T","R","E","R","$","?","?","$","M","BOSS","R","M","E","?","E","?","T","M","M","E","?","?","?","PTL","PTL","$","M","BOSS","R","E","R","?","E","M","T","R","E","R","?","M","?","?","M","BOSS","E","$","R","BOSS"],"items_purchased_type":["Card","Relic","Relic","Relic","Relic","Card"],"build_version":"2020-12-13","purchased_purges":2,"victory":true,"max_hp_per_floor":[60,60,60,60,60,60,60,60,60,60,60,70,70,70,70,70,100,100,100,104,104,108,108,108,108,108,112,112,116,116,116,116,116,116,116,116,116,118,118,124,126,128,128,138,140,140,142,142,152,152,154,158,158,160,162,162,162],"card_choices":[{"not_picked":["Slimebound:ComboTackle","Slimebound:Equalize"],"picked":"Slimebound:SplitMire","floor":2.0},{"not_picked":["Slimebound:MegaLick","Slimebound:TongueLash"],"picked":"Slimebound:LevelUp","floor":3.0},{"not_picked":["Slimebound:ProtectTheBoss","Slimebound:TongueLash","Slimebound:FinishingTackle"],"picked":"SKIP","floor":6.0},{"not_picked":["Slimebound:WasteNot","Slimebound:SplitBruiser"],"picked":"Slimebound:GrowthPunch","floor":9.0},{"not_picked":["Slimebound:SlimeSpikes","Slimebound:HungryTackle"],"picked":"Slimebound:SlimeTap","floor":11.0},{"not_picked":["Slimebound:LeechEnergy","Slimebound:Grow","Slimebound:GoopSpray"],"picked":"SKIP","floor":14.0},{"not_picked":["Slimebound:RejuvenatingLick","Slimebound:Grow"],"picked":"Slimebound:LeechingTouch","floor":15.0},{"not_picked":["Slimebound:CheckThePlaybook","Slimebound:Overexert"],"picked":"Slimebound:MassFeed","floor":16.0},{"not_picked":["Slimebound:SlimeSpikes+1","Slimebound:MegaLick","Slimebound:TongueLash"],"picked":"SKIP","floor":19.0},{"not_picked":["Slimebound:SplitLeeching","Slimebound:Repurpose"],"picked":"Slimebound:LevelUp+1","floor":20.0},{"not_picked":["Slimebound:SamplingLick","Slimebound:ComboTackle","Slimebound:FinishingTackle"],"picked":"SKIP","floor":22.0},{"not_picked":["Slimebound:ProtectTheBoss+1","Slimebound:ViciousTackle"],"picked":"Slimebound:RainOfGoop","floor":25.0},{"not_picked":["Slimebound:RejuvenatingLick","Slimebound:Schlurp+1"],"picked":"Slimebound:Grow","floor":26.0},{"not_picked":["Slimebound:WasteNot","Slimebound:CheckThePlaybook"],"picked":"Slimebound:SlimeTap+1","floor":27.0},{"not_picked":["Slimebound:ForwardTackle","Slimebound:SlimeBrawl"],"picked":"Slimebound:SplitMire","floor":28.0},{"not_picked":["Slimebound:SplitBruiser","Slimebound:ViciousTackle","Slimebound:BestDefense"],"picked":"SKIP","floor":29.0},{"not_picked":["Slimebound:Repurpose","Slimebound:SplitLeeching","Slimebound:RainOfGoop"],"picked":"SKIP","floor":34.0},{"not_picked":["Slimebound:OneTwoCombo","Slimebound:DuplicatedForm"],"picked":"Slimebound:DouseInSlime","floor":35.0},{"not_picked":["Slimebound:PressTheAttack","Slimebound:SplitBruiser+1"],"picked":"Slimebound:SplitAcid","floor":38.0},{"not_picked":["Slimebound:FinishingTackle","Slimebound:RollThrough+1"],"picked":"Slimebound:Equalize","floor":41.0},{"not_picked":["Slimebound:Gluttony","Slimebound:LeechingTouch+1"],"picked":"Slimebound:LeadByExample","floor":42.0},{"not_picked":["Slimebound:SplitLeeching","Slimebound:SlimeBrawl"],"picked":"Slimebound:SlimeSlap+1","floor":45.0},{"not_picked":["Slimebound:RollThrough+1","Slimebound:SplitLeeching+1","Slimebound:SlimeBrawl"],"picked":"SKIP","floor":48.0},{"not_picked":["Slimebound:SlimeSpikes","Slimebound:ViciousTackle+1","Slimebound:Schlurp+1"],"picked":"SKIP","floor":49.0},{"not_picked":["Slimebound:SlimeBrawl","Slimebound:RollThrough+1","Slimebound:ViciousTackle+1"],"picked":"SKIP","floor":50.0},{"not_picked":["Slimebound:Nibble+1","Slimebound:ComboTackle+1"],"picked":"Slimebound:LeechEnergy+1","floor":51.0},{"not_picked":["Slimebound:OozeBath","Slimebound:LevelUp+1"],"picked":"Slimebound:HungryTackle+1","floor":54.0}],"player_experience":2274014,"relics_obtained":[{"floor":2.0,"key":"aspiration:HummingbirdHeart"},{"floor":7.0,"key":"potionbrewer:AlchemistFlask"},{"floor":9.0,"key":"Thread and Needle"},{"floor":12.0,"key":"Pear"},{"floor":20.0,"key":"Cleaning_Rag"},{"floor":21.0,"key":"Vajra"},{"floor":22.0,"key":"Guardian:PocketSentry"},{"floor":24.0,"key":"TungstenRod"},{"floor":27.0,"key":"White Beast Statue"},{"floor":38.0,"key":"vexMod:CardConverter"},{"floor":41.0,"key":"Replay:Multitool"},{"floor":43.0,"key":"GodSword1"},{"floor":45.0,"key":"Molten Egg 2"},{"floor":49.0,"key":"wanderingMiniBosses:OtherGremlinHorn"},{"floor":54.0,"key":"Replay:Kaleidoscope"}],"event_choices":[{"damage_healed":0.0,"max_hp_gain":0.0,"max_hp_loss":0.0,"gold_gain":0.0,"cards_transformed":["Slimebound:Defend_Slimebound"],"event_name":"Transmorgrifier","player_choice":"Transformed","floor":47.0,"gold_loss":0.0,"damage_taken":0.0,"cards_obtained":["Slimebound:SplitMire"]}],"is_beta":false,"boss_relics":[{"not_picked":["Replay:Ancient Bell","Astrolabe"],"picked":"vexMod:BigBerry"},{"not_picked":["Ring of Chaos","potionbrewer:BhaskarasWheel"],"picked":"aspiration:RandomNobGenerator"}],"items_purged_floors":[28,55],"is_endless":false,"potions_floor_spawned":[9,15,16,19,22,25,28,29,34,35,38,41,42,45,48,49,50,51,54],"ascension_level":12}}