{"host":"9v3x998ddbx8o276","time":1608455350,"event":{"mods":["AchievementEnabler","BaseMod","Colored Map","Highlight Path","Minty Spire (QoL Compilation)","Quick Restart","Rare Cards Sparkle"],"gold_per_floor":[118,118,37,37,37,37,67,67,67,67,82,110,122,152,152,229,229,249,249,174,22,22,22,39,14,14,41,41,41,41,41,41,115,115,135,152,152,62,62,62,62,62,86,86,86,103,103,103,103],"floor_reached":48,"playtime":1295,"items_purged":["Strike_G"],"score":962,"play_id":"0c639aa8-5c32-4300-88be-edd0fec9e5a7","local_time":"20201220193910","is_ascension_mode":true,"campfire_choices":[{"data":"Bouncing Flask","floor":6.0,"key":"SMITH"},{"data":"Riddle With Holes","floor":8.0,"key":"SMITH"},{"data":"Noxious Fumes","floor":10.0,"key":"SMITH"},{"floor":15.0,"key":"REST"},{"floor":23.0,"key":"REST"},{"floor":28.0,"key":"REST"},{"data":"Envenom","floor":32.0,"key":"SMITH"},{"floor":40.0,"key":"REST"},{"floor":42.0,"key":"REST"},{"floor":47.0,"key":"REST"}],"circlet_count":0,"master_deck":["AscendersBane","Strike_G","Defend_G","Defend_G","Defend_G","Survivor","Neutralize","Riddle With Holes+1","Bouncing Flask+1","Noxious Fumes+1","Blur","Deadly Poison","Dash","Bane","Burst+1","Dash+1","Endless Agony+1","Heel Hook+1","Dodge and Roll+1","Corpse Explosion","Dodge and Roll","Poisoned Stab","Deadly Poison","Envenom+1","Night Terror","Prepared","Catalyst"],"relics":["Ring of the Snake","NeowsBlessing","GremlinMask","Matryoshka","Snake Skull","Juzu Bracelet","Dead Branch","MealTicket","Astrolabe","Tiny Chest","HornCleat","Akabeko","Black Star","Nunchaku","Bottled Tornado"],"acts_visited":["Exordium","TheCity","TheBeyond"],"potions_floor_usage":[48,48],"damage_taken":[{"damage":0.0,"enemies":"Small Slimes","floor":1.0,"turns":1.0},{"damage":0.0,"enemies":"3 Sentries","floor":7.0,"turns":2.0},{"damage":0.0,"enemies":"Cultist","floor":11.0,"turns":1.0},{"damage":29.0,"enemies":"Gremlin Nob","floor":12.0,"turns":4.0},{"damage":0.0,"enemies":"2 Louse","floor":13.0,"turns":2.0},{"damage":14.0,"enemies":"3 Sentries","floor":14.0,"turns":7.0},{"damage":29.0,"enemies":"The Guardian","floor":16.0,"turns":9.0},{"damage":16.0,"enemies":"Spheric Guardian","floor":18.0,"turns":4.0},{"damage":0.0,"enemies":"Chosen","floor":24.0,"turns":2.0},{"damage":42.0,"enemies":"Gremlin Leader","floor":27.0,"turns":8.0},{"damage":45.0,"enemies":"Automaton","floor":33.0,"turns":8.0},{"damage":13.0,"enemies":"3 Shapes","floor":35.0,"turns":6.0},{"damage":31.0,"enemies":"3 Darklings","floor":36.0,"turns":4.0},{"damage":25.0,"enemies":"Sphere and 2 Shapes","floor":46.0,"turns":6.0},{"damage":96,"enemies":"Giant Head","floor":48,"turns":9}],"seed_played":"-5111473358929644036","potions_obtained":[{"floor":1.0,"key":"LiquidBronze"},{"floor":11.0,"key":"Poison Potion"},{"floor":14.0,"key":"SneckoOil"},{"floor":16.0,"key":"Poison Potion"},{"floor":36.0,"key":"SkillPotion"}],"is_trial":false,"path_per_floor":["M","?","$","$","?","R","E","R","T","R","M","E","M","E","R","B",null,"M","?","?","$","?","R","M","$","T","E","R","$","?","$","R","B",null,"M","M","?","$","T","R","?","R","T","?","T","M","R","E"],"character_chosen":"THE_SILENT","items_purchased":["Bouncing Flask","Corpse Explosion","Poisoned Stab","Catalyst","Block Potion"],"campfire_rested":6,"item_purchase_floors":[3,21,25,38,38],"current_hp_per_floor":[59,59,59,59,59,59,59,59,59,59,59,30,30,16,35,6,51,35,35,35,50,50,66,66,66,66,24,43,58,58,66,66,21,55,42,11,11,26,26,45,45,64,64,64,64,39,58,0,0],"gold":103,"neow_bonus":"THREE_ENEMY_KILL","is_daily":false,"chose_seed":false,"campfire_upgraded":4,"win_rate":0.0,"timestamp":1608455350,"path_taken":["M","?","?","$","?","R","E","R","T","R","M","E","M","E","R","BOSS","M","?","?","$","?","R","M","$","T","E","R","$","?","?","R","BOSS","M","M","?","$","?","R","?","R","T","?","?","M","R","E"],"items_purchased_type":["Card","Card","Card","Card","Potion"],"build_version":"2020-12-13","purchased_purges":1,"victory":false,"max_hp_per_floor":[66,66,66,66,66,66,66,66,66,66,66,66,66,66,66,66,66,66,66,66,66,66,66,66,66,66,66,66,66,66,66,66,66,66,66,66,66,66,66,66,66,66,66,66,66,66,66,66,66],"card_choices":[{"not_picked":["Terror","Finisher"],"picked":"Riddle With Holes","floor":1.0},{"not_picked":["Dodge and Roll","Flying Knee"],"picked":"Noxious Fumes","floor":7.0},{"not_picked":["Prepared","Backflip"],"picked":"Blur","floor":11.0},{"not_picked":["Slice","Flying Knee"],"picked":"Deadly Poison","floor":12.0},{"not_picked":["PiercingWail","Bane"],"picked":"Dash","floor":13.0},{"not_picked":["Infinite Blades","Slice"],"picked":"Bane","floor":14.0},{"not_picked":["Storm of Steel","Die Die Die"],"picked":"Burst","floor":16.0},{"not_picked":["Blur","Blade Dance"],"picked":"Dodge and Roll+1","floor":18.0},{"not_picked":["Flechettes","Dagger Spray"],"picked":"Dodge and Roll","floor":24.0},{"not_picked":["Bane+1","Deflect"],"picked":"Deadly Poison","floor":27.0},{"not_picked":["Corpse Explosion","Unload"],"picked":"Night Terror","floor":33.0},{"not_picked":["Blade Dance","Accuracy","Dodge and Roll"],"picked":"SKIP","floor":35.0},{"not_picked":["Underhanded Strike+1","Dagger Spray"],"picked":"Prepared","floor":36.0},{"not_picked":["Riddle With Holes","Underhanded Strike","Deadly Poison"],"picked":"SKIP","floor":46.0}],"player_experience":2043246,"relics_obtained":[{"floor":7.0,"key":"Matryoshka"},{"floor":9.0,"key":"Snake Skull"},{"floor":9.0,"key":"Juzu Bracelet"},{"floor":12.0,"key":"Dead Branch"},{"floor":14.0,"key":"MealTicket"},{"floor":26.0,"key":"Tiny Chest"},{"floor":26.0,"key":"HornCleat"},{"floor":27.0,"key":"Akabeko"},{"floor":43.0,"key":"Nunchaku"},{"floor":45.0,"key":"Bottled Tornado"}],"event_choices":[{"damage_healed":0.0,"max_hp_gain":0.0,"max_hp_loss":0.0,"gold_gain":0.0,"event_name":"FaceTrader","player_choice":"Trade","floor":2.0,"gold_loss":0.0,"damage_taken":0.0,"relics_obtained":["GremlinMask"]},{"damage_healed":0.0,"max_hp_gain":0.0,"max_hp_loss":0.0,"gold_gain":0.0,"event_name":"The Cleric","player_choice":"Leave","floor":5.0,"gold_loss":0.0,"damage_taken":0.0},{"damage_healed":0.0,"max_hp_gain":0.0,"max_hp_loss":0.0,"gold_gain":0.0,"event_name":"Vampires","player_choice":"Ignored","floor":19.0,"gold_loss":0.0,"damage_taken":0.0},{"cards_removed":["Defend_G"],"damage_healed":0.0,"max_hp_gain":0.0,"max_hp_loss":0.0,"gold_gain":0.0,"event_name":"Beggar","player_choice":"Gave Gold","floor":20.0,"gold_loss":75.0,"damage_taken":0.0},{"damage_healed":0.0,"max_hp_gain":0.0,"max_hp_loss":0.0,"gold_gain":0.0,"event_name":"N\u0027loth","player_choice":"Ignored","floor":22.0,"gold_loss":0.0,"damage_taken":0.0},{"damage_healed":0.0,"max_hp_gain":0.0,"max_hp_loss":0.0,"gold_gain":0.0,"event_name":"Match and Keep!","player_choice":"1 cards matched","floor":30.0,"gold_loss":0.0,"damage_taken":0.0,"cards_obtained":["Envenom"]},{"damage_healed":0.0,"max_hp_gain":0.0,"max_hp_loss":0.0,"gold_gain":0.0,"event_name":"Accursed Blacksmith","player_choice":"Forge","floor":37.0,"gold_loss":0.0,"damage_taken":0.0,"cards_upgraded":["Burst"]},{"cards_removed":["Strike_G"],"damage_healed":0.0,"max_hp_gain":0.0,"max_hp_loss":0.0,"gold_gain":0.0,"event_name":"Falling","player_choice":"Removed Attack","floor":41.0,"gold_loss":0.0,"damage_taken":0.0},{"damage_healed":0.0,"max_hp_gain":0.0,"max_hp_loss":0.0,"gold_gain":0.0,"event_name":"Mysterious Sphere","player_choice":"Ignored","floor":44.0,"gold_loss":0.0,"damage_taken":0.0}],"is_beta":false,"boss_relics":[{"not_picked":["Cursed Key","Ectoplasm"],"picked":"Astrolabe"},{"not_picked":["HoveringKite","SacredBark"],"picked":"Black Star"}],"items_purged_floors":[21],"is_endless":false,"potions_floor_spawned":[1,11,14,16,36],"killed_by":"Giant Head","ascension_level":20}}