{"host":"sv2o2io561l6x04h","time":1608432717,"event":{"mods":["BaseMod","Bestiary","Better Altar","Better Match","Better Note","Better Sensory Stone","Colored Map","Conspire","Custom Start","DeckTracker","Highlight Path","Hubris","Minty Spire (QoL Compilation)","Replay The Spire","Shop Mod","StSLib","The Runesmith"],"gold_per_floor":[109,109,129,1,12,12,12,12,12,12,30,30,50,120,120,240,240,165,165],"floor_reached":18,"playtime":1199,"items_purged":["Runesmith:Defend_RS"],"score":152,"play_id":"e76ae4ee-e5e4-4ed4-a895-0756e2d7a67f","local_time":"20201219215157","is_ascension_mode":false,"campfire_choices":[{"data":"Runesmith:CraftFirestone","floor":6,"key":"SMITH"},{"data":"Runesmith:CraftProtectio","floor":8,"key":"SMITH"},{"data":"Runesmith:Permafrost","floor":15,"key":"SMITH"}],"circlet_count":0,"master_deck":["Runesmith:CraftFirestone+1","Runesmith:Fortify","Runesmith:FissionHammer","Runesmith:EarthShield","Runesmith:CraftProtectio+1","Spreading Infection","Runesmith:Refine","Runesmith:Permafrost+1","Runesmith:CreatorForm","Runesmith:LastStand","Runesmith:CraftIncendium","Runesmith:DoubleUp","Runesmith:DoubleUp","Runesmith:Superposition","Runesmith:FissionHammer","Runesmith:PoweredAnvil"],"relics":["Runesmith:BrokenRuby","Snack Pack","Golden Idol","SsserpentHead","Pandora\u0027s Box"],"acts_visited":["Exordium","TheCity"],"potions_floor_usage":[16,18],"damage_taken":[{"damage":0,"enemies":"2 Louse","floor":1,"turns":1},{"damage":0,"enemies":"Cultist","floor":3,"turns":3},{"damage":2,"enemies":"Small Slimes","floor":5,"turns":2},{"damage":1,"enemies":"2 Fungi Beasts","floor":11,"turns":3},{"damage":12,"enemies":"Gremlin Gang","floor":13,"turns":5},{"damage":0,"enemies":"Red Slaver","floor":14,"turns":3},{"damage":9,"enemies":"Slime Boss","floor":16,"turns":7},{"damage":24,"enemies":"2 Thieves","floor":18,"turns":4}],"seed_played":"-2333025922981090177","potions_obtained":[{"floor":1,"key":"SkillPotion"},{"floor":3,"key":"DuplicationPotion"},{"floor":5,"key":"SmokeBomb"},{"floor":14,"key":"DistilledChaos"}],"is_trial":false,"path_per_floor":["M","?","M","$","M","R","?","R","T","?","M","?","M","M","R","B",null,"M"],"character_chosen":"RUNESMITH_CLASS","items_purchased":["Runesmith:CraftProtectio"],"campfire_rested":0,"item_purchase_floors":[4],"current_hp_per_floor":[63,63,63,63,61,61,61,61,61,46,45,45,33,33,33,24,63,39,39],"gold":165,"neow_bonus":"THREE_RARE_CARDS","is_daily":false,"chose_seed":false,"campfire_upgraded":3,"win_rate":0.0,"timestamp":1608432717,"path_taken":["M","?","?","$","M","R","?","R","T","?","M","?","M","?","R","BOSS","M"],"items_purchased_type":["Card"],"build_version":"2020-12-13","purchased_purges":1,"victory":false,"max_hp_per_floor":[63,63,63,63,63,63,63,63,63,63,63,63,63,63,63,63,63,63,63],"card_choices":[{"not_picked":["Runesmith:CraftMedicinae","Runesmith:ReplicatingBarrier"],"picked":"Runesmith:FissionHammer","floor":0},{"not_picked":["Runesmith:PerfectChisel","Runesmith:Overpower"],"picked":"Runesmith:EarthShield","floor":1},{"not_picked":["Runesmith:StaticCage","Runesmith:HammerThrow","Runesmith:RuneHurl"],"picked":"SKIP","floor":3},{"not_picked":["Runesmith:EnergizedChisel","Runesmith:Electrocute","Runesmith:ElementalConversion"],"picked":"SKIP","floor":5},{"not_picked":["Runesmith:CraftObretio","Runesmith:Accelerate"],"picked":"Runesmith:Refine","floor":11},{"not_picked":["Runesmith:Retool","Runesmith:ShiftingStrike","Runesmith:BackupBattery"],"picked":"SKIP","floor":13},{"not_picked":["Runesmith:EarthShield","Runesmith:HeatedChisel"],"picked":"Runesmith:Permafrost","floor":14},{"not_picked":["Runesmith:DuctTape","Runesmith:Duplicate"],"picked":"Runesmith:CreatorForm","floor":16}],"player_experience":217184,"relics_obtained":[{"floor":9,"key":"Snack Pack"}],"event_choices":[{"damage_healed":0,"gold_gain":0,"player_choice":"Bought 0 Potions","damage_taken":0,"max_hp_gain":0,"max_hp_loss":0,"event_name":"The Woman in Blue","floor":2,"gold_loss":0},{"damage_healed":0,"gold_gain":0,"player_choice":"Take Damage","damage_taken":15,"relics_obtained":["Golden Idol"],"max_hp_gain":0,"max_hp_loss":0,"event_name":"Golden Idol","floor":10,"gold_loss":0},{"damage_healed":0,"gold_gain":0,"player_choice":"Trade","damage_taken":0,"relics_obtained":["SsserpentHead"],"max_hp_gain":0,"max_hp_loss":0,"event_name":"FaceTrader","floor":12,"gold_loss":0}],"is_beta":false,"boss_relics":[{"not_picked":["Replay:Wanted Poster","hubris:Backtick"],"picked":"Pandora\u0027s Box"}],"items_purged_floors":[4],"is_endless":false,"potions_floor_spawned":[1,3,5,14],"killed_by":"2 Thieves","ascension_level":0}}