{"host":"xcuflocadasoaqda","time":1608484257,"event":{"mods":["BaseMod","Bestiary","Filter the Spire","Minty Spire (QoL Compilation)","Relic Stats"],"gold_per_floor":[114,114,133,133,159,171,201,213,249,261,273,285,341,17,17,115,115,129,145,145,168,191,231,231,271,323,358,376,39,74,74,74,74,74],"floor_reached":33,"playtime":2144,"items_purged":[],"score":812,"play_id":"39f799e4-cce8-4dd4-ac1d-782cd1f5b5fe","local_time":"20201220111057","is_ascension_mode":true,"campfire_choices":[{"data":"Deadly Poison","floor":6,"key":"SMITH"},{"data":"Footwork","floor":11,"key":"SMITH"},{"data":"Burst","floor":15,"key":"SMITH"},{"data":"Catalyst","floor":32,"key":"SMITH"}],"circlet_count":0,"master_deck":["AscendersBane","Survivor","Neutralize","A Thousand Cuts+1","Dodge and Roll","PiercingWail","Venomology","Burst+1","Deadly Poison+1","Escape Plan","PiercingWail","Deflect","Backflip","Footwork+1","Poisoned Stab","Acrobatics","Bullet Time","Deadly Poison","Calculated Gamble","Grand Finale","Acrobatics","Catalyst+1","Noxious Fumes"],"relics":["Pandora\u0027s Box","Golden Idol","MawBank","Anchor","Ginger","FossilizedHelix","Snecko Eye","Juzu Bracelet","Gambling Chip","Nilry\u0027s Codex","Torii","Strawberry","Tough Bandages","ClockworkSouvenir","White Beast Statue"],"acts_visited":["Exordium","TheCity"],"potions_floor_usage":[3,7,8,13,23,23,27,27,28,33],"damage_taken":[{"damage":0,"enemies":"Jaw Worm","floor":1,"turns":5},{"damage":0,"enemies":"Cultist","floor":3,"turns":5},{"damage":0,"enemies":"2 Louse","floor":5,"turns":4},{"damage":0,"enemies":"Large Slime","floor":7,"turns":8},{"damage":0,"enemies":"Gremlin Nob","floor":8,"turns":1},{"damage":20,"enemies":"3 Sentries","floor":13,"turns":8},{"damage":0,"enemies":"The Guardian","floor":16,"turns":8},{"damage":6,"enemies":"2 Thieves","floor":18,"turns":4},{"damage":0,"enemies":"Shell Parasite","floor":19,"turns":4},{"damage":6,"enemies":"Chosen and Byrds","floor":21,"turns":6},{"damage":10,"enemies":"Gremlin Leader","floor":23,"turns":5},{"damage":0,"enemies":"Slavers","floor":25,"turns":6},{"damage":11,"enemies":"Book of Stabbing","floor":27,"turns":5},{"damage":0,"enemies":"Snake Plant","floor":28,"turns":3},{"damage":1,"enemies":"Slavers","floor":30,"turns":4},{"damage":51,"enemies":"Automaton","floor":33,"turns":6}],"seed_played":"-1577928140983724210","potions_obtained":[{"floor":1,"key":"AttackPotion"},{"floor":5,"key":"Energy Potion"},{"floor":12,"key":"Regen Potion"},{"floor":30,"key":"BlessingOfTheForge"}],"is_trial":false,"path_per_floor":["M","?","M","?","M","R","M","E","T","?","R","?","E","$","R","B",null,"M","M","?","M","T","E","?","E","T","E","M","$","E","?","R","B"],"character_chosen":"THE_SILENT","items_purchased":["FossilizedHelix","Catalyst","Noxious Fumes","ClockworkSouvenir"],"campfire_rested":0,"item_purchase_floors":[14,29,29,29],"current_hp_per_floor":[59,59,59,59,59,59,59,59,59,59,59,59,39,39,39,39,55,49,49,49,43,43,60,39,39,46,35,35,35,34,34,34,0,0],"gold":74,"neow_bonus":"BOSS_RELIC","is_daily":false,"chose_seed":false,"campfire_upgraded":4,"win_rate":0.0,"timestamp":1608484257,"path_taken":["M","?","M","?","?","R","M","E","T","?","R","?","E","$","R","BOSS","M","?","?","M","?","E","?","E","T","E","M","$","E","?","R","BOSS"],"items_purchased_type":["Relic","Card","Card","Relic"],"build_version":"2020-12-13","purchased_purges":0,"victory":false,"max_hp_per_floor":[66,60,60,60,60,60,60,60,60,60,60,60,60,60,60,60,60,60,60,60,60,60,60,60,60,67,67,67,67,67,67,67,67,67],"relic_stats":{"Tough Bandages":[93],"Torii":1,"counters":[16,82],"Golden Idol":92,"Gambling Chip":[10],"Snecko Eye":[94,73,93,107],"Pandora\u0027s Box":["A Thousand Cuts","Dodge and Roll","PiercingWail","Venomology","Burst","Deadly Poison","Escape Plan","PiercingWail","Deflect","Backflip"],"Juzu Bracelet":0,"Ginger":[9],"MawBank":120,"obtain_stats":[{"Torii":25,"Golden Idol":2,"Nilry\u0027s Codex":24,"Juzu Bracelet":22,"Ginger":13,"MawBank":4,"White Beast Statue":30,"ClockworkSouvenir":29,"Anchor":9,"Tough Bandages":27,"Gambling Chip":23,"Strawberry":26,"Snecko Eye":17,"Pandora\u0027s Box":0,"FossilizedHelix":14,"Ring of the Snake":0},{"Torii":12,"Golden Idol":1,"Nilry\u0027s Codex":11,"Juzu Bracelet":10,"Ginger":6,"MawBank":2,"White Beast Statue":15,"ClockworkSouvenir":14,"Anchor":5,"Tough Bandages":13,"Gambling Chip":11,"Strawberry":12,"Snecko Eye":7,"Pandora\u0027s Box":0,"FossilizedHelix":6,"Ring of the Snake":0},{"Torii":64,"Golden Idol":5,"Nilry\u0027s Codex":58,"Juzu Bracelet":53,"Ginger":31,"MawBank":10,"White Beast Statue":76,"ClockworkSouvenir":72,"Anchor":23,"Tough Bandages":69,"Gambling Chip":58,"Strawberry":64,"Snecko Eye":39,"Pandora\u0027s Box":0,"FossilizedHelix":31,"Ring of the Snake":0}]},"card_choices":[{"not_picked":["Choke","Dagger Throw"],"picked":"Footwork","floor":1},{"not_picked":["Bane","All Out Attack"],"picked":"Poisoned Stab","floor":3},{"not_picked":["Tactician","Outmaneuver"],"picked":"Acrobatics","floor":5},{"not_picked":["Outmaneuver","Backstab","Choke"],"picked":"SKIP","floor":7},{"not_picked":["Dagger Throw","Caltrops","Poisoned Stab"],"picked":"SKIP","floor":13},{"not_picked":["Tools of the Trade","Phantasmal Killer"],"picked":"Bullet Time","floor":16},{"not_picked":["Quick Slash","Outmaneuver","Dagger Spray"],"picked":"SKIP","floor":18},{"not_picked":["Quick Slash","Expertise"],"picked":"Deadly Poison","floor":19},{"not_picked":["Deflect","Escape Plan+1","Poisoned Stab+1"],"picked":"SKIP","floor":21},{"not_picked":["Prepared","Slice"],"picked":"Calculated Gamble","floor":23},{"not_picked":["Poisoned Stab","Blade Dance"],"picked":"Grand Finale","floor":25},{"not_picked":["Sucker Punch","Flechettes"],"picked":"Acrobatics","floor":27},{"not_picked":["Flying Knee","Masterful Stab","Acrobatics"],"picked":"SKIP","floor":28},{"not_picked":["Die Die Die","Outmaneuver","Flying Knee"],"picked":"SKIP","floor":30}],"player_experience":1772056,"relics_obtained":[{"floor":9,"key":"Anchor"},{"floor":13,"key":"Ginger"},{"floor":22,"key":"Juzu Bracelet"},{"floor":23,"key":"Gambling Chip"},{"floor":24,"key":"Nilry\u0027s Codex"},{"floor":25,"key":"Torii"},{"floor":26,"key":"Strawberry"},{"floor":27,"key":"Tough Bandages"},{"floor":30,"key":"White Beast Statue"}],"event_choices":[{"damage_healed":0,"gold_gain":0,"player_choice":"Lose Max HP","damage_taken":0,"relics_obtained":["Golden Idol"],"max_hp_gain":0,"max_hp_loss":6,"event_name":"Golden Idol","floor":2,"gold_loss":0},{"damage_healed":0,"gold_gain":0,"player_choice":"Gave Potion","damage_taken":0,"relics_obtained":["MawBank"],"max_hp_gain":0,"max_hp_loss":0,"event_name":"WeMeetAgain","floor":4,"gold_loss":0},{"damage_healed":0,"gold_gain":0,"player_choice":"Grow","damage_taken":0,"max_hp_gain":0,"max_hp_loss":0,"event_name":"Living Wall","floor":10,"gold_loss":0,"cards_upgraded":["A Thousand Cuts"]},{"damage_healed":0,"gold_gain":0,"player_choice":"Got Potions","damage_taken":0,"max_hp_gain":0,"max_hp_loss":0,"event_name":"Lab","floor":12,"gold_loss":0},{"damage_healed":0,"gold_gain":0,"player_choice":"Ignored","damage_taken":0,"max_hp_gain":0,"max_hp_loss":0,"event_name":"Vampires","floor":20,"gold_loss":0},{"damage_healed":0,"gold_gain":0,"player_choice":"Obtained Book","damage_taken":21,"max_hp_gain":0,"max_hp_loss":0,"event_name":"Cursed Tome","floor":24,"gold_loss":0},{"damage_healed":0,"gold_gain":0,"player_choice":"Ignored","damage_taken":0,"max_hp_gain":0,"max_hp_loss":0,"event_name":"The Mausoleum","floor":31,"gold_loss":0}],"is_beta":false,"boss_relics":[{"not_picked":["Sozu","Black Star"],"picked":"Snecko Eye"}],"items_purged_floors":[],"is_endless":false,"potions_floor_spawned":[1,5,7,8,13,18,21,30],"killed_by":"Automaton","ascension_level":20}}