{"host":"x6165drukuu8ns9f","time":1608467191,"event":{"mods":["2.2 Compatiblity","Act Like it!","Aspiration","BaseMod","CapriCore","ChefMod","Colored Map","Colored Powertips","Conspire","Elementarium","GifTheSpireLib","Hallownest","Hubris","Luminous","Minty Spire (QoL Compilation)","Pale of the Ancients","Robot Space Explorer","Spicy Shops","Spire Birthday Party","StSLib","SuperFastMode","The Alterego","The Blue Laboratory","The Dragon Tamer","The Mystic","The Runesmith","TheSwordswoman","TheWitcher","vexMod"],"gold_per_floor":[144,214,271,310,9,96,193,250,277,277,307,307,368,479,479,786,786,830,830,25,52,52,52],"floor_reached":22,"playtime":970,"items_purged":[],"score":231,"play_id":"0106c372-9d53-45b1-bf63-a86aa1a29cdf","local_time":"20201220132631","daily_mods":["Vintage","Flight","DeadlyEvents","Elite Swarm","Midas"],"is_ascension_mode":false,"campfire_choices":[{"floor":10,"key":"REST"},{"floor":12,"key":"REST"},{"floor":15,"key":"REST"}],"circlet_count":0,"master_deck":["SnafuTest:DefaultCommonAttack","SnafuTest:DefaultCommonAttack","SnafuTest:DefaultCommonAttack","SnafuTest:BountyHunt","SnafuTest:DefaultCommonSkill","SnafuTest:DefaultCommonSkill","SnafuTest:DefaultCommonSkill","SnafuTest:SignAxii","SnafuTest:Kick","SnafuTest:PowerHangmenTree","Discovery","SnafuTest:AssassinOfKings","SnafuTest:BlackSunRise","SnafuTest:WhiteWolfRise","SnafuTest:BlackSunRise","SnafuTest:PowerBloodLust","SnafuTest:SwordDance","SnafuTest:SpellCalcinedMetamorphism"],"relics":["SnafuTest:PlaceholderRelic","SnafuTest:IgniRelic","hubris:Metronome","aspiration:Lifesprig","Smiling Mask","Strawberry","Oddly Smooth Stone","aspiration:FrozenJewel","Meat on the Bone","CeramicFish","Happy Flower","vexMod:MemoryStick","conspire:TopHat","hubris:CrackedHourglass","vexMod:BarristanHead","Toxic Egg 2","Toolbox","MealTicket"],"acts_visited":["Exordium","TheCity"],"potions_floor_usage":[7],"damage_taken":[{"damage":12,"enemies":"Small Slimes","floor":1,"turns":6},{"damage":7,"enemies":"2 Louse","floor":2,"turns":3},{"damage":1,"enemies":"Cultist","floor":3,"turns":4},{"damage":6,"enemies":"Blue Slaver","floor":4,"turns":4},{"damage":14,"enemies":"Gremlin Nob","floor":6,"turns":3},{"damage":19,"enemies":"Lagavulin","floor":7,"turns":4},{"damage":11,"enemies":"Red Slaver","floor":8,"turns":2},{"damage":0,"enemies":"Lots of Slimes","floor":11,"turns":1},{"damage":2,"enemies":"Looter","floor":13,"turns":3},{"damage":7,"enemies":"3 Sentries","floor":14,"turns":3},{"damage":37,"enemies":"The Guardian","floor":16,"turns":7},{"damage":25,"enemies":"3 Byrds","floor":18,"turns":6},{"damage":1,"enemies":"conspire:FuzzyDice","floor":22,"turns":1}],"seed_played":"-4057340086409111129","potions_obtained":[{"floor":6,"key":"SpeedPotion"},{"floor":7,"key":"blueLaboratory:HeartbeatPotion"},{"floor":8,"key":"blueLaboratory:HorrorPotion"},{"floor":13,"key":"blueLaboratory:PyrophylliteBrew"}],"is_trial":true,"path_per_floor":["M","M","M","M","$","E","E","M","T","R","M","R","M","E","R","B",null,"M","?","$","T","M"],"character_chosen":"THE_WITCHER","items_purchased":["Strawberry","SnafuTest:Kick","SnafuTest:PowerHangmenTree","Discovery","SnafuTest:PowerBloodLust","SnafuTest:SwordDance","SnafuTest:SpellCalcinedMetamorphism","Toxic Egg 2","Toolbox"],"campfire_rested":3,"item_purchase_floors":[5,5,5,5,20,20,20,20,20],"current_hp_per_floor":[63,56,55,49,56,42,23,12,12,36,48,72,70,63,82,45,82,57,57,57,57,0,0],"gold":52,"neow_bonus":"","is_daily":false,"chose_seed":false,"campfire_upgraded":0,"win_rate":0.0,"timestamp":1608467191,"path_taken":["M","M","M","M","$","E","E","M","T","R","M","R","M","E","R","BOSS","M","?","?","?","M"],"items_purchased_type":["Relic","Card","Card","Card","Card","Card","Card","Relic","Relic"],"build_version":"2020-12-13","purchased_purges":0,"victory":false,"max_hp_per_floor":[75,75,75,75,82,82,82,82,82,82,82,82,82,82,82,82,82,82,82,82,82,82,82],"card_choices":[{"not_picked":["SnafuTest:PowerEternalFlame","SnafuTest:PowerRhymeBeyondTime"],"picked":"SnafuTest:AssassinOfKings","floor":6},{"not_picked":["SnafuTest:Amputation","SnafuTest:MilitaryReview"],"picked":"SnafuTest:BlackSunRise","floor":7},{"not_picked":["SnafuTest:PowerEquilibrium","SnafuTest:Awake"],"picked":"SnafuTest:WhiteWolfRise","floor":14},{"not_picked":["SnafuTest:LastWish","SnafuTest:LeadingCharge"],"picked":"SnafuTest:BlackSunRise","floor":16}],"player_experience":101983,"relics_obtained":[{"floor":1,"key":"SnafuTest:IgniRelic"},{"floor":2,"key":"hubris:Metronome"},{"floor":3,"key":"aspiration:Lifesprig"},{"floor":4,"key":"Smiling Mask"},{"floor":6,"key":"Oddly Smooth Stone"},{"floor":7,"key":"aspiration:FrozenJewel"},{"floor":8,"key":"Meat on the Bone"},{"floor":9,"key":"CeramicFish"},{"floor":11,"key":"Happy Flower"},{"floor":13,"key":"vexMod:MemoryStick"},{"floor":14,"key":"conspire:TopHat"},{"floor":18,"key":"vexMod:BarristanHead"},{"floor":21,"key":"MealTicket"}],"event_choices":[{"damage_healed":0,"gold_gain":0,"player_choice":"Ignored","damage_taken":0,"max_hp_gain":0,"max_hp_loss":0,"event_name":"Ghosts","floor":19,"gold_loss":0}],"is_beta":false,"boss_relics":[{"not_picked":["hubris:Stopwatch","conspire:SlowCooker"],"picked":"hubris:CrackedHourglass"}],"items_purged_floors":[],"is_endless":false,"potions_floor_spawned":[6,7,8,13],"killed_by":"conspire:FuzzyDice","ascension_level":0}}