{"host":"m3rs92yjkwi06hli","time":1611371585,"event":{"mods":["Act Like it!","Aspiration","BaseMod","Colored Map","Conspire","Defuse TimeMaze Blight","Downfall","Energized Spire","Hubris","Infinite Spire","Minty Spire (QoL Compilation)","Relic Stats","Spicy Shops","StSLib"],"gold_per_floor":[99,114,114,289,46,57,133,33,61,61,80,115,133,133,152,152,152,152],"floor_reached":16,"language":"ENG","playtime":437,"items_purged":["Doubt"],"score":116,"play_id":"fb98ab3f-eda1-4db1-816a-05ec77d448a6","local_time":"20210122211305","is_ascension_mode":true,"campfire_choices":[{"floor":1,"key":"RECALL"},{"data":"bronze:ChosenStrike","floor":8,"key":"SMITH"},{"floor":10,"key":"REST"}],"circlet_count":0,"master_deck":["bronze:Strike","bronze:Strike","bronze:Strike","bronze:Strike+1","bronze:Defend","bronze:Defend","bronze:Defend","bronze:Defend","bronze:Replicate","bronze:Goto","bronze:ChosenStrike+1","bronze:WhirlingStrike+1","bronze:BronzeArmor+1","bronze:InfiniteLoop","bronze:Constructor","bronze:FineTuning","bronze:Iterate","downfall:Malfunctioning","bronze:GetLatest"],"relics":["bronze:BronzeCore","InkBottle","hubris:OldNail","infinitespire:ShieldingShard","downfall:HeartBlessingRed","HornCleat","Strawberry"],"acts_visited":["Exordium"],"potions_floor_usage":[16],"damage_taken":[{"damage":1,"enemies":"Cultist","floor":2,"turns":4},{"damage":0,"enemies":"downfall:FleeingMerchant","floor":5,"turns":4},{"damage":5,"enemies":"Small Slimes","floor":6,"turns":2},{"damage":23,"enemies":"Lagavulin","floor":9,"turns":5},{"damage":0,"enemies":"Jaw Worm","floor":11,"turns":3},{"damage":11,"enemies":"Gremlin Nob","floor":12,"turns":4},{"damage":0,"enemies":"Blue Slaver","floor":13,"turns":3},{"damage":0,"enemies":"2 Fungi Beasts","floor":15,"turns":1},{"damage":59,"enemies":"DF_ARCHETYPE_STREAMLINE","floor":16,"turns":9}],"seed_played":"2699009374914963030","potions_obtained":[{"floor":6,"key":"Guardian:BlockOnCardUsePotion"},{"floor":11,"key":"LiquidBronze"},{"floor":12,"key":"LiquidBronze"}],"is_trial":false,"path_per_floor":["R","M","?","?","$","M","T","R","E","R","M","E","M","?","M","B"],"character_chosen":"THE_AUTOMATON","items_purchased":["hubris:OldNail"],"campfire_rested":1,"item_purchase_floors":[5],"current_hp_per_floor":[77,76,64,64,64,59,59,59,36,59,59,55,55,55,55,0,0,0],"gold":152,"neow_bonus":"TEN_PERCENT_HP_BONUS","is_daily":false,"chose_seed":false,"campfire_upgraded":1,"win_rate":0.0,"timestamp":1611371585,"path_taken":["R","M","?","?","?","M","T","R","E","R","M","E","M","?","M","BOSS"],"items_purchased_type":["Relic"],"build_version":"2020-12-22","purchased_purges":1,"victory":false,"max_hp_per_floor":[77,77,77,77,77,77,77,77,77,77,77,84,84,84,84,84,84,84],"relic_stats":{"counters":[9,35],"obtain_stats":[{"bronze:BronzeCore":0,"infinitespire:ShieldingShard":7,"HornCleat":9,"downfall:HeartBlessingRed":8,"Strawberry":12,"InkBottle":3,"hubris:OldNail":5},{"bronze:BronzeCore":0,"infinitespire:ShieldingShard":3,"HornCleat":4,"downfall:HeartBlessingRed":3,"Strawberry":6,"InkBottle":1,"hubris:OldNail":2},{"bronze:BronzeCore":0,"infinitespire:ShieldingShard":10,"HornCleat":15,"downfall:HeartBlessingRed":10,"Strawberry":22,"InkBottle":4,"hubris:OldNail":8}],"InkBottle":[10]},"card_choices":[{"not_picked":["bronze:DelayedSlice","bronze:Shield"],"picked":"bronze:ChosenStrike","floor":2},{"not_picked":["bronze:BitShift","bronze:DigitalCarnage"],"picked":"bronze:WhirlingStrike","floor":5},{"not_picked":["bronze:Turbo","bronze:Overheat"],"picked":"bronze:BronzeArmor","floor":6},{"not_picked":["bronze:BuggyMess","bronze:CutThrough"],"picked":"bronze:InfiniteLoop","floor":9},{"not_picked":["bronze:BronzeArmor","bronze:BitShift"],"picked":"bronze:Constructor","floor":11},{"not_picked":["bronze:ItsAFeature","bronze:WhirlingStrike"],"picked":"bronze:FineTuning","floor":12},{"not_picked":["bronze:GetLatest","bronze:CleanCode"],"picked":"bronze:Iterate","floor":13},{"not_picked":["bronze:InfiniteBeams","bronze:BugBarrage"],"picked":"bronze:GetLatest","floor":15}],"player_experience":911609,"relics_obtained":[{"floor":7,"key":"infinitespire:ShieldingShard"},{"floor":9,"key":"HornCleat"},{"floor":12,"key":"Strawberry"}],"event_choices":[{"damage_healed":0,"gold_gain":0,"player_choice":"Success","damage_taken":12,"relics_obtained":["InkBottle"],"max_hp_gain":0,"max_hp_loss":0,"event_name":"Scrap Ooze","floor":3,"gold_loss":0}],"is_beta":false,"boss_relics":[],"items_purged_floors":[5],"is_endless":false,"potions_floor_spawned":[6,11,12],"killed_by":"DF_ARCHETYPE_STREAMLINE","ascension_level":1}}