{"host":"jpzdg3po3tjxdjri","time":1611410780,"event":{"mods":["BaseMod","Better Third Choice","Colored Map","Colored Powertips","Minty Spire (QoL Compilation)","StSLib"],"gold_per_floor":[115,47,47,66,84,109,109,123,123,153,164,164,181,191,191,266,266,286,46,56,27,27,27,46,46,46,46,46],"floor_reached":27,"language":"ENG","playtime":869,"items_purged":["Strike_G"],"score":383,"play_id":"54f4286a-ef43-49ae-902c-492268c5361a","local_time":"20210123140620","is_ascension_mode":true,"campfire_choices":[{"data":"Poisoned Stab","floor":7,"key":"SMITH"},{"floor":12,"key":"REST"},{"floor":15,"key":"REST"},{"floor":23,"key":"REST"},{"floor":25,"key":"REST"}],"circlet_count":0,"master_deck":["AscendersBane","Strike_G","Strike_G","Strike_G","Strike_G","Defend_G","Defend_G","Defend_G","Defend_G","Defend_G","Survivor","Neutralize","Crippling Poison","Poisoned Stab+1","Deadly Poison","Blur","Expertise","Backflip","Leg Sweep","Cloak And Dagger","Infinite Blades","Deadly Poison","Corpse Explosion","Poisoned Stab+1","Dash+1","Reflex","Backstab+1","Cloak And Dagger"],"relics":["Ring of the Snake","Nunchaku","CultistMask","The Courier","Molten Egg 2","InkBottle","Philosopher\u0027s Stone","OrangePellets","Orichalcum","Frozen Egg 2"],"acts_visited":["Exordium","TheCity"],"potions_floor_usage":[6,10,11,14,27],"damage_taken":[{"damage":5,"enemies":"Jaw Worm","floor":1,"turns":5},{"damage":0,"enemies":"Cultist","floor":4,"turns":4},{"damage":2,"enemies":"Small Slimes","floor":5,"turns":3},{"damage":35,"enemies":"Gremlin Nob","floor":6,"turns":5},{"damage":4,"enemies":"Blue Slaver","floor":8,"turns":4},{"damage":11,"enemies":"Lagavulin","floor":10,"turns":6},{"damage":11,"enemies":"Exordium Thugs","floor":11,"turns":6},{"damage":2,"enemies":"Large Slime","floor":13,"turns":7},{"damage":9,"enemies":"3 Louse","floor":14,"turns":4},{"damage":13,"enemies":"Hexaghost","floor":16,"turns":9},{"damage":10,"enemies":"Chosen","floor":18,"turns":5},{"damage":17,"enemies":"Spheric Guardian","floor":20,"turns":4},{"damage":31,"enemies":"Shelled Parasite and Fungi","floor":24,"turns":6},{"damage":56,"enemies":"Gremlin Leader","floor":27,"turns":6}],"seed_played":"-6985908292141604322","potions_obtained":[{"floor":1,"key":"Regen Potion"},{"floor":6,"key":"GamblersBrew"},{"floor":10,"key":"Fire Potion"},{"floor":13,"key":"LiquidBronze"},{"floor":16,"key":"Ancient Potion"},{"floor":18,"key":"Energy Potion"}],"is_trial":false,"path_per_floor":["M","$","?","M","M","E","R","M","T","E","M","R","M","M","R","B",null,"M","$","M","$","?","R","M","R","T","E"],"character_chosen":"THE_SILENT","items_purchased":["Poisoned Stab","Deadly Poison","OrangePellets","Dash+1","Backstab+1"],"campfire_rested":4,"item_purchase_floors":[2,2,19,19,21],"current_hp_per_floor":[54,54,54,54,52,31,31,27,27,16,5,24,22,13,32,19,54,44,44,27,27,27,46,15,34,34,0,0],"gold":46,"neow_bonus":"RANDOM_COMMON_RELIC","is_daily":false,"chose_seed":false,"campfire_upgraded":1,"win_rate":0.0,"timestamp":1611410780,"path_taken":["M","$","?","M","M","E","R","M","T","E","M","R","M","M","R","BOSS","M","?","?","$","?","R","M","R","T","E"],"items_purchased_type":["Card","Card","Relic","Card","Card"],"build_version":"2020-12-22","purchased_purges":1,"victory":false,"max_hp_per_floor":[66,66,66,66,66,66,66,66,66,66,66,66,66,66,66,66,66,66,66,66,66,66,66,66,66,66,66,66],"card_choices":[{"not_picked":["Reflex","Underhanded Strike"],"picked":"Crippling Poison","floor":1},{"not_picked":["Underhanded Strike","Deadly Poison"],"picked":"Blur","floor":4},{"not_picked":["Eviscerate","Slice"],"picked":"Expertise","floor":5},{"not_picked":["Accuracy","Choke","Underhanded Strike"],"picked":"SKIP","floor":6},{"not_picked":["Underhanded Strike","Accuracy"],"picked":"Backflip","floor":8},{"not_picked":["Wraith Form v2","Endless Agony+1"],"picked":"Leg Sweep","floor":10},{"not_picked":["Expertise","Reflex"],"picked":"Cloak And Dagger","floor":11},{"not_picked":["Terror","Backflip"],"picked":"Infinite Blades","floor":13},{"not_picked":["Slice+1","Calculated Gamble"],"picked":"Deadly Poison","floor":14},{"not_picked":["Venomology","Storm of Steel"],"picked":"Corpse Explosion","floor":16},{"not_picked":["Dagger Spray+1","Sucker Punch+1"],"picked":"Poisoned Stab+1","floor":18},{"not_picked":["Outmaneuver","All Out Attack+1"],"picked":"Reflex","floor":20},{"not_picked":["Escape Plan","Dagger Spray+1"],"picked":"Cloak And Dagger","floor":24}],"player_experience":853333,"relics_obtained":[{"floor":6,"key":"The Courier"},{"floor":9,"key":"Molten Egg 2"},{"floor":10,"key":"InkBottle"},{"floor":26,"key":"Frozen Egg 2"}],"event_choices":[{"damage_healed":0,"gold_gain":0,"player_choice":"Trade","damage_taken":0,"relics_obtained":["CultistMask"],"max_hp_gain":0,"max_hp_loss":0,"event_name":"FaceTrader","floor":3,"gold_loss":0},{"damage_healed":0,"gold_gain":0,"player_choice":"Opened","damage_taken":0,"relics_obtained":["Orichalcum"],"max_hp_gain":0,"max_hp_loss":0,"event_name":"The Mausoleum","floor":22,"gold_loss":0}],"is_beta":false,"boss_relics":[{"not_picked":["SacredBark","Tiny House"],"picked":"Philosopher\u0027s Stone"}],"items_purged_floors":[19],"is_endless":false,"potions_floor_spawned":[1,6,10,13,16,18],"killed_by":"Gremlin Leader","ascension_level":14}}