{"host":"a1eatafr7pisesky","time":1611421809,"event":{"mods":["AchievementEnabler","BaseMod","Colored Map","Keyboard Shortcuts","Minty Spire (QoL Compilation)","Say the Spire","StSLib","SuperFastMode","everything is the same but u backflip on backflip"],"gold_per_floor":[110,110,128,148,166,196,207,241,241,64,96,15,46,56,56,151,151,171,183,196,216,216,216,230,259,335,335,51,51,62,82,82,82,82],"floor_reached":33,"language":"KOR","playtime":1319,"items_purged":["Strike_B","Strike_B"],"score":489,"play_id":"177a2e96-834c-4000-b0cd-b8456fe8c6f8","local_time":"20210124021009","is_ascension_mode":true,"campfire_choices":[{"floor":15.0,"key":"REST"},{"floor":23,"key":"REST"},{"data":"Coolheaded","floor":29,"key":"SMITH"},{"floor":32,"key":"REST"}],"circlet_count":0,"master_deck":["AscendersBane","Strike_B","Defend_B","Defend_B","Defend_B+1","Zap","Dualcast+1","Ball Lightning","BootSequence","Coolheaded+1","Genetic Algorithm","White Noise","Go for the Eyes","Leap","Glacier","Hologram+1","Glacier","Electrodynamics","Compile Driver+1","Turbo+1","Double Energy","Undo","Force Field","Self Repair"],"relics":["Cracked Core","Tiny Chest","Kunai","Matryoshka","Eternal Feather","Question Card","Inserter","Orichalcum","Art of War","Ornamental Fan","Sundial","Molten Egg 2","War Paint","Membership Card"],"acts_visited":["Exordium","TheCity"],"potions_floor_usage":[24,25,30,30,33],"damage_taken":[{"damage":2.0,"enemies":"Jaw Worm","floor":1.0,"turns":3.0},{"damage":6.0,"enemies":"Cultist","floor":3.0,"turns":3.0},{"damage":0.0,"enemies":"Small Slimes","floor":4.0,"turns":2.0},{"damage":0.0,"enemies":"Looter","floor":5.0,"turns":3.0},{"damage":17.0,"enemies":"3 Sentries","floor":6.0,"turns":7.0},{"damage":14.0,"enemies":"Lots of Slimes","floor":7.0,"turns":3.0},{"damage":0.0,"enemies":"Lagavulin","floor":8.0,"turns":3.0},{"damage":10.0,"enemies":"Gremlin Nob","floor":11.0,"turns":3.0},{"damage":1.0,"enemies":"3 Sentries","floor":13.0,"turns":9.0},{"damage":0.0,"enemies":"Large Slime","floor":14.0,"turns":6.0},{"damage":17.0,"enemies":"The Guardian","floor":16.0,"turns":16.0},{"damage":11.0,"enemies":"Spheric Guardian","floor":18.0,"turns":3.0},{"damage":15.0,"enemies":"3 Byrds","floor":19.0,"turns":5.0},{"damage":12.0,"enemies":"Centurion and Healer","floor":20.0,"turns":5.0},{"damage":16,"enemies":"Shelled Parasite and Fungi","floor":21,"turns":11},{"damage":4,"enemies":"Chosen and Byrds","floor":24,"turns":6},{"damage":18,"enemies":"Gremlin Leader","floor":25,"turns":7},{"damage":13,"enemies":"Snake Plant","floor":30,"turns":7},{"damage":10,"enemies":"Snecko","floor":31,"turns":6},{"damage":67,"enemies":"Automaton","floor":33,"turns":10}],"seed_played":"2483469068297394873","potions_obtained":[{"floor":3.0,"key":"SneckoOil"},{"floor":4.0,"key":"Block Potion"},{"floor":6.0,"key":"DuplicationPotion"},{"floor":13.0,"key":"BlessingOfTheForge"},{"floor":18.0,"key":"LiquidBronze"},{"floor":19.0,"key":"Block Potion"},{"floor":21,"key":"EssenceOfSteel"},{"floor":25,"key":"FairyPotion"},{"floor":31,"key":"AttackPotion"}],"is_trial":false,"path_per_floor":["M","?","M","M","M","E","M","E","T","$","E","$","E","M","R","B",null,"M","M","M","M","?","R","M","E","T","T","$","R","M","M","R","B"],"character_chosen":"DEFECT","items_purchased":["Swift Potion","SkillPotion","Glacier","Membership Card","Force Field","PowerPotion","Block Potion"],"campfire_rested":3,"item_purchase_floors":[10,10,12,28,28,28,28],"current_hp_per_floor":[66,66,60,60,60,43,29,29,29,29,19,19,18,18,47,30,59,48,33,21,5,5,37,33,15,15,15,15,27,14,11,43,0,0],"gold":82,"neow_bonus":"REMOVE_TWO","is_daily":false,"chose_seed":false,"campfire_upgraded":1,"win_rate":0.0,"timestamp":1611421809,"path_taken":["M","?","M","M","M","E","M","E","T","$","E","?","E","M","R","BOSS","M","M","?","M","?","R","M","E","T","?","$","R","M","M","R","BOSS"],"items_purchased_type":["Potion","Potion","Card","Relic","Card","Potion","Potion"],"build_version":"2020-12-22","purchased_purges":2,"victory":false,"max_hp_per_floor":[68,68,68,68,68,68,68,68,68,68,68,68,68,68,68,68,68,68,68,68,68,68,68,68,68,68,68,68,68,68,68,68,68,68],"card_choices":[{"not_picked":["Sweeping Beam","Turbo"],"picked":"Ball Lightning","floor":1.0},{"not_picked":["Gash","Conserve Battery"],"picked":"BootSequence","floor":3.0},{"not_picked":["Rebound","Steam"],"picked":"Coolheaded","floor":4.0},{"not_picked":["Barrage","Coolheaded","Fission"],"picked":"SKIP","floor":5.0},{"not_picked":["Sunder","Sweeping Beam"],"picked":"Genetic Algorithm","floor":6.0},{"not_picked":["Steam Power","Blizzard"],"picked":"White Noise","floor":7.0},{"not_picked":["Steam","Conserve Battery"],"picked":"Go for the Eyes","floor":8.0},{"not_picked":["Compile Driver","Stack"],"picked":"Leap","floor":11.0},{"not_picked":["Stack","Barrage"],"picked":"Hologram","floor":13.0},{"not_picked":["Skim","Hello World","Auto Shields"],"picked":"Glacier","floor":14.0},{"not_picked":["Rainbow","Multi-Cast","Thunder Strike"],"picked":"Electrodynamics","floor":16.0},{"not_picked":["Hologram","Steam","Beam Cell"],"picked":"Compile Driver+1","floor":18.0},{"not_picked":["Scrape","Conserve Battery","Sweeping Beam+1"],"picked":"Turbo+1","floor":19.0},{"not_picked":["BootSequence","Scrape","FTL"],"picked":"Double Energy","floor":20.0},{"not_picked":["Reprogram","Beam Cell","Multi-Cast","Redo+1"],"picked":"SKIP","floor":21},{"not_picked":["Aggregate","Static Discharge","Go for the Eyes+1"],"picked":"Undo","floor":24},{"not_picked":["Conserve Battery+1","Compile Driver","Sunder","Redo+1"],"picked":"SKIP","floor":25},{"not_picked":["Cold Snap+1","Scrape+1","Barrage+1"],"picked":"Self Repair","floor":30},{"not_picked":["Ball Lightning+1","Streamline+1","Recycle","Glacier+1"],"picked":"SKIP","floor":31}],"player_experience":343380,"relics_obtained":[{"floor":6.0,"key":"Tiny Chest"},{"floor":8.0,"key":"Kunai"},{"floor":9.0,"key":"Matryoshka"},{"floor":11.0,"key":"Eternal Feather"},{"floor":13.0,"key":"Question Card"},{"floor":25,"key":"Art of War"},{"floor":26,"key":"Ornamental Fan"},{"floor":26,"key":"Sundial"},{"floor":27,"key":"Molten Egg 2"},{"floor":27,"key":"War Paint"}],"event_choices":[{"damage_healed":0.0,"max_hp_gain":0.0,"max_hp_loss":0.0,"gold_gain":0.0,"event_name":"Upgrade Shrine","player_choice":"Upgraded","floor":2.0,"gold_loss":0.0,"damage_taken":0.0,"cards_upgraded":["Dualcast"]},{"damage_healed":0,"gold_gain":0,"player_choice":"Opened","damage_taken":0,"relics_obtained":["Orichalcum"],"max_hp_gain":0,"max_hp_loss":0,"event_name":"The Mausoleum","floor":22,"gold_loss":0}],"is_beta":false,"boss_relics":[{"not_picked":["Busted Crown","Sozu"],"picked":"Inserter"}],"items_purged_floors":[10,28],"is_endless":false,"potions_floor_spawned":[3,4,6,13,18,19,21,25,31],"killed_by":"Automaton","ascension_level":10}}