{"host":"fmb9x04chdot191d","time":1611391582,"event":{"mods":["2.2 Compatiblity","AchievementEnabler","BaseMod","BetterRewards","Colored Map","Downfall","Hermit","Highlight Path","Marisa（霧雨　魔理沙）","Minty Spire (QoL Compilation)","Permanent Neow","Quick Restart","Rare Cards Sparkle","StSLib","The Servant 0.9.4","[IsaacMod]以撒尖塔"],"gold_per_floor":[118,68,68,168,188,215,215,243,243,243,4,36,55,80,80,180,180,192,207,224,224,224,224,224],"floor_reached":23,"language":"ENG","playtime":1211,"items_purged":[],"score":266,"play_id":"19c24f22-1d9d-4707-b433-67ea70adb70f","local_time":"20210123214622","is_ascension_mode":true,"campfire_choices":[{"data":"DoctorFetus","floor":7.0,"key":"SMITH"},{"floor":10.0,"key":"REST"},{"data":"Body Slam","floor":15.0,"key":"SMITH"}],"circlet_count":0,"master_deck":["Strike_R","Strike_R","Defend_R","Defend_R","Defend_R","Bash","DoctorFetus+1","Ghostly Armor","Exhume","PanicButton","Bash","Body Slam+1","Barricade","Double Tap","Whirlwind","Entrench+1","Battle Trance","Juggernaut","Dropkick","Shrug It Off"],"relics":["Burning Blood","HushsDoor","TheBible","SharpPlug","Bronze Scales","HowToJump","Paper Frog","Bottled Tornado","Bag of Marbles","Empty Cage"],"acts_visited":["Exordium","TheCity"],"potions_floor_usage":[23],"damage_taken":[{"damage":8.0,"enemies":"Jaw Worm","floor":1.0,"turns":5.0},{"damage":1.0,"enemies":"2 Louse","floor":5.0,"turns":3.0},{"damage":31.0,"enemies":"Lagavulin","floor":6.0,"turns":6.0},{"damage":17.0,"enemies":"Gremlin Nob","floor":8.0,"turns":6.0},{"damage":22.0,"enemies":"3 Sentries","floor":12.0,"turns":3.0},{"damage":1.0,"enemies":"Cultist","floor":13.0,"turns":3.0},{"damage":0.0,"enemies":"Gremlin Nob","floor":14.0,"turns":4.0},{"damage":35.0,"enemies":"The Guardian","floor":16.0,"turns":8.0},{"damage":17.0,"enemies":"Spheric Guardian","floor":18.0,"turns":4.0},{"damage":0.0,"enemies":"3 Byrds","floor":19.0,"turns":4.0},{"damage":25.0,"enemies":"3 Cultists","floor":20.0,"turns":4.0},{"damage":75,"enemies":"Book of Stabbing","floor":23,"turns":7}],"seed_played":"7259235873960820615","potions_obtained":[{"floor":6.0,"key":"GamblersBrew"},{"floor":12.0,"key":"sneckomod:MuddlingPotion"},{"floor":13.0,"key":"FearPotion"},{"floor":14.0,"key":"FairyPotion"},{"floor":18.0,"key":"ColorlessPotion"},{"floor":20.0,"key":"LiquidMemories"}],"is_trial":false,"path_per_floor":["M","?","?","?","M","E","R","E","T","R","$","E","M","E","R","B",null,"M","M","M","?","?","E"],"character_chosen":"IRONCLAD","items_purchased":["Paper Frog"],"campfire_rested":1,"item_purchase_floors":[11],"current_hp_per_floor":[78,78,78,78,80,55,55,44,44,68,68,52,57,63,63,34,80,69,75,56,56,56,24,24],"gold":224,"neow_bonus":"REMOVE_CARD","is_daily":false,"chose_seed":false,"campfire_upgraded":2,"win_rate":0.0,"timestamp":1611391582,"path_taken":["M","?","?","?","M","E","R","E","T","R","$","E","?","E","R","BOSS","M","?","M","?","?","E"],"items_purchased_type":["Relic"],"build_version":"2020-12-22","purchased_purges":0,"victory":false,"max_hp_per_floor":[80,80,80,80,80,80,80,80,80,80,80,80,80,80,80,80,80,80,80,80,80,80,80,80],"card_choices":[{"not_picked":[],"picked":"DoctorFetus","floor":0.0},{"not_picked":["Clash","True Grit"],"picked":"Ghostly Armor","floor":1.0},{"not_picked":["Disarm","True Grit"],"picked":"Body Slam","floor":4.0},{"not_picked":["Twin Strike","Flex"],"picked":"Barricade","floor":5.0},{"not_picked":["Heavy Blade","Shrug It Off"],"picked":"Double Tap","floor":6.0},{"not_picked":["Evolve","Pommel Strike"],"picked":"Whirlwind","floor":8.0},{"not_picked":["Havoc","Second Wind"],"picked":"Entrench","floor":12.0},{"not_picked":["Rampage","Fire Breathing"],"picked":"Battle Trance","floor":13.0},{"not_picked":["Battle Trance","Thunderclap","True Grit"],"picked":"SKIP","floor":14.0},{"not_picked":["Feed","Barricade"],"picked":"Juggernaut","floor":16.0},{"not_picked":["Iron Wave","Heavy Blade"],"picked":"Dropkick","floor":18.0},{"not_picked":["Power Through","Sever Soul"],"picked":"Shrug It Off","floor":19.0},{"not_picked":["Iron Wave+1","Fire Breathing","Cleave"],"picked":"SKIP","floor":20.0}],"player_experience":49792,"relics_obtained":[{"floor":6.0,"key":"SharpPlug"},{"floor":8.0,"key":"Bronze Scales"},{"floor":9.0,"key":"HowToJump"},{"floor":12.0,"key":"Bottled Tornado"},{"floor":14.0,"key":"Bag of Marbles"}],"event_choices":[{"cards_removed":["Defend_R"],"damage_healed":0.0,"max_hp_gain":0.0,"max_hp_loss":0.0,"gold_gain":0.0,"event_name":"The Cleric","player_choice":"Card Removal","floor":2.0,"gold_loss":50.0,"damage_taken":0.0},{"damage_healed":0.0,"max_hp_gain":0.0,"max_hp_loss":0.0,"gold_gain":0.0,"event_name":"Match and Keep!","player_choice":"3 cards matched","floor":3.0,"gold_loss":0.0,"damage_taken":0.0,"cards_obtained":["Exhume","PanicButton","Bash"]},{"damage_healed":0.0,"max_hp_gain":0.0,"max_hp_loss":0.0,"gold_gain":0.0,"event_name":"Accursed Blacksmith","player_choice":"Forge","floor":21.0,"gold_loss":0.0,"damage_taken":0.0,"cards_upgraded":["Entrench"]},{"damage_healed":0.0,"max_hp_gain":0.0,"max_hp_loss":0.0,"gold_gain":0.0,"event_name":"The Woman in Blue","player_choice":"Bought 0 Potions","floor":22.0,"gold_loss":0.0,"damage_taken":0.0}],"is_beta":false,"boss_relics":[{"not_picked":["ChampionBelt","SacredBark"],"picked":"Empty Cage"},{"not_picked":[]}],"items_purged_floors":[],"is_endless":false,"potions_floor_spawned":[6,12,13,14,18,20],"killed_by":"Book of Stabbing","ascension_level":2}}