{"host":"pletss163z7s8pvv","time":1611380481,"event":{"mods":["AchievementEnabler","BaseMod","Better Altar","CapriCore","Colored Map","Colored Powertips","Conspire","Energized Spire","GifTheSpireLib","Hermit","Ironclad Rager","Minty Spire (QoL Compilation)","Spicy Shops","StS++","StSLib","The Cursed","The Disciple"],"gold_per_floor":[118,136,14,33,44,44,56,131,179,179,279,296,296,307,307,402,402,420,436,436,436],"floor_reached":20,"language":"ENG","playtime":660,"items_purged":[],"score":168,"play_id":"7a644dd8-f2fd-435d-9951-99d4f1265c05","local_time":"20210122234121","is_ascension_mode":false,"campfire_choices":[{"floor":6,"key":"REST"},{"floor":10,"key":"REST"},{"floor":13,"key":"REST"},{"floor":15,"key":"REST"}],"circlet_count":0,"master_deck":["Strike_B","Strike_B","Strike_B","Strike_B","Defend_B","Defend_B","Defend_B","Defend_B","Zap","Dualcast","conspire:Rain","Auto Shields","Ball Lightning","Leap","conspire:SharedLibrary","Redo","StSpp:TargetLocked","Coolheaded","Sweeping Beam","StSpp:CopyPaste","Barrage+1","Aggregate+1"],"relics":["Cracked Core","PreservedInsect","Inserter"],"acts_visited":["Exordium","TheCity"],"potions_floor_usage":[16,16,20,20],"damage_taken":[{"damage":17,"enemies":"Small Slimes","floor":1,"turns":3},{"damage":6,"enemies":"Cultist","floor":2,"turns":3},{"damage":0,"enemies":"Jaw Worm","floor":4,"turns":2},{"damage":23,"enemies":"Exordium Thugs","floor":5,"turns":5},{"damage":7,"enemies":"3 Louse","floor":7,"turns":3},{"damage":22,"enemies":"Exordium Wildlife","floor":12,"turns":4},{"damage":11,"enemies":"Gremlin Gang","floor":14,"turns":6},{"damage":19,"enemies":"Slime Boss","floor":16,"turns":10},{"damage":54,"enemies":"3 Byrds","floor":18,"turns":5},{"damage":5,"enemies":"Chosen","floor":19,"turns":4},{"damage":16,"enemies":"Snake Plant","floor":20,"turns":4}],"seed_played":"8898472195291670452","potions_obtained":[{"floor":1,"key":"BlessingOfTheForge"},{"floor":5,"key":"Swift Potion"},{"floor":12,"key":"BlessingOfTheForge"},{"floor":16,"key":"SkillPotion"},{"floor":18,"key":"Explosive Potion"}],"is_trial":false,"path_per_floor":["M","M","$","M","M","R","M","?","T","R","?","M","R","M","R","B",null,"M","M","M"],"character_chosen":"DEFECT","items_purchased":["Ball Lightning","Leap"],"campfire_rested":4,"item_purchase_floors":[3,3],"current_hp_per_floor":[58,52,52,52,29,51,44,33,33,55,55,33,55,44,66,47,75,21,16,0,0],"gold":436,"neow_bonus":"RANDOM_COMMON_RELIC","is_daily":false,"chose_seed":false,"campfire_upgraded":0,"win_rate":0.0,"timestamp":1611380481,"path_taken":["M","M","$","M","M","R","M","?","T","R","?","M","R","M","R","BOSS","M","M","M"],"items_purchased_type":["Card","Card"],"build_version":"2020-12-22","purchased_purges":0,"victory":false,"max_hp_per_floor":[75,75,75,75,75,75,75,75,75,75,75,75,75,75,75,75,75,75,75,75,75],"card_choices":[{"not_picked":["Streamline","Redo"],"picked":"conspire:Rain","floor":1},{"not_picked":["Hologram","Compile Driver"],"picked":"Auto Shields","floor":2},{"not_picked":["conspire:Rain","Loop"],"picked":"conspire:SharedLibrary","floor":4},{"not_picked":["Heatsinks","Loop"],"picked":"Redo","floor":5},{"not_picked":["All For One","Steam Power"],"picked":"StSpp:TargetLocked","floor":7},{"not_picked":["Redo","Turbo"],"picked":"Coolheaded","floor":12},{"not_picked":["Cold Snap","Steam"],"picked":"Sweeping Beam","floor":14},{"not_picked":["All For One","StSpp:MemoryLeak"],"picked":"StSpp:CopyPaste","floor":16},{"not_picked":["Sweeping Beam","Glacier+1"],"picked":"Barrage+1","floor":18},{"not_picked":["Leap","Steam"],"picked":"Aggregate+1","floor":19}],"player_experience":436865,"relics_obtained":[],"event_choices":[{"damage_healed":0,"gold_gain":75,"player_choice":"Gather Gold","damage_taken":11,"max_hp_gain":0,"max_hp_loss":0,"event_name":"World of Goop","floor":8,"gold_loss":0},{"damage_healed":0,"gold_gain":100,"player_choice":"Gold","damage_taken":0,"max_hp_gain":0,"max_hp_loss":0,"event_name":"Wheel of Change","floor":11,"gold_loss":0}],"is_beta":false,"boss_relics":[{"not_picked":["Fusion Hammer","Busted Crown"],"picked":"Inserter"}],"items_purged_floors":[],"is_endless":false,"potions_floor_spawned":[1,5,12,16,18],"killed_by":"Snake Plant","ascension_level":0}}