{"host":"sian7qp8a9pc9xwd","time":1611385316,"event":{"mods":["BaseMod","Minty Spire (QoL Compilation)","StSLib","SuperFastMode"],"gold_per_floor":[111,111,125,125,143,143,158,158,229,248,272,290,314,338,338,467,467,491,491,491,491,491],"floor_reached":21,"language":"ENG","playtime":918,"items_purged":[],"score":280,"play_id":"7535dca3-2c91-4044-a3cb-10faba8735d6","local_time":"20210123020156","is_ascension_mode":true,"campfire_choices":[{"data":"Doom and Gloom","floor":6,"key":"SMITH"},{"floor":15,"key":"REST"}],"circlet_count":0,"master_deck":["AscendersBane","Strike_B+1","Strike_B+1","Defend_B+1","Defend_B+1","Defend_B+1","Defend_B+1","Zap+1","Dualcast+1","Go for the Eyes","Doom and Gloom+1","Conserve Battery","Loop","Redo","Capacitor","Fission","Chaos"],"relics":["Cracked Core","Golden Idol","SlaversCollar","Pen Nib"],"acts_visited":["Exordium","TheCity"],"potions_floor_usage":[16,21],"damage_taken":[{"damage":6,"enemies":"2 Louse","floor":1,"turns":3},{"damage":2,"enemies":"Small Slimes","floor":3,"turns":3},{"damage":0,"enemies":"Jaw Worm","floor":5,"turns":3},{"damage":6,"enemies":"Gremlin Gang","floor":7,"turns":3},{"damage":1,"enemies":"Red Slaver","floor":10,"turns":3},{"damage":2,"enemies":"2 Fungi Beasts","floor":11,"turns":3},{"damage":11,"enemies":"Large Slime","floor":12,"turns":6},{"damage":8,"enemies":"Exordium Thugs","floor":13,"turns":3},{"damage":0,"enemies":"Red Slaver","floor":14,"turns":3},{"damage":39,"enemies":"The Guardian","floor":16,"turns":8},{"damage":46,"enemies":"Shell Parasite","floor":18,"turns":8},{"damage":0,"enemies":"Spheric Guardian","floor":21,"turns":2}],"seed_played":"7925378497634213077","potions_obtained":[{"floor":1,"key":"Energy Potion"},{"floor":7,"key":"FairyPotion"},{"floor":11,"key":"FocusPotion"},{"floor":16,"key":"EssenceOfDarkness"}],"is_trial":false,"path_per_floor":["M","?","M","?","M","R","M","?","T","M","M","M","M","M","R","B",null,"M","?","?","M"],"character_chosen":"DEFECT","items_purchased":[],"campfire_rested":1,"item_purchase_floors":[],"current_hp_per_floor":[62,55,53,39,39,39,33,33,33,32,30,19,11,11,29,15,51,5,5,5,5,5],"gold":491,"neow_bonus":"TRANSFORM_TWO_CARDS","is_daily":false,"chose_seed":false,"campfire_upgraded":1,"win_rate":0.0,"timestamp":1611385316,"path_taken":["M","?","M","?","M","R","M","?","T","M","M","M","M","M","R","BOSS","M","?","?","M"],"items_purchased_type":[],"build_version":"2020-12-22","purchased_purges":0,"victory":false,"max_hp_per_floor":[68,68,68,68,68,68,68,63,63,63,63,63,63,63,63,63,63,63,63,63,63,63],"card_choices":[{"not_picked":["Lockon","Cold Snap"],"picked":"Doom and Gloom","floor":1},{"not_picked":["Storm","Stack"],"picked":"Conserve Battery","floor":3},{"not_picked":["Self Repair","Barrage"],"picked":"Loop","floor":5},{"not_picked":["Hologram","Gash"],"picked":"Redo","floor":7},{"not_picked":["Sweeping Beam","Cold Snap","Streamline"],"picked":"SKIP","floor":10},{"not_picked":["Hologram","Leap"],"picked":"Capacitor","floor":11},{"not_picked":["Go for the Eyes","Fusion","Steam"],"picked":"SKIP","floor":12},{"not_picked":["Creative AI","Streamline","Tempest"],"picked":"SKIP","floor":13},{"not_picked":["Reinforced Body","Go for the Eyes","Barrage"],"picked":"SKIP","floor":14},{"not_picked":["Echo Form","All For One"],"picked":"Fission","floor":16},{"not_picked":["Compile Driver+1","Stack"],"picked":"Chaos","floor":18}],"player_experience":739784,"relics_obtained":[],"event_choices":[{"cards_removed":["Steam Power"],"damage_healed":0,"gold_gain":0,"player_choice":"Card Removal","damage_taken":7,"max_hp_gain":0,"max_hp_loss":0,"event_name":"Golden Wing","floor":2,"gold_loss":0},{"damage_healed":0,"gold_gain":0,"player_choice":"Entered Light","damage_taken":14,"max_hp_gain":0,"max_hp_loss":0,"event_name":"Shining Light","floor":4,"gold_loss":0,"cards_upgraded":["Zap","Dualcast"]},{"damage_healed":0,"gold_gain":0,"player_choice":"Lose Max HP","damage_taken":0,"relics_obtained":["Golden Idol"],"max_hp_gain":0,"max_hp_loss":5,"event_name":"Golden Idol","floor":8,"gold_loss":0},{"damage_healed":0,"gold_gain":0,"player_choice":"Opened","damage_taken":0,"relics_obtained":["Pen Nib"],"max_hp_gain":0,"max_hp_loss":0,"event_name":"The Mausoleum","floor":19,"gold_loss":0},{"damage_healed":0,"gold_gain":0,"player_choice":"Simplicity","damage_taken":0,"max_hp_gain":0,"max_hp_loss":0,"event_name":"Back to Basics","floor":20,"gold_loss":0,"cards_upgraded":["Strike_B","Strike_B","Defend_B","Defend_B","Defend_B","Defend_B"]}],"is_beta":false,"boss_relics":[{"not_picked":["Runic Dome","Inserter"],"picked":"SlaversCollar"}],"items_purged_floors":[],"is_endless":false,"potions_floor_spawned":[1,7,11,14,16],"killed_by":"Spheric Guardian","ascension_level":12}}