{"host":"TheShotgunBoss","time":1611425358,"event":{"mods":["AchievementEnabler","Always Whale","Aspiration","BaseMod","Beaked The Cultist","Colored Map","Colored Powertips","Colorless Booster Pack","Conspire","Downfall","Energized Spire","FetchMod","GifTheSpireLib","Halation","Hubris","Infinite Spire","Jedi Mod","Minty Spire (QoL Compilation)","Poor People Problems","Quick Restart","RNG!","Relic Sorter","SacredBarkPlus","Shop Mod","Spikes Relics","StSLib","Stuff the Spire","The Blue Laboratory","The Construct","Uncapped","Unceasing Turn Reminder","everything is the same but u backflip on backflip","vexMod","??????REMEMod"],"gold_per_floor":[0,13,30,49,49,49,49,63,63,95,109,109,109,143,161,161,161,161],"floor_reached":16,"language":"ENG","playtime":603,"items_purged":[],"score":143,"play_id":"d981da75-f793-4210-a07f-bee48f041afc","local_time":"20210123130918","is_ascension_mode":true,"campfire_choices":[{"data":"Slimebound:Split","floor":1.0,"key":"SMITH"},{"data":"Slimebound:Darklings","floor":9.0,"key":"SMITH"}],"circlet_count":0,"master_deck":["conspire:GhostlyStrike","conspire:GhostlyStrike","Slimebound:Tackle","conspire:GhostlyDefend","conspire:GhostlyDefend","conspire:GhostlyDefend","conspire:GhostlyDefend","Slimebound:Split+1","Slimebound:CorrosiveSpit","hubris:EnhanceAbility","Slimebound:ForwardTackle","Slimebound:Darklings+1","Slimebound:LivingWall","Slimebound:MinionMaster","Slimebound:SlimeSpikes"],"relics":["Slimebound:AbsorbEndCombat","REME_ComplimentaryCards","hubris:Zylophone","StuffTheSpire:Wildfire","MiniBlackHole","hubris:Potato","aspiration:HiddenCompartment"],"acts_visited":["Exordium"],"potions_floor_usage":[],"damage_taken":[{"damage":2.0,"enemies":"Small Slimes","floor":2.0,"turns":4.0},{"damage":4.0,"enemies":"2 Louse","floor":3.0,"turns":2.0},{"damage":1.0,"enemies":"conspire:RoseBush","floor":4.0,"turns":3.0},{"damage":12.0,"enemies":"Large Slime","floor":8.0,"turns":6.0},{"damage":4.0,"enemies":"Gremlin Nob","floor":10.0,"turns":3.0},{"damage":2.0,"enemies":"Blue Slaver","floor":11.0,"turns":4.0},{"damage":17,"enemies":"3 Sentries","floor":14,"turns":9},{"damage":0,"enemies":"Exordium Thugs","floor":15,"turns":4},{"damage":29,"enemies":"IC_STATUS_ARCHETYPE","floor":16,"turns":6}],"seed_played":"-8062163979325722037","potions_obtained":[{"floor":2.0,"key":"Strength Potion"},{"floor":14,"key":"blueLaboratory:Moonshine"},{"floor":15,"key":"champ:CounterPotion"}],"is_trial":false,"path_per_floor":["R","M","M","M","?","?","T","M","R","E","M","?","T","E","M","B"],"character_chosen":"SLIMEBOUND","items_purchased":[],"campfire_rested":0,"item_purchase_floors":[],"current_hp_per_floor":[65,65,63,62,62,44,44,34,34,32,34,34,34,21,21,0,0,0],"gold":161,"neow_bonus":"ONE_RARE_RELIC","is_daily":false,"chose_seed":false,"campfire_upgraded":2,"win_rate":0.0,"timestamp":1611425358,"path_taken":["R","M","M","M","?","?","T","M","R","E","M","?","?","E","M","BOSS"],"items_purchased_type":[],"build_version":"2020-12-18","purchased_purges":0,"victory":false,"max_hp_per_floor":[65,65,65,65,65,65,65,65,65,65,65,65,65,65,65,65,65,65],"card_choices":[{"not_picked":["Slimebound:HauntingLick","Slimebound:SpikyOuterGoop","Slimebound:SplitBruiser"],"picked":"SKIP","floor":2.0},{"not_picked":["Slimebound:SpikyOuterGoop","Slimebound:SplitMire"],"picked":"Slimebound:ForwardTackle","floor":3.0},{"not_picked":["Slimebound:SplitAcid","Slimebound:FormOfPuddle"],"picked":"Slimebound:Darklings","floor":4.0},{"not_picked":["Slimebound:SplitBruiser","Slimebound:SplitMire"],"picked":"Slimebound:LivingWall","floor":8.0},{"not_picked":["Slimebound:GoopSpray","Slimebound:Nibble"],"picked":"Slimebound:MinionMaster","floor":10.0},{"not_picked":["Slimebound:RainOfGoop","Slimebound:ComboTackle"],"picked":"Slimebound:SlimeSpikes","floor":11.0},{"not_picked":["Slimebound:RejuvenatingLick","Slimebound:BestDefense","Slimebound:PrepareCrush"],"picked":"SKIP","floor":14},{"not_picked":["Slimebound:FinishingTackle","Slimebound:LeechEnergy","Slimebound:SplitSpecialist"],"picked":"SKIP","floor":15}],"player_experience":302311,"relics_obtained":[{"floor":10.0,"key":"MiniBlackHole"},{"floor":13.0,"key":"hubris:Potato"},{"floor":14,"key":"aspiration:HiddenCompartment"}],"event_choices":[{"damage_healed":0.0,"max_hp_gain":0.0,"max_hp_loss":0.0,"gold_gain":0.0,"event_name":"conspire:LoneGhost","player_choice":"Agree","floor":5.0,"gold_loss":0.0,"damage_taken":0.0},{"damage_healed":0.0,"max_hp_gain":0.0,"max_hp_loss":0.0,"gold_gain":0.0,"event_name":"Scrap Ooze","player_choice":"Success","floor":6.0,"gold_loss":0.0,"damage_taken":18.0,"relics_obtained":["StuffTheSpire:Wildfire"]}],"is_beta":true,"boss_relics":[],"items_purged_floors":[],"is_endless":false,"potions_floor_spawned":[2,14,15],"killed_by":"IC_STATUS_ARCHETYPE","ascension_level":1}}