{"host":"bcmmx0iu5iq38asw","time":1611433692,"event":{"mods":["AchievementEnabler","BaseMod","Colored Map","Minty Spire (QoL Compilation)","Random Character Button","Relic Stats"],"gold_per_floor":[114,124,124,143,143,183,183,223,223,223,223,223,258,273,273,273,273],"floor_reached":16,"language":"ENG","playtime":749,"items_purged":[],"score":159,"play_id":"0d40912e-2cb3-41bf-be30-ee11863f2b24","local_time":"20210123182812","is_ascension_mode":true,"campfire_choices":[{"floor":7,"key":"REST"},{"data":"Bash","floor":10,"key":"SMITH"},{"floor":12,"key":"REST"},{"data":"Battle Trance","floor":15,"key":"SMITH"}],"circlet_count":0,"master_deck":["Strike_R+1","Strike_R","Strike_R","Strike_R","Strike_R","Defend_R","Defend_R","Defend_R","Defend_R","Bash+1","Clothesline","Pommel Strike","Combust","Sword Boomerang+1","Spot Weakness","Iron Wave","Impervious","Battle Trance+1"],"relics":["Burning Blood","Golden Idol","Juzu Bracelet","Gremlin Horn","Whetstone","PreservedInsect","Anchor"],"acts_visited":["Exordium"],"potions_floor_usage":[6],"damage_taken":[{"damage":3,"enemies":"Cultist","floor":1,"turns":4},{"damage":4,"enemies":"2 Louse","floor":2,"turns":3},{"damage":7,"enemies":"Jaw Worm","floor":4,"turns":3},{"damage":52,"enemies":"Lagavulin","floor":6,"turns":6},{"damage":34,"enemies":"3 Sentries","floor":8,"turns":6},{"damage":10,"enemies":"Lagavulin","floor":13,"turns":3},{"damage":3,"enemies":"Large Slime","floor":14,"turns":3},{"damage":44,"enemies":"The Guardian","floor":16,"turns":8}],"seed_played":"-7042813490556569594","potions_obtained":[{"floor":1,"key":"Dexterity Potion"},{"floor":4,"key":"ColorlessPotion"},{"floor":13,"key":"FearPotion"}],"is_trial":false,"path_per_floor":["M","M","?","M","?","E","R","E","T","R","?","R","E","M","R","B"],"character_chosen":"IRONCLAD","items_purchased":[],"campfire_rested":2,"item_purchase_floors":[],"current_hp_per_floor":[75,77,77,76,74,28,50,22,22,22,22,44,40,43,43,0,0],"gold":273,"neow_bonus":"THREE_CARDS","is_daily":false,"chose_seed":false,"campfire_upgraded":2,"win_rate":0.0,"timestamp":1611433692,"path_taken":["M","M","?","M","?","E","R","E","T","R","?","R","E","M","R","BOSS"],"items_purchased_type":[],"build_version":"2020-12-22","purchased_purges":0,"victory":false,"max_hp_per_floor":[80,80,80,80,74,74,74,74,74,74,74,74,74,74,74,74,74],"relic_stats":{"Gremlin Horn":[0,0],"counters":[8,36],"Golden Idol":26,"PreservedInsect":28,"Juzu Bracelet":0,"Whetstone":["Sword Boomerang","Strike_R"],"obtain_stats":[{"Anchor":13,"Gremlin Horn":8,"Golden Idol":5,"PreservedInsect":11,"Juzu Bracelet":6,"Whetstone":9,"Burning Blood":0},{"Anchor":6,"Gremlin Horn":5,"Golden Idol":3,"PreservedInsect":5,"Juzu Bracelet":4,"Whetstone":5,"Burning Blood":0},{"Anchor":25,"Gremlin Horn":22,"Golden Idol":10,"PreservedInsect":22,"Juzu Bracelet":16,"Whetstone":22,"Burning Blood":0}],"Burning Blood":42},"card_choices":[{"not_picked":["Metallicize","Flex"],"picked":"Clothesline","floor":0},{"not_picked":["Dropkick","Intimidate"],"picked":"Pommel Strike","floor":1},{"not_picked":["Sentinel","Havoc"],"picked":"Combust","floor":2},{"not_picked":["Armaments","Havoc"],"picked":"Sword Boomerang","floor":4},{"not_picked":["Armaments","Searing Blow"],"picked":"Spot Weakness","floor":6},{"not_picked":["Intimidate","Armaments"],"picked":"Iron Wave","floor":8},{"not_picked":["Flame Barrier","Anger"],"picked":"Impervious","floor":13},{"not_picked":["Entrench","Iron Wave"],"picked":"Battle Trance","floor":14}],"player_experience":183213,"relics_obtained":[{"floor":6,"key":"Juzu Bracelet"},{"floor":8,"key":"Gremlin Horn"},{"floor":9,"key":"Whetstone"},{"floor":13,"key":"Anchor"}],"event_choices":[{"damage_healed":0,"gold_gain":0,"player_choice":"Ignored","damage_taken":0,"max_hp_gain":0,"max_hp_loss":0,"event_name":"Liars Game","floor":3,"gold_loss":0},{"damage_healed":0,"gold_gain":0,"player_choice":"Lose Max HP","damage_taken":0,"relics_obtained":["Golden Idol"],"max_hp_gain":0,"max_hp_loss":6,"event_name":"Golden Idol","floor":5,"gold_loss":0},{"damage_healed":0,"gold_gain":0,"player_choice":"Searched \u00271\u0027 times","damage_taken":0,"relics_obtained":["PreservedInsect"],"max_hp_gain":0,"max_hp_loss":0,"event_name":"Dead Adventurer","floor":11,"gold_loss":0}],"is_beta":false,"boss_relics":[],"items_purged_floors":[],"is_endless":false,"potions_floor_spawned":[1,4,13],"killed_by":"The Guardian","ascension_level":7}}