{"host":"h1qktzcccqnez8tx","time":1611445869,"event":{"mods":["BaseMod","Block Reminder","Colored Map","Colored Powertips","Curses Come First","Highlight Path","Infinite Spire","Minty Spire (QoL Compilation)","Permanent Neow","Quick Restart","Replay The Spire","StSLib","The Jungle"],"gold_per_floor":[113,130,149,103,114,140,160,175,175,175,44,44,55,67,67,67,67],"floor_reached":16,"language":"ENG","playtime":529,"items_purged":[],"score":133,"play_id":"ea730c8a-7df8-4c22-8088-12576ddabb41","local_time":"20210124005109","is_ascension_mode":true,"campfire_choices":[{"data":"Hologram","floor":10,"key":"SMITH"},{"floor":12,"key":"REST"},{"data":"Stack","floor":15,"key":"SMITH"}],"circlet_count":0,"master_deck":["Strike_B","Strike_B","Strike_B","Defend_B","Defend_B","Defend_B","Zap","Dualcast","Hologram+1","Rip and Tear","Turbo","Turbo","Melter","Steam","Static Discharge","ReplayTheSpireMod:Calculation Training","Capacitor","Conserve Battery","Conserve Battery","Stack+1"],"relics":["Cracked Core","infinitespire:PuzzleCube","infinitespire:Lychee Nut"],"acts_visited":["Exordium"],"potions_floor_usage":[16,16],"damage_taken":[{"damage":1,"enemies":"Cultist","floor":1,"turns":3},{"damage":6,"enemies":"2 Louse","floor":2,"turns":2},{"damage":4,"enemies":"Jaw Worm","floor":3,"turns":2},{"damage":10,"enemies":"Exordium Wildlife","floor":5,"turns":3},{"damage":17,"enemies":"Lagavulin","floor":6,"turns":7},{"damage":6,"enemies":"Exordium Thugs","floor":7,"turns":3},{"damage":6,"enemies":"3 Louse","floor":8,"turns":2},{"damage":0,"enemies":"Exordium Wildlife","floor":13,"turns":3},{"damage":5,"enemies":"Looter","floor":14,"turns":2},{"damage":46,"enemies":"Slime Boss","floor":16,"turns":7}],"seed_played":"7692304087537230462","potions_obtained":[{"floor":3,"key":"Fire Potion"},{"floor":6,"key":"Adrenaline Potion"},{"floor":8,"key":"Doom Potion"}],"is_trial":false,"path_per_floor":["M","M","M","$","M","E","M","M","T","R","$","R","M","M","R","B"],"character_chosen":"DEFECT","items_purchased":["Turbo","Capacitor","Conserve Battery"],"campfire_rested":1,"item_purchase_floors":[4,11,11],"current_hp_per_floor":[67,61,57,57,47,30,24,18,18,18,18,33,38,36,36,0,0],"gold":67,"neow_bonus":"REMOVE_TWO","is_daily":false,"chose_seed":false,"campfire_upgraded":2,"win_rate":0.0,"timestamp":1611445869,"path_taken":["M","M","M","$","M","E","?","M","T","R","$","R","M","M","R","BOSS"],"items_purchased_type":["Card","Card","Card"],"build_version":"2020-12-22","purchased_purges":0,"victory":false,"max_hp_per_floor":[68,68,68,68,68,68,68,68,51,51,51,51,51,51,51,51,51],"card_choices":[{"not_picked":["ReplaySolidLightProjector","Stack"],"picked":"Hologram","floor":1},{"not_picked":["Coolheaded","Blizzard"],"picked":"Rip and Tear","floor":2},{"not_picked":["Sweeping Beam","Redo"],"picked":"Turbo","floor":3},{"not_picked":["Blizzard","All For One"],"picked":"Melter","floor":5},{"not_picked":["Cold Snap","Seek"],"picked":"Steam","floor":6},{"not_picked":["Redo","Fusion"],"picked":"Static Discharge","floor":7},{"not_picked":["Compile Driver","Cold Snap"],"picked":"ReplayTheSpireMod:Calculation Training","floor":8},{"not_picked":["Reprogram","Glacier"],"picked":"Conserve Battery","floor":13},{"not_picked":["Recycle","Cold Snap"],"picked":"Stack","floor":14}],"player_experience":109755,"relics_obtained":[{"floor":6,"key":"infinitespire:PuzzleCube"},{"floor":9,"key":"infinitespire:Lychee Nut"}],"event_choices":[],"is_beta":false,"boss_relics":[],"items_purged_floors":[],"is_endless":false,"potions_floor_spawned":[3,6,8,14],"killed_by":"Slime Boss","ascension_level":5}}