{"host":"aas8f8jvicx6tcxp","time":1611413009,"event":{"mods":["BaseMod","Better Third Choice","BetterRewards","Downfall","Hermit","Minty Spire (QoL Compilation)","Robot Space Explorer","StSLib","The Bladedancer","The Cursed"],"gold_per_floor":[118,193,203,217,72,97,109,109,133,166,178,178,192,203,203,203,203],"floor_reached":16,"language":"ENG","playtime":1235,"items_purged":[],"score":114,"play_id":"a5579d21-80b8-49b2-8c9e-1583993bcd29","local_time":"20210123084329","is_ascension_mode":false,"campfire_choices":[{"floor":12,"key":"REST"},{"floor":15,"key":"REST"}],"circlet_count":0,"master_deck":["blademaster:Strike","blademaster:Strike","blademaster:Strike","blademaster:Defend","blademaster:Defend","blademaster:Defend","blademaster:Defend","blademaster:RagingBlow","blademaster:HighVoltage","blademaster:LightningCrash","blademaster:EnchantedCuirass","blademaster:Bloodbath","blademaster:Stormstrike","blademaster:Quickness","blademaster:Flash","blademaster:AirSlash","blademaster:HighVoltage","blademaster:Frontflip","blademaster:FuriousStrike","blademaster:Havoc"],"relics":["blademaster:DancersAmulet","NeowsBlessing","Bag of Marbles","Happy Flower","PreservedInsect"],"acts_visited":["Exordium"],"potions_floor_usage":[6,6],"damage_taken":[{"damage":0,"enemies":"Jaw Worm","floor":1,"turns":1},{"damage":0,"enemies":"Cultist","floor":3,"turns":1},{"damage":0,"enemies":"2 Louse","floor":4,"turns":2},{"damage":18,"enemies":"Lagavulin","floor":6,"turns":6},{"damage":0,"enemies":"Looter","floor":7,"turns":3},{"damage":18,"enemies":"3 Sentries","floor":10,"turns":8},{"damage":29,"enemies":"Exordium Thugs","floor":11,"turns":6},{"damage":10,"enemies":"Exordium Wildlife","floor":13,"turns":4},{"damage":6,"enemies":"2 Fungi Beasts","floor":14,"turns":5},{"damage":22,"enemies":"Slime Boss","floor":16,"turns":5}],"seed_played":"2734960124852566879","potions_obtained":[{"floor":3,"key":"EssenceOfSteel"},{"floor":4,"key":"champ:CounterPotion"},{"floor":14,"key":"Energy Potion"}],"is_trial":false,"path_per_floor":["M","?","M","M","$","E","M","?","T","E","M","R","M","M","R","B"],"character_chosen":"THE_BLADEMASTER","items_purchased":["blademaster:Bloodbath","blademaster:Stormstrike"],"campfire_rested":2,"item_purchase_floors":[5,5],"current_hp_per_floor":[75,68,68,68,68,50,50,50,50,32,3,25,15,9,31,9,9],"gold":203,"neow_bonus":"THREE_ENEMY_KILL","is_daily":false,"chose_seed":false,"campfire_upgraded":0,"win_rate":0.0,"timestamp":1611413009,"path_taken":["M","?","M","?","$","E","M","?","T","E","M","R","?","M","R","BOSS"],"items_purchased_type":["Card","Card"],"build_version":"2020-12-22","purchased_purges":0,"victory":false,"max_hp_per_floor":[75,75,75,75,75,75,75,75,75,75,75,75,75,75,75,75,75],"card_choices":[{"not_picked":["blademaster:ChargingUp","blademaster:AwakeningStrike"],"picked":"blademaster:LightningCrash","floor":1},{"not_picked":["blademaster:AwakeningDefend","blademaster:DancingEdge","blademaster:DaggerAndCloak"],"picked":"SKIP","floor":3},{"not_picked":["blademaster:Quickstep","blademaster:Sharpen"],"picked":"blademaster:EnchantedCuirass","floor":4},{"not_picked":["blademaster:Thrust","blademaster:BloodyBlow"],"picked":"blademaster:Quickness","floor":6},{"not_picked":["blademaster:DaggerAndCloak","blademaster:ThunderSlash"],"picked":"blademaster:Flash","floor":7},{"not_picked":["blademaster:BladeMastery","blademaster:Slice"],"picked":"blademaster:HighVoltage","floor":10},{"not_picked":["blademaster:AwakeningDefend","blademaster:AwakeningStrike"],"picked":"blademaster:Frontflip","floor":11},{"not_picked":["blademaster:DancingEdge","blademaster:IcyWind"],"picked":"blademaster:FuriousStrike","floor":13},{"not_picked":["blademaster:BloodyBlow","blademaster:Flurry"],"picked":"blademaster:Havoc","floor":14}],"player_experience":332741,"relics_obtained":[{"floor":6,"key":"Bag of Marbles"},{"floor":6,"key":"blademaster:DextrousPerk"},{"floor":9,"key":"Happy Flower"},{"floor":10,"key":"PreservedInsect"},{"floor":10,"key":"blademaster:RandomBladePerk"}],"event_choices":[{"damage_healed":0,"gold_gain":75,"player_choice":"Touch","damage_taken":7,"max_hp_gain":0,"max_hp_loss":0,"event_name":"FaceTrader","floor":2,"gold_loss":0},{"damage_healed":0,"gold_gain":0,"cards_transformed":["blademaster:Strike"],"player_choice":"Transformed","damage_taken":0,"max_hp_gain":0,"max_hp_loss":0,"event_name":"Transmorgrifier","floor":8,"gold_loss":0,"cards_obtained":["blademaster:AirSlash"]}],"is_beta":false,"boss_relics":[],"items_purged_floors":[],"is_endless":false,"potions_floor_spawned":[3,4,14],"killed_by":"Slime Boss","ascension_level":0}}