{"host":"mj8akmyfd5lo602f","time":1611360096,"event":{"mods":["2.2 Compatiblity","Act Like it!","BaseMod","Bestiary","BshForSts","Colored Map","Colored Powertips","Downfall","Highlight Path","Minty Spire (QoL Compilation)","Permanent Neow","Relic Stats","StSLib","The Servant 0.9.4"],"gold_per_floor":[99,110,47,77,77,91,115,131,145,145,157,15,45,64,77,173,173,173,184,199,199,214,214,214,241,251,161,61,61,80,90,108,210,210,210,225,274,259,279,229,229,212,224,274,211,229,261,61,76,76,76,103,28,28,28,28],"floor_reached":57,"language":"ENG","playtime":4642,"items_purged":["Shame","champ:Backstep","downfall:Haunted","champ:Execute"],"score":1288,"play_id":"2b2e6cad-1e5b-4c65-acc9-56180043f9bb","local_time":"20210123000136","is_ascension_mode":false,"campfire_choices":[{"data":"champ:Taunt","floor":1.0,"key":"SMITH"},{"data":"champ:Circumvent","floor":10.0,"key":"SMITH"},{"data":"champ:Improvising","floor":18.0,"key":"SMITH"},{"data":"champ:Lariat","floor":23.0,"key":"SMITH"},{"data":"downfall:Haunted","floor":28.0,"key":"PURGE"},{"floor":35.0,"key":"RECALL"},{"data":"Apotheosis","floor":48.0,"key":"SMITH"},{"data":"champ:TornadoPunch","floor":54,"key":"PURGE"}],"circlet_count":0,"master_deck":["champ:Strike","champ:Strike","champ:Strike","champ:Strike","champ:Defend","champ:Defend","champ:Defend","champ:Defend","champ:Taunt+1","champ:EnGarde","champ:Circumvent+1","champ:DefensiveStyle","champ:StanceDance","champ:FlashCut","champ:Lariat+1","champ:Improvising+1","champ:SkillfulDodge","champ:TripleStrike","champ:SkillfulDodge+1","champ:FlashCut","champ:ShieldWall+1","champ:EnchantShield","champ:Parry","champ:TornadoPunch+1","champ:DefensiveStyle+1","Apotheosis+1","champ:FalseCounter","champ:ShieldThrow","champ:FocusedDefense+1"],"relics":["champ:ChampionCrown","champ:SpectersHand","Happy Flower","Peace Pipe","Cursed Key","Letter Opener","downfall:HeartBlessingBlue","sneckomod:SneckoTalon","Bird Faced Urn","Membership Card","Bottled Lightning","Eternal Feather","Unceasing Top","Omamori","downfall:HeartBlessingRed","downfall:HeartBlessingGreen","InkBottle"],"acts_visited":["Exordium","TheCity","TheBeyond","TheEnding"],"potions_floor_usage":[56,56,56],"damage_taken":[{"damage":20.0,"enemies":"Jaw Worm","floor":2.0,"turns":5.0},{"damage":12.0,"enemies":"downfall:FleeingMerchant","floor":3.0,"turns":4.0},{"damage":11.0,"enemies":"Small Slimes","floor":6.0,"turns":5.0},{"damage":2.0,"enemies":"2 Louse","floor":8.0,"turns":3.0},{"damage":0.0,"enemies":"2 Fungi Beasts","floor":9.0,"turns":4.0},{"damage":10.0,"enemies":"Blue Slaver","floor":11.0,"turns":5.0},{"damage":10.0,"enemies":"downfall:FleeingMerchant","floor":12.0,"turns":4.0},{"damage":8.0,"enemies":"3 Sentries","floor":13.0,"turns":6.0},{"damage":0.0,"enemies":"3 Louse","floor":14.0,"turns":1.0},{"damage":10.0,"enemies":"Exordium Thugs","floor":15.0,"turns":3.0},{"damage":19.0,"enemies":"IC_STATUS_ARCHETYPE","floor":16.0,"turns":10.0},{"damage":10.0,"enemies":"Shell Parasite","floor":19.0,"turns":4.0},{"damage":19.0,"enemies":"Spheric Guardian","floor":20.0,"turns":4.0},{"damage":5.0,"enemies":"Snecko","floor":22.0,"turns":4.0},{"damage":0.0,"enemies":"Centurion and Healer","floor":26.0,"turns":6.0},{"damage":10.0,"enemies":"downfall:FleeingMerchant","floor":27.0,"turns":4.0},{"damage":21.0,"enemies":"Sentry and Sphere","floor":30.0,"turns":5.0},{"damage":6.0,"enemies":"Snecko","floor":31.0,"turns":4.0},{"damage":0.0,"enemies":"Shelled Parasite and Fungi","floor":32.0,"turns":4.0},{"damage":20.0,"enemies":"DF_ARCHETYPE_CLAW","floor":33.0,"turns":9.0},{"damage":0.0,"enemies":"3 Shapes","floor":36.0,"turns":2.0},{"damage":21.0,"enemies":"2 Orb Walkers","floor":37.0,"turns":4.0},{"damage":25.0,"enemies":"downfall:FleeingMerchant","floor":38.0,"turns":4.0},{"damage":0.0,"enemies":"3 Darklings","floor":39.0,"turns":5.0},{"damage":25.0,"enemies":"downfall:FleeingMerchant","floor":40.0,"turns":3.0},{"damage":19.0,"enemies":"Maw","floor":43.0,"turns":6.0},{"damage":3.0,"enemies":"Maw","floor":44.0,"turns":5.0},{"damage":0.0,"enemies":"Writhing Mass","floor":46.0,"turns":4.0},{"damage":15.0,"enemies":"Reptomancer","floor":47.0,"turns":6.0},{"damage":14.0,"enemies":"Sphere and 2 Shapes","floor":49.0,"turns":6.0},{"damage":65.0,"enemies":"SI_POISON_ARCHETYPE","floor":50.0,"turns":8.0},{"damage":0.0,"enemies":"downfall:CharBossMerchant","floor":52.0,"turns":7.0},{"damage":29,"enemies":"downfall:NeowBoss","floor":55,"turns":17},{"damage":60,"enemies":"downfall:NeowBossFinal","floor":56,"turns":11}],"seed_played":"7483232215091087820","potions_obtained":[{"floor":6.0,"key":"sneckomod:MuddlingPotion"},{"floor":8.0,"key":"Explosive Potion"},{"floor":9.0,"key":"Explosive Potion"},{"floor":20.0,"key":"Guardian:BlockOnCardUsePotion"},{"floor":26.0,"key":"champ:CounterPotion"},{"floor":29.0,"key":"CultistPotion"},{"floor":36.0,"key":"PowerPotion"},{"floor":44.0,"key":"Ancient Potion"},{"floor":52.0,"key":"PowerPotion"}],"is_trial":false,"path_per_floor":["R","M","$","?","?","M","T","M","M","R","M","$","E","M","M","B",null,"R","M","M","?","M","R","T","T","M","$","R","?","M","M","M","B",null,"R","M","?","$","M","$","T","?","M","?","$","M","E","R","M","B",null,"E","$","R","B","B",null],"character_chosen":"THE_CHAMP","items_purchased":["champ:Circumvent","champ:TornadoPunch","champ:Lariat","Membership Card","Apotheosis","Bottled Lightning","champ:FalseCounter"],"campfire_rested":0,"item_purchase_floors":[3,12,12,40,40,40,42],"current_hp_per_floor":[99,89,87,87,92,91,91,89,89,89,89,89,81,81,81,72,104,104,104,95,95,90,90,90,90,90,90,100,100,79,73,73,53,114,114,114,103,90,94,81,81,81,80,85,85,91,101,114,114,52,114,114,114,114,85,35],"gold":28,"neow_bonus":"TEN_PERCENT_HP_BONUS","is_daily":false,"chose_seed":false,"campfire_upgraded":5,"win_rate":0.0,"timestamp":1611360096,"path_taken":["R","M","$","?","?","M","T","M","M","R","M","?","E","M","M","BOSS","R","M","M","?","M","R","T","?","?","$","R","?","M","M","M","BOSS","R","M","?","$","M","$","T","?","M","?","?","M","E","R","M","BOSS","E","$","R","BOSS","BOSS"],"items_purchased_type":["Card","Card","Card","Relic","Card","Relic","Card"],"build_version":"2020-12-22","purchased_purges":4,"victory":true,"max_hp_per_floor":[99,99,99,99,104,104,104,104,104,104,104,104,104,104,104,104,104,104,104,104,104,104,104,104,104,104,104,114,114,114,114,114,114,114,114,114,114,114,114,114,114,114,114,114,114,114,114,114,114,114,114,114,114,114,114,114],"relic_stats":{"Peace Pipe":4,"Happy Flower":[56],"counters":[34,182],"Bird Faced Urn":[57],"Eternal Feather":13,"Letter Opener":[358],"Cursed Key":3,"obtain_stats":[{"Happy Flower":7,"downfall:HeartBlessingRed":48,"champ:ChampionCrown":0,"Eternal Feather":41,"downfall:HeartBlessingGreen":48,"Omamori":47,"Letter Opener":24,"Cursed Key":17,"sneckomod:SneckoTalon":34,"Peace Pipe":13,"downfall:HeartBlessingBlue":28,"Bird Faced Urn":37,"Membership Card":40,"Bottled Lightning":40,"champ:SpectersHand":4,"Unceasing Top":44,"InkBottle":52},{"Happy Flower":3,"downfall:HeartBlessingRed":29,"champ:ChampionCrown":0,"Eternal Feather":25,"downfall:HeartBlessingGreen":29,"Omamori":29,"Letter Opener":14,"Cursed Key":11,"sneckomod:SneckoTalon":20,"Peace Pipe":8,"downfall:HeartBlessingBlue":16,"Bird Faced Urn":22,"Membership Card":25,"Bottled Lightning":25,"champ:SpectersHand":2,"Unceasing Top":27,"InkBottle":32},{"Happy Flower":14,"downfall:HeartBlessingRed":133,"champ:ChampionCrown":0,"Eternal Feather":112,"downfall:HeartBlessingGreen":133,"Omamori":133,"Letter Opener":62,"Cursed Key":50,"sneckomod:SneckoTalon":94,"Peace Pipe":36,"downfall:HeartBlessingBlue":72,"Bird Faced Urn":100,"Membership Card":112,"Bottled Lightning":112,"champ:SpectersHand":9,"Unceasing Top":123,"InkBottle":154}],"Unceasing Top":[17],"InkBottle":[13]},"card_choices":[{"not_picked":["champ:BerserkerStyle","champ:IronFortress"],"picked":"champ:EnGarde","floor":2.0},{"not_picked":["champ:ShieldSlam","champ:Encircle"],"picked":"champ:Backstep","floor":3.0},{"not_picked":["champ:ShieldSigil","champ:AdrenalArmor"],"picked":"champ:DefensiveStyle","floor":6.0},{"not_picked":["champ:EnragedBash","champ:FanOfKnives"],"picked":"champ:StanceDance","floor":8.0},{"not_picked":["champ:PreciseThrust","champ:StanceDance","champ:CrookedStrike"],"picked":"SKIP","floor":9.0},{"not_picked":["champ:EnragedBash","champ:PreciseThrust"],"picked":"champ:FlashCut","floor":11.0},{"not_picked":["champ:SetATrap","champ:BerserkerStyle","champ:GladiatorStyle"],"picked":"SKIP","floor":12.0},{"not_picked":["champ:SkillfulDodge","champ:PerfectedStrike"],"picked":"champ:Improvising","floor":13.0},{"not_picked":["champ:Shatter","champ:BringItOn","champ:PerfectedStrike"],"picked":"SKIP","floor":14.0},{"not_picked":["champ:BerserkersShout","champ:DefensiveShout"],"picked":"champ:SkillfulDodge","floor":15.0},{"not_picked":["champ:LastStand","champ:EnchantCrown"],"picked":"champ:TripleStrike","floor":16.0},{"not_picked":["champ:ShieldSlam","champ:CrownThrow","champ:FlashCut"],"picked":"SKIP","floor":19.0},{"not_picked":["champ:ShieldSigil","champ:EnGarde"],"picked":"champ:SkillfulDodge+1","floor":20.0},{"not_picked":["champ:TornadoPunch","champ:RapidStrikes"],"picked":"champ:FlashCut","floor":22.0},{"not_picked":["champ:FaceSlap","champ:IgnorePain","champ:BladeFlurry"],"picked":"SKIP","floor":26.0},{"not_picked":["champ:ViciousMockery","champ:AdrenalArmor"],"picked":"champ:ShieldWall+1","floor":27.0},{"not_picked":["champ:FaceSlap+1","champ:Haymaker","champ:BringItOn"],"picked":"SKIP","floor":30.0},{"not_picked":["champ:AdrenalArmor","champ:BerserkersShout"],"picked":"champ:EnchantShield","floor":31.0},{"not_picked":["champ:EnGarde+1","champ:Shatter+1"],"picked":"champ:Parry","floor":32.0},{"not_picked":["champ:BringItOn","champ:BerserkersShout","champ:Backstep"],"picked":"SKIP","floor":36.0},{"not_picked":["champ:FanOfKnives+1","champ:BerserkersShout+1"],"picked":"champ:TornadoPunch+1","floor":38.0},{"not_picked":["champ:PerfectedStrike+1","champ:AdrenalArmor+1","champ:BerserkersShout"],"picked":"SKIP","floor":39.0},{"not_picked":["champ:CalledShot+1","champ:PreciseThrust+1"],"picked":"champ:DefensiveStyle+1","floor":40.0},{"not_picked":["champ:RecklessLeap","champ:BerserkersShout+1","champ:CheapShot"],"picked":"SKIP","floor":43.0},{"not_picked":["champ:TornadoPunch","champ:PreciseThrust+1","champ:CrownThrow"],"picked":"SKIP","floor":46.0},{"not_picked":["champ:TornadoPunch","champ:SetATrap"],"picked":"champ:ShieldThrow","floor":47.0},{"not_picked":["champ:RisingSlash+1","champ:BerserkerStyle+1","champ:BladeFlurry"],"picked":"SKIP","floor":49.0},{"not_picked":["champ:Haymaker","champ:BladeFlurry"],"picked":"champ:FocusedDefense+1","floor":52.0}],"player_experience":477848,"relics_obtained":[{"floor":7.0,"key":"Happy Flower"},{"floor":13.0,"key":"Peace Pipe"},{"floor":24.0,"key":"Letter Opener"},{"floor":37.0,"key":"Bird Faced Urn"},{"floor":41.0,"key":"Eternal Feather"},{"floor":44.0,"key":"Unceasing Top"},{"floor":47.0,"key":"Omamori"},{"floor":52.0,"key":"InkBottle"}],"event_choices":[{"damage_healed":0.0,"max_hp_gain":5.0,"max_hp_loss":0.0,"gold_gain":0.0,"event_name":"Big Fish","player_choice":"Donut","floor":5.0,"gold_loss":0.0,"damage_taken":0.0},{"damage_healed":0.0,"max_hp_gain":0.0,"max_hp_loss":0.0,"gold_gain":0.0,"event_name":"Mysterious Sphere","player_choice":"Fight","floor":37.0,"gold_loss":0.0,"damage_taken":0.0}],"is_beta":false,"boss_relics":[{"not_picked":["Runic Dome","Velvet Choker"],"picked":"Cursed Key"},{"not_picked":["champ:ChampionCrownUpgraded","Pandora\u0027s Box"],"picked":"sneckomod:SneckoTalon"}],"items_purged_floors":[27,40,45,53],"is_endless":false,"potions_floor_spawned":[6,8,9,13,16,20,26,31,32,36,37,44,52],"ascension_level":0}}