{"host":"mpptac75auyxsbzs","time":1611418217,"event":{"mods":["Ascension Reborn","BaseMod","Challenge The Spire","Downfall","Minty Spire (QoL Compilation)","Random Character Button","StSLib","SuperFastMode"],"gold_per_floor":[99,117,181,106,118,145,145,164,89,124,124,139,5,23,43,139,139,64,80,95,195,208,208,233,233,233,233],"floor_reached":25,"language":"ENG","playtime":2077,"items_purged":[],"score":263,"play_id":"0a77ec4c-6743-4127-8799-01f9304d4689","local_time":"20210123171017","is_ascension_mode":true,"campfire_choices":[{"floor":1.0,"key":"RECALL"},{"data":"sneckomod:Unknown","floor":4.0,"key":"SMITH"},{"data":"sneckomod:SnekBeam","floor":9.0,"key":"SMITH"},{"data":"sneckomod:Unknown","floor":18.0,"key":"SMITH"}],"circlet_count":0,"master_deck":["sneckomod:Strike","sneckomod:Strike","sneckomod:Strike+1","sneckomod:Defend","sneckomod:Defend","sneckomod:Defend","sneckomod:TailWhip","sneckomod:SnekBite+1","sneckomod:Unknown+1","sneckomod:Unknown+1","sneckomod:UnknownVulnerable","sneckomod:UnknownClassGUARDIAN","sneckomod:ImprovisedAttack","sneckomod:SnekBeam+1","sneckomod:DiceCrush","sneckomod:Unknown3Cost","sneckomod:UnknownStrike","sneckomod:Unknown2Cost","sneckomod:UnknownX","sneckomod:UnknownVulnerable","sneckomod:Unknown3Cost","sneckomod:DiceBoulder","sneckomod:Unknown1Cost","sneckomod:WideSting","sneckomod:UnknownExhaust","Madness"],"relics":["sneckomod:SneckoSoul","Letter Opener","downfall:HeartBlessingRed","Blood Vial","downfall:HeartBlessingBlue","Whetstone","Philosopher\u0027s Stone","downfall:HeartBlessingGreen","Mango","Question Card","Vajra"],"acts_visited":[],"potions_floor_usage":[],"damage_taken":[{"damage":8.0,"enemies":"Jaw Worm","floor":2.0,"turns":2.0},{"damage":47.0,"enemies":"Gremlin Nob","floor":3.0,"turns":5.0},{"damage":0.0,"enemies":"Cultist","floor":5.0,"turns":2.0},{"damage":26.0,"enemies":"3 Sentries","floor":6.0,"turns":5.0},{"damage":0.0,"enemies":"Small Slimes","floor":8.0,"turns":2.0},{"damage":20.0,"enemies":"Lagavulin","floor":10.0,"turns":5.0},{"damage":9.0,"enemies":"2 Fungi Beasts","floor":12.0,"turns":2.0},{"damage":0.0,"enemies":"downfall:FleeingMerchant","floor":13.0,"turns":4.0},{"damage":6.0,"enemies":"Exordium Wildlife","floor":14.0,"turns":2.0},{"damage":1.0,"enemies":"Large Slime","floor":15.0,"turns":4.0},{"damage":38.0,"enemies":"downfall:CharBossSilent","floor":16.0,"turns":6.0},{"damage":11.0,"enemies":"Spheric Guardian","floor":19.0,"turns":3.0},{"damage":22,"enemies":"Shell Parasite","floor":20,"turns":4},{"damage":30,"enemies":"Colosseum Nobs","floor":21,"turns":4},{"damage":68,"enemies":"Sentry and Sphere","floor":22,"turns":6},{"damage":14,"enemies":"Slavers","floor":25,"turns":1}],"seed_played":"-100352578992660879","potions_obtained":[{"floor":3.0,"key":"Energy Potion"},{"floor":6.0,"key":"SpeedPotion"},{"floor":8.0,"key":"ColorlessPotion"},{"floor":11.0,"key":"FairyPotion"},{"floor":11.0,"key":"SpeedPotion"},{"floor":11.0,"key":"SmokeBomb"},{"floor":20,"key":"Energy Potion"}],"is_trial":false,"path_per_floor":["R","M","?","R","M","E","T","M","R","E","?","M","$","M","M","B",null,"R","M","M","?","M","R","T","E"],"character_chosen":"THE_SNECKO","items_purchased":["sneckomod:UnknownStrike","sneckomod:Unknown2Cost"],"campfire_rested":0,"item_purchase_floors":[13,13],"current_hp_per_floor":[99,92,46,46,46,20,20,23,33,15,15,9,13,10,12,17,118,118,107,87,73,7,7,7,0,0,0],"gold":233,"neow_bonus":"TEN_PERCENT_HP_BONUS","is_daily":false,"chose_seed":false,"campfire_upgraded":3,"win_rate":0.0,"timestamp":1611418217,"path_taken":["R","M","?","R","M","E","T","M","R","E","?","?","$","M","M","BOSS","R","M","M","?","M","R","T","E"],"items_purchased_type":["Card","Card"],"build_version":"2020-12-22","purchased_purges":0,"victory":false,"max_hp_per_floor":[99,100,101,101,101,101,101,102,112,112,112,113,115,116,117,118,118,118,118,118,132,132,132,132,132,132,132],"card_choices":[{"not_picked":["sneckomod:UnknownCommonSkill","sneckomod:UnknownClassBLUE"],"picked":"sneckomod:UnknownVulnerable","floor":2.0},{"not_picked":["sneckomod:DefensiveFlair","sneckomod:SlitherStrike"],"picked":"sneckomod:UnknownClassGUARDIAN","floor":3.0},{"not_picked":["sneckomod:SoulDraw","sneckomod:RainOfDice"],"picked":"sneckomod:ImprovisedAttack","floor":5.0},{"not_picked":["sneckomod:UnknownStrike","sneckomod:UnknownBlock"],"picked":"sneckomod:SnekBeam","floor":6.0},{"not_picked":["sneckomod:QuickMove","sneckomod:UnknownWeak"],"picked":"sneckomod:UnknownVulnerable","floor":8.0},{"not_picked":["sneckomod:TrashToTreasure","sneckomod:ImprovisedGuard"],"picked":"sneckomod:DiceCrush","floor":10.0},{"not_picked":["sneckomod:SnakeSap","sneckomod:SoulDraw"],"picked":"sneckomod:Unknown3Cost","floor":12.0},{"not_picked":["sneckomod:CheapStock","sneckomod:SerpentIdol"],"picked":"sneckomod:UnknownX","floor":14.0},{"not_picked":["sneckomod:UnknownUncommonAttack","sneckomod:SoulCleanse"],"picked":"sneckomod:UnknownVulnerable","floor":15.0},{"not_picked":["sneckomod:SerpentMind","sneckomod:UnlimitedRolls"],"picked":"sneckomod:Unknown3Cost","floor":16.0},{"not_picked":["sneckomod:SnakeSap","sneckomod:TrashToTreasure"],"picked":"sneckomod:DiceBoulder","floor":19},{"not_picked":["sneckomod:DiceBoulder","sneckomod:UnknownBlock"],"picked":"sneckomod:Unknown1Cost","floor":20},{"not_picked":["sneckomod:QuickMove","sneckomod:DiceBoulder"],"picked":"sneckomod:WideSting","floor":21},{"not_picked":["sneckomod:QuickMove","sneckomod:SnakeSap","sneckomod:SoulRoll"],"picked":"sneckomod:UnknownExhaust","floor":22}],"player_experience":234671,"relics_obtained":[{"floor":3.0,"key":"Letter Opener"},{"floor":6.0,"key":"Blood Vial"},{"floor":10.0,"key":"Whetstone"},{"floor":21,"key":"Mango"},{"floor":21,"key":"Question Card"},{"floor":24,"key":"Vajra"}],"event_choices":[{"damage_healed":0.0,"max_hp_gain":0.0,"max_hp_loss":0.0,"gold_gain":0.0,"event_name":"Lab","player_choice":"Got Potions","floor":11.0,"gold_loss":0.0,"damage_taken":0.0}],"is_beta":false,"boss_relics":[{"not_picked":["Astrolabe","Snecko Eye"],"picked":"Philosopher\u0027s Stone"}],"items_purged_floors":[],"is_endless":false,"potions_floor_spawned":[3,6,8,12,20],"killed_by":"Slavers","ascension_level":0}}