{"host":"sy26bfguqtls01um","time":1611397355,"event":{"mods":["BaseMod","DeckTracker","Hermit","Minty Spire (QoL Compilation)","Random Character Button","StSLib","SuperFastMode","The Hierophant","The Necromancer","The Servant 0.9.4","The Wild Card"],"gold_per_floor":[114,114,11,11,27,27,59,59,59,59,78,78,92,118,118,118,118],"floor_reached":16,"language":"KOR","playtime":9367,"items_purged":["Decay"],"score":316,"play_id":"a6b3d11c-c3e7-42e3-bd73-9d077330105a","local_time":"20210123192235","is_ascension_mode":true,"campfire_choices":[{"data":"Potential","floor":6,"key":"SMITH"},{"data":"Exchange","floor":8,"key":"SMITH"},{"data":"Barrier","floor":12,"key":"SMITH"},{"floor":15,"key":"REST"}],"circlet_count":0,"master_deck":["AscendersBane","Strike_S+1","Strike_S","Strike_S","Strike_S","Defend_S","Defend_S","Defend_S","Defend_S","KidneyShot+1","Exchange+1","Potential+1","TimeWarp","BottledTime","TimeWarp","Barrier+1","Dilation"],"relics":["Uniform","NeowsBlessing","Blue Candle","TungstenRod"],"acts_visited":["Exordium"],"potions_floor_usage":[13,14],"damage_taken":[{"damage":0,"enemies":"2 Louse","floor":1,"turns":1},{"damage":0,"enemies":"Cultist","floor":5,"turns":1},{"damage":0,"enemies":"Lagavulin","floor":7,"turns":1},{"damage":4,"enemies":"Small Slimes","floor":11,"turns":3},{"damage":19,"enemies":"Exordium Thugs","floor":13,"turns":4},{"damage":0,"enemies":"Gremlin Nob","floor":14,"turns":3},{"damage":31,"enemies":"Slime Boss","floor":16,"turns":8}],"seed_played":"2226063174872500445","potions_obtained":[{"floor":5,"key":"Dexterity Potion"},{"floor":13,"key":"GamblersBrew"}],"is_trial":false,"path_per_floor":["M","?","$","?","M","R","E","R","T","?","M","R","M","E","R","B"],"character_chosen":"THE_SERVANT","items_purchased":["TimeWarp"],"campfire_rested":1,"item_purchase_floors":[3],"current_hp_per_floor":[54,54,54,36,36,36,36,36,36,36,32,32,13,13,31,0,0],"gold":118,"neow_bonus":"THREE_ENEMY_KILL","is_daily":false,"chose_seed":false,"campfire_upgraded":3,"win_rate":0.0,"timestamp":1611397355,"path_taken":["M","?","$","?","M","R","E","R","T","?","?","R","M","E","R","BOSS"],"items_purchased_type":["Card"],"build_version":"2020-12-22","purchased_purges":1,"victory":false,"max_hp_per_floor":[60,60,60,60,60,60,60,60,60,60,60,60,60,60,60,60,60],"card_choices":[{"not_picked":["Revamp","Rewind"],"picked":"Potential","floor":1},{"not_picked":["Replace","Unruled"],"picked":"BottledTime","floor":5},{"not_picked":["RealityMarble","Moonlight"],"picked":"TimeWarp","floor":7},{"not_picked":["Spin","Snipe"],"picked":"Barrier","floor":11},{"not_picked":["Revamp","ReturningBlade","Barrier"],"picked":"SKIP","floor":13},{"not_picked":["Defy","GearUp"],"picked":"Dilation","floor":14}],"player_experience":1889148,"relics_obtained":[{"floor":7,"key":"Blue Candle"},{"floor":14,"key":"TungstenRod"}],"event_choices":[{"damage_healed":0,"gold_gain":0,"player_choice":"Cursed","damage_taken":0,"max_hp_gain":0,"max_hp_loss":0,"event_name":"Wheel of Change","floor":2,"gold_loss":0,"cards_obtained":["Decay"]},{"damage_healed":0,"gold_gain":0,"player_choice":"Entered Light","damage_taken":18,"max_hp_gain":0,"max_hp_loss":0,"event_name":"Shining Light","floor":4,"gold_loss":0,"cards_upgraded":["Strike_S","KidneyShot"]},{"damage_healed":0,"gold_gain":0,"player_choice":"Ignored","damage_taken":0,"max_hp_gain":0,"max_hp_loss":0,"event_name":"Golden Idol","floor":10,"gold_loss":0}],"is_beta":false,"boss_relics":[],"items_purged_floors":[3],"is_endless":false,"potions_floor_spawned":[5,13],"killed_by":"Slime Boss","ascension_level":20}}