{"host":"vgoo8hagqzs0eqkg","time":1611407097,"event":{"mods":["BaseMod","Downfall","Minty Spire (QoL Compilation)","Quick Restart","StSLib"],"gold_per_floor":[99,115,125,144,159,173,224,244,262,281,281,329,429,41,52,52,52,52],"floor_reached":16,"language":"ZHS","playtime":689,"items_purged":["champ:Strike"],"score":108,"play_id":"51671e29-5283-4355-893c-1494519c77d6","local_time":"20210123210457","is_ascension_mode":false,"campfire_choices":[{"data":"champ:Taunt","floor":1,"key":"SMITH"},{"data":"champ:Shatter","floor":11,"key":"SMITH"}],"circlet_count":0,"master_deck":["champ:Strike","champ:Strike","champ:Strike","champ:Defend","champ:Defend","champ:Defend","champ:Defend","champ:Execute","champ:Taunt+1","champ:FanOfKnives","champ:PreciseThrust","champ:FocusedBerserking","champ:Shatter+1","champ:CalledShot","champ:IronFortress","champ:Encircle","champ:FaceSlap","champ:BerserkersShout"],"relics":["champ:ChampionCrown","MealTicket","Meat on the Bone","Medical Kit","Tiny Chest"],"acts_visited":["Exordium"],"potions_floor_usage":[12,12,16,16],"damage_taken":[{"damage":13,"enemies":"2 Louse","floor":2,"turns":3},{"damage":20,"enemies":"Small Slimes","floor":3,"turns":3},{"damage":13,"enemies":"Jaw Worm","floor":4,"turns":4},{"damage":26,"enemies":"Blue Slaver","floor":5,"turns":3},{"damage":15,"enemies":"2 Fungi Beasts","floor":6,"turns":3},{"damage":22,"enemies":"3 Louse","floor":8,"turns":2},{"damage":10,"enemies":"2 Fungi Beasts","floor":9,"turns":2},{"damage":17,"enemies":"Blue Slaver","floor":10,"turns":3},{"damage":46,"enemies":"Lagavulin","floor":12,"turns":5},{"damage":10,"enemies":"downfall:FleeingMerchant","floor":14,"turns":4},{"damage":20,"enemies":"Gremlin Gang","floor":15,"turns":3},{"damage":47,"enemies":"WA_ARCHETYPE_RETAIN","floor":16,"turns":2}],"seed_played":"-9180032538580055113","potions_obtained":[{"floor":3,"key":"champ:TechniquePotion"},{"floor":4,"key":"Fire Potion"},{"floor":5,"key":"ColorlessPotion"},{"floor":15,"key":"Energy Potion"}],"is_trial":false,"path_per_floor":["R","M","M","M","M","M","T","M","M","M","R","E","?","$","M","B"],"character_chosen":"THE_CHAMP","items_purchased":["Medical Kit","Tiny Chest"],"campfire_rested":0,"item_purchase_floors":[14,14],"current_hp_per_floor":[99,96,91,88,77,72,72,65,65,53,53,22,22,49,46,0,0,0],"gold":52,"neow_bonus":"TEN_PERCENT_HP_BONUS","is_daily":false,"chose_seed":false,"campfire_upgraded":2,"win_rate":0.0,"timestamp":1611407097,"path_taken":["R","M","M","M","M","M","T","M","M","M","R","E","?","$","M","BOSS"],"items_purchased_type":["Relic","Relic"],"build_version":"2020-12-22","purchased_purges":1,"victory":false,"max_hp_per_floor":[99,99,99,99,99,99,99,99,99,99,99,99,99,99,99,99,99,99],"card_choices":[{"not_picked":["champ:CrookedStrike","champ:CrownThrow"],"picked":"champ:FanOfKnives","floor":2},{"not_picked":["champ:FocusedDefense","champ:FanOfKnives"],"picked":"champ:PreciseThrust","floor":3},{"not_picked":["champ:Circumvent","champ:Haymaker","champ:PerfectedStrike"],"picked":"SKIP","floor":4},{"not_picked":["champ:Parry","champ:PreciseThrust"],"picked":"champ:FocusedBerserking","floor":5},{"not_picked":["champ:EnGarde","champ:ArenaPreparation"],"picked":"champ:Shatter","floor":6},{"not_picked":["champ:ShieldWall","champ:Backstep"],"picked":"champ:CalledShot","floor":8},{"not_picked":["champ:DefensiveShout","champ:PreciseThrust","champ:SkillfulDodge"],"picked":"SKIP","floor":9},{"not_picked":["champ:DeathBlow","champ:GutPunch"],"picked":"champ:IronFortress","floor":10},{"not_picked":["champ:SkillfulDodge","champ:CrownThrow"],"picked":"champ:Encircle","floor":12},{"not_picked":["champ:Duel","champ:FalseCounter"],"picked":"champ:FaceSlap","floor":14},{"not_picked":["champ:ShieldSlam","champ:IgnorePain"],"picked":"champ:BerserkersShout","floor":15}],"player_experience":439156,"relics_obtained":[{"floor":7,"key":"MealTicket"},{"floor":12,"key":"Meat on the Bone"}],"event_choices":[],"is_beta":false,"boss_relics":[],"items_purged_floors":[14],"is_endless":false,"potions_floor_spawned":[3,4,5,8,15],"killed_by":"WA_ARCHETYPE_RETAIN","ascension_level":0}}