{"host":"vumwfieg2b2mnrfl","time":1611363473,"event":{"mods":["AchievementEnabler","BaseMod","Minty Spire (QoL Compilation)","Rare Cards Sparkle","Relic Stats"],"gold_per_floor":[118,133,133,133,133,145,182,194,206,218,244,267,297,327,339,428,440,463,475,504,516,609,621,621],"floor_reached":23,"language":"ENG","playtime":547,"items_purged":[],"score":353,"play_id":"03d4a0ae-1323-4a12-8fa0-24255a9e867a","local_time":"20210122185753","is_ascension_mode":true,"campfire_choices":[{"data":"Bash","floor":6.0,"key":"SMITH"},{"floor":8.0,"key":"REST"},{"floor":15.0,"key":"REST"}],"circlet_count":0,"master_deck":["AscendersBane","Strike_R","Strike_R","Strike_R","Defend_R","Defend_R","Bash+1","Juggernaut","Cleave","Dual Wield","Fiend Fire","Regret","Shrug It Off","Uppercut+1","Inflame","Bludgeon+1","Combust+1","Inflame+1","Burning Pact+1","Hemokinesis+1","Heavy Blade+1"],"relics":["Burning Blood","Mercury Hourglass","MawBank","Bag of Marbles","Molten Egg 2","Astrolabe","Gremlin Horn"],"acts_visited":["Exordium","TheCity"],"potions_floor_usage":[16,23],"damage_taken":[{"damage":7.0,"enemies":"Small Slimes","floor":1.0,"turns":4.0},{"damage":7.0,"enemies":"2 Louse","floor":2.0,"turns":3.0},{"damage":42.0,"enemies":"3 Sentries","floor":7.0,"turns":6.0},{"damage":7.0,"enemies":"Jaw Worm","floor":11.0,"turns":2.0},{"damage":31.0,"enemies":"Exordium Thugs","floor":12.0,"turns":5.0},{"damage":6.0,"enemies":"Looter","floor":13.0,"turns":3.0},{"damage":0.0,"enemies":"3 Louse","floor":14.0,"turns":2.0},{"damage":23,"enemies":"Slime Boss","floor":16,"turns":7},{"damage":11,"enemies":"Spheric Guardian","floor":18,"turns":3},{"damage":33,"enemies":"2 Thieves","floor":20,"turns":3},{"damage":39,"enemies":"Slavers","floor":23,"turns":2}],"seed_played":"2773746336175398451","potions_obtained":[{"floor":1.0,"key":"BloodPotion"},{"floor":12.0,"key":"Strength Potion"},{"floor":14.0,"key":"PowerPotion"},{"floor":18,"key":"GamblersBrew"}],"is_trial":false,"path_per_floor":["M","M","?","?","?","R","E","R","T","?","M","M","M","M","R","B",null,"M","$","M","?","T","E"],"character_chosen":"IRONCLAD","items_purchased":[],"campfire_rested":2,"item_purchase_floors":[],"current_hp_per_floor":[67,66,66,66,55,55,19,41,41,41,40,15,15,36,58,41,67,62,62,35,35,35,0,0],"gold":621,"neow_bonus":"ONE_RANDOM_RARE_CARD","is_daily":false,"chose_seed":false,"campfire_upgraded":1,"win_rate":0.0,"timestamp":1611363473,"path_taken":["M","M","?","?","?","R","E","R","T","?","M","M","M","M","R","BOSS","M","$","M","?","?","E"],"items_purchased_type":[],"build_version":"2020-12-22","purchased_purges":0,"victory":false,"max_hp_per_floor":[75,75,75,75,75,75,75,75,75,75,75,75,75,75,75,75,75,75,75,75,75,75,75,75],"relic_stats":{"Gremlin Horn":[0,0],"counters":[11,39],"Astrolabe":["Combust","Inflame","Burning Pact"],"MawBank":216,"obtain_stats":[{"Gremlin Horn":22,"Astrolabe":17,"Molten Egg 2":9,"Bag of Marbles":7,"MawBank":5,"Burning Blood":0,"Mercury Hourglass":4},{"Gremlin Horn":10,"Astrolabe":8,"Molten Egg 2":3,"Bag of Marbles":3,"MawBank":2,"Burning Blood":0,"Mercury Hourglass":2},{"Gremlin Horn":37,"Astrolabe":31,"Molten Egg 2":13,"Bag of Marbles":13,"MawBank":7,"Burning Blood":0,"Mercury Hourglass":7}],"Burning Blood":60,"Mercury Hourglass":[157]},"card_choices":[{"not_picked":["Pummel","Sentinel"],"picked":"Cleave","floor":1.0},{"not_picked":["Anger","Flex"],"picked":"Dual Wield","floor":2.0},{"not_picked":["Body Slam","Blood for Blood"],"picked":"Shrug It Off","floor":7.0},{"not_picked":["Fiend Fire+1","Wild Strike+1","Havoc"],"picked":"SKIP","floor":11.0},{"not_picked":["Perfected Strike+1","Heavy Blade+1","Combust"],"picked":"SKIP","floor":12.0},{"not_picked":["Twin Strike+1","Headbutt+1"],"picked":"Uppercut+1","floor":13.0},{"not_picked":["Seeing Red","Searing Blow+1"],"picked":"Inflame","floor":14.0},{"not_picked":["Exhume","Fiend Fire+1"],"picked":"Bludgeon+1","floor":16},{"not_picked":["Clash+1","Inflame"],"picked":"Hemokinesis+1","floor":18},{"not_picked":["Rage+1","Twin Strike+1"],"picked":"Heavy Blade+1","floor":20}],"player_experience":451418,"relics_obtained":[{"floor":7.0,"key":"Bag of Marbles"},{"floor":9.0,"key":"Molten Egg 2"},{"floor":22,"key":"Gremlin Horn"}],"event_choices":[{"damage_healed":0.0,"max_hp_gain":0.0,"max_hp_loss":0.0,"gold_gain":0.0,"cards_transformed":["Strike_R"],"event_name":"Living Wall","player_choice":"Change","floor":3.0,"gold_loss":0.0,"damage_taken":0.0,"cards_obtained":["Fiend Fire"]},{"damage_healed":0.0,"max_hp_gain":0.0,"max_hp_loss":0.0,"gold_gain":0.0,"event_name":"Big Fish","player_choice":"Box","floor":4.0,"gold_loss":0.0,"damage_taken":0.0,"relics_obtained":["Mercury Hourglass"],"cards_obtained":["Regret"]},{"damage_healed":0.0,"max_hp_gain":0.0,"max_hp_loss":0.0,"gold_gain":0.0,"event_name":"Scrap Ooze","player_choice":"Success","floor":5.0,"gold_loss":0.0,"damage_taken":11.0,"relics_obtained":["MawBank"]},{"damage_healed":0.0,"max_hp_gain":0.0,"max_hp_loss":0.0,"gold_gain":0.0,"event_name":"Liars Game","player_choice":"Ignored","floor":10.0,"gold_loss":0.0,"damage_taken":0.0},{"damage_healed":0,"gold_gain":0,"player_choice":"Ignored","damage_taken":0,"max_hp_gain":0,"max_hp_loss":0,"event_name":"Ghosts","floor":21,"gold_loss":0}],"is_beta":false,"boss_relics":[{"not_picked":["Coffee Dripper","Busted Crown"],"picked":"Astrolabe"}],"items_purged_floors":[],"is_endless":false,"potions_floor_spawned":[1,12,13,14,18],"killed_by":"Slavers","ascension_level":17}}