{"host":"7uty67eufarcrkdl","time":1611360152,"event":{"mods":["AchievementEnabler","Act Like it!","BaseMod","Bestiary","Better Altar","Better Match","Better Note","Better Sensory Stone","Better Skull","Better Third Choice","Better Vampires","BetterRewards","Block Reminder","Challenge The Spire","Colored Map","Colored Powertips","DeckTracker","Defuse TimeMaze Blight","Displayed Cursed Tome","Downfall","Ekko","Hubris","Infinite Spire","Minty Spire (QoL Compilation)","MonsterHotkey","Permanent Neow","Rare Cards Sparkle","Relic Stats","Replay The Spire","Shop Mod","StSLib","The Blue Laboratory","Thieving Mod","Transform Curses","Uncapped","Wandering Minibosses"],"gold_per_floor":[116,116,116,191,191,179,179],"floor_reached":6,"language":"ENG","playtime":164,"items_purged":[],"score":35,"play_id":"799df834-5574-4b83-ac11-1ab82891596d","local_time":"20210122170232","is_ascension_mode":true,"campfire_choices":[],"circlet_count":0,"master_deck":["Strike_B","Strike_B","Strike_B","Strike_B","Defend_B","Defend_B","Defend_B","Defend_B","Zap","Dualcast","hubris:Despair","Hologram","FIFO Queue","hubris:NaturalOne"],"relics":["Cracked Core","Ginger","hubris:Icosahedron","infinitespire:Lucky Rock"],"acts_visited":["Exordium"],"potions_floor_usage":[6,6],"damage_taken":[{"damage":0,"enemies":"Cultist","floor":1,"turns":4},{"damage":24,"enemies":"Gremlin Nob","floor":6,"turns":3}],"seed_played":"-2383855419824895508","potions_obtained":[{"floor":4,"key":"DistilledChaos"},{"floor":4,"key":"AttackPotion"}],"is_trial":false,"path_per_floor":["M","$","?","?","?","E"],"character_chosen":"DEFECT","items_purchased":[],"campfire_rested":0,"item_purchase_floors":[],"current_hp_per_floor":[75,55,55,25,18,0,0],"gold":179,"neow_bonus":"ONE_RARE_RELIC","is_daily":false,"chose_seed":false,"campfire_upgraded":0,"win_rate":0.0,"timestamp":1611360152,"path_taken":["M","?","?","?","?","E"],"items_purchased_type":[],"build_version":"2020-12-22","purchased_purges":0,"victory":false,"max_hp_per_floor":[75,75,75,75,75,75,75],"relic_stats":{"counters":[2,7],"Ginger":[0],"obtain_stats":[{"hubris:Icosahedron":3,"Ginger":0,"infinitespire:Lucky Rock":4,"Cracked Core":0},{"hubris:Icosahedron":1,"Ginger":0,"infinitespire:Lucky Rock":1,"Cracked Core":0},{"hubris:Icosahedron":4,"Ginger":0,"infinitespire:Lucky Rock":4,"Cracked Core":0}]},"card_choices":[{"not_picked":["ReplayTheSpireMod:GoodbyeWorld","Compile Driver"],"picked":"Hologram","floor":1},{"not_picked":["Go for the Eyes","Reprogram"],"picked":"FIFO Queue","floor":4}],"player_experience":168095,"relics_obtained":[{"floor":4,"key":"infinitespire:Lucky Rock"}],"event_choices":[{"damage_healed":0,"gold_gain":0,"player_choice":"Damaged","damage_taken":7,"max_hp_gain":0,"max_hp_loss":0,"event_name":"Wheel of Change","floor":5,"gold_loss":0}],"is_beta":false,"boss_relics":[],"items_purged_floors":[],"is_endless":false,"potions_floor_spawned":[],"killed_by":"Gremlin Nob","ascension_level":2}}