{"host":"v0n6ky7dmveherv3","time":1611419659,"event":{"mods":["BaseMod","Better Third Choice","Downfall","Minty Spire (QoL Compilation)","StSLib"],"gold_per_floor":[99,99,99,99,99,133,159,20,31,31,49,49,49,83,97,200,200,200,216,1,1,1,1,1,1,13,33,63,63,78,90,106,205,205,105,120,133,149,161,33,33,33,33,43,43,56,56,72,83,83],"floor_reached":51,"language":"ENG","playtime":2286,"items_purged":["bronze:Strike"],"score":829,"play_id":"0b09a4b1-9982-45ca-9c97-5e236279c326","local_time":"20210123093419","is_ascension_mode":false,"campfire_choices":[{"data":"bronze:Replicate","floor":1.0,"key":"SMITH"},{"data":"bronze:Philosophize","floor":13.0,"key":"SMITH"},{"floor":18.0,"key":"RECALL"},{"data":"bronze:Philosophize","floor":25.0,"key":"SMITH"},{"data":"bronze:Iterate","floor":29.0,"key":"SMITH"},{"data":"bronze:Iterate","floor":35.0,"key":"SMITH"},{"data":"expansioncontent:AwakenDeath","floor":47.0,"key":"SMITH"}],"circlet_count":0,"master_deck":["bronze:Strike","bronze:Strike","bronze:Defend+1","bronze:Defend","bronze:Defend+1","bronze:Replicate+1","bronze:Goto+1","bronze:Philosophize+1","bronze:Iterate+1","downfall:Malfunctioning","bronze:Iterate+1","bronze:Virus","bronze:Iterate","bronze:FineTuning","bronze:Virus","bronze:Philosophize+1","bronze:FineTuning","bronze:Iterate+1","bronze:FollowUp+1","bronze:FineTuning","bronze:ForLoop+1","bronze:Terminator+1","bronze:Overload","expansioncontent:AwakenDeath+1","bronze:FollowUp+1","bronze:FollowUp+1"],"relics":["bronze:BronzeCore","downfall:HeartsMalice","bronze:CableSpool","Art of War","Philosopher\u0027s Stone","Molten Egg 2","Anchor","downfall:RedIOU","Toy Ornithopter","Bottled Flame","Coffee Dripper","downfall:HeartBlessingRed","Ancient Tea Set"],"acts_visited":["Exordium","TheCity","TheBeyond"],"potions_floor_usage":[49,50],"damage_taken":[{"damage":0.0,"enemies":"2 Louse","floor":2.0,"turns":1.0},{"damage":0.0,"enemies":"Small Slimes","floor":3.0,"turns":1.0},{"damage":0.0,"enemies":"3 Sentries","floor":6.0,"turns":1.0},{"damage":2.0,"enemies":"downfall:FleeingMerchant","floor":8.0,"turns":4.0},{"damage":0.0,"enemies":"Cultist","floor":9.0,"turns":2.0},{"damage":3.0,"enemies":"3 Louse","floor":11.0,"turns":4.0},{"damage":0.0,"enemies":"Lagavulin","floor":14.0,"turns":2.0},{"damage":0.0,"enemies":"Large Slime","floor":15.0,"turns":3.0},{"damage":25.0,"enemies":"DF_ARCHETYPE_STREAMLINE","floor":16.0,"turns":4.0},{"damage":2.0,"enemies":"Spheric Guardian","floor":19.0,"turns":3.0},{"damage":21.0,"enemies":"downfall:FleeingMerchant","floor":20.0,"turns":4.0},{"damage":13.0,"enemies":"Snecko","floor":26.0,"turns":3.0},{"damage":0.0,"enemies":"Centurion and Healer","floor":27.0,"turns":4.0},{"damage":0.0,"enemies":"Book of Stabbing","floor":28.0,"turns":2.0},{"damage":0.0,"enemies":"Shelled Parasite and Fungi","floor":30.0,"turns":3.0},{"damage":0.0,"enemies":"Snecko","floor":31.0,"turns":3.0},{"damage":31.0,"enemies":"Sentry and Sphere","floor":32.0,"turns":4.0},{"damage":11.0,"enemies":"WA_ARCHETYPE_CALM","floor":33.0,"turns":3.0},{"damage":12.0,"enemies":"3 Shapes","floor":36.0,"turns":2.0},{"damage":3.0,"enemies":"Orb Walker","floor":37.0,"turns":2.0},{"damage":24.0,"enemies":"Maw","floor":38.0,"turns":5.0},{"damage":0.0,"enemies":"Sphere and 2 Shapes","floor":39.0,"turns":2.0},{"damage":17.0,"enemies":"4 Shapes","floor":44.0,"turns":5.0},{"damage":44.0,"enemies":"Maw","floor":46.0,"turns":5.0},{"damage":34.0,"enemies":"Writhing Mass","floor":48.0,"turns":5.0},{"damage":6,"enemies":"Jaw Worm Horde","floor":49,"turns":3},{"damage":48,"enemies":"SI_POISON_ARCHETYPE","floor":50,"turns":5}],"seed_played":"-1591344236827070905","potions_obtained":[{"floor":6.0,"key":"Dexterity Potion"},{"floor":14.0,"key":"bronze:BurnAndBuffPotion"},{"floor":15.0,"key":"Strength Potion"},{"floor":19.0,"key":"Strength Potion"},{"floor":23.0,"key":"CultistPotion"},{"floor":28.0,"key":"SkillPotion"},{"floor":36.0,"key":"Explosive Potion"},{"floor":45.0,"key":"downfall:CursedFountainPotion"},{"floor":49,"key":"Dexterity Potion"}],"is_trial":false,"path_per_floor":["R","M","M","?","?","E","T","$","M","?","M","?","R","E","M","B",null,"R","M","$","?","?","?","T","R","M","M","E","R","M","M","M","B",null,"R","M","M","M","M","$","T","?","?","M","?","M","R","M","M","B",null],"character_chosen":"THE_AUTOMATON","items_purchased":["bronze:Iterate","bronze:Philosophize","bronze:FineTuning","Molten Egg 2","bronze:Iterate+1","Anchor","LiquidMemories","SpeedPotion"],"campfire_rested":0,"item_purchase_floors":[8,20,20,20,20,20,40,40],"current_hp_per_floor":[70,70,70,70,70,70,70,68,68,68,65,65,65,65,65,40,70,70,68,47,47,47,47,47,47,34,34,39,39,39,44,13,12,70,70,58,55,31,36,36,36,36,36,19,19,20,20,30,29,30],"gold":83,"neow_bonus":"THREE_ENEMY_KILL","is_daily":false,"chose_seed":false,"campfire_upgraded":6,"win_rate":0.0,"timestamp":1611419659,"path_taken":["R","M","M","?","?","E","T","$","M","?","M","?","R","E","M","BOSS","R","M","?","?","?","?","T","R","M","M","E","R","M","M","M","BOSS","R","M","M","?","M","$","T","?","?","M","?","M","R","?","M","BOSS"],"items_purchased_type":["Card","Card","Card","Relic","Card","Relic","Potion","Potion"],"build_version":"2020-12-22","purchased_purges":1,"victory":true,"max_hp_per_floor":[70,70,70,70,70,70,70,70,70,70,70,70,70,70,70,70,70,70,70,70,70,70,70,70,70,70,70,70,70,70,70,70,70,70,70,70,70,70,70,70,70,70,70,70,70,70,70,70,70,70],"card_choices":[{"not_picked":["bronze:Separator","bronze:WildBeam"],"picked":"bronze:Philosophize","floor":2.0},{"not_picked":["bronze:CloningBeam","bronze:Allocate"],"picked":"bronze:Iterate","floor":3.0},{"not_picked":["bronze:ChildClass","bronze:WildBeam"],"picked":"bronze:Iterate","floor":6.0},{"not_picked":["bronze:Branch","bronze:Constructor"],"picked":"bronze:Virus","floor":8.0},{"not_picked":["bronze:ChosenStrike","bronze:Constructor","bronze:Iterate"],"picked":"SKIP","floor":9.0},{"not_picked":["bronze:CutThrough","bronze:Invalidate"],"picked":"bronze:FineTuning","floor":11.0},{"not_picked":["bronze:Constructor","bronze:Refactor","bronze:ForceShield"],"picked":"SKIP","floor":14.0},{"not_picked":["bronze:WhirlingStrike","bronze:WildBeam","bronze:FollowUp"],"picked":"SKIP","floor":15.0},{"not_picked":["bronze:RecursiveStrike","bronze:FindAndReplace"],"picked":"bronze:Virus","floor":16.0},{"not_picked":["bronze:Turbo","bronze:ChildClass+1","bronze:DarkDash"],"picked":"SKIP","floor":19.0},{"not_picked":["bronze:WhirlingStrike","bronze:CutThrough","bronze:Frontload+1"],"picked":"SKIP","floor":20.0},{"not_picked":["bronze:WildBeam+1","bronze:WhirlingStrike+1"],"picked":"bronze:FollowUp+1","floor":26.0},{"not_picked":["bronze:Flail+1","bronze:GetLatest","bronze:Separator+1"],"picked":"SKIP","floor":27.0},{"not_picked":["bronze:Overload","bronze:Safeguard"],"picked":"bronze:FineTuning","floor":28.0},{"not_picked":["bronze:OilSpill+1","bronze:Turbo","bronze:Separator+1"],"picked":"SKIP","floor":30.0},{"not_picked":["bronze:Shell","bronze:Deprecate","bronze:Branch+1"],"picked":"SKIP","floor":31.0},{"not_picked":["bronze:BronzeOrb+1","bronze:BitShift","bronze:Deprecate"],"picked":"SKIP","floor":32.0},{"not_picked":["bronze:FineTuning+1","bronze:BronzeOrb+1"],"picked":"bronze:ForLoop+1","floor":36.0},{"not_picked":["bronze:Shield","bronze:WildBeam+1"],"picked":"bronze:Terminator+1","floor":37.0},{"not_picked":["bronze:Iterate+1","bronze:DelayedSlice+1"],"picked":"bronze:Overload","floor":38.0},{"not_picked":["bronze:BronzeArmor","bronze:Repulsor","bronze:ForceShield+1"],"picked":"SKIP","floor":39.0},{"not_picked":["expansioncontent:YouAreMine","expansioncontent:GuardianWhirl+1"],"picked":"expansioncontent:AwakenDeath","floor":43.0},{"not_picked":["bronze:FineTuning+1","bronze:Flail+1"],"picked":"bronze:FollowUp+1","floor":44.0},{"not_picked":["bronze:FineTuning+1","bronze:Terminator","bronze:Flail+1"],"picked":"SKIP","floor":46.0},{"not_picked":["bronze:Branch+1","bronze:WildBeam+1","bronze:BuggyMess"],"picked":"SKIP","floor":48.0},{"not_picked":["bronze:DelayedSlice+1","bronze:CutThrough+1"],"picked":"bronze:FollowUp+1","floor":49}],"player_experience":121675,"relics_obtained":[{"floor":6.0,"key":"bronze:CableSpool"},{"floor":7.0,"key":"Oddly Smooth Stone"},{"floor":14.0,"key":"Art of War"},{"floor":24.0,"key":"Toy Ornithopter"},{"floor":28.0,"key":"Bottled Flame"},{"floor":41.0,"key":"Ancient Tea Set"}],"event_choices":[{"cards_removed":["bronze:Strike"],"damage_healed":0.0,"max_hp_gain":0.0,"max_hp_loss":0.0,"gold_gain":0.0,"event_name":"The Cleric","player_choice":"Card Removal","floor":10.0,"gold_loss":0.0,"damage_taken":0.0},{"cards_removed":["bronze:Defend"],"damage_healed":0.0,"max_hp_gain":0.0,"max_hp_loss":0.0,"gold_gain":0.0,"event_name":"Bonfire Elementals","player_choice":"Offered Basic","floor":12.0,"gold_loss":0.0,"damage_taken":0.0},{"damage_healed":0.0,"max_hp_gain":0.0,"max_hp_loss":0.0,"gold_gain":0.0,"event_name":"Lab","player_choice":"Got Potions","floor":23.0,"gold_loss":0.0,"damage_taken":0.0}],"is_beta":false,"boss_relics":[{"not_picked":["Cursed Key","Pandora\u0027s Box"],"picked":"Philosopher\u0027s Stone"},{"not_picked":["Empty Cage","Fusion Hammer"],"picked":"Coffee Dripper"}],"items_purged_floors":[8],"is_endless":false,"potions_floor_spawned":[6,14,15,16,19,27,28,30,36,49],"ascension_level":0}}