{"host":"k85tjwrh7mjrrc9a","time":1611445336,"event":{"mods":["AchievementEnabler","BaseMod","Colored Powertips","Highlight Path","Minty Spire (QoL Compilation)","Rare Cards Sparkle","StSLib"],"gold_per_floor":[117,136,149,161,161,161,173,206,233,245,245,222,233,158,158,254,254,273,284,303,10,10,10,41,41,41,68,18,45,56,84,84,179,179,194,194,214,264,279,310,310,339,364,364,364,364,364,164,164,164],"floor_reached":51,"language":"ENG","playtime":2365,"items_purged":["Strike_R","Strike_R","Strike_R","Writhe"],"score":1368,"play_id":"a3393f31-35e6-4da3-806a-44b5810611b8","local_time":"20210123184216","is_ascension_mode":true,"campfire_choices":[{"data":"Inflame","floor":6,"key":"SMITH"},{"data":"Heavy Blade","floor":11,"key":"SMITH"},{"data":"Armaments","floor":15,"key":"SMITH"},{"data":"Apotheosis","floor":23,"key":"SMITH"},{"data":"Bash","floor":25,"key":"SMITH"},{"data":"True Grit","floor":32,"key":"SMITH"},{"floor":41,"key":"REST"},{"floor":44,"key":"REST"},{"data":"Pommel Strike","floor":46,"key":"SMITH"},{"data":"Pommel Strike","floor":49,"key":"SMITH"}],"circlet_count":0,"master_deck":["AscendersBane","Strike_R","Strike_R","Defend_R","Defend_R","Defend_R","Defend_R","Bash+1","Dramatic Entrance","Inflame+1","Thunderclap","Pommel Strike+1","Pommel Strike+1","Twin Strike","Iron Wave","Feed","Heavy Blade+1","Armaments+1","Spot Weakness","Shockwave+1","Apotheosis+1","Dramatic Entrance","True Grit+1","Master of Strategy+1"],"relics":["Burning Blood","Happy Flower","Oddly Smooth Stone","Busted Crown","Smiling Mask","Bag of Preparation","Nunchaku","Eternal Feather","Letter Opener","Velvet Choker","Gambling Chip","Toxic Egg 2","Mummified Hand","Vajra","Toolbox"],"acts_visited":["Exordium","TheCity","TheBeyond"],"potions_floor_usage":[20],"damage_taken":[{"damage":16,"enemies":"Cultist","floor":1,"turns":4},{"damage":0,"enemies":"Small Slimes","floor":2,"turns":3},{"damage":13,"enemies":"Jaw Worm","floor":3,"turns":4},{"damage":16,"enemies":"Looter","floor":4,"turns":4},{"damage":5,"enemies":"2 Fungi Beasts","floor":7,"turns":3},{"damage":15,"enemies":"3 Sentries","floor":8,"turns":5},{"damage":4,"enemies":"Lots of Slimes","floor":10,"turns":2},{"damage":7,"enemies":"Blue Slaver","floor":13,"turns":2},{"damage":30,"enemies":"Hexaghost","floor":16,"turns":8},{"damage":0,"enemies":"3 Byrds","floor":18,"turns":4},{"damage":14,"enemies":"Shell Parasite","floor":19,"turns":5},{"damage":38,"enemies":"Shelled Parasite and Fungi","floor":20,"turns":4},{"damage":0,"enemies":"Gremlin Leader","floor":24,"turns":4},{"damage":0,"enemies":"Slavers","floor":27,"turns":2},{"damage":13,"enemies":"Book of Stabbing","floor":29,"turns":3},{"damage":12,"enemies":"Snake Plant","floor":30,"turns":2},{"damage":6,"enemies":"Gremlin Leader","floor":31,"turns":4},{"damage":8,"enemies":"Collector","floor":33,"turns":6},{"damage":14,"enemies":"Orb Walker","floor":35,"turns":3},{"damage":10,"enemies":"3 Darklings","floor":37,"turns":2},{"damage":15,"enemies":"Mind Bloom Boss Battle","floor":38,"turns":6},{"damage":10,"enemies":"Maw","floor":39,"turns":7},{"damage":55,"enemies":"Giant Head","floor":40,"turns":8},{"damage":39,"enemies":"Reptomancer","floor":42,"turns":5},{"damage":78,"enemies":"Awakened One","floor":50,"turns":10}],"seed_played":"3170998746829062837","potions_obtained":[{"floor":1,"key":"Block Potion"},{"floor":3,"key":"ColorlessPotion"},{"floor":4,"key":"EssenceOfSteel"},{"floor":19,"key":"FairyPotion"},{"floor":24,"key":"BloodPotion"}],"is_trial":false,"path_per_floor":["M","M","M","M","?","R","M","E","T","M","R","$","M","$","R","B",null,"M","M","M","$","?","R","E","R","T","E","$","E","M","E","R","B",null,"M","?","M","?","M","E","R","E","T","R","?","R","?","$","R","B",null],"character_chosen":"IRONCLAD","items_purchased":["Armaments","Apotheosis","Toolbox"],"campfire_rested":2,"item_purchase_floors":[12,21,48],"current_hp_per_floor":[62,68,61,51,51,51,52,43,43,45,45,45,44,44,44,20,65,74,66,37,37,37,37,47,47,47,57,57,50,47,51,63,61,91,83,83,79,74,70,21,64,31,31,74,100,105,95,95,105,33],"gold":164,"neow_bonus":"RANDOM_COLORLESS","is_daily":false,"chose_seed":false,"campfire_upgraded":8,"win_rate":0.0,"timestamp":1611445336,"path_taken":["M","M","?","M","?","R","M","E","T","M","R","$","M","$","R","BOSS","M","M","M","$","?","R","E","R","T","E","$","E","?","E","R","BOSS","M","?","?","?","M","E","R","E","T","R","?","R","?","$","R","BOSS"],"items_purchased_type":["Card","Card","Relic"],"build_version":"2020-12-22","purchased_purges":4,"victory":true,"max_hp_per_floor":[80,80,80,80,80,80,80,80,80,80,80,80,80,80,80,80,80,83,83,86,86,86,86,90,90,90,94,94,94,97,101,101,101,101,101,101,101,105,105,105,105,105,105,105,105,105,105,105,105,105],"card_choices":[{"not_picked":["Deep Breath","Dark Shackles"],"picked":"Dramatic Entrance","floor":0},{"not_picked":["Clothesline","True Grit"],"picked":"Inflame","floor":1},{"not_picked":["Warcry","Power Through"],"picked":"Thunderclap","floor":2},{"not_picked":["Hemokinesis","Body Slam"],"picked":"Pommel Strike","floor":3},{"not_picked":["True Grit","Clothesline"],"picked":"Pommel Strike","floor":4},{"not_picked":["Sentinel","Searing Blow"],"picked":"Iron Wave","floor":7},{"not_picked":["Disarm","Power Through"],"picked":"Feed","floor":8},{"not_picked":["Pommel Strike","Sentinel"],"picked":"Heavy Blade","floor":10},{"not_picked":["Pommel Strike","Uppercut","Body Slam"],"picked":"SKIP","floor":13},{"not_picked":["Entrench"],"picked":"SKIP","floor":18},{"not_picked":[],"picked":"Spot Weakness","floor":19},{"not_picked":[],"picked":"Shockwave+1","floor":20},{"not_picked":["Wild Strike"],"picked":"SKIP","floor":24},{"not_picked":[],"picked":"True Grit","floor":27},{"not_picked":["Clash"],"picked":"SKIP","floor":29},{"not_picked":["Iron Wave"],"picked":"SKIP","floor":30},{"not_picked":["Rampage"],"picked":"SKIP","floor":31},{"not_picked":["Rage+1"],"picked":"SKIP","floor":35},{"not_picked":["Havoc"],"picked":"SKIP","floor":37},{"not_picked":["Evolve+1"],"picked":"SKIP","floor":39},{"not_picked":["Bludgeon"],"picked":"SKIP","floor":40},{"not_picked":["Corruption"],"picked":"SKIP","floor":42},{"not_picked":[],"picked":"Master of Strategy+1","floor":47}],"player_experience":210229,"relics_obtained":[{"floor":8,"key":"Happy Flower"},{"floor":9,"key":"Oddly Smooth Stone"},{"floor":24,"key":"Smiling Mask"},{"floor":26,"key":"Bag of Preparation"},{"floor":27,"key":"Nunchaku"},{"floor":29,"key":"Eternal Feather"},{"floor":31,"key":"Letter Opener"},{"floor":38,"key":"Gambling Chip"},{"floor":40,"key":"Toxic Egg 2"},{"floor":42,"key":"Mummified Hand"},{"floor":43,"key":"Vajra"}],"event_choices":[{"damage_healed":0,"gold_gain":0,"player_choice":"1 cards matched","damage_taken":0,"max_hp_gain":0,"max_hp_loss":0,"event_name":"Match and Keep!","floor":5,"gold_loss":0,"cards_obtained":["Twin Strike"]},{"damage_healed":0,"gold_gain":0,"player_choice":"Copied","damage_taken":0,"max_hp_gain":0,"max_hp_loss":0,"event_name":"Duplicator","floor":22,"gold_loss":0,"cards_obtained":["Dramatic Entrance"]},{"damage_healed":0,"gold_gain":0,"player_choice":"Ignored","damage_taken":0,"max_hp_gain":0,"max_hp_loss":0,"event_name":"Transmorgrifier","floor":36,"gold_loss":0},{"damage_healed":0,"gold_gain":0,"player_choice":"Fight","damage_taken":0,"max_hp_gain":0,"max_hp_loss":0,"event_name":"MindBloom","floor":38,"gold_loss":0},{"damage_healed":26,"gold_gain":0,"player_choice":"Writhe","damage_taken":0,"max_hp_gain":0,"max_hp_loss":0,"event_name":"Winding Halls","floor":45,"gold_loss":0,"cards_obtained":["Writhe"]},{"damage_healed":0,"gold_gain":0,"player_choice":"Memory 3","damage_taken":10,"max_hp_gain":0,"max_hp_loss":0,"event_name":"SensoryStone","floor":47,"gold_loss":0}],"is_beta":false,"boss_relics":[{"not_picked":["Black Blood","Coffee Dripper"],"picked":"Busted Crown"},{"not_picked":["Fusion Hammer","Runic Dome"],"picked":"Velvet Choker"}],"items_purged_floors":[14,21,28,48],"is_endless":false,"potions_floor_spawned":[1,3,4,10,16,18,19,24,37,40],"ascension_level":12}}