{"host":"c52z9ixzgdjttcmx","time":1611378855,"event":{"mods":["BaseMod","Colored Powertips","Minty Spire (QoL Compilation)","Rare Cards Sparkle","Relic Stats"],"gold_per_floor":[113,113,20,95,95,127,127,153,153,153,166,166,179,193,193,265,315,326,354,354,29,40,40,55,55,55,55,55,18,44,60,60,133,133,145,145,163,175,200,200,200,200],"floor_reached":41,"language":"ENG","playtime":2376,"items_purged":["Strike_G"],"score":867,"play_id":"df981b4e-42ff-4c56-bffe-f20babb69bde","local_time":"20210122231415","is_ascension_mode":true,"campfire_choices":[{"data":"Phantasmal Killer","floor":7,"key":"SMITH"},{"data":"Terror","floor":10,"key":"SMITH"},{"data":"Poisoned Stab","floor":12,"key":"SMITH"},{"floor":15,"key":"REST"},{"floor":23,"key":"REST"},{"floor":25,"key":"REST"},{"data":"Malaise","floor":27,"key":"SMITH"},{"floor":32,"key":"REST"},{"floor":40,"key":"REST"}],"circlet_count":0,"master_deck":["AscendersBane","Survivor+1","Neutralize","Dagger Spray","Dash","Poisoned Stab+1","Phantasmal Killer+1","Terror+1","Cloak And Dagger","Accuracy","Bouncing Flask","Dash","Die Die Die","Blade Dance","Blade Dance","Calculated Gamble","Cloak And Dagger","Malaise+1","Accuracy","Heel Hook","Well Laid Plans","Die Die Die","Grand Finale","Outmaneuver","Flechettes","Terror","Glass Knife","Phantasmal Killer","Malaise","Malaise","Backstab+1","Blind","Magnetism","Discovery","Acrobatics","Cloak And Dagger+1"],"relics":["Ring of the Snake","NeowsBlessing","Pocketwatch","Omamori","Blue Candle","Tiny House","Red Mask","Nilry\u0027s Codex","Ornamental Fan","Pear","Anchor","CaptainsWheel","Pandora\u0027s Box","Girya"],"acts_visited":["Exordium","TheCity","TheBeyond"],"potions_floor_usage":[17,19,24,38,39],"damage_taken":[{"damage":0,"enemies":"Cultist","floor":1,"turns":1},{"damage":0,"enemies":"Lagavulin","floor":6,"turns":1},{"damage":0,"enemies":"Gremlin Nob","floor":8,"turns":1},{"damage":0,"enemies":"2 Louse","floor":11,"turns":2},{"damage":0,"enemies":"Small Slimes","floor":13,"turns":3},{"damage":0,"enemies":"Exordium Thugs","floor":14,"turns":3},{"damage":46,"enemies":"Slime Boss","floor":16,"turns":13},{"damage":1,"enemies":"Chosen","floor":18,"turns":4},{"damage":2,"enemies":"Masked Bandits","floor":19,"turns":2},{"damage":11,"enemies":"Spheric Guardian","floor":22,"turns":4},{"damage":25,"enemies":"Centurion and Healer","floor":24,"turns":8},{"damage":28,"enemies":"Book of Stabbing","floor":30,"turns":6},{"damage":0,"enemies":"Snake Plant","floor":31,"turns":4},{"damage":53,"enemies":"Collector","floor":33,"turns":13},{"damage":1,"enemies":"Orb Walker","floor":35,"turns":4},{"damage":19,"enemies":"3 Darklings","floor":37,"turns":4},{"damage":10,"enemies":"Sphere and 2 Shapes","floor":38,"turns":6},{"damage":0,"enemies":"Mind Bloom Boss Battle","floor":39,"turns":8},{"damage":75,"enemies":"2 Orb Walkers","floor":41,"turns":5}],"seed_played":"-1092760640226049438","potions_obtained":[{"floor":6,"key":"Energy Potion"},{"floor":11,"key":"AttackPotion"},{"floor":16,"key":"Regen Potion"},{"floor":17,"key":"Fruit Juice"},{"floor":22,"key":"Dexterity Potion"},{"floor":30,"key":"FearPotion"},{"floor":37,"key":"Poison Potion"}],"is_trial":false,"path_per_floor":["M","$","$","?","?","E","R","E","T","R","M","R","M","M","R","B",null,"M","?","?","$","M","R","M","R","T","R","?","$","E","M","R","B",null,"M","?","M","M","?","R","?"],"character_chosen":"THE_SILENT","items_purchased":["Dash","Poisoned Stab","Ornamental Fan","Accuracy"],"campfire_rested":5,"item_purchase_floors":[3,3,21,29],"current_hp_per_floor":[59,59,59,48,48,48,48,48,48,48,48,48,48,48,66,20,65,64,62,41,41,30,52,27,49,59,59,59,59,31,31,56,3,65,64,54,35,25,25,50,0,0],"gold":200,"neow_bonus":"THREE_ENEMY_KILL","is_daily":false,"chose_seed":false,"campfire_upgraded":4,"win_rate":0.0,"timestamp":1611378855,"path_taken":["M","?","$","?","?","E","R","E","T","R","M","R","M","M","R","BOSS","M","?","?","$","M","R","M","R","T","R","?","$","E","M","R","BOSS","M","?","M","M","?","R","?"],"items_purchased_type":["Card","Card","Relic","Card"],"build_version":"2020-12-22","purchased_purges":1,"victory":false,"max_hp_per_floor":[66,66,66,66,66,66,66,66,66,66,66,66,66,66,66,66,76,76,76,76,76,76,76,76,76,86,86,86,86,86,86,86,86,86,86,86,86,86,86,86,86,86],"relic_stats":{"counters":[19,92],"Ornamental Fan":[100],"Blue Candle":[0],"Pandora\u0027s Box":["Grand Finale","Outmaneuver","Flechettes","Terror","Glass Knife","Phantasmal Killer","Malaise","Malaise"],"obtain_stats":[{"Girya":39,"Tiny House":17,"Pear":26,"NeowsBlessing":0,"Nilry\u0027s Codex":20,"Blue Candle":9,"Omamori":8,"Anchor":28,"CaptainsWheel":30,"Ornamental Fan":21,"Pandora\u0027s Box":34,"Red Mask":19,"Ring of the Snake":0,"Pocketwatch":6},{"Girya":18,"Tiny House":7,"Pear":11,"NeowsBlessing":0,"Nilry\u0027s Codex":9,"Blue Candle":3,"Omamori":3,"Anchor":11,"CaptainsWheel":12,"Ornamental Fan":9,"Pandora\u0027s Box":14,"Red Mask":9,"Ring of the Snake":0,"Pocketwatch":2},{"Girya":87,"Tiny House":24,"Pear":42,"NeowsBlessing":0,"Nilry\u0027s Codex":30,"Blue Candle":3,"Omamori":3,"Anchor":42,"CaptainsWheel":48,"Ornamental Fan":30,"Pandora\u0027s Box":65,"Red Mask":30,"Ring of the Snake":0,"Pocketwatch":2}],"Ring of the Snake":[38],"Pocketwatch":[87]},"card_choices":[{"not_picked":["Expertise","Dodge and Roll"],"picked":"Dagger Spray","floor":1},{"not_picked":["Deflect","Outmaneuver"],"picked":"Terror","floor":6},{"not_picked":["Underhanded Strike","Slice"],"picked":"Cloak And Dagger","floor":8},{"not_picked":["Acrobatics","Sucker Punch"],"picked":"Accuracy","floor":11},{"not_picked":["Calculated Gamble","Bane"],"picked":"Bouncing Flask","floor":13},{"not_picked":["Infinite Blades","Reflex"],"picked":"Dash","floor":14},{"not_picked":["After Image","Phantasmal Killer"],"picked":"Die Die Die","floor":16},{"not_picked":["Backflip","Outmaneuver"],"picked":"Blade Dance","floor":17},{"not_picked":["Bouncing Flask","Flechettes"],"picked":"Blade Dance","floor":18},{"not_picked":["Outmaneuver","Reflex"],"picked":"Calculated Gamble","floor":19},{"not_picked":["Dash","Slice"],"picked":"Cloak And Dagger","floor":22},{"not_picked":["Reflex+1","Dodge and Roll"],"picked":"Malaise","floor":24},{"not_picked":["Blade Dance","Expertise"],"picked":"Heel Hook","floor":30},{"not_picked":["Outmaneuver","Riddle With Holes"],"picked":"Well Laid Plans","floor":31},{"not_picked":["Unload","Night Terror"],"picked":"Die Die Die","floor":33},{"not_picked":["Finisher+1","Cloak And Dagger"],"picked":"Backstab+1","floor":35},{"not_picked":["Jack Of All Trades","Trip"],"picked":"Blind","floor":36},{"not_picked":["Forethought","Violence"],"picked":"Magnetism","floor":36},{"not_picked":["Transmutation","PanicButton"],"picked":"Discovery","floor":36},{"not_picked":["Dagger Throw","Outmaneuver"],"picked":"Acrobatics","floor":37},{"not_picked":["Slice+1","Backflip","Dodge and Roll"],"picked":"SKIP","floor":38},{"not_picked":["Deadly Poison","Quick Slash"],"picked":"Cloak And Dagger+1","floor":39}],"player_experience":3311950,"relics_obtained":[{"floor":6,"key":"Pocketwatch"},{"floor":8,"key":"Omamori"},{"floor":9,"key":"Blue Candle"},{"floor":19,"key":"Red Mask"},{"floor":20,"key":"Nilry\u0027s Codex"},{"floor":26,"key":"Pear"},{"floor":30,"key":"CaptainsWheel"},{"floor":39,"key":"Girya"}],"event_choices":[{"damage_healed":0,"gold_gain":75,"player_choice":"Gather Gold","damage_taken":11,"max_hp_gain":0,"max_hp_loss":0,"event_name":"World of Goop","floor":4,"gold_loss":0},{"damage_healed":0,"gold_gain":0,"cards_transformed":["Strike_G"],"player_choice":"Change","damage_taken":0,"max_hp_gain":0,"max_hp_loss":0,"event_name":"Living Wall","floor":5,"gold_loss":0,"cards_obtained":["Phantasmal Killer"]},{"damage_healed":0,"gold_gain":0,"player_choice":"Fought Bandits","damage_taken":0,"max_hp_gain":0,"max_hp_loss":0,"event_name":"Masked Bandits","floor":19,"gold_loss":0},{"damage_healed":0,"gold_gain":0,"player_choice":"Obtained Book","damage_taken":21,"max_hp_gain":0,"max_hp_loss":0,"event_name":"Cursed Tome","floor":20,"gold_loss":0},{"damage_healed":0,"gold_gain":0,"player_choice":"Stole Relic","damage_taken":0,"relics_obtained":["Anchor"],"max_hp_gain":0,"max_hp_loss":0,"event_name":"Addict","floor":28,"gold_loss":0,"cards_obtained":["Shame"]},{"damage_healed":0,"gold_gain":0,"player_choice":"Memory 3","damage_taken":10,"max_hp_gain":0,"max_hp_loss":0,"event_name":"SensoryStone","floor":36,"gold_loss":0},{"damage_healed":0,"gold_gain":0,"player_choice":"Fight","damage_taken":0,"max_hp_gain":0,"max_hp_loss":0,"event_name":"MindBloom","floor":39,"gold_loss":0},{"damage_healed":0,"gold_gain":0,"player_choice":"Fight","damage_taken":0,"max_hp_gain":0,"max_hp_loss":0,"event_name":"Mysterious Sphere","floor":41,"gold_loss":0}],"is_beta":false,"boss_relics":[{"not_picked":["SlaversCollar","Ectoplasm"],"picked":"Tiny House"},{"not_picked":["Velvet Choker","Snecko Eye"],"picked":"Pandora\u0027s Box"}],"items_purged_floors":[21],"is_endless":false,"potions_floor_spawned":[6,11,16,22,30,37],"killed_by":"2 Orb Walkers","ascension_level":15}}