{"host":"74dg6ta44i9qan6e","time":1611444209,"event":{"mods":["Act Like it!","BaseMod","Downfall","Hubris","Infinite Spire","Lobotomy","LobotomyExtend","Minty Spire (QoL Compilation)","Replay The Spire","StSLib","Waifu the Spire"],"gold_per_floor":[119,119,129,129,145,145,161,174,31,41,59,77,77,107,107,134,134,134,134,160,176,176,176,176],"floor_reached":16,"language":"ENG","playtime":1028,"items_purged":[],"score":157,"play_id":"a5cfb9ec-2782-4505-8729-ba61f2b302ff","local_time":"20210123182329","is_ascension_mode":true,"campfire_choices":[{"data":"Neutralize","floor":6,"key":"SMITH"},{"data":"hubris:Counter","floor":6,"key":"SMITH"},{"data":"Distraction","floor":8,"key":"SMITH"},{"floor":10,"key":"RECALL"},{"data":"Blade Dance","floor":12,"key":"SMITH"},{"data":"Survivor","floor":15,"key":"SMITH"}],"circlet_count":0,"master_deck":["Strike_G+1","Strike_G","Strike_G","Strike_G","Strike_G","Defend_G","Defend_G","Defend_G","Defend_G","Defend_G","Survivor+1","Neutralize+1","MeatLantern","Tactician","WallGazer","Distraction+1","VoidDream","Slice","OSAHOGD","Hidden Blade","OldLady","Blade Dance","Wellcheers","Prepared","Cloak And Dagger","MHz","hubris:Counter+1","Bloodbath","Blade Dance+1","PunishingBird","Hidden Blade","SpiderBud","Sucker Punch"],"relics":["Ring of the Snake","CogitoBucket","RabbitCall","hubris:Towel","LetterFromLob","Bronze Scales","SkinProphecy","hubris:PeanutButter","Odd Mushroom","HellTrain"],"acts_visited":["Exordium"],"potions_floor_usage":[7,7,13,14,16],"damage_taken":[{"damage":4,"enemies":"Jaw Worm","floor":1,"turns":7},{"damage":0,"enemies":"Small Slimes","floor":3,"turns":4},{"damage":7,"enemies":"Cultist","floor":5,"turns":6},{"damage":4,"enemies":"Red Slaver","floor":7,"turns":6},{"damage":2,"enemies":"Small Slimes","floor":1,"turns":4},{"damage":7,"enemies":"2 Louse","floor":3,"turns":4},{"damage":4,"enemies":"Cultist","floor":4,"turns":4},{"damage":5,"enemies":"Large Slime","floor":5,"turns":6},{"damage":8,"enemies":"3 Sentries","floor":7,"turns":4},{"damage":0,"enemies":"The Mushroom Lair","floor":13,"turns":3},{"damage":5,"enemies":"Blue Slaver","floor":14,"turns":6},{"damage":42,"enemies":"Hexaghost","floor":16,"turns":5}],"seed_played":"-393777601039350318","potions_obtained":[{"floor":7,"key":"Strength Potion"},{"floor":4,"key":"SkillPotion"},{"floor":5,"key":"Block Potion"},{"floor":7,"key":"SteroidPotion"},{"floor":14,"key":"PowerPotion"}],"is_trial":false,"path_per_floor":["M","?","M","?","M","R","M","E","M","$","M","M","M","R","E","R","T","R","?","R","?","M","R","B"],"character_chosen":"THE_SILENT","items_purchased":["Bronze Scales"],"campfire_rested":0,"item_purchase_floors":[2],"current_hp_per_floor":[59,59,59,52,45,45,41,61,61,54,49,46,46,40,40,40,40,40,40,42,36,36,0,0],"gold":176,"neow_bonus":"","is_daily":false,"chose_seed":false,"campfire_upgraded":5,"win_rate":0.0,"timestamp":1611444209,"path_taken":["M","?","M","?","M","R","M","E","M","$","?","M","M","R","E","R","T","R","?","R","?","M","R","BOSS"],"items_purchased_type":["Relic"],"build_version":"2020-12-22","purchased_purges":0,"victory":false,"max_hp_per_floor":[70,70,70,70,70,70,70,70,70,70,72,74,74,76,76,76,76,76,76,78,82,82,84,84],"card_choices":[{"not_picked":["MHz","OSAHOGD"],"picked":"MeatLantern","floor":1},{"not_picked":["Accuracy","Catalyst"],"picked":"Tactician","floor":1},{"not_picked":["CherryBlossoms","OldLady","Scorched"],"picked":"Singing Bowl","floor":3},{"not_picked":["SpiderBud","Scarecrow"],"picked":"WallGazer","floor":3},{"not_picked":["Quick Slash","Escape Plan"],"picked":"Distraction","floor":3},{"not_picked":["BeautyBeast","NakedNest"],"picked":"VoidDream","floor":5},{"not_picked":["Dodge and Roll","All Out Attack"],"picked":"Slice","floor":5},{"not_picked":["SpiderBud","WhitesApple"],"picked":"OSAHOGD","floor":7},{"not_picked":["Accuracy","ReplayTheSpireMod:Speed Training"],"picked":"Hidden Blade","floor":7},{"not_picked":["Murderer","SpiderBud","DespairKnight"],"picked":"Singing Bowl","floor":1},{"not_picked":["NakedNest","GalaxyChild"],"picked":"OldLady","floor":1},{"not_picked":["Dagger Throw","Sucker Punch"],"picked":"Blade Dance","floor":1},{"not_picked":["FairyFestival","NakedNest"],"picked":"Wellcheers","floor":3},{"not_picked":["hubris:SlightOfHand","Quick Slash"],"picked":"Prepared","floor":3},{"not_picked":["PunishingBird","Funeral"],"picked":"QueenOfHatred","floor":4},{"not_picked":["Noxious Fumes","Eviscerate"],"picked":"Cloak And Dagger","floor":4},{"not_picked":["ShyLook","Murderer"],"picked":"MHz","floor":5},{"not_picked":["All Out Attack","Outmaneuver"],"picked":"hubris:Counter","floor":5},{"not_picked":["CherryBlossoms","HeroicMonk","SingingMachine"],"picked":"Singing Bowl","floor":7},{"not_picked":["FairyFestival","Murderer"],"picked":"Bloodbath","floor":7},{"not_picked":["Bane","Deadly Poison"],"picked":"Blade Dance","floor":7},{"not_picked":["FairyFestival","CherryBlossoms"],"picked":"PunishingBird","floor":13},{"not_picked":["Poisoned Stab","Fluid Movement"],"picked":"Hidden Blade","floor":13},{"not_picked":["Scorched","BeautyBeast"],"picked":"SpiderBud","floor":14},{"not_picked":["Quick Slash","Bane"],"picked":"Sucker Punch","floor":14}],"player_experience":530917,"relics_obtained":[{"floor":1,"key":"LetterFromLob"},{"floor":1,"key":"LetterFromLob"},{"floor":7,"key":"hubris:PeanutButter"},{"floor":13,"key":"Odd Mushroom"}],"event_choices":[{"damage_healed":0,"gold_gain":0,"player_choice":"Damaged","damage_taken":7,"max_hp_gain":0,"max_hp_loss":0,"event_name":"Wheel of Change","floor":4,"gold_loss":0},{"damage_healed":0,"gold_gain":0,"player_choice":"Fought Mushrooms","damage_taken":0,"max_hp_gain":0,"max_hp_loss":0,"event_name":"Mushrooms","floor":13,"gold_loss":0}],"is_beta":false,"boss_relics":[],"items_purged_floors":[],"is_endless":false,"potions_floor_spawned":[7,4,5,7,14],"killed_by":"Hexaghost","ascension_level":9}}