{"host":"ixtszv54kd1m8623","time":1611372270,"event":{"mods":["Act Like it!","Aspiration","Bard","BaseMod","Beaked The Cultist","ChefMod","Colored Map","Colored Powertips","Conspire","Downfall","Duelist Mod","Gensokyo","GifTheSpireLib","Halation","Hermit","Hubris","Infinite Spire","Jorbs\u0027s Wanderer Trilogy","Lobotomy","Minty Spire (QoL Compilation)","Replay The Spire","Robot Space Explorer","Shade Mod","StSLib","The Animator","The Blackbeard","The Bug Knight","The Cursed","The Disciple","The Dragon Tamer","The Marked","The Runesmith","The Servant 0.9.4"],"gold_per_floor":[99,109,120,131,146,157,157,174,174,174,190,190,18,18,38,135,135,187,200,220,238,238,258,312,344,356,356,356,356],"floor_reached":28,"language":"ENG","playtime":1988,"items_purged":[],"score":236,"play_id":"95575cb8-6ad6-4246-90a9-66abf762ceea","local_time":"20210122192430","is_ascension_mode":false,"campfire_choices":[{"data":"Guardian:FloatingOrbs","floor":10,"key":"SMITH"},{"data":"Guardian:ChargeCore","floor":12,"key":"SMITH"}],"circlet_count":0,"master_deck":["Guardian:Strike_Guardian","Guardian:Strike_Guardian","Guardian:Strike_Guardian","Guardian:Strike_Guardian","Guardian:Defend_Guardian","Guardian:Defend_Guardian","Guardian:Defend_Guardian","Guardian:Defend_Guardian","Guardian:CurlUp","Guardian:TwinSlam","Guardian:ChargeCore+1","Guardian:Reroute","Guardian:ArmoredProtocol+1","Guardian:Incinerate","Guardian:FloatingOrbs+1","Guardian:Orbwalk","Guardian:Gem_Purple","Guardian:Gem_White","Guardian:Recover","Guardian:StasisField","Guardian:Harden+1","Guardian:BronzeOrb+1","Guardian:BronzeArmor","Guardian:PiercingHide+1","Guardian:PrismaticBeam","Guardian:BodySlam"],"relics":["Guardian:ModeShifter","hubris:Teleporter","Bird Faced Urn","infinitespire:Lucky Rock","Guardian:PickAxe","conspire:SpecialSausage","halation:HeavySnake","conspire:Flyswatter","Anchor","halation:BlackBeret"],"acts_visited":["Exordium","TheCity"],"potions_floor_usage":[15,25,26,28],"damage_taken":[{"damage":3,"enemies":"Jaw Worm","floor":2,"turns":6},{"damage":0,"enemies":"Small Slimes","floor":3,"turns":3},{"damage":0,"enemies":"Cultist","floor":4,"turns":3},{"damage":6,"enemies":"Exordium Wildlife","floor":5,"turns":4},{"damage":16,"enemies":"Large Slime","floor":6,"turns":5},{"damage":15,"enemies":"Red Slaver","floor":8,"turns":5},{"damage":1,"enemies":"2 Fungi Beasts","floor":11,"turns":4},{"damage":0,"enemies":"downfall:FleeingMerchant","floor":13,"turns":4},{"damage":8,"enemies":"downfall:FleeingMerchant","floor":14,"turns":4},{"damage":5,"enemies":"Blue Slaver","floor":15,"turns":4},{"damage":17,"enemies":"DF_ARCHETYPE_STREAMLINE","floor":16,"turns":8},{"damage":16,"enemies":"Chosen","floor":19,"turns":5},{"damage":15,"enemies":"Sentry and Sphere","floor":20,"turns":8},{"damage":15,"enemies":"Snake Plant","floor":21,"turns":6},{"damage":0,"enemies":"3 Cultists","floor":23,"turns":6},{"damage":44,"enemies":"Nightmare","floor":25,"turns":12},{"damage":9,"enemies":"Snecko","floor":26,"turns":8},{"damage":18,"enemies":"Cultist and Chosen","floor":28,"turns":8}],"seed_played":"6037297136365067477","potions_obtained":[{"floor":2,"key":"Elixir"},{"floor":8,"key":"SneckoOil"},{"floor":15,"key":"LiquidMemories"},{"floor":19,"key":"Explosive Potion"},{"floor":20,"key":"infinitespire:BlackPotion"},{"floor":26,"key":"sneckomod:MuddlingPotion"}],"is_trial":false,"path_per_floor":["R_BF","M","M","M","M","M","T","M","?","R","M","R","$","?","M","B",null,"R_BF","M","M","M","AVR","M","T","NM","M","M"],"character_chosen":"GUARDIAN","items_purchased":["infinitespire:Lucky Rock"],"campfire_rested":0,"item_purchase_floors":[13],"current_hp_per_floor":[77,74,74,74,68,52,52,39,39,39,42,42,46,38,39,28,80,80,64,55,44,44,48,48,10,7,0,0,0],"gold":356,"neow_bonus":"THREE_CARDS","is_daily":false,"chose_seed":false,"campfire_upgraded":2,"win_rate":0.0,"timestamp":1611372270,"path_taken":["R_BF","M","M","M","M","M","T","M","?","R","M","R","$","?","M","BOSS","R_BF","M","M","M","AVR","M","T","NM","M","M"],"items_purchased_type":["Relic"],"build_version":"2020-12-22","purchased_purges":0,"victory":false,"max_hp_per_floor":[80,80,80,80,80,80,80,80,80,80,80,80,80,80,80,80,80,80,80,80,80,80,80,80,80,80,80,80,80],"card_choices":[{"not_picked":["Guardian:WalkerClaw","Guardian:CrystalBeam"],"picked":"Guardian:ChargeCore","floor":0},{"not_picked":["Guardian:PiercingHide","Guardian:RollAttack"],"picked":"Guardian:Reroute","floor":2},{"not_picked":["Guardian:Gem_White","Guardian:ShieldCharger"],"picked":"Guardian:ArmoredProtocol","floor":3},{"not_picked":["Guardian:CrystalBeam","Guardian:RollAttack"],"picked":"Guardian:Incinerate","floor":4},{"not_picked":["Guardian:ShieldSpikes","Guardian:StasisField"],"picked":"Guardian:Gem_Yellow","floor":5},{"not_picked":["Guardian:TemporalStrike","Guardian:WalkerClaw"],"picked":"Guardian:Gem_Red","floor":6},{"not_picked":["Guardian:ArmoredProtocol","Guardian:Planning"],"picked":"Guardian:FloatingOrbs","floor":8},{"not_picked":["Guardian:Incinerate","Guardian:VentSteam"],"picked":"Guardian:Gem_Red","floor":11},{"not_picked":["Guardian:Clone","Guardian:Gem_Cyan"],"picked":"Guardian:Orbwalk","floor":13},{"not_picked":["Guardian:Gem_Red","Guardian:BodySlam"],"picked":"Guardian:Recover","floor":15},{"not_picked":["Guardian:RevengeProtocol","Guardian:FierceBash"],"picked":"Guardian:StasisField","floor":16},{"not_picked":["Guardian:Gem_Purple","Guardian:CrystalBeam"],"picked":"Guardian:Harden+1","floor":19},{"not_picked":["Guardian:ShieldSpikes+1","Guardian:SentryBeam"],"picked":"Guardian:BronzeOrb+1","floor":20},{"not_picked":["Guardian:Suspension+1","Guardian:TemporalShield+1"],"picked":"Guardian:BronzeArmor","floor":21},{"not_picked":["Guardian:Gem_Purple","Guardian:GuardianWhirl"],"picked":"Guardian:PiercingHide+1","floor":23},{"not_picked":["Guardian:Reroute","Guardian:DonusPower"],"picked":"Guardian:PrismaticBeam","floor":25},{"not_picked":["Guardian:Emergency","Guardian:Gem_White"],"picked":"Guardian:BodySlam","floor":26}],"player_experience":204124,"relics_obtained":[{"floor":7,"key":"Bird Faced Urn"},{"floor":24,"key":"Anchor"},{"floor":25,"key":"halation:BlackBeret"}],"event_choices":[{"damage_healed":0,"gold_gain":0,"player_choice":"Success","damage_taken":3,"relics_obtained":["hubris:Teleporter"],"max_hp_gain":0,"max_hp_loss":0,"event_name":"Scrap Ooze","floor":1,"gold_loss":0}],"is_beta":false,"boss_relics":[{"not_picked":["Honey Jar","halation:MonkeysPaw"],"picked":"conspire:SpecialSausage"}],"items_purged_floors":[],"is_endless":false,"potions_floor_spawned":[2,8,14,15,19,20,26],"killed_by":"Cultist and Chosen","ascension_level":0}}