{"host":"hszimsrtxxc2k25w","time":1611436149,"event":{"mods":["AchievementEnabler","BaseMod","Colored Map","DeckTracker","Minty Spire (QoL Compilation)","Rare Cards Sparkle","SuperFastMode"],"gold_per_floor":[114,114,124,124,144,144,176,120,201,217,237,162,182,196,196,268,268,242,442,458,395,408,408,408],"floor_reached":23,"language":"KOR","playtime":416,"items_purged":[],"score":390,"play_id":"aae14e07-ee1d-4ae5-bed1-71ce40291eed","local_time":"20210124060909","is_ascension_mode":true,"campfire_choices":[{"data":"Perfected Strike","floor":6,"key":"SMITH"},{"data":"Perfected Strike","floor":15,"key":"SMITH"}],"circlet_count":0,"master_deck":["AscendersBane","Strike_R","Strike_R","Strike_R","Defend_R","Defend_R","Defend_R","Defend_R","Bash","Perfected Strike+1","Twin Strike","Twin Strike","Battle Trance","Wild Strike","Pommel Strike","Perfected Strike+1","Headbutt","Battle Trance","Wild Strike"],"relics":["Burning Blood","NeowsBlessing","Vajra","Pear","Black Star","Bronze Scales"],"acts_visited":["Exordium","TheCity"],"potions_floor_usage":[7,16,23],"damage_taken":[{"damage":0,"enemies":"2 Louse","floor":1,"turns":1},{"damage":0,"enemies":"Cultist","floor":3,"turns":1},{"damage":0,"enemies":"Jaw Worm","floor":5,"turns":1},{"damage":8,"enemies":"Gremlin Nob","floor":7,"turns":3},{"damage":8,"enemies":"Blue Slaver","floor":10,"turns":2},{"damage":22,"enemies":"Large Slime","floor":11,"turns":5},{"damage":10,"enemies":"Gremlin Gang","floor":13,"turns":5},{"damage":4,"enemies":"2 Fungi Beasts","floor":14,"turns":3},{"damage":64,"enemies":"Slime Boss","floor":16,"turns":9},{"damage":23,"enemies":"2 Thieves","floor":18,"turns":4},{"damage":0,"enemies":"Chosen","floor":20,"turns":3},{"damage":27,"enemies":"Centurion and Healer","floor":22,"turns":4},{"damage":23,"enemies":"Book of Stabbing","floor":23,"turns":3}],"seed_played":"-4325691555483428151","potions_obtained":[{"floor":1,"key":"Weak Potion"},{"floor":3,"key":"DuplicationPotion"},{"floor":7,"key":"Dexterity Potion"},{"floor":10,"key":"SkillPotion"},{"floor":20,"key":"SteroidPotion"}],"is_trial":false,"path_per_floor":["M","?","M","?","M","R","E","$","T","M","M","?","M","M","R","B",null,"M","?","M","?","M","E"],"character_chosen":"IRONCLAD","items_purchased":["Wild Strike"],"campfire_rested":0,"item_purchase_floors":[8],"current_hp_per_floor":[74,74,75,80,80,80,78,78,88,86,70,70,66,68,68,10,70,53,53,59,59,38,15,15],"gold":408,"neow_bonus":"THREE_ENEMY_KILL","is_daily":false,"chose_seed":false,"campfire_upgraded":2,"win_rate":0.0,"timestamp":1611436149,"path_taken":["M","?","?","?","M","R","E","$","T","M","M","?","M","M","R","BOSS","M","?","?","?","M","E"],"items_purchased_type":["Card"],"build_version":"2020-12-22","purchased_purges":0,"victory":false,"max_hp_per_floor":[75,75,75,80,80,80,80,80,90,90,90,90,90,90,90,90,90,90,90,90,90,90,90,90],"card_choices":[{"not_picked":["True Grit","Anger"],"picked":"Perfected Strike","floor":1},{"not_picked":["Clothesline","Shrug It Off"],"picked":"Twin Strike","floor":3},{"not_picked":["Havoc","Bloodletting"],"picked":"Twin Strike","floor":5},{"not_picked":["Armaments","Metallicize"],"picked":"Battle Trance","floor":7},{"not_picked":["Sword Boomerang","Twin Strike"],"picked":"Pommel Strike","floor":10},{"not_picked":["Cleave","Disarm"],"picked":"Perfected Strike","floor":11},{"not_picked":["Blood for Blood","Combust"],"picked":"Headbutt","floor":13},{"not_picked":["Anger","Power Through"],"picked":"Battle Trance","floor":14},{"not_picked":["Sword Boomerang","Blood for Blood","Dropkick"],"picked":"SKIP","floor":18},{"not_picked":["Uppercut","Clothesline"],"picked":"Wild Strike","floor":20},{"not_picked":["Iron Wave","Clash","Body Slam"],"picked":"SKIP","floor":22}],"player_experience":634850,"relics_obtained":[{"floor":7,"key":"Vajra"},{"floor":9,"key":"Pear"}],"event_choices":[{"cards_removed":["Strike_R"],"damage_healed":0,"gold_gain":0,"player_choice":"Offered Basic","damage_taken":0,"max_hp_gain":0,"max_hp_loss":0,"event_name":"Bonfire Elementals","floor":2,"gold_loss":0},{"damage_healed":0,"gold_gain":0,"player_choice":"Donut","damage_taken":0,"max_hp_gain":5,"max_hp_loss":0,"event_name":"Big Fish","floor":4,"gold_loss":0},{"cards_removed":["Strike_R"],"damage_healed":0,"gold_gain":0,"player_choice":"Card Removal","damage_taken":0,"max_hp_gain":0,"max_hp_loss":0,"event_name":"The Cleric","floor":12,"gold_loss":75},{"damage_healed":0,"gold_gain":250,"player_choice":"Bet on Owner","damage_taken":0,"max_hp_gain":0,"max_hp_loss":0,"event_name":"The Joust","floor":19,"gold_loss":50},{"damage_healed":0,"gold_gain":0,"player_choice":"Paid Gold","damage_taken":0,"relics_obtained":["Bronze Scales"],"max_hp_gain":0,"max_hp_loss":0,"event_name":"WeMeetAgain","floor":21,"gold_loss":63}],"is_beta":false,"boss_relics":[{"not_picked":["Sozu","Mark of Pain"],"picked":"Black Star"}],"items_purged_floors":[],"is_endless":false,"potions_floor_spawned":[1,3,7,10,13,20,22],"killed_by":"Book of Stabbing","ascension_level":20}}