{"host":"kkntor5wdjky96yl","time":1611360672,"event":{"mods":["AchievementEnabler","BaseMod","Colored Map","KOR Keyword Fix","Minty Spire (QoL Compilation)","Shop Mod","StSLib","SuperFastMode"],"gold_per_floor":[112,112,125,125,200,234,234,247,247,40,40,53,53,73,73,172,222,234,234,234,249,28,59,59,86,86,86,86,100,100,126,126,222,222,238,148,68,88,37,37,50,85,85,113,123,123,123,123,123,123],"floor_reached":51,"language":"KOR","playtime":2070,"items_purged":["Strike_G"],"score":952,"play_id":"e36adb40-381d-48aa-98f3-6c704539ca02","local_time":"20210123091112","is_ascension_mode":true,"campfire_choices":[{"data":"Cloak And Dagger","floor":7.0,"key":"SMITH"},{"data":"Accuracy","floor":13.0,"key":"SMITH"},{"data":"Sucker Punch","floor":15.0,"key":"SMITH"},{"floor":24.0,"key":"REST"},{"data":"Neutralize","floor":27,"key":"SMITH"},{"data":"Finisher","floor":30,"key":"SMITH"},{"floor":32,"key":"REST"},{"data":"Accuracy","floor":40,"key":"SMITH"},{"data":"Wraith Form v2","floor":46,"key":"SMITH"},{"data":"Caltrops","floor":49,"key":"SMITH"}],"circlet_count":0,"master_deck":["Survivor","Neutralize+1","Quick Slash+1","Cloak And Dagger+1","Accuracy+1","Caltrops+1","Blade Dance+1","Blade Dance+1","Sucker Punch+1","Die Die Die","Expertise+1","Backflip+1","Blur+1","Phantasmal Killer+1","Calculated Gamble+1","PiercingWail+1","Finisher+1","Adrenaline+1","Storm of Steel+1","Bullet Time+1","Backflip+1","Acrobatics+1","PiercingWail+1","Expertise+1","Wraith Form v2+1","Blur+1","Cloak And Dagger+1","Accuracy+1","Outmaneuver+1","Blade Dance+1"],"relics":["Ring of the Snake","NeowsBlessing","Toxic Egg 2","Meat on the Bone","Nunchaku","Tiny House","Mummified Hand","Bag of Marbles","Oddly Smooth Stone","Matryoshka","Molten Egg 2","Pandora\u0027s Box","Darkstone Periapt","Bronze Scales","Snake Skull","Singing Bowl"],"acts_visited":["Exordium","TheCity","TheBeyond"],"potions_floor_usage":[25,31,33,50,50],"damage_taken":[{"damage":0.0,"enemies":"Small Slimes","floor":1.0,"turns":1.0},{"damage":0.0,"enemies":"2 Louse","floor":3.0,"turns":1.0},{"damage":0.0,"enemies":"Lagavulin","floor":6.0,"turns":1.0},{"damage":6.0,"enemies":"Jaw Worm","floor":8.0,"turns":3.0},{"damage":2.0,"enemies":"2 Fungi Beasts","floor":12.0,"turns":3.0},{"damage":1.0,"enemies":"Blue Slaver","floor":14.0,"turns":2.0},{"damage":17.0,"enemies":"Hexaghost","floor":16.0,"turns":7.0},{"damage":16.0,"enemies":"2 Thieves","floor":18.0,"turns":3.0},{"damage":0.0,"enemies":"Chosen","floor":21.0,"turns":4.0},{"damage":24.0,"enemies":"Slavers","floor":23.0,"turns":4.0},{"damage":2,"enemies":"Book of Stabbing","floor":25,"turns":2},{"damage":0,"enemies":"Centurion and Healer","floor":29,"turns":3},{"damage":0,"enemies":"Slavers","floor":31,"turns":5},{"damage":31,"enemies":"Automaton","floor":33,"turns":9},{"damage":0,"enemies":"3 Darklings","floor":35,"turns":2},{"damage":2,"enemies":"Orb Walker","floor":38,"turns":2},{"damage":0,"enemies":"Jaw Worm Horde","floor":41,"turns":3},{"damage":1,"enemies":"Nemesis","floor":42,"turns":3},{"damage":0,"enemies":"Reptomancer","floor":44,"turns":4},{"damage":6,"enemies":"Transient","floor":45,"turns":5},{"damage":35,"enemies":"Time Eater","floor":50,"turns":8}],"seed_played":"5438171391619032077","potions_obtained":[{"floor":1.0,"key":"FearPotion"},{"floor":8.0,"key":"AttackPotion"},{"floor":12.0,"key":"Swift Potion"},{"floor":14.0,"key":"Dexterity Potion"},{"floor":17.0,"key":"Strength Potion"},{"floor":29,"key":"GamblersBrew"},{"floor":31,"key":"Swift Potion"},{"floor":33,"key":"Explosive Potion"},{"floor":42,"key":"Explosive Potion"},{"floor":44,"key":"LiquidBronze"},{"floor":45,"key":"DistilledChaos"}],"is_trial":false,"path_per_floor":["M","?","M","?","?","E","R","M","T","$","?","M","R","M","R","B",null,"M","?","?","M","$","E","R","E","T","R","$","M","R","E","R","B",null,"M","?","$","M","$","R","M","E","T","E","M","R","?","?","R","B",null],"character_chosen":"THE_SILENT","items_purchased":["Nunchaku","Blade Dance+1","Phantasmal Killer+1","Accuracy","Outmaneuver+1"],"campfire_rested":2,"item_purchase_floors":[10,10,22,37,39],"current_hp_per_floor":[70,70,70,70,59,59,59,53,53,53,53,51,51,50,50,45,75,59,59,45,45,45,33,57,55,55,55,55,55,55,55,79,48,80,80,80,80,78,78,78,78,77,77,77,73,73,73,75,75,52],"gold":123,"neow_bonus":"THREE_ENEMY_KILL","is_daily":false,"chose_seed":false,"campfire_upgraded":8,"win_rate":0.0,"timestamp":1611360672,"path_taken":["M","?","M","?","?","E","R","M","T","?","?","?","R","M","R","BOSS","M","?","?","M","$","E","R","E","T","R","?","M","R","E","R","BOSS","M","?","$","?","$","R","M","E","T","E","?","R","?","?","R","BOSS"],"items_purchased_type":["Relic","Card","Card","Card","Card"],"build_version":"2020-12-22","purchased_purges":1,"victory":true,"max_hp_per_floor":[70,70,70,70,70,70,70,70,70,70,70,70,70,70,70,70,75,75,75,80,80,80,80,80,80,80,80,80,80,80,80,80,80,80,80,80,80,80,80,80,80,80,80,80,82,82,78,80,80,80],"card_choices":[{"not_picked":["Calculated Gamble","Dodge and Roll"],"picked":"Quick Slash","floor":1.0},{"not_picked":["Underhanded Strike","Acrobatics"],"picked":"Cloak And Dagger","floor":3.0},{"not_picked":["Poisoned Stab","Flechettes"],"picked":"Caltrops","floor":6.0},{"not_picked":["Bane","Catalyst+1"],"picked":"Blade Dance+1","floor":8.0},{"not_picked":["Deflect+1","Deadly Poison+1","Tactician+1"],"picked":"SKIP","floor":12.0},{"not_picked":["Underhanded Strike","Poisoned Stab"],"picked":"Sucker Punch","floor":14.0},{"not_picked":["Bullet Time+1","Wraith Form v2"],"picked":"Die Die Die","floor":16.0},{"not_picked":["Bane","Eviscerate"],"picked":"Expertise+1","floor":17.0},{"not_picked":["Outmaneuver+1","Dodge and Roll+1"],"picked":"Backflip+1","floor":18.0},{"not_picked":["Slice+1","Poisoned Stab"],"picked":"Blur+1","floor":21.0},{"not_picked":["Dagger Throw","Acrobatics+1"],"picked":"Calculated Gamble+1","floor":23.0},{"not_picked":["Caltrops","Acrobatics+1"],"picked":"PiercingWail+1","floor":25},{"not_picked":["All Out Attack","Backflip+1"],"picked":"Finisher","floor":29},{"not_picked":["Choke+1","Dagger Spray+1"],"picked":"Adrenaline+1","floor":31},{"not_picked":["Die Die Die+1","Malaise+1"],"picked":"Storm of Steel+1","floor":33},{"not_picked":["Well Laid Plans+1","Poisoned Stab+1"],"picked":"Cloak And Dagger+1","floor":35},{"not_picked":["Dodge and Roll+1","Crippling Poison+1","Underhanded Strike+1"],"picked":"SKIP","floor":38},{"not_picked":["Dagger Spray+1","Expertise+1","Infinite Blades"],"picked":"SKIP","floor":41},{"not_picked":["Underhanded Strike+1","Finisher+1","Deadly Poison+1"],"picked":"SKIP","floor":42},{"not_picked":["Choke+1","Escape Plan+1"],"picked":"Blade Dance+1","floor":44},{"not_picked":["Deflect+1","Bouncing Flask+1","Poisoned Stab+1"],"picked":"Singing Bowl","floor":45},{"not_picked":["The Bomb+1","Secret Weapon+1","Violence+1"],"picked":"Singing Bowl","floor":48}],"player_experience":102306,"relics_obtained":[{"floor":6.0,"key":"Toxic Egg 2"},{"floor":9.0,"key":"Meat on the Bone"},{"floor":23.0,"key":"Bag of Marbles"},{"floor":25,"key":"Oddly Smooth Stone"},{"floor":26,"key":"Matryoshka"},{"floor":31,"key":"Molten Egg 2"},{"floor":42,"key":"Darkstone Periapt"},{"floor":43,"key":"Bronze Scales"},{"floor":43,"key":"Snake Skull"},{"floor":44,"key":"Singing Bowl"}],"event_choices":[{"damage_healed":0.0,"max_hp_gain":0.0,"max_hp_loss":0.0,"gold_gain":0.0,"event_name":"Liars Game","player_choice":"Ignored","floor":2.0,"gold_loss":0.0,"damage_taken":0.0},{"damage_healed":0.0,"max_hp_gain":0.0,"max_hp_loss":0.0,"gold_gain":0.0,"cards_transformed":["Strike_G"],"event_name":"Living Wall","player_choice":"Change","floor":4.0,"gold_loss":0.0,"damage_taken":0.0,"cards_obtained":["Accuracy"]},{"damage_healed":0.0,"max_hp_gain":0.0,"max_hp_loss":0.0,"gold_gain":75.0,"event_name":"World of Goop","player_choice":"Gather Gold","floor":5.0,"gold_loss":0.0,"damage_taken":11.0},{"damage_healed":0.0,"max_hp_gain":0.0,"max_hp_loss":0.0,"gold_gain":0.0,"event_name":"The Cleric","player_choice":"Leave","floor":11.0,"gold_loss":0.0,"damage_taken":0.0},{"damage_healed":0.0,"max_hp_gain":0.0,"max_hp_loss":0.0,"gold_gain":0.0,"event_name":"The Mausoleum","player_choice":"Opened","floor":19.0,"gold_loss":0.0,"damage_taken":0.0,"relics_obtained":["Mummified Hand"]},{"damage_healed":0.0,"max_hp_gain":5.0,"max_hp_loss":0.0,"gold_gain":0.0,"event_name":"Forgotten Altar","player_choice":"Shed Blood","floor":20.0,"gold_loss":0.0,"damage_taken":19.0},{"cards_removed":["Bane"],"damage_healed":0,"gold_gain":0,"player_choice":"Upgrade and Remove","damage_taken":0,"max_hp_gain":0,"max_hp_loss":0,"event_name":"Designer","floor":36,"gold_loss":90,"cards_upgraded":["Quick Slash"]},{"damage_healed":0,"gold_gain":0,"player_choice":"Max HP","damage_taken":0,"max_hp_gain":0,"max_hp_loss":4,"event_name":"Winding Halls","floor":47,"gold_loss":0},{"damage_healed":0,"gold_gain":0,"player_choice":"Memory 1","damage_taken":0,"max_hp_gain":0,"max_hp_loss":0,"event_name":"SensoryStone","floor":48,"gold_loss":0}],"is_beta":false,"boss_relics":[{"not_picked":["HoveringKite","Cursed Key"],"picked":"Tiny House"},{"not_picked":["Coffee Dripper","Astrolabe"],"picked":"Pandora\u0027s Box"}],"items_purged_floors":[22],"is_endless":false,"potions_floor_spawned":[1,8,12,14,21,29,31,33,42,44,45],"ascension_level":3}}