{"host":"5jyeqch4fosnsiz2","time":1611436860,"event":{"mods":["BaseMod","Bestiary","Colored Map","Colored Powertips","Filter the Spire","Minty Spire (QoL Compilation)","Relic Stats","StSLib","Waifu the Spire","ojb\u0027s Better Paths Mod","ojb\u0027s Info Mod"],"gold_per_floor":[114,114,132,132,132,132,167,167,239,254,254,1,11,44,44,44,44],"floor_reached":16,"language":"ENG","playtime":461,"items_purged":["Strike_R"],"score":110,"play_id":"05bc3d70-43dd-43b2-b42d-d1411621d00d","local_time":"20210123162100","is_ascension_mode":false,"campfire_choices":[{"data":"Havoc","floor":6,"key":"SMITH"},{"data":"Second Wind","floor":8,"key":"SMITH"},{"floor":15,"key":"REST"}],"circlet_count":0,"master_deck":["Strike_R","Strike_R","Strike_R","Strike_R","Defend_R","Defend_R","Defend_R","Defend_R","Bash","Havoc+1","Second Wind+1","Cleave","Twin Strike"],"relics":["Burning Blood","Dream Catcher","Kunai","Akabeko","Boot","HornCleat"],"acts_visited":["Exordium"],"potions_floor_usage":[5,10],"damage_taken":[{"damage":6,"enemies":"Jaw Worm","floor":1,"turns":3},{"damage":1,"enemies":"Cultist","floor":3,"turns":3},{"damage":0,"enemies":"Small Slimes","floor":5,"turns":1},{"damage":51,"enemies":"3 Sentries","floor":7,"turns":12},{"damage":6,"enemies":"Red Slaver","floor":10,"turns":4},{"damage":4,"enemies":"2 Fungi Beasts","floor":13,"turns":4},{"damage":47,"enemies":"Lagavulin","floor":14,"turns":8},{"damage":44,"enemies":"The Guardian","floor":16,"turns":7}],"seed_played":"-9003902583628529641","potions_obtained":[{"floor":1,"key":"Ancient Potion"},{"floor":3,"key":"SmokeBomb"},{"floor":10,"key":"BloodPotion"}],"is_trial":false,"path_per_floor":["M","?","M","?","M","R","E","R","T","M","?","$","M","E","R","B"],"character_chosen":"IRONCLAD","items_purchased":["Boot","Cleave"],"campfire_rested":1,"item_purchase_floors":[12,12],"current_hp_per_floor":[56,56,61,90,90,90,45,45,45,63,56,56,58,17,44,0,0],"gold":44,"neow_bonus":"RANDOM_COLORLESS_2","is_daily":false,"chose_seed":false,"campfire_upgraded":2,"win_rate":0.0,"timestamp":1611436860,"path_taken":["M","?","?","?","M","R","E","R","T","?","?","$","M","E","R","BOSS"],"items_purchased_type":["Relic","Card"],"build_version":"2020-12-22","purchased_purges":1,"victory":false,"max_hp_per_floor":[80,80,80,90,90,90,90,90,90,90,90,90,90,90,90,90,90],"relic_stats":{"Dream Catcher":1,"counters":[8,42],"Kunai":[8],"Boot":[0],"obtain_stats":[{"Dream Catcher":7,"HornCleat":14,"Kunai":9,"Boot":12,"Burning Blood":0,"Akabeko":11},{"Dream Catcher":4,"HornCleat":7,"Kunai":4,"Boot":5,"Burning Blood":0,"Akabeko":5},{"Dream Catcher":19,"HornCleat":35,"Kunai":19,"Boot":23,"Burning Blood":0,"Akabeko":23}],"Burning Blood":36},"card_choices":[{"not_picked":["Secret Technique","The Bomb"],"picked":"Violence","floor":0},{"not_picked":["Hemokinesis","Inflame"],"picked":"Havoc","floor":1},{"not_picked":["Warcry","Iron Wave","True Grit"],"picked":"SKIP","floor":3},{"not_picked":["Anger","Metallicize"],"picked":"Second Wind","floor":7},{"not_picked":["Heavy Blade","Pommel Strike","Disarm"],"picked":"SKIP","floor":10},{"not_picked":["Dual Wield","Flex","Blood for Blood"],"picked":"SKIP","floor":13},{"not_picked":["Havoc","Exhume","Battle Trance"],"picked":"SKIP","floor":14},{"not_picked":["Sever Soul","Body Slam"],"picked":"Twin Strike","floor":15}],"player_experience":324483,"relics_obtained":[{"floor":7,"key":"Dream Catcher"},{"floor":9,"key":"Kunai"},{"floor":14,"key":"HornCleat"}],"event_choices":[{"damage_healed":0,"gold_gain":0,"player_choice":"Upgraded","damage_taken":0,"max_hp_gain":0,"max_hp_loss":0,"event_name":"Upgrade Shrine","floor":2,"gold_loss":0,"cards_upgraded":["Violence"]},{"cards_removed":["Violence"],"damage_healed":19,"gold_gain":0,"player_choice":"Offered Rare","damage_taken":0,"max_hp_gain":10,"max_hp_loss":0,"event_name":"Bonfire Elementals","floor":4,"gold_loss":0},{"damage_healed":0,"gold_gain":0,"player_choice":"Success","damage_taken":7,"relics_obtained":["Akabeko"],"max_hp_gain":0,"max_hp_loss":0,"event_name":"Scrap Ooze","floor":11,"gold_loss":0}],"is_beta":false,"boss_relics":[],"items_purged_floors":[12],"is_endless":false,"potions_floor_spawned":[1,3,10],"killed_by":"The Guardian","ascension_level":0}}