{"host":"kkheweh6jrpo3b02","time":1611365395,"event":{"mods":["AchievementEnabler","BaseMod","Colored Map","Downfall","Googly Eyes","Highlight Path","HololiveMod","Hubris","Infinite Spire","Jorbs\u0027s Wanderer Trilogy","Minty Spire (QoL Compilation)","Quick Restart","Replay The Spire","StSLib","SuperFastMode"],"gold_per_floor":[216,232,232,90,103,103,128,128,155,155,183,198,210,229,229,333,333,323,343,84,84,99,99,143,143,222,222,260,293,293,318,318,419,419,470,524,424,479,677,766,766,766,852,852,899,899,995,995,1111,1199,1199,1204],"floor_reached":53,"language":"ENG","playtime":28206,"items_purged":["stsjorbsmod:Strike_Wanderer","stsjorbsmod:Defend_Wanderer"],"score":1018,"play_id":"8ef81581-94ad-4509-abda-ac0095e88d00","local_time":"20210122202955","is_ascension_mode":true,"campfire_choices":[{"data":"stsjorbsmod:SmithingStrike","floor":6,"key":"SMITH"},{"data":"stsjorbsmod:EyeOfTheStorm","floor":8,"key":"SMITH"},{"data":"stsjorbsmod:FreshAdventure","floor":10,"key":"SMITH"},{"floor":15,"key":"REST"},{"data":"stsjorbsmod:OldPocket","floor":23,"key":"SMITH"},{"data":"stsjorbsmod:Firebolt","floor":25,"key":"SMITH"},{"data":"stsjorbsmod:MagicMirror","floor":27,"key":"SMITH"},{"data":"stsjorbsmod:HedgeWizard","floor":30,"key":"SMITH"},{"data":"stsjorbsmod:FindFamiliar","floor":32,"key":"SMITH"},{"data":"stsjorbsmod:ArcaneForm","floor":46,"key":"SMITH"},{"data":"stsjorbsmod:Fireball","floor":48,"key":"SMITH"},{"data":"stsjorbsmod:Introspection","floor":51,"key":"SMITH"}],"circlet_count":0,"master_deck":["stsjorbsmod:ForbiddenGrimoire+1","stsjorbsmod:Strike_Wanderer","stsjorbsmod:Strike_Wanderer","stsjorbsmod:Defend_Wanderer","stsjorbsmod:Defend_Wanderer","stsjorbsmod:Defend_Wanderer","stsjorbsmod:FreshAdventure+1","stsjorbsmod:EyeOfTheStorm+1","stsjorbsmod:WanderingMind","stsjorbsmod:MagicMirror+1","stsjorbsmod:SmithingStrike+1","stsjorbsmod:HedgeWizard+1","stsjorbsmod:IvoryTower+1","stsjorbsmod:FranticSearch","stsjorbsmod:OldPocket+1","stsjorbsmod:EyeOfTheStorm+1","stsjorbsmod:FranticSearch+1","stsjorbsmod:Firebolt+1","stsjorbsmod:FindFamiliar+1","stsjorbsmod:ArcaneForm+1","stsjorbsmod:Mending+1","ReplayTheSpireMod:Splinters","stsjorbsmod:Introspection+1","stsjorbsmod:BlackTentacles+1","stsjorbsmod:HedgeWizard","hubris:Insight","stsjorbsmod:Fireball+1","infinitespire:Collect","stsjorbsmod:TinyHut+1"],"relics":["stsjorbsmod:GrimoireRelic","Simple Rune","Pen Nib","stsjorbsmod:MindGlassRelic","ChewingGum","ReplayTheSpireMod:Shallot","Orichalcum","hubris:CrystalStatue","Juzu Bracelet","infinitespire:EvilPickle","Sozu","hubris:MedicalManual","infinitespire:CheckeredPen","Darkstone Periapt","MealTicket","StoneCalendar","hubris:Spice"],"acts_visited":["Exordium","TheCity","TheBeyond"],"potions_floor_usage":[16,33,35,35],"damage_taken":[{"damage":0,"enemies":"2 Louse","floor":1,"turns":3},{"damage":0,"enemies":"Cultist","floor":2,"turns":4},{"damage":8,"enemies":"Small Slimes","floor":5,"turns":4},{"damage":30,"enemies":"3 Sentries","floor":7,"turns":11},{"damage":26,"enemies":"Gremlin Nob","floor":11,"turns":5},{"damage":3,"enemies":"2 Fungi Beasts","floor":12,"turns":3},{"damage":5,"enemies":"3 Louse","floor":13,"turns":3},{"damage":8,"enemies":"Gremlin Gang","floor":14,"turns":4},{"damage":12,"enemies":"Hexaghost","floor":16,"turns":7},{"damage":7,"enemies":"2 Thieves","floor":18,"turns":4},{"damage":0,"enemies":"3 Byrds","floor":19,"turns":1},{"damage":0,"enemies":"Centurion and Healer","floor":22,"turns":5},{"damage":0,"enemies":"Replay:Snechameleon","floor":24,"turns":7},{"damage":0,"enemies":"Shelled Parasite and Fungi","floor":28,"turns":3},{"damage":0,"enemies":"Gremlin Leader","floor":29,"turns":3},{"damage":0,"enemies":"Chosen and Byrds","floor":31,"turns":2},{"damage":22,"enemies":"Pondfish","floor":33,"turns":7},{"damage":8,"enemies":"3 Darklings","floor":35,"turns":4},{"damage":0,"enemies":"3 Shapes","floor":36,"turns":4},{"damage":0,"enemies":"Mind Bloom Boss Battle","floor":38,"turns":5},{"damage":16,"enemies":"Nemesis","floor":40,"turns":4},{"damage":9,"enemies":"R_Hoarder","floor":43,"turns":6},{"damage":42,"enemies":"Nightmare","floor":47,"turns":5},{"damage":35,"enemies":"Nemesis","floor":49,"turns":5},{"damage":9,"enemies":"Maw","floor":50,"turns":5},{"damage":31,"enemies":"Replay:Hell Engine","floor":52,"turns":7}],"seed_played":"-4085880192392487918","potions_obtained":[{"floor":12,"key":"Elixir"},{"floor":13,"key":"stsjorbsmod:BurningPotion"},{"floor":14,"key":"champ:CounterPotion"},{"floor":18,"key":"champ:CounterPotion"},{"floor":22,"key":"EntropicBrew"},{"floor":28,"key":"Adrenaline Potion"}],"is_trial":false,"path_per_floor":["M","M","?","$","M","R","E","R","T","R","E","M","M","M","R","B",null,"M","M","$","?","M","R","E","R","T","R","M","E","R","M","R","B",null,"M","M","$","?","?","E","PTL","PTL","E","?","T","R","NM","R","E","M","R","B",null],"character_chosen":"WANDERER","items_purchased":["stsjorbsmod:SmithingStrike","ReplayTheSpireMod:Shallot"],"campfire_rested":1,"item_purchase_floors":[4,20],"current_hp_per_floor":[68,70,70,70,64,64,34,34,34,34,10,8,9,3,25,13,74,70,72,72,72,78,78,80,80,80,80,80,82,82,82,82,77,90,92,92,92,92,92,87,87,87,92,92,92,92,74,74,77,76,76,74],"gold":1204,"neow_bonus":"HUNDRED_GOLD","is_daily":false,"chose_seed":false,"campfire_upgraded":11,"win_rate":0.0,"timestamp":1611365395,"path_taken":["M","M","?","$","M","R","E","R","T","R","E","M","M","M","R","BOSS","M","?","$","?","M","R","E","R","T","R","?","E","R","M","R","BOSS","M","M","$","?","?","E","PTL","PTL","E","?","T","R","NM","R","E","M","R","BOSS"],"items_purchased_type":["Card","Relic"],"build_version":"2020-12-22","purchased_purges":2,"victory":true,"max_hp_per_floor":[68,70,70,70,70,70,70,70,70,70,70,70,74,74,74,74,74,74,74,74,74,78,78,80,80,80,80,80,82,82,82,82,90,90,92,92,92,92,92,94,94,94,96,96,96,96,96,96,106,106,106,106],"card_choices":[{"not_picked":["stsjorbsmod:MagicMirror","stsjorbsmod:Hurt"],"picked":"stsjorbsmod:WanderingMind","floor":1},{"not_picked":["stsjorbsmod:ChatteringStrike","stsjorbsmod:Hurt"],"picked":"stsjorbsmod:MagicMirror","floor":2},{"not_picked":["stsjorbsmod:ParryingBlow","stsjorbsmod:Patron","stsjorbsmod:Index"],"picked":"SKIP","floor":5},{"not_picked":["stsjorbsmod:LocateObject","stsjorbsmod:FlameWard"],"picked":"stsjorbsmod:HedgeWizard","floor":7},{"not_picked":["stsjorbsmod:Withdraw","stsjorbsmod:SmithingStrike"],"picked":"stsjorbsmod:IvoryTower","floor":11},{"not_picked":["stsjorbsmod:Index","stsjorbsmod:SmithingStrike"],"picked":"stsjorbsmod:FranticSearch","floor":12},{"not_picked":["stsjorbsmod:Stalwart","stsjorbsmod:Materialize"],"picked":"stsjorbsmod:OldPocket","floor":13},{"not_picked":["stsjorbsmod:Stalwart","stsjorbsmod:Index","stsjorbsmod:DoubleCheck"],"picked":"SKIP","floor":14},{"not_picked":["stsjorbsmod:Counterspell","stsjorbsmod:LocateObject+1","stsjorbsmod:LoseGrip"],"picked":"SKIP","floor":18},{"not_picked":["stsjorbsmod:Hurt","stsjorbsmod:DoubleCheck+1","stsjorbsmod:Rest"],"picked":"SKIP","floor":19},{"not_picked":["stsjorbsmod:ArcaneWeapon+1","stsjorbsmod:SchoolsOfMagic"],"picked":"stsjorbsmod:FranticSearch","floor":22},{"not_picked":["stsjorbsmod:Rest","stsjorbsmod:Materialize+1"],"picked":"stsjorbsmod:Firebolt","floor":24},{"not_picked":["stsjorbsmod:ParryingBlow+1","stsjorbsmod:FranticSearch+1","stsjorbsmod:Inferno"],"picked":"SKIP","floor":28},{"not_picked":["stsjorbsmod:Prepare+1","stsjorbsmod:SmithingStrike","stsjorbsmod:DisguiseSelf"],"picked":"SKIP","floor":29},{"not_picked":["stsjorbsmod:Hibernate","stsjorbsmod:Will"],"picked":"stsjorbsmod:FindFamiliar","floor":31},{"not_picked":["stsjorbsmod:ThirstingSword","stsjorbsmod:Feast"],"picked":"stsjorbsmod:ArcaneForm","floor":33},{"not_picked":["stsjorbsmod:MagicMirror","stsjorbsmod:Will","stsjorbsmod:ChatteringStrike+1"],"picked":"SKIP","floor":35},{"not_picked":["stsjorbsmod:Prestidigitation","stsjorbsmod:SmithingStrike"],"picked":"stsjorbsmod:Mending+1","floor":36},{"not_picked":["stsjorbsmod:FlameWard+1","stsjorbsmod:TrueStrike"],"picked":"stsjorbsmod:Introspection","floor":39},{"not_picked":["stsjorbsmod:RayOfFrost+1","stsjorbsmod:UnseenServant+1"],"picked":"stsjorbsmod:BlackTentacles+1","floor":40},{"not_picked":["stsjorbsmod:ScorchingRay","stsjorbsmod:MagicMirror+1"],"picked":"stsjorbsmod:HedgeWizard","floor":43},{"not_picked":["Finesse","Replay:Dark Deal"],"picked":"hubris:Insight","floor":44},{"not_picked":["stsjorbsmod:RefuseToForget","stsjorbsmod:UnseenServant"],"picked":"stsjorbsmod:Fireball","floor":47},{"not_picked":["ReplayTheSpireMod:Echoes of Time","hubris:Fate"],"picked":"infinitespire:Collect","floor":47},{"not_picked":["stsjorbsmod:Will+1","stsjorbsmod:SmithingStrike"],"picked":"stsjorbsmod:TinyHut+1","floor":49},{"not_picked":["stsjorbsmod:Index","stsjorbsmod:Patron","stsjorbsmod:BurningFlask"],"picked":"SKIP","floor":50}],"player_experience":534389,"relics_obtained":[{"floor":7,"key":"Simple Rune"},{"floor":9,"key":"Pen Nib"},{"floor":11,"key":"stsjorbsmod:MindGlassRelic"},{"floor":24,"key":"Orichalcum"},{"floor":26,"key":"hubris:CrystalStatue"},{"floor":29,"key":"Juzu Bracelet"},{"floor":38,"key":"hubris:MedicalManual"},{"floor":40,"key":"infinitespire:CheckeredPen"},{"floor":43,"key":"Darkstone Periapt"},{"floor":45,"key":"MealTicket"},{"floor":47,"key":"StoneCalendar"},{"floor":49,"key":"hubris:Spice"}],"event_choices":[{"cards_removed":["stsjorbsmod:Strike_Wanderer"],"damage_healed":0,"gold_gain":0,"player_choice":"Purged","damage_taken":0,"max_hp_gain":0,"max_hp_loss":0,"event_name":"Purifier","floor":3,"gold_loss":0},{"damage_healed":0,"gold_gain":0,"player_choice":"Copied","damage_taken":0,"max_hp_gain":0,"max_hp_loss":0,"event_name":"Duplicator","floor":21,"gold_loss":0,"cards_obtained":["stsjorbsmod:EyeOfTheStorm"]},{"damage_healed":0,"gold_gain":0,"player_choice":"Fight","damage_taken":0,"max_hp_gain":0,"max_hp_loss":0,"event_name":"MindBloom","floor":38,"gold_loss":0},{"damage_healed":0,"gold_gain":0,"player_choice":"Memory 1","damage_taken":0,"max_hp_gain":0,"max_hp_loss":0,"event_name":"SensoryStone","floor":44,"gold_loss":0}],"is_beta":false,"boss_relics":[{"not_picked":["Replay:Ancient Bell","Coffee Dripper"],"picked":"ChewingGum"},{"not_picked":["SacredBark","Hololive_TopUpMoneyS"],"picked":"Sozu"}],"items_purged_floors":[4,37],"is_endless":false,"potions_floor_spawned":[12,13,14,18,22,28,31,35,40,47,49],"ascension_level":1}}