{"host":"6gwm7y0tp7acoxay","time":1611404718,"event":{"mods":["BaseMod","Colored Map","Keyboard Shortcuts","Minty Spire (QoL Compilation)","Quick Restart","StSLib","SuperFastMode","everything is the same but u backflip on backflip"],"gold_per_floor":[417,88,88,163,163,163,163,189,236,271,271,288,319,350,350,428,428,438,438,278,278,292,317,348,348,348,182,198,228,254,286,286,362,362,373,55,55,65,65,92,127,155,205,205,240,265,265,298,298,298,298,298,298,74,106,106,106],"floor_reached":56,"language":"KOR","playtime":1800,"items_purged":["Backstab"],"score":3043,"play_id":"b3b8f0df-3de4-4670-8e88-54749591a8e2","local_time":"20210123212518","daily_mods":["SealedDeck","Heirloom","Flight"],"is_ascension_mode":true,"campfire_choices":[{"data":"Accuracy","floor":6.0,"key":"SMITH"},{"data":"Burst","floor":7.0,"key":"SMITH"},{"data":"Cloak And Dagger","floor":11.0,"key":"SMITH"},{"data":"Outmaneuver","floor":15.0,"key":"SMITH"},{"data":"Tactician","floor":32.0,"key":"SMITH"},{"floor":44.0,"key":"RECALL"},{"data":"After Image","floor":49.0,"key":"SMITH"},{"data":"Adrenaline","floor":53,"key":"SMITH"}],"circlet_count":0,"master_deck":["AscendersBane","PiercingWail","Dagger Spray+1","Terror+1","Escape Plan","Backflip","Cloak And Dagger+1","Deflect","Blade Dance+1","Accuracy+1","Finisher+1","Burst+1","Acrobatics+1","After Image+1","Crippling Poison","Outmaneuver+1","Storm of Steel","Flash of Steel+1","Tactician+1","Adrenaline+1","After Image+1"],"relics":["Ring of the Snake","Old Coin","Orrery","Omamori","Thread and Needle","War Paint","Orichalcum","Mercury Hourglass","PreservedInsect","Runic Dome","TheAbacus","Smiling Mask","StrikeDummy","White Beast Statue","Happy Flower","CaptainsWheel","Bronze Scales","Question Card","Busted Crown","Gremlin Horn","Kunai","Frozen Egg 2","Whetstone","HornCleat","Prayer Wheel","Blood Vial","DollysMirror","Turnip"],"acts_visited":["Exordium","TheCity","TheBeyond","TheEnding"],"potions_floor_usage":[51,56],"damage_taken":[{"damage":0.0,"enemies":"Small Slimes","floor":1.0,"turns":2.0},{"damage":0.0,"enemies":"Lagavulin","floor":8.0,"turns":3.0},{"damage":0.0,"enemies":"3 Sentries","floor":10.0,"turns":3.0},{"damage":0.0,"enemies":"2 Louse","floor":12.0,"turns":1.0},{"damage":0.0,"enemies":"Lagavulin","floor":13.0,"turns":4.0},{"damage":3.0,"enemies":"Gremlin Nob","floor":14.0,"turns":3.0},{"damage":0.0,"enemies":"Slime Boss","floor":16.0,"turns":4.0},{"damage":0.0,"enemies":"Spheric Guardian","floor":18.0,"turns":3.0},{"damage":0.0,"enemies":"3 Byrds","floor":22.0,"turns":2.0},{"damage":0.0,"enemies":"Gremlin Leader","floor":23.0,"turns":4.0},{"damage":0.0,"enemies":"Book of Stabbing","floor":24.0,"turns":2.0},{"damage":0.0,"enemies":"Centurion and Healer","floor":28.0,"turns":3.0},{"damage":4.0,"enemies":"Gremlin Leader","floor":29.0,"turns":3.0},{"damage":0.0,"enemies":"Book of Stabbing","floor":30.0,"turns":3.0},{"damage":4.0,"enemies":"Slavers","floor":31.0,"turns":2.0},{"damage":0.0,"enemies":"Collector","floor":33.0,"turns":4.0},{"damage":0.0,"enemies":"3 Darklings","floor":35.0,"turns":3.0},{"damage":0.0,"enemies":"Orb Walker","floor":38.0,"turns":1.0},{"damage":0.0,"enemies":"Giant Head","floor":40.0,"turns":3.0},{"damage":0.0,"enemies":"Reptomancer","floor":41.0,"turns":3.0},{"damage":0.0,"enemies":"Giant Head","floor":42.0,"turns":3.0},{"damage":0.0,"enemies":"Nemesis","floor":45.0,"turns":3.0},{"damage":0.0,"enemies":"Mind Bloom Boss Battle","floor":46.0,"turns":3.0},{"damage":0.0,"enemies":"Giant Head","floor":48.0,"turns":2.0},{"damage":50.0,"enemies":"Time Eater","floor":50.0,"turns":10.0},{"damage":3,"enemies":"Donu and Deca","floor":51,"turns":7},{"damage":17,"enemies":"Shield and Spear","floor":55,"turns":3},{"damage":61,"enemies":"The Heart","floor":56,"turns":3}],"seed_played":"-1674131555034068144","potions_obtained":[{"floor":8.0,"key":"FearPotion"},{"floor":10.0,"key":"EssenceOfSteel"},{"floor":14.0,"key":"PowerPotion"},{"floor":18.0,"key":"EntropicBrew"},{"floor":28.0,"key":"Ancient Potion"},{"floor":30.0,"key":"Swift Potion"},{"floor":41.0,"key":"DuplicationPotion"},{"floor":45.0,"key":"SteroidPotion"}],"is_trial":true,"path_per_floor":["M","$","?","?","?","R","R","E","T","E","R","M","E","E","R","B",null,"M","?","$","?","M","E","E","?","T","$","M","E","E","E","R","B",null,"M","$","?","M","$","E","E","E","T","R","E","?","?","E","R","B","B",null,"R","$","E","B"],"character_chosen":"THE_SILENT","items_purchased":["Orrery","Omamori","TheAbacus","Happy Flower","Gremlin Horn","DollysMirror","BlessingOfTheForge"],"campfire_rested":0,"item_purchase_floors":[2,2,20,27,36,54,54],"current_hp_per_floor":[59,59,59,48,28,28,28,28,28,28,28,28,28,25,25,25,56,56,44,44,35,35,35,35,35,35,35,35,31,31,27,27,27,56,56,56,56,56,56,56,56,56,56,56,56,56,56,56,56,8,7,51,51,51,36,0,0],"gold":106,"neow_bonus":"","is_daily":false,"chose_seed":false,"campfire_upgraded":7,"win_rate":0.0,"timestamp":1611404718,"path_taken":["M","$","?","?","?","R","R","E","T","E","R","M","E","E","R","BOSS","M","?","?","?","?","E","E","?","T","$","M","E","E","E","R","BOSS","M","$","?","?","?","E","E","E","T","R","E","?","?","E","R","BOSS","BOSS","R","$","E","BOSS"],"items_purchased_type":["Relic","Relic","Relic","Relic","Relic","Relic","Potion"],"build_version":"2020-12-22","purchased_purges":1,"victory":false,"max_hp_per_floor":[66,66,66,66,66,66,66,66,66,66,66,66,66,66,66,66,66,66,66,66,66,66,66,66,66,66,66,66,66,66,66,66,66,66,66,66,66,66,66,66,66,66,66,66,66,66,66,66,66,66,66,66,66,66,66,66,66],"card_choices":[{"not_picked":["Dodge and Roll","Slice"],"picked":"Finisher","floor":1.0},{"not_picked":["Sucker Punch","Blur"],"picked":"Burst","floor":2.0},{"not_picked":["Acrobatics","Slice","Cloak And Dagger"],"picked":"SKIP","floor":8.0},{"not_picked":["Slice","Cloak And Dagger"],"picked":"Acrobatics","floor":8.0},{"not_picked":["Backflip","PiercingWail"],"picked":"After Image","floor":10.0},{"not_picked":["Heel Hook","Backstab"],"picked":"Crippling Poison","floor":12.0},{"not_picked":["Dagger Spray","Skewer","Infinite Blades"],"picked":"SKIP","floor":13.0},{"not_picked":["Acrobatics","Outmaneuver","Noxious Fumes"],"picked":"SKIP","floor":14.0},{"not_picked":["Acrobatics","Noxious Fumes"],"picked":"Outmaneuver","floor":14.0},{"not_picked":["Doppelganger","Grand Finale"],"picked":"Storm of Steel","floor":16.0},{"not_picked":["Dagger Throw","Acrobatics","Underhanded Strike"],"picked":"SKIP","floor":18.0},{"not_picked":["Prepared","Footwork"],"picked":"Tactician","floor":22.0},{"not_picked":["Dodge and Roll","Infinite Blades","Expertise"],"picked":"SKIP","floor":23.0},{"not_picked":["Blade Dance","PiercingWail","Deadly Poison"],"picked":"SKIP","floor":24.0},{"not_picked":["Flechettes","Prepared","Deadly Poison"],"picked":"SKIP","floor":28.0},{"not_picked":["Storm of Steel","Dagger Throw","Setup"],"picked":"SKIP","floor":29.0},{"not_picked":["Deflect","Dagger Spray","Poisoned Stab"],"picked":"SKIP","floor":30.0},{"not_picked":["Slice","Catalyst","Deadly Poison"],"picked":"SKIP","floor":31.0},{"not_picked":["Unload","Burst","Tools of the Trade"],"picked":"Adrenaline","floor":33.0},{"not_picked":["Masterful Stab","Deadly Poison"],"picked":"SKIP","floor":35.0},{"not_picked":["Backflip","Concentrate"],"picked":"SKIP","floor":38.0},{"not_picked":["Quick Slash+1","Caltrops"],"picked":"SKIP","floor":40.0},{"not_picked":["Backflip","Acrobatics"],"picked":"SKIP","floor":41.0},{"not_picked":["Noxious Fumes+1","Setup"],"picked":"SKIP","floor":42.0},{"not_picked":["Poisoned Stab","Dagger Spray+1"],"picked":"SKIP","floor":45.0},{"not_picked":["Riddle With Holes","Crippling Poison+1"],"picked":"SKIP","floor":48.0},{"not_picked":["Acrobatics","Outmaneuver+1"],"picked":"SKIP","floor":55}],"player_experience":4446485,"relics_obtained":[{"floor":8.0,"key":"Thread and Needle"},{"floor":9.0,"key":"War Paint"},{"floor":10.0,"key":"Orichalcum"},{"floor":13.0,"key":"Mercury Hourglass"},{"floor":14.0,"key":"PreservedInsect"},{"floor":23.0,"key":"Smiling Mask"},{"floor":24.0,"key":"StrikeDummy"},{"floor":26.0,"key":"White Beast Statue"},{"floor":29.0,"key":"CaptainsWheel"},{"floor":30.0,"key":"Bronze Scales"},{"floor":31.0,"key":"Question Card"},{"floor":40.0,"key":"Kunai"},{"floor":41.0,"key":"Frozen Egg 2"},{"floor":42.0,"key":"Whetstone"},{"floor":45.0,"key":"HornCleat"},{"floor":46.0,"key":"Prayer Wheel"},{"floor":48.0,"key":"Blood Vial"},{"floor":55,"key":"Turnip"}],"event_choices":[{"damage_healed":0.0,"max_hp_gain":0.0,"max_hp_loss":0.0,"gold_gain":0.0,"event_name":"Liars Game","player_choice":"Ignored","floor":3.0,"gold_loss":0.0,"damage_taken":0.0},{"damage_healed":0.0,"max_hp_gain":0.0,"max_hp_loss":0.0,"gold_gain":75.0,"event_name":"World of Goop","player_choice":"Gather Gold","floor":4.0,"gold_loss":0.0,"damage_taken":11.0},{"damage_healed":0.0,"max_hp_gain":0.0,"max_hp_loss":0.0,"gold_gain":0.0,"event_name":"Shining Light","player_choice":"Entered Light","floor":5.0,"gold_loss":0.0,"damage_taken":20.0,"cards_upgraded":["Terror","Dagger Spray"]},{"damage_healed":0.0,"max_hp_gain":0.0,"max_hp_loss":0.0,"gold_gain":0.0,"event_name":"Knowing Skull","player_choice":"CARD ","floor":19.0,"potions_obtained":[],"gold_loss":0.0,"damage_taken":12.0,"cards_obtained":["Flash of Steel"]},{"damage_healed":0.0,"max_hp_gain":0.0,"max_hp_loss":0.0,"gold_gain":0.0,"event_name":"Wheel of Change","player_choice":"Damaged","floor":21.0,"gold_loss":0.0,"damage_taken":9.0},{"damage_healed":0.0,"max_hp_gain":0.0,"max_hp_loss":0.0,"gold_gain":0.0,"event_name":"Ghosts","player_choice":"Ignored","floor":25.0,"gold_loss":0.0,"damage_taken":0.0},{"damage_healed":0.0,"max_hp_gain":0.0,"max_hp_loss":0.0,"gold_gain":0.0,"event_name":"SecretPortal","player_choice":"Ignored","floor":37.0,"gold_loss":0.0,"damage_taken":0.0},{"damage_healed":0.0,"max_hp_gain":0.0,"max_hp_loss":0.0,"gold_gain":0.0,"event_name":"MindBloom","player_choice":"Fight","floor":46.0,"gold_loss":0.0,"damage_taken":0.0},{"damage_healed":0.0,"max_hp_gain":0.0,"max_hp_loss":0.0,"gold_gain":0.0,"event_name":"Lab","player_choice":"Got Potions","floor":47.0,"gold_loss":0.0,"damage_taken":0.0}],"is_beta":false,"boss_relics":[{"not_picked":["Ectoplasm","Cursed Key"],"picked":"Runic Dome"},{"not_picked":["Calling Bell","Empty Cage"],"picked":"Busted Crown"}],"items_purged_floors":[36],"is_endless":false,"potions_floor_spawned":[8,10,14,18,22,28,29,30,31,33,35,38,40,41,42,45,46,48,55],"killed_by":"The Heart","ascension_level":20}}