{"host":"fmb9x04chdot191d","time":1611374943,"event":{"mods":["2.2 Compatiblity","AchievementEnabler","BaseMod","BetterRewards","Colored Map","Downfall","Hermit","Highlight Path","Marisa（霧雨　魔理沙）","Minty Spire (QoL Compilation)","Permanent Neow","Quick Restart","Rare Cards Sparkle","StSLib","The Servant 0.9.4","[IsaacMod]以撒尖塔"],"gold_per_floor":[114,129,129,179,189,189,207,234,260,35,50,81,103,113,113,209,209,251,251],"floor_reached":18,"language":"ENG","playtime":908,"items_purged":["Defend_G"],"score":214,"play_id":"72849163-3fba-42cd-ab2e-7494016dcd81","local_time":"20210123170903","is_ascension_mode":false,"campfire_choices":[{"data":"DoctorFetus","floor":6.0,"key":"SMITH"},{"floor":15.0,"key":"REST"}],"circlet_count":0,"master_deck":["Strike_G","Strike_G","Strike_G","Strike_G","Defend_G","Defend_G","Defend_G","Defend_G","Survivor","Neutralize","DoctorFetus+1","Poisoned Stab","Distraction","Bouncing Flask","Bullet Time","Envenom","Prepared","Phantasmal Killer","Envenom","Doppelganger"],"relics":["Ring of the Snake","HushsDoor","Pen Nib","BelialBook","InkBottle","Juzu Bracelet","Odd Mushroom","MealTicket","SalivaCoin","SlaversCollar"],"acts_visited":["Exordium","TheCity"],"potions_floor_usage":[],"damage_taken":[{"damage":2.0,"enemies":"Small Slimes","floor":1.0,"turns":5.0},{"damage":0.0,"enemies":"2 Louse","floor":2.0,"turns":3.0},{"damage":12.0,"enemies":"Hiden Room Battle","floor":4.0,"turns":2.0},{"damage":0.0,"enemies":"Cultist","floor":5.0,"turns":3.0},{"damage":0.0,"enemies":"Large Slime","floor":7.0,"turns":2.0},{"damage":11.0,"enemies":"The Mushroom Lair","floor":8.0,"turns":3.0},{"damage":5.0,"enemies":"Red Slaver","floor":11.0,"turns":3.0},{"damage":21.0,"enemies":"Lagavulin","floor":12.0,"turns":4.0},{"damage":7.0,"enemies":"Exordium Wildlife","floor":13.0,"turns":3.0},{"damage":0.0,"enemies":"Looter","floor":14.0,"turns":3.0},{"damage":0.0,"enemies":"Slime Boss","floor":16.0,"turns":4.0},{"damage":33,"enemies":"Shell Parasite","floor":18,"turns":5}],"seed_played":"-6987881845767395787","potions_obtained":[{"floor":1.0,"key":"CunningPotion"},{"floor":2.0,"key":"PowerPotion"},{"floor":7.0,"key":"SpeedPotion"},{"floor":14.0,"key":"DistilledChaos"}],"is_trial":false,"path_per_floor":["M","M","?","?","M","R","M","?","T","$","M","E","M","M","R","B",null,"M"],"character_chosen":"THE_SILENT","items_purchased":["Bullet Time","Envenom","Doppelganger"],"campfire_rested":1,"item_purchase_floors":[10,17,17],"current_hp_per_floor":[68,68,61,49,49,49,49,38,38,53,48,27,20,20,41,41,62,29,29],"gold":251,"neow_bonus":"RANDOM_COMMON_RELIC","is_daily":false,"chose_seed":false,"campfire_upgraded":1,"win_rate":0.0,"timestamp":1611374943,"path_taken":["M","M","?","?","M","R","M","?","T","$","M","E","M","M","R","BOSS","M"],"items_purchased_type":["Card","Card","Card"],"build_version":"2020-12-22","purchased_purges":1,"victory":false,"max_hp_per_floor":[70,70,70,70,70,70,70,70,70,70,70,70,70,70,70,70,62,62,62],"card_choices":[{"not_picked":[],"picked":"DoctorFetus","floor":0.0},{"not_picked":["Dodge and Roll","Backflip"],"picked":"Bomb","floor":1.0},{"not_picked":["Sucker Punch","Outmaneuver"],"picked":"Bomb","floor":2.0},{"not_picked":["Quick Slash","Heel Hook"],"picked":"Poisoned Stab","floor":4.0},{"not_picked":["Dagger Spray","PiercingWail"],"picked":"Distraction","floor":5.0},{"not_picked":["Caltrops","All Out Attack","Prepared"],"picked":"SKIP","floor":7.0},{"not_picked":["Noxious Fumes","Crippling Poison"],"picked":"Bouncing Flask","floor":8.0},{"not_picked":["Choke","Tactician","Slice"],"picked":"SKIP","floor":11.0},{"not_picked":["Finisher","Footwork"],"picked":"Envenom","floor":12.0},{"not_picked":["Endless Agony","PiercingWail","Dagger Throw"],"picked":"SKIP","floor":13.0},{"not_picked":["Bouncing Flask","Deadly Poison"],"picked":"Prepared","floor":14.0},{"not_picked":["Doppelganger","Bullet Time"],"picked":"Phantasmal Killer","floor":16.0}],"player_experience":38937,"relics_obtained":[{"floor":4.0,"key":"InkBottle"},{"floor":4.0,"key":"Juzu Bracelet"},{"floor":8.0,"key":"Odd Mushroom"},{"floor":9.0,"key":"MealTicket"},{"floor":12.0,"key":"SalivaCoin"}],"event_choices":[{"cards_removed":["Strike_G"],"damage_healed":0.0,"max_hp_gain":0.0,"max_hp_loss":0.0,"gold_gain":0.0,"event_name":"Golden Wing","player_choice":"Card Removal","floor":3.0,"gold_loss":0.0,"damage_taken":7.0},{"damage_healed":0.0,"max_hp_gain":0.0,"max_hp_loss":0.0,"gold_gain":0.0,"event_name":"HidenRoomEvent","player_choice":"Fight","floor":4.0,"gold_loss":0.0,"damage_taken":0.0},{"damage_healed":0.0,"max_hp_gain":0.0,"max_hp_loss":0.0,"gold_gain":0.0,"event_name":"Mushrooms","player_choice":"Fought Mushrooms","floor":8.0,"gold_loss":0.0,"damage_taken":0.0}],"is_beta":false,"boss_relics":[{"not_picked":["Ring of the Serpent","Tiny House"],"picked":"SlaversCollar"},{"not_picked":[]}],"items_purged_floors":[10],"is_endless":false,"potions_floor_spawned":[1,2,7,11,14],"killed_by":"Shell Parasite","ascension_level":0}}