{"host":"qgrlfjrqk9z96gfi","time":1611378151,"event":{"mods":["BaseMod","Block Reminder","Colored Map","Custom Start","DeckTracker","Minty Spire (QoL Compilation)"],"gold_per_floor":[109,109,74,21,21,54,54,81,81,97,97,115,150,166,166,166,166],"floor_reached":16,"language":"ENG","playtime":373,"items_purged":[],"score":336,"play_id":"c2fc1b8a-781f-4e36-b611-01a5a403b8c6","local_time":"20210122190231","is_ascension_mode":true,"campfire_choices":[{"data":"All Out Attack","floor":7,"key":"SMITH"},{"data":"Neutralize","floor":11,"key":"SMITH"},{"data":"Footwork","floor":15,"key":"SMITH"}],"circlet_count":0,"master_deck":["AscendersBane","Strike_G","Strike_G","Strike_G","Strike_G","Strike_G","Defend_G","Defend_G+1","Defend_G+1","Defend_G","Defend_G","Survivor","Neutralize+1","Blade Dance","All Out Attack+1","PiercingWail","Infinite Blades","Footwork+1","Cloak And Dagger","Dagger Throw"],"relics":["Ring of the Snake","NeowsBlessing","Bag of Marbles","White Beast Statue","Pen Nib","WingedGreaves"],"acts_visited":["Exordium"],"potions_floor_usage":[13,16],"damage_taken":[{"damage":0,"enemies":"Cultist","floor":1,"turns":1},{"damage":0,"enemies":"3 Sentries","floor":6,"turns":1},{"damage":0,"enemies":"Lagavulin","floor":8,"turns":1},{"damage":0,"enemies":"Small Slimes","floor":10,"turns":1},{"damage":0,"enemies":"Jaw Worm","floor":12,"turns":3},{"damage":21,"enemies":"3 Sentries","floor":13,"turns":5},{"damage":2,"enemies":"Exordium Thugs","floor":14,"turns":4},{"damage":35,"enemies":"Hexaghost","floor":16,"turns":11}],"seed_played":"-2830233359417683000","potions_obtained":[{"floor":1,"key":"PowerPotion"},{"floor":6,"key":"BlessingOfTheForge"},{"floor":13,"key":"Poison Potion"},{"floor":14,"key":"FearPotion"}],"is_trial":false,"path_per_floor":["M","?","?","$","$","E","R","E","T","M","R","M","E","M","R","B"],"character_chosen":"THE_SILENT","items_purchased":["Blade Dance"],"campfire_rested":0,"item_purchase_floors":[4],"current_hp_per_floor":[59,39,55,55,55,55,55,55,55,55,55,55,34,32,32,0,0],"gold":166,"neow_bonus":"THREE_ENEMY_KILL","is_daily":false,"chose_seed":false,"campfire_upgraded":3,"win_rate":0.0,"timestamp":1611378151,"path_taken":["M","?","?","?","$","E","R","E","T","M","R","M","E","?","R","BOSS"],"items_purchased_type":["Card"],"build_version":"2020-12-22","purchased_purges":0,"victory":false,"max_hp_per_floor":[66,66,66,66,66,66,66,66,66,66,66,66,66,66,66,66,66],"card_choices":[{"not_picked":["Setup","Reflex","Deflect"],"picked":"SKIP","floor":1},{"not_picked":["Venomology","Prepared"],"picked":"All Out Attack","floor":6},{"not_picked":["Blur","Catalyst"],"picked":"PiercingWail","floor":8},{"not_picked":["Quick Slash","Underhanded Strike"],"picked":"Infinite Blades","floor":10},{"not_picked":["Well Laid Plans","Sucker Punch"],"picked":"Footwork","floor":12},{"not_picked":["PiercingWail","Predator"],"picked":"Cloak And Dagger","floor":13},{"not_picked":["Prepared","Riddle With Holes"],"picked":"Dagger Throw","floor":14}],"player_experience":1046681,"relics_obtained":[{"floor":6,"key":"Bag of Marbles"},{"floor":8,"key":"White Beast Statue"},{"floor":9,"key":"Pen Nib"},{"floor":13,"key":"WingedGreaves"}],"event_choices":[{"damage_healed":0,"gold_gain":0,"player_choice":"Entered Light","damage_taken":20,"max_hp_gain":0,"max_hp_loss":0,"event_name":"Shining Light","floor":2,"gold_loss":0,"cards_upgraded":["Defend_G","Defend_G"]},{"damage_healed":16,"gold_gain":0,"player_choice":"Healed","damage_taken":0,"max_hp_gain":0,"max_hp_loss":0,"event_name":"The Cleric","floor":3,"gold_loss":35}],"is_beta":false,"boss_relics":[],"items_purged_floors":[],"is_endless":false,"potions_floor_spawned":[1,6,10,12,13,14],"killed_by":"Hexaghost","ascension_level":20}}