{"host":"p8f0otjoacyb9giz","time":1611416872,"event":{"mods":["AchievementEnabler","BaseMod","Downfall","Minty Spire (QoL Compilation)","StSLib"],"gold_per_floor":[99,99,99,99,199,199,276,308,325,125,150,170,170,190,206,303,303,303,317,336,0,18,18,64,83,101,127,141,153,153,194,219,326,338,250,276,303,334,359,356,413,425,437,449,461,488,347,364,383,383,383,412,99,99,99,99],"floor_reached":57,"language":"ENG","playtime":2766,"items_purged":["bronze:Strike+1"],"score":1373,"play_id":"e928896a-66c3-4ee0-b8fe-c6ff4bf74b4e","local_time":"20210123184752","is_ascension_mode":true,"campfire_choices":[{"floor":1,"key":"RECALL"},{"data":"bronze:Flail","floor":10,"key":"SMITH"},{"data":"bronze:Library","floor":13,"key":"SMITH"},{"data":"bronze:Goto","floor":18,"key":"SMITH"},{"data":"bronze:Verify","floor":30,"key":"SMITH"},{"data":"bronze:HardenedForm","floor":35,"key":"SMITH"},{"floor":45,"key":"REST"},{"data":"bronze:Library","floor":54,"key":"SMITH"}],"circlet_count":0,"master_deck":["bronze:Strike+1","bronze:Strike+1","bronze:Strike+1","bronze:Defend+1","bronze:Defend+1","bronze:Defend+1","bronze:Replicate+1","bronze:Goto+1","bronze:InfiniteBeams+1","bronze:Flail+1","bronze:Library+1","bronze:BronzeOrb+1","bronze:Library+1","bronze:BronzeOrb+1","bronze:Verify+1","bronze:ItsAFeature+1","bronze:Boost+1","bronze:BronzeOrb+1","bronze:Iterate+1","bronze:HardenedForm+1","bronze:Overheat+1","bronze:Mutator+1","bronze:ItsAFeature+1","bronze:Fortify+1","bronze:Terminator","bronze:Library+1","bronze:Iterate+1","bronze:ItsAFeature"],"relics":["bronze:PlatinumCore","downfall:HeartsMalice","downfall:ShatteredFragment","downfall:GremlinWheel","CaptainsWheel","Guardian:GemstoneGun","Mummified Hand","Lantern","bronze:BronzeIdol","MawBank","Whetstone","Runic Pyramid","Centennial Puzzle","bronze:BottledCode","Membership Card","PreservedInsect","Bird Faced Urn","StoneCalendar","Lizard Tail","Incense Burner"],"acts_visited":["Exordium","TheCity","TheBeyond","TheEnding"],"potions_floor_usage":[8,33,56],"damage_taken":[{"damage":0,"enemies":"2 Louse","floor":2,"turns":1},{"damage":0,"enemies":"2 Louse","floor":5,"turns":1},{"damage":0,"enemies":"Jaw Worm","floor":6,"turns":1},{"damage":27,"enemies":"Lagavulin","floor":8,"turns":5},{"damage":0,"enemies":"Cultist","floor":9,"turns":3},{"damage":20,"enemies":"3 Sentries","floor":11,"turns":3},{"damage":0,"enemies":"Gremlin Gang","floor":12,"turns":1},{"damage":8,"enemies":"Large Slime","floor":14,"turns":3},{"damage":3,"enemies":"Red Slaver","floor":15,"turns":2},{"damage":17,"enemies":"WA_ARCHETYPE_RETAIN","floor":16,"turns":6},{"damage":0,"enemies":"3 Byrds","floor":19,"turns":3},{"damage":9,"enemies":"Shell Parasite","floor":20,"turns":3},{"damage":10,"enemies":"downfall:FleeingMerchant","floor":21,"turns":4},{"damage":22,"enemies":"Snake Plant","floor":22,"turns":5},{"damage":0,"enemies":"Sentry and Sphere","floor":25,"turns":4},{"damage":5,"enemies":"Snecko","floor":26,"turns":3},{"damage":0,"enemies":"Gremlin Leader","floor":27,"turns":4},{"damage":8,"enemies":"Shelled Parasite and Fungi","floor":28,"turns":5},{"damage":0,"enemies":"Centurion and Healer","floor":29,"turns":2},{"damage":0,"enemies":"Book of Stabbing","floor":31,"turns":3},{"damage":0,"enemies":"3 Cultists","floor":32,"turns":1},{"damage":24,"enemies":"DF_ARCHETYPE_CLAW","floor":33,"turns":6},{"damage":4,"enemies":"Orb Walker","floor":36,"turns":3},{"damage":0,"enemies":"3 Shapes","floor":37,"turns":3},{"damage":11,"enemies":"Transient","floor":38,"turns":5},{"damage":0,"enemies":"Spire Growth","floor":39,"turns":4},{"damage":0,"enemies":"downfall:FleeingMerchant","floor":40,"turns":4},{"damage":0,"enemies":"Jaw Worm Horde","floor":46,"turns":3},{"damage":0,"enemies":"downfall:FleeingMerchant","floor":47,"turns":1},{"damage":24,"enemies":"4 Shapes","floor":48,"turns":2},{"damage":0,"enemies":"3 Darklings","floor":49,"turns":3},{"damage":30,"enemies":"SI_POISON_ARCHETYPE","floor":50,"turns":13},{"damage":2,"enemies":"downfall:CharBossMerchant","floor":52,"turns":5},{"damage":8,"enemies":"downfall:NeowBoss","floor":55,"turns":10},{"damage":25,"enemies":"downfall:NeowBossFinal","floor":56,"turns":10}],"seed_played":"-5073077598517003644","potions_obtained":[{"floor":5,"key":"bronze:BurnAndBuffPotion"},{"floor":11,"key":"Dexterity Potion"},{"floor":12,"key":"Energy Potion"},{"floor":14,"key":"Regen Potion"},{"floor":26,"key":"FairyPotion"},{"floor":29,"key":"bronze:CleanCodePotion"},{"floor":36,"key":"EntropicBrew"}],"is_trial":false,"path_per_floor":["R","M","?","?","?","M","T","E","M","R","E","M","R","M","M","B",null,"R","M","M","$","M","?","T","M","M","E","M","M","R","E","M","B",null,"R","M","M","M","M","$","T","?","?","?","R","M","$","M","M","B",null,"E","$","R","B","B",null],"character_chosen":"THE_AUTOMATON","items_purchased":["Mummified Hand","bronze:ItsAFeature","Membership Card","PreservedInsect","Bird Faced Urn","bronze:Library","Lizard Tail","bronze:ItsAFeature","Incense Burner"],"campfire_rested":1,"item_purchase_floors":[21,21,47,47,47,47,53,53,53],"current_hp_per_floor":[70,70,49,70,70,70,70,43,43,53,33,33,33,25,22,5,80,80,80,71,61,39,39,39,39,34,34,26,26,26,26,26,2,80,80,76,76,65,65,65,65,65,65,60,60,60,60,36,46,32,60,60,60,60,52,38],"gold":99,"neow_bonus":"THREE_ENEMY_KILL","is_daily":false,"chose_seed":false,"campfire_upgraded":6,"win_rate":0.0,"timestamp":1611416872,"path_taken":["R","M","?","?","?","?","T","E","M","R","E","?","R","M","M","BOSS","R","M","M","$","M","?","T","M","M","E","?","M","R","E","M","BOSS","R","M","M","M","M","$","T","?","?","?","R","M","$","M","M","BOSS","E","$","R","BOSS","BOSS"],"items_purchased_type":["Relic","Card","Relic","Relic","Relic","Card","Relic","Card","Relic"],"build_version":"2020-12-22","purchased_purges":1,"victory":true,"max_hp_per_floor":[70,70,70,70,70,70,70,70,70,80,80,80,80,80,80,80,80,80,80,80,80,80,80,80,80,80,80,80,80,80,80,80,80,80,80,80,80,80,80,80,80,70,70,60,60,60,60,60,60,60,60,60,60,60,60,60],"card_choices":[{"not_picked":["bronze:Deprecate","bronze:Turbo"],"picked":"bronze:InfiniteBeams","floor":2},{"not_picked":["bronze:Branch","bronze:BitShift","bronze:Allocate"],"picked":"SKIP","floor":6},{"not_picked":["bronze:Constructor","bronze:Shield"],"picked":"bronze:Flail","floor":8},{"not_picked":["bronze:ClassDefault","bronze:Deprecate","bronze:BitShift"],"picked":"SKIP","floor":9},{"not_picked":["bronze:BugBarrage","bronze:FollowUp","bronze:WildBeam"],"picked":"SKIP","floor":11},{"not_picked":["bronze:ClassDefault","bronze:Safeguard"],"picked":"bronze:Library","floor":12},{"not_picked":["bronze:Deprecate","bronze:WildBeam"],"picked":"bronze:BronzeOrb","floor":14},{"not_picked":["bronze:DigitalCarnage","bronze:Separator","bronze:Overload"],"picked":"SKIP","floor":15},{"not_picked":["bronze:AlphaBuild","bronze:Mutator"],"picked":"bronze:Library","floor":16},{"not_picked":["bronze:BuggyMess+1","bronze:Deprecate+1","bronze:BronzeArmor"],"picked":"SKIP","floor":19},{"not_picked":["bronze:Return+1","bronze:Flail"],"picked":"bronze:BronzeOrb+1","floor":20},{"not_picked":["bronze:WhirlingStrike","bronze:Constructor"],"picked":"bronze:Verify","floor":21},{"not_picked":["bronze:Repulsor","bronze:Invalidate+1"],"picked":"bronze:Boost+1","floor":22},{"not_picked":["bronze:BitShift","bronze:DelayedSlice+1"],"picked":"bronze:BronzeOrb","floor":25},{"not_picked":["bronze:Constructor","bronze:BitShift","bronze:Shield+1"],"picked":"SKIP","floor":26},{"not_picked":["bronze:Branch","bronze:Boost","bronze:Constructor"],"picked":"SKIP","floor":27},{"not_picked":["bronze:BitShift","bronze:DelayedSlice"],"picked":"bronze:Iterate","floor":28},{"not_picked":["bronze:GetLatest","bronze:Invalidate+1","bronze:BuggyMess"],"picked":"SKIP","floor":29},{"not_picked":["bronze:Shell","bronze:BugBarrage"],"picked":"bronze:HardenedForm","floor":31},{"not_picked":["bronze:Refactor","bronze:Shield"],"picked":"bronze:Overheat","floor":32},{"not_picked":["bronze:HyperBeam","bronze:Assembly"],"picked":"bronze:Mutator","floor":33},{"not_picked":["bronze:Invalidate","bronze:Backtrace"],"picked":"bronze:ItsAFeature+1","floor":36},{"not_picked":["bronze:BugBarrage","bronze:BitShift","bronze:Repulsor"],"picked":"SKIP","floor":37},{"not_picked":["bronze:BitShift+1","bronze:Overheat","bronze:Branch+1"],"picked":"SKIP","floor":38},{"not_picked":["bronze:Overload+1","bronze:Separator","bronze:Backtrace+1"],"picked":"SKIP","floor":39},{"not_picked":["bronze:SpaghettiCode","bronze:Separator+1"],"picked":"bronze:Fortify","floor":40},{"not_picked":["bronze:BronzeArmor","bronze:BitShift+1","bronze:Flail+1"],"picked":"SKIP","floor":46},{"not_picked":["bronze:Iterate+1","bronze:Branch"],"picked":"bronze:Terminator","floor":47},{"not_picked":["bronze:DelayedSlice","bronze:Backtrace","bronze:Constructor+1"],"picked":"SKIP","floor":48},{"not_picked":["bronze:BugBarrage","bronze:BitShift","bronze:DelayedGuard"],"picked":"SKIP","floor":49},{"not_picked":["bronze:Return+1","bronze:BronzeArmor+1"],"picked":"bronze:Iterate+1","floor":52}],"player_experience":395725,"relics_obtained":[{"floor":5,"key":"downfall:GremlinWheel"},{"floor":8,"key":"CaptainsWheel"},{"floor":11,"key":"Guardian:GemstoneGun"},{"floor":24,"key":"Lantern"},{"floor":27,"key":"bronze:BronzeIdol"},{"floor":30,"key":"MawBank"},{"floor":31,"key":"Whetstone"},{"floor":41,"key":"Centennial Puzzle"},{"floor":52,"key":"StoneCalendar"}],"event_choices":[{"damage_healed":23,"gold_gain":0,"player_choice":"Banana","damage_taken":0,"max_hp_gain":0,"max_hp_loss":0,"event_name":"Big Fish","floor":4,"gold_loss":0},{"damage_healed":0,"gold_gain":0,"player_choice":"Relic","damage_taken":0,"max_hp_gain":0,"max_hp_loss":0,"event_name":"Wheel of Change","floor":30,"gold_loss":0},{"cards_removed":["bronze:Defend"],"damage_healed":0,"gold_gain":0,"player_choice":"Removed Skill","damage_taken":0,"max_hp_gain":0,"max_hp_loss":0,"event_name":"Falling","floor":43,"gold_loss":0}],"is_beta":false,"boss_relics":[{"not_picked":["Snecko Eye","Cursed Key"],"picked":"bronze:PlatinumCore"},{"not_picked":["Velvet Choker","Calling Bell"],"picked":"Runic Pyramid"}],"items_purged_floors":[47],"is_endless":false,"potions_floor_spawned":[5,11,12,14,15,16,19,25,26,28,29,32,36,38,46,49],"ascension_level":3}}