{"host":"vm8b3ptwl81uq21f","time":1611420095,"event":{"mods":["Aspiration","BaseMod","BetterRewards","Colored Map","Colored Powertips","GifTheSpireLib","Googly Eyes","GungeonMod","Halation","Hubris","Infinite Spire","Minty Spire (QoL Compilation)","Quick Restart","Rare Cards Sparkle","Replay The Spire","Shop Mod","Spicy Shops","StSLib","Stuff the Spire","The IronCluck","[IsaacMod]????"],"gold_per_floor":[113,113,124,139,149,178,178,210,210,239,300,312,344,360,360,432,432,452,470,482,512,57,85,95,128,207,207,226,226,226,239,239,310,310,326,375,395,415,415,415,426,426,426,457,133,158,158,94,94,94,94,94,30,64,64],"floor_reached":56,"language":"ENG","playtime":3012,"items_purged":["DemoMod:RustySidearm","DemoMod:Strike_Huntress","DemoMod:Unmoved"],"score":3473,"play_id":"f87030b5-2b7f-4548-910f-335bb05d9391","local_time":"20210123114135","is_ascension_mode":true,"campfire_choices":[{"data":"ReplayTheSpireMod:Faulty Equipment","floor":7,"key":"SMITH"},{"data":"ReplayTheSpireMod:Faulty Equipment","floor":15,"key":"SMITH"},{"data":"DemoMod:ManualReload","floor":27,"key":"SMITH"},{"data":"DemoMod:SniperShot","floor":32,"key":"SMITH"},{"data":"DemoMod:Behold!","floor":40,"key":"SMITH"},{"floor":42,"key":"RECALL"},{"data":"DemoMod:PracticeMakesPerfect","floor":47,"key":"SMITH"},{"data":"DemoMod:PracticeMakesPerfect","floor":49,"key":"SMITH"},{"data":"DemoMod:HardPowerCard","floor":52,"key":"SMITH"}],"circlet_count":0,"master_deck":["AscendersBane","DemoMod:ManualReload+1","DemoMod:HardPowerCard","DemoMod:HardPowerCard+1","DemoMod:PracticeMakesPerfect+1","DemoMod:RadGun+1","DemoMod:DoubleSwitch","DemoMod:PracticeMakesPerfect+1","DemoMod:SniperShot+1","DemoMod:DoubleSwitch","DemoMod:DoubleSwitch+1","DemoMod:Behold!+1","DemoMod:FeignSurrender+1","Panacea+1"],"relics":["Ring of the Snake","Calipers","Void","DemoMod:ElasticCartridgeClip","hubris:Potato","MerchantsRug","Iron Hammer","infinitespire:EmpoweringShard","Ice Cream","Bag of Preparation","StuffTheSpire:RunicHypercube","hubris:EmptyBottle","TheAbacus","StuffTheSpire:ForceGauntlet"],"acts_visited":["Exordium","TheCity","TheBeyond","TheEnding"],"potions_floor_usage":[],"damage_taken":[{"damage":0,"enemies":"2 Louse","floor":1,"turns":2},{"damage":0,"enemies":"Small Slimes","floor":3,"turns":1},{"damage":0,"enemies":"Cultist","floor":4,"turns":4},{"damage":0,"enemies":"Large Slime","floor":5,"turns":3},{"damage":3,"enemies":"Gremlin Nob","floor":6,"turns":3},{"damage":0,"enemies":"Replay:BlueRogue","floor":8,"turns":3},{"damage":0,"enemies":"Gremlin Nob","floor":10,"turns":2},{"damage":0,"enemies":"Gremlin Nob","floor":11,"turns":1},{"damage":0,"enemies":"Gremlin Gang","floor":12,"turns":3},{"damage":0,"enemies":"Lagavulin","floor":13,"turns":3},{"damage":0,"enemies":"Blue Slaver","floor":14,"turns":1},{"damage":0,"enemies":"Hexaghost","floor":16,"turns":7},{"damage":3,"enemies":"3 Byrds","floor":18,"turns":6},{"damage":0,"enemies":"2 Thieves","floor":19,"turns":2},{"damage":0,"enemies":"Snake Plant","floor":20,"turns":4},{"damage":0,"enemies":"Sentry and Sphere","floor":21,"turns":6},{"damage":0,"enemies":"Gremlin Leader","floor":23,"turns":2},{"damage":0,"enemies":"Sentry and Sphere","floor":24,"turns":1},{"damage":0,"enemies":"Nightmare","floor":25,"turns":1},{"damage":0,"enemies":"Snecko","floor":28,"turns":1},{"damage":0,"enemies":"Centurion and Healer","floor":31,"turns":1},{"damage":0,"enemies":"Automaton","floor":33,"turns":1},{"damage":0,"enemies":"Orb Walker","floor":35,"turns":1},{"damage":0,"enemies":"2 Orb Walkers","floor":36,"turns":1},{"damage":0,"enemies":"3 Darklings","floor":37,"turns":1},{"damage":0,"enemies":"Transient","floor":38,"turns":1},{"damage":0,"enemies":"Maw","floor":41,"turns":1},{"damage":0,"enemies":"R_Hoarder","floor":44,"turns":1},{"damage":0,"enemies":"Giant Head","floor":46,"turns":1},{"damage":0,"enemies":"Time Eater","floor":50,"turns":2},{"damage":0,"enemies":"Shield and Spear","floor":54,"turns":1},{"damage":0,"enemies":"The Heart","floor":55,"turns":4}],"seed_played":"7639258021950700605","potions_obtained":[{"floor":1,"key":"Regen Potion"},{"floor":3,"key":"LifebloodPotion"},{"floor":23,"key":"PowerPotion"},{"floor":24,"key":"Adrenaline Potion"}],"is_trial":false,"path_per_floor":["M","?","M","M","M","E","R","E","T","E","?","M","E","M","R","B",null,"M","M","M","?","$","E","M","NM","T","R","M","?","?","M","R","B",null,"M","?","M","M","?","R","M","R","T","E","$","E","R","$","R","B",null,"R","$","E","B",null],"character_chosen":"HUNTRESS","items_purchased":["Replay:PocketPolymizer","infinitespire:Chaos","halation:NonexistentMirror","DemoMod:HardPowerCard","Lee\u0027s Waffle","ReplayTheSpireMod:CursedCoin","halation:PrussianBluePaint","MerchantsRug","Iron Hammer","ReplayTheSpireMod:TigerMarble","Elixir","Ice Cream","Bag of Preparation","Toxic Egg 2","hubris:EmptyBottle","Panacea+1","TheAbacus"],"campfire_rested":0,"item_purchase_floors":[0,0,0,0,0,0,0,0,0,0,0,22,22,45,48,48,53],"current_hp_per_floor":[70,70,70,70,70,67,67,67,67,67,67,67,67,67,67,67,69,66,66,66,66,66,66,66,66,66,66,66,45,45,45,45,45,64,64,64,64,64,64,64,64,64,64,64,64,64,64,64,64,64,69,69,69,69,69],"gold":64,"neow_bonus":"","is_daily":false,"chose_seed":false,"campfire_upgraded":8,"win_rate":0.0,"timestamp":1611420095,"path_taken":["M","?","M","M","M","E","R","E","T","E","?","M","E","M","R","BOSS","M","M","M","?","$","E","M","NM","T","R","M","?","?","M","R","BOSS","M","?","M","M","?","R","M","R","T","E","$","E","R","?","R","BOSS","R","$","E","BOSS"],"items_purchased_type":["Relic","Relic","Relic","Card","Relic","Relic","Relic","Relic","Relic","Relic","Potion","Relic","Relic","Relic","Relic","Card","Relic"],"build_version":"2020-12-22","purchased_purges":3,"victory":true,"max_hp_per_floor":[70,70,70,70,70,70,70,70,70,70,70,70,70,70,70,70,70,70,70,70,70,70,70,70,70,70,70,70,70,70,70,70,70,70,70,70,70,70,70,70,70,70,70,70,70,70,70,70,70,70,70,70,70,70,70],"card_choices":[{"not_picked":["DemoMod:Casey","DemoMod:FastSwitch"],"picked":"DemoMod:RadGun","floor":1},{"not_picked":["DemoMod:ShadowBullets","DemoMod:StickyCrossBow"],"picked":"Bomb","floor":3},{"not_picked":["DemoMod:FortunesFavor","DemoMod:BoxingGlove"],"picked":"Bomb","floor":4},{"not_picked":["DemoMod:PotionOfGunFriendShip","DemoMod:MegaHand"],"picked":"DemoMod:Unmoved","floor":5},{"not_picked":["DemoMod:ZorGun","DemoMod:SkilledReload","DemoMod:ThirdPartyController"],"picked":"SKIP","floor":6},{"not_picked":["DemoMod:Unmoved","DemoMod:TeaPot"],"picked":"DemoMod:PracticeMakesPerfect","floor":8},{"not_picked":["DemoMod:Camera","DemoMod:Ejector","DemoMod:FullFirepower"],"picked":"SKIP","floor":10},{"not_picked":["DemoMod:AC15","DemoMod:ChanceBullets","DemoMod:Casey"],"picked":"SKIP","floor":12},{"not_picked":["DemoMod:Replace","DemoMod:Elimentaler"],"picked":"DemoMod:DoubleSwitch","floor":13},{"not_picked":["DemoMod:Polaris","DemoMod:StrategicReserve","DemoMod:EasyReloadBullets"],"picked":"SKIP","floor":14},{"not_picked":["DemoMod:StickyCrossBow","DemoMod:Ejector","DemoMod:GunstockTap"],"picked":"SKIP","floor":18},{"not_picked":["DemoMod:FastSwitch","DemoMod:Unity"],"picked":"DemoMod:PracticeMakesPerfect","floor":19},{"not_picked":["DemoMod:Ejector","DemoMod:TeaPot"],"picked":"DemoMod:SniperShot","floor":20},{"not_picked":["DemoMod:Camera","DemoMod:MegaHand","DemoMod:HungryBullets"],"picked":"SKIP","floor":21},{"not_picked":["DemoMod:ThirdPartyController","DemoMod:SkilledReload","DemoMod:RadGun"],"picked":"SKIP","floor":23},{"not_picked":["DemoMod:ThirdPartyController","DemoMod:SkilledReload","DemoMod:RadGun"],"picked":"SKIP","floor":23},{"not_picked":["DemoMod:ZorGun","DemoMod:MachoBrace"],"picked":"DemoMod:DoubleSwitch","floor":24},{"not_picked":["DemoMod:FastSwitch","DemoMod:ZorGun"],"picked":"DemoMod:DoubleSwitch+1","floor":25},{"not_picked":["DemoMod:HuntsMan","DemoMod:GunShield","DemoMod:TeaPot"],"picked":"SKIP","floor":28},{"not_picked":["DemoMod:HuntsMan","DemoMod:GunShield","DemoMod:TeaPot"],"picked":"SKIP","floor":28},{"not_picked":["DemoMod:StickyCrossBow","DemoMod:ProbeStrike","DemoMod:CursedBullets"],"picked":"SKIP","floor":31},{"not_picked":["DemoMod:Slinger","DemoMod:BulletBore"],"picked":"DemoMod:Behold!","floor":33},{"not_picked":["DemoMod:MachoBrace","DemoMod:ProbeStrike","DemoMod:BoxingGlove"],"picked":"SKIP","floor":35},{"not_picked":["DemoMod:Unity","DemoMod:FortunesFavor","DemoMod:TeaPot"],"picked":"SKIP","floor":37},{"not_picked":["DemoMod:MachoBrace","DemoMod:JK47","DemoMod:HardPowerCard"],"picked":"SKIP","floor":38},{"not_picked":["DemoMod:RadGun","DemoMod:FastSwitch"],"picked":"DemoMod:FeignSurrender+1","floor":41},{"not_picked":["DemoMod:Replace+1","DemoMod:ConditionalReflex","DemoMod:TeaPot"],"picked":"SKIP","floor":44},{"not_picked":["DemoMod:PracticeMakesPerfect+1","DemoMod:JK47","DemoMod:MachoBrace+1"],"picked":"SKIP","floor":46},{"not_picked":["DemoMod:Rummage","DemoMod:ProbeStrike+1","DemoMod:StickyCrossBow"],"picked":"SKIP","floor":54}],"player_experience":370437,"relics_obtained":[{"floor":6,"key":"FossilizedHelix"},{"floor":8,"key":"Juzu Bracelet"},{"floor":9,"key":"StuffTheSpire:Mouthbags"},{"floor":10,"key":"hubris:OldNail"},{"floor":13,"key":"infinitespire:EmpoweringShard"},{"floor":21,"key":"Damocles"},{"floor":23,"key":"aspiration:AnachronicSnailShell"},{"floor":25,"key":"AnarchistCookbook"},{"floor":26,"key":"UnicornStump"},{"floor":29,"key":"Replay:Blank Codex"},{"floor":36,"key":"halation:VictoryRuler"},{"floor":44,"key":"Smiling Mask"},{"floor":46,"key":"halation:LettersToHer"},{"floor":54,"key":"StuffTheSpire:ForceGauntlet"}],"event_choices":[{"damage_healed":0,"gold_gain":0,"player_choice":"Searched \u00273\u0027 times","damage_taken":0,"relics_obtained":["Dead Branch"],"max_hp_gain":0,"max_hp_loss":0,"event_name":"Dead Adventurer","floor":11,"gold_loss":0},{"damage_healed":0,"gold_gain":0,"player_choice":"Obtained Book","damage_taken":21,"max_hp_gain":0,"max_hp_loss":0,"event_name":"Cursed Tome","floor":29,"gold_loss":0},{"damage_healed":0,"gold_gain":0,"player_choice":"Fight","damage_taken":0,"max_hp_gain":0,"max_hp_loss":0,"event_name":"Mysterious Sphere","floor":36,"gold_loss":0},{"damage_healed":0,"gold_gain":0,"player_choice":"Ignored","damage_taken":0,"max_hp_gain":0,"max_hp_loss":0,"event_name":"Tomb of Lord Red Mask","floor":39,"gold_loss":0}],"is_beta":false,"boss_relics":[{"not_picked":["Coffee Dripper","Empty Cage"],"picked":"halation:CatFaceCupcake"},{"not_picked":["hubris:CrackedHourglass","DemoMod:Wolf"],"picked":"StuffTheSpire:RunicHypercube"}],"items_purged_floors":[0,0,45],"is_endless":false,"potions_floor_spawned":[1,3,6,8,11,16,18,23,24,31,33,37,41],"ascension_level":19}}