{"host":"u2tqs5prbwebzr58","time":1611384339,"event":{"mods":["BaseMod","Better Skull","Hermit","Jorbs\u0027s Wanderer Trilogy","Marisa????????","Minty Spire (QoL Compilation)","Prisma Mod","READ ME - Guardian Mod","Shade Mod","StSLib","The Bug Knight","The Cursed","The Disciple","The Druid","The Hierophant","The Necromancer","The Senshi","The Servant 0.9.4"],"gold_per_floor":[118,118,130,130,6,6,40,56,81,81,81,81,97,110,110,215,215,225,225,259,159,234,234,252,252,275,300,300,322,331,246,246,357,357,381,197,222,231,243,243,153,179,179,29,38,73,90,116,116,116],"floor_reached":51,"language":"ENG","playtime":4017,"items_purged":["Pain","theDruid:Strike_O","theDruid:Defend_O","Wraith"],"score":701,"play_id":"193138af-bd7b-414b-bbb4-665a3f1c42a8","local_time":"20210122224539","is_ascension_mode":false,"campfire_choices":[{"floor":6,"key":"REST"},{"floor":10,"key":"REST"},{"data":"theDruid:SurvivalInstincts","floor":12,"key":"SMITH"},{"floor":15,"key":"REST"},{"floor":23,"key":"REST"},{"data":"theDruid:Rabid","floor":25,"key":"SMITH"},{"floor":30,"key":"REST"},{"data":"theDruid:Resourcefulness","floor":32,"key":"SMITH"},{"data":"theDruid:Resourcefulness","floor":40,"key":"SMITH"},{"floor":45,"key":"REST"},{"data":"theDruid:Resupply","floor":49,"key":"SMITH"}],"circlet_count":0,"master_deck":["theDruid:Strike_O","theDruid:Strike_O","theDruid:Defend_O","theDruid:Defend_O","theDruid:BriarArmor","theDruid:WildSlash","theDruid:SurvivalInstincts+1","theDruid:Slingshot","theDruid:AstralShield+1","theDruid:Slingshot","theDruid:TwilightsCall","theDruid:PouncingStrike","theDruid:Resupply+1","theDruid:Guidance","theDruid:Rabid+1","CurseOfTheBell","theDruid:Resourcefulness+1","theDruid:Gore","theDruid:ThickHide","theDruid:Rummage","theDruid:SurvivalInstincts","theDruid:WildFrenzy","theDruid:IronClaw","theDruid:Resourcefulness+1","theDruid:ThickHide","theDruid:FuriousSlash+1","theDruid:Adaptation","theDruid:Restoration"],"relics":["theDruid:CrownOfTheWilds","Dream Catcher","WarpedTongs","Ornamental Fan","Centennial Puzzle","Calling Bell","Regal Pillow","Letter Opener","Ice Cream","Enchiridion","Red Mask","CeramicFish","Bag of Marbles","Lizard Tail","Busted Crown","HornCleat","theDruid:TigersClaw","StoneCalendar"],"acts_visited":["Exordium","TheCity","TheBeyond"],"potions_floor_usage":[7,7,20,20,33,39,50,50],"damage_taken":[{"damage":0,"enemies":"Jaw Worm","floor":1,"turns":3},{"damage":1,"enemies":"Cultist","floor":3,"turns":5},{"damage":25,"enemies":"Gremlin Nob","floor":7,"turns":5},{"damage":0,"enemies":"Small Slimes","floor":8,"turns":3},{"damage":0,"enemies":"Red Slaver","floor":13,"turns":2},{"damage":0,"enemies":"Exordium Wildlife","floor":14,"turns":3},{"damage":11,"enemies":"Slime Boss","floor":16,"turns":8},{"damage":8,"enemies":"Shell Parasite","floor":18,"turns":5},{"damage":16,"enemies":"Masked Bandits","floor":20,"turns":5},{"damage":14,"enemies":"3 Byrds","floor":24,"turns":4},{"damage":0,"enemies":"Snecko","floor":29,"turns":5},{"damage":36,"enemies":"Automaton","floor":33,"turns":8},{"damage":6,"enemies":"3 Shapes","floor":35,"turns":3},{"damage":3,"enemies":"3 Darklings","floor":37,"turns":6},{"damage":21,"enemies":"4 Shapes","floor":39,"turns":3},{"damage":12,"enemies":"Sphere and 2 Shapes","floor":42,"turns":4},{"damage":0,"enemies":"Nemesis","floor":46,"turns":6},{"damage":12,"enemies":"Jaw Worm Horde","floor":47,"turns":4},{"damage":0,"enemies":"Giant Head","floor":48,"turns":6},{"damage":48,"enemies":"Time Eater","floor":50,"turns":6}],"seed_played":"-7684948809224480151","potions_obtained":[{"floor":1,"key":"Fruit Juice"},{"floor":3,"key":"EssenceOfSteel"},{"floor":16,"key":"GamblersBrew"},{"floor":18,"key":"SteroidPotion"},{"floor":20,"key":"FearPotion"},{"floor":24,"key":"Weak Potion"},{"floor":35,"key":"CultistPotion"},{"floor":37,"key":"Regen Potion"}],"is_trial":false,"path_per_floor":["M","?","M","?","$","R","E","M","T","R","?","R","M","M","R","B",null,"M","?","?","$","?","R","M","R","T","T","?","M","R","?","R","B",null,"M","$","M","?","M","R","?","M","T","$","R","E","M","E","R","B",null],"character_chosen":"DRUID","items_purchased":["theDruid:Slingshot","theDruid:Resourcefulness"],"campfire_rested":6,"item_purchase_floors":[5,36],"current_hp_per_floor":[68,65,64,64,64,68,48,48,48,69,73,73,73,73,73,62,73,65,49,33,33,26,62,48,48,48,48,48,48,73,73,73,37,73,67,67,64,64,52,52,52,40,40,40,73,73,61,61,61,13],"gold":116,"neow_bonus":"THREE_RARE_CARDS","is_daily":false,"chose_seed":false,"campfire_upgraded":5,"win_rate":0.0,"timestamp":1611384339,"path_taken":["M","?","M","?","$","R","E","?","T","R","?","R","M","M","R","BOSS","M","?","?","$","?","R","?","R","T","?","?","M","R","?","R","BOSS","M","$","M","?","M","R","?","?","T","$","R","E","M","E","R","BOSS"],"items_purchased_type":["Card","Card"],"build_version":"2020-12-22","purchased_purges":4,"victory":true,"max_hp_per_floor":[68,68,68,68,68,68,73,73,73,73,73,73,73,73,73,73,73,73,73,73,73,73,73,73,73,73,73,73,73,73,73,73,73,73,73,73,73,73,73,73,73,73,73,73,73,73,73,73,73,73],"card_choices":[{"not_picked":["theDruid:HailofThorns","theDruid:SurvivalCache"],"picked":"theDruid:SurvivalInstincts","floor":0},{"not_picked":["theDruid:WildArmor","theDruid:RockSlide"],"picked":"theDruid:Eclipse","floor":1},{"not_picked":["theDruid:PlagueClaw","theDruid:WildArmor","theDruid:ExposingSlash"],"picked":"SKIP","floor":3},{"not_picked":["theDruid:PlagueClaw","theDruid:Gore"],"picked":"theDruid:AstralShield","floor":6},{"not_picked":["theDruid:Rummage","theDruid:SurvivalInstincts"],"picked":"theDruid:Slingshot","floor":7},{"not_picked":["theDruid:Swipe","theDruid:Slingshot","theDruid:BagofTricks"],"picked":"SKIP","floor":8},{"not_picked":["theDruid:ThornStrike","theDruid:Swipe"],"picked":"theDruid:TwilightsCall","floor":10},{"not_picked":["theDruid:Swipe","theDruid:ForestGuard"],"picked":"theDruid:PouncingStrike","floor":13},{"not_picked":["theDruid:FullMoon","theDruid:TwilightsCall"],"picked":"theDruid:Resupply","floor":14},{"not_picked":["theDruid:RockSlide","theDruid:FeralPlants"],"picked":"theDruid:Guidance","floor":15},{"not_picked":["theDruid:HailofThorns","theDruid:SurvivalInstincts"],"picked":"theDruid:Rabid","floor":16},{"not_picked":["theDruid:ThickHide+1","theDruid:Starfall+1"],"picked":"theDruid:Resourcefulness","floor":18},{"not_picked":["theDruid:Starburst","theDruid:TakeShelter"],"picked":"theDruid:Gore","floor":20},{"not_picked":["theDruid:Swipe","theDruid:MysticBarrier+1"],"picked":"theDruid:ThickHide","floor":24},{"not_picked":["theDruid:BlessedStrike","theDruid:Resourcefulness"],"picked":"theDruid:Rummage","floor":29},{"not_picked":["theDruid:Guidance+1","theDruid:ExposingSlash"],"picked":"theDruid:SurvivalInstincts","floor":30},{"not_picked":["theDruid:IronbarkArmor","theDruid:SurvivalCache"],"picked":"theDruid:WildFrenzy","floor":33},{"not_picked":[],"picked":"theDruid:IronClaw","floor":35},{"not_picked":[],"picked":"theDruid:ThickHide","floor":37},{"not_picked":["theDruid:AstralShield"],"picked":"SKIP","floor":39},{"not_picked":[],"picked":"theDruid:FuriousSlash+1","floor":42},{"not_picked":[],"picked":"theDruid:Adaptation","floor":45},{"not_picked":[],"picked":"theDruid:Restoration","floor":46},{"not_picked":["theDruid:BlessedStrike"],"picked":"SKIP","floor":47},{"not_picked":["theDruid:MysticBarrier"],"picked":"SKIP","floor":48}],"player_experience":494516,"relics_obtained":[{"floor":7,"key":"Ornamental Fan"},{"floor":9,"key":"Centennial Puzzle"},{"floor":17,"key":"Regal Pillow"},{"floor":17,"key":"Letter Opener"},{"floor":17,"key":"Ice Cream"},{"floor":19,"key":"Enchiridion"},{"floor":20,"key":"Red Mask"},{"floor":26,"key":"CeramicFish"},{"floor":27,"key":"Bag of Marbles"},{"floor":43,"key":"HornCleat"},{"floor":46,"key":"theDruid:TigersClaw"},{"floor":48,"key":"StoneCalendar"}],"event_choices":[{"damage_healed":0,"gold_gain":0,"player_choice":"Success","damage_taken":3,"relics_obtained":["Dream Catcher"],"max_hp_gain":0,"max_hp_loss":0,"event_name":"Scrap Ooze","floor":2,"gold_loss":0},{"damage_healed":0,"gold_gain":0,"player_choice":"Rummage","damage_taken":0,"relics_obtained":["WarpedTongs"],"max_hp_gain":0,"max_hp_loss":0,"event_name":"Accursed Blacksmith","floor":4,"gold_loss":0,"cards_obtained":["Pain"]},{"cards_removed":["theDruid:Eclipse"],"damage_healed":4,"gold_gain":0,"player_choice":"Offered Uncommon","damage_taken":0,"max_hp_gain":0,"max_hp_loss":0,"event_name":"Bonfire Elementals","floor":11,"gold_loss":0},{"damage_healed":0,"gold_gain":0,"player_choice":"Obtained Book","damage_taken":16,"max_hp_gain":0,"max_hp_loss":0,"event_name":"Cursed Tome","floor":19,"gold_loss":0},{"damage_healed":0,"gold_gain":0,"player_choice":"Fought Bandits","damage_taken":0,"max_hp_gain":0,"max_hp_loss":0,"event_name":"Masked Bandits","floor":20,"gold_loss":0},{"damage_healed":0,"gold_gain":75,"player_choice":"Touch","damage_taken":7,"max_hp_gain":0,"max_hp_loss":0,"event_name":"FaceTrader","floor":22,"gold_loss":0},{"cards_removed":["theDruid:Defend_O"],"damage_healed":0,"gold_gain":0,"player_choice":"Elegance","damage_taken":0,"max_hp_gain":0,"max_hp_loss":0,"event_name":"Back to Basics","floor":28,"gold_loss":0},{"damage_healed":0,"gold_gain":0,"player_choice":"Obtained Relic","damage_taken":0,"relics_obtained":["Lizard Tail"],"max_hp_gain":0,"max_hp_loss":0,"event_name":"Addict","floor":31,"gold_loss":85},{"damage_healed":0,"gold_gain":0,"player_choice":"Ignored","damage_taken":0,"max_hp_gain":0,"max_hp_loss":0,"event_name":"OrinTheCat","floor":38,"gold_loss":0},{"cards_removed":["theDruid:Strike_O"],"damage_healed":0,"gold_gain":0,"player_choice":"Upgrade and Remove","damage_taken":0,"max_hp_gain":0,"max_hp_loss":0,"event_name":"Designer","floor":41,"gold_loss":90,"cards_upgraded":["theDruid:AstralShield"]}],"is_beta":false,"boss_relics":[{"not_picked":["Pandora\u0027s Box","Runic Dome"],"picked":"Calling Bell"},{"not_picked":["Sozu","Runic Pyramid"],"picked":"Busted Crown"}],"items_purged_floors":[5,21,36,44],"is_endless":false,"potions_floor_spawned":[1,3,16,18,20,24,35,37],"ascension_level":0}}