{"host":"51f0ad793vly1w6u","time":1611371060,"event":{"mods":["BaseMod","Colored Map","DeckTracker","Minty Spire (QoL Compilation)","Replay The Spire","StSLib","SuperFastMode"],"gold_per_floor":[18,18,29,43,59,59,73,73,73,87,117,117,42,105,105,206,206,223,223,239,344,356,370,420,437,486,486,426,446,446,66,66,167,167,183,183,196,216,216,216],"floor_reached":39,"language":"KOR","playtime":1124,"items_purged":["Strike_G","Pain","Outmaneuver"],"score":535,"play_id":"fd7533a2-9895-4d99-b53f-e606f9edbdcd","local_time":"20210123120420","is_ascension_mode":false,"campfire_choices":[{"data":"A Thousand Cuts","floor":6,"key":"SMITH"},{"data":"ReplayTheSpireMod:Brewmster","floor":12,"key":"SMITH"},{"floor":15,"key":"REST"},{"floor":27,"key":"REST"},{"floor":30,"key":"REST"},{"data":"Accuracy","floor":32,"key":"SMITH"}],"circlet_count":0,"master_deck":["Survivor","Neutralize","ReplayTheSpireMod:Brewmster+1","Deadly Poison","A Thousand Cuts+1","Dagger Spray","Hidden Blade","After Image+1","A Thousand Cuts+1","ReplayTheSpireMod:Scrap Shanks+1","Malaise+1","Accuracy+1","Glass Knife+1","Glass Knife+1","Acrobatics+1","Hidden Blade+1","Blade Dance","Backflip+1"],"relics":["Ring of the Snake","Torii","Replay:Bottled Flurry","Golden Egg","Peace Pipe","Pandora\u0027s Box","Mercury Hourglass","Anchor","ReplayTheSpireMod:CursedCoin","MealTicket","Replay:Wax Seal","Guide Book","Empty Cage"],"acts_visited":["Exordium","TheCity","TheBeyond"],"potions_floor_usage":[11,11,11,11,14,16,16,16,18,18,18,18,20,20,20,22,22,22,23,23,25,25,29,33,33,33,33,33,35,35,37,38,38,38],"damage_taken":[{"damage":0,"enemies":"2 Louse","floor":1,"turns":3},{"damage":4,"enemies":"Cultist","floor":3,"turns":4},{"damage":0,"enemies":"Small Slimes","floor":4,"turns":3},{"damage":5,"enemies":"2 Fungi Beasts","floor":5,"turns":5},{"damage":8,"enemies":"Gremlin Gang","floor":7,"turns":3},{"damage":9,"enemies":"Exordium Thugs","floor":10,"turns":5},{"damage":9,"enemies":"Lagavulin","floor":11,"turns":7},{"damage":9,"enemies":"3 Sentries","floor":14,"turns":5},{"damage":1,"enemies":"Fading Forest","floor":16,"turns":11},{"damage":14,"enemies":"Shell Parasite","floor":18,"turns":4},{"damage":1,"enemies":"Spheric Guardian","floor":20,"turns":4},{"damage":1,"enemies":"Chosen and Byrds","floor":22,"turns":5},{"damage":15,"enemies":"Cultist and Chosen","floor":23,"turns":5},{"damage":12,"enemies":"Sentry and Sphere","floor":25,"turns":4},{"damage":9,"enemies":"3 Cultists","floor":29,"turns":4},{"damage":16,"enemies":"Pondfish","floor":33,"turns":9},{"damage":40,"enemies":"3 Darklings","floor":35,"turns":4},{"damage":17,"enemies":"Orb Walker","floor":37,"turns":4},{"damage":14,"enemies":"Sphere and 2 Shapes","floor":38,"turns":5},{"damage":0,"enemies":"3 Darklings","floor":39,"turns":1}],"seed_played":"-8791802362596085959","potions_obtained":[{"floor":3,"key":"Elixir"},{"floor":10,"key":"EssenceOfSteel"},{"floor":16,"key":"DistilledChaos"},{"floor":18,"key":"Fruit Juice"},{"floor":20,"key":"Adrenaline Potion"},{"floor":33,"key":"Milkshake"},{"floor":37,"key":"SkillPotion"}],"is_trial":false,"path_per_floor":["M","?","M","M","M","R","M","T","T","M","E","R","$","?","R","B",null,"M","?","M","?","M","M","$","M","T","R","?","M","R","$","R","B",null,"M","?","M","M","M"],"character_chosen":"THE_SILENT","items_purchased":["ReplayTheSpireMod:CursedCoin","Replay:Wax Seal","Guide Book","Energy Potion"],"campfire_rested":3,"item_purchase_floors":[24,31,31,31],"current_hp_per_floor":[70,70,66,66,61,61,53,53,53,44,35,35,35,26,47,56,70,61,61,60,30,29,14,14,2,2,24,24,15,37,52,52,36,75,35,35,18,4,4,4],"gold":216,"neow_bonus":"RANDOM_COLORLESS_2","is_daily":false,"chose_seed":false,"campfire_upgraded":3,"win_rate":0.0,"timestamp":1611371060,"path_taken":["M","?","M","?","M","R","M","?","T","?","E","R","$","?","R","BOSS","M","?","?","?","M","?","$","?","T","R","?","M","R","?","R","BOSS","M","?","?","M","M"],"items_purchased_type":["Relic","Relic","Relic","Potion"],"build_version":"2020-12-22","purchased_purges":3,"victory":false,"max_hp_per_floor":[70,70,70,70,70,70,70,70,70,70,70,70,70,70,70,70,70,75,75,75,75,75,75,75,75,75,75,75,75,75,75,75,75,75,75,75,75,75,75,75],"card_choices":[{"not_picked":["Sadistic Nature","Panache"],"picked":"ReplayTheSpireMod:Brewmster","floor":0},{"not_picked":["Caltrops","Outmaneuver","Backflip"],"picked":"SKIP","floor":1},{"not_picked":["Quick Slash","Blade Dance"],"picked":"Deadly Poison","floor":3},{"not_picked":["Dagger Throw","Acrobatics"],"picked":"A Thousand Cuts","floor":4},{"not_picked":["Draining Mist","Blade Dance"],"picked":"Dagger Spray","floor":5},{"not_picked":["Bane","Underhanded Strike"],"picked":"Hidden Blade","floor":7},{"not_picked":["Acrobatics","Dagger Spray"],"picked":"Bane","floor":10},{"not_picked":["Finisher","Blur"],"picked":"After Image","floor":11},{"not_picked":["Finisher","Quick Slash"],"picked":"Noxious Fumes","floor":14},{"not_picked":["Phantasmal Killer","Malaise"],"picked":"A Thousand Cuts","floor":16},{"not_picked":["Masterful Stab","Flying Knee","Heel Hook+1"],"picked":"SKIP","floor":18},{"not_picked":["Underhanded Strike","Deflect"],"picked":"Acrobatics+1","floor":20},{"not_picked":["Outmaneuver","Wraith Form v2"],"picked":"Hidden Blade+1","floor":21},{"not_picked":["Poisoned Stab","Eviscerate"],"picked":"Blade Dance","floor":22},{"not_picked":["Bane","Crippling Poison","Fluid Movement"],"picked":"SKIP","floor":23},{"not_picked":["Dagger Throw","Prepared","Dagger Spray+1"],"picked":"SKIP","floor":25},{"not_picked":["Dodge and Roll","Dagger Throw","Dagger Spray"],"picked":"SKIP","floor":29},{"not_picked":["Deadly Poison+1","Slice+1"],"picked":"Backflip+1","floor":35},{"not_picked":["Reflex","Flying Knee","Riddle With Holes"],"picked":"SKIP","floor":37},{"not_picked":["Crippling Poison+1","Bane","ReplayTheSpireMod:From All Sides"],"picked":"SKIP","floor":38}],"player_experience":1412276,"relics_obtained":[{"floor":8,"key":"Torii"},{"floor":9,"key":"Replay:Bottled Flurry"},{"floor":11,"key":"Golden Egg"},{"floor":14,"key":"Peace Pipe"},{"floor":21,"key":"Anchor"},{"floor":26,"key":"MealTicket"}],"event_choices":[{"cards_removed":["Defend_G"],"damage_healed":0,"gold_gain":0,"player_choice":"Purged","damage_taken":0,"max_hp_gain":0,"max_hp_loss":0,"event_name":"Purifier","floor":2,"gold_loss":0},{"damage_healed":0,"gold_gain":0,"player_choice":"Searched \u00272\u0027 times","damage_taken":0,"max_hp_gain":0,"max_hp_loss":0,"event_name":"Dead Adventurer","floor":14,"gold_loss":0},{"cards_removed":["Bane"],"damage_healed":0,"gold_gain":0,"player_choice":"Gave Card","damage_taken":0,"relics_obtained":["Mercury Hourglass"],"max_hp_gain":0,"max_hp_loss":0,"event_name":"WeMeetAgain","floor":19,"gold_loss":0},{"cards_removed":["Noxious Fumes"],"damage_healed":0,"gold_gain":0,"player_choice":"Purged","damage_taken":0,"max_hp_gain":0,"max_hp_loss":0,"event_name":"Purifier","floor":36,"gold_loss":0}],"is_beta":false,"boss_relics":[{"not_picked":["ChewingGum","Runic Dome"],"picked":"Pandora\u0027s Box"},{"not_picked":["Ring of Chaos","Honey Jar"],"picked":"Empty Cage"}],"items_purged_floors":[13,24,31],"is_endless":false,"potions_floor_spawned":[3,10,16,18,20,22,33,37],"killed_by":"3 Darklings","ascension_level":0}}