{"host":"dmq3coqc8znrgjor","time":1611379893,"event":{"mods":["BaseMod","Downfall","Lobotomy","LobotomyExtend","Marisa（F雨　魔理沙）","Minty Spire (QoL Compilation)","Remilia（蕾米莉亚）","Replay The Spire","SOS（斯巴达之子）","StSLib","The Hierophant","The Poker Player","WarShipGirlsR/战舰少女R mod","【遗物卡牌】REMEMod"],"gold_per_floor":[119,154,164,184,200,229,229,104,104,104,104,136,155,155,155,155,155,155,155],"floor_reached":18,"language":"ZHS","playtime":963,"items_purged":[],"score":126,"play_id":"6b26e0f2-35a5-4584-ba1b-6632a26518e6","local_time":"20210123133133","is_ascension_mode":true,"campfire_choices":[{"floor":17,"key":"DIG"}],"circlet_count":0,"master_deck":["SpecialBullet","SpecialBullet","SpecialBullet","SpecialBullet","SpecialBullet","SpecialBullet","SpecialBullet","SpecialBullet","SecurityCode","InformationCode","CentralCode","SoundOfStar","Magnetism","Wellcheers","InTheNameOfLoveAndHate","UniverseFragment","OSAHOGD","Moonlight","FieryBird","Mimicry","Lamp+2","SolemnVow+1","RedEyes","ParadiseLost"],"relics":["CogitoBucket","REME_ComplimentaryCards","LetterFromLob","Replay:Wax Seal","Kunai","White Beast Statue","Chameleon Ring"],"acts_visited":["Exordium"],"potions_floor_usage":[18,18,18],"damage_taken":[{"damage":6.0,"enemies":"Cultist","floor":1.0,"turns":3.0},{"damage":7.0,"enemies":"2 Louse","floor":2.0,"turns":3.0},{"damage":11.0,"enemies":"Jaw Worm","floor":3.0,"turns":2.0},{"damage":32.0,"enemies":"Lots of Slimes","floor":4.0,"turns":5.0},{"damage":10.0,"enemies":"Looter","floor":5.0,"turns":3.0},{"damage":18.0,"enemies":"Gremlin Nob","floor":6.0,"turns":5.0},{"damage":36.0,"enemies":"Lagavulin","floor":12.0,"turns":7.0},{"damage":44,"enemies":"Fading Forest","floor":18,"turns":10}],"seed_played":"-5968193989630091669","potions_obtained":[{"floor":1.0,"key":"Reflective Coating"},{"floor":3.0,"key":"Adrenaline Potion"},{"floor":4.0,"key":"Energy Potion"},{"floor":13.0,"key":"Strength Potion"},{"floor":13.0,"key":"Flashbang"}],"is_trial":false,"path_per_floor":["M","M","M","M","M","E","R","$","T","$","R","E","?","PTL","PTL","?","R","B"],"character_chosen":"Angela","items_purchased":["Lamp","SolemnVow+1"],"campfire_rested":0,"item_purchase_floors":[8,8],"current_hp_per_floor":[70,70,70,55,62,58,58,58,58,58,58,36,36,36,36,36,36,0,0],"gold":155,"neow_bonus":"ONE_RANDOM_RARE_CARD","is_daily":false,"chose_seed":false,"campfire_upgraded":0,"win_rate":0.0,"timestamp":1611379893,"path_taken":["M","?","M","M","M","E","R","$","T","$","R","E","?","PTL","PTL","?","R","BOSS"],"items_purchased_type":["Card","Card"],"build_version":"2020-12-22","purchased_purges":0,"victory":false,"max_hp_per_floor":[70,70,70,70,70,70,70,70,70,70,70,70,70,70,70,70,70,70,70],"card_choices":[{"not_picked":["Bloodbath","OldLady"],"picked":"Wellcheers","floor":1.0},{"not_picked":["Harmony"],"picked":"InTheNameOfLoveAndHate","floor":1.0},{"not_picked":["FourthMatchFlame","SomewhereSpear"],"picked":"SKIP","floor":2.0},{"not_picked":["VoidDream","BeautyBeast"],"picked":"UniverseFragment","floor":3.0},{"not_picked":["CUTE","Soda"],"picked":"SKIP","floor":3.0},{"not_picked":["FrostShard","Noise"],"picked":"SKIP","floor":4.0},{"not_picked":["BigBird","BlackSwan"],"picked":"OSAHOGD","floor":5.0},{"not_picked":["Loneliness"],"picked":"Moonlight","floor":5.0},{"not_picked":["PunishingBird","SpiderBud"],"picked":"FieryBird","floor":6.0},{"not_picked":["Soda"],"picked":"Mimicry","floor":6.0},{"not_picked":["Soda"],"picked":"RedEyes","floor":12.0},{"not_picked":["Tough"],"picked":"ParadiseLost","floor":13.0}],"player_experience":379205,"relics_obtained":[{"floor":1.0,"key":"LetterFromLob"},{"floor":6.0,"key":"Replay:Wax Seal"},{"floor":9.0,"key":"Kunai"},{"floor":12.0,"key":"White Beast Statue"},{"floor":17,"key":"Chameleon Ring"}],"event_choices":[{"damage_healed":0,"gold_gain":0,"player_choice":"Leave","damage_taken":0,"max_hp_gain":0,"max_hp_loss":0,"event_name":"FaceTrader","floor":16,"gold_loss":0}],"is_beta":false,"boss_relics":[],"items_purged_floors":[],"is_endless":false,"potions_floor_spawned":[1,3,4],"killed_by":"Fading Forest","ascension_level":1}}