{"host":"vhvm1b4sel61ztfv","time":1611430127,"event":{"mods":["BaseMod","BetterRewards","Displayed Cursed Tome","Gold Saver","Minty Spire (QoL Compilation)","StSLib"],"gold_per_floor":[918,928,944,944,417,417,417,417,417,436,436,464,135,169,169,271,271,291,303,303,314,330,330,330,330,376,407,442,442,442,475,475,573,573,593,619,638,419,419,419,444,199,223,258,258,258,277,295,295,390,390,402,422,297,330,342,374,407,433,461,318,347,347,17,17,17,146,146,164,207,157,178,216,216,72,116,152,152,191,224,224,243,243,366,366,384,398,422,422,404,423,447,447,490,509,530,553,572,157,157,278,278,278,278],"floor_reached":103,"language":"ENG","playtime":6276,"items_purged":["Concentrate+1","Infinite Blades+1"],"score":4591,"play_id":"bce8435a-eb4c-4c63-bb62-e1d44201920e","local_time":"20210123142847","daily_mods":["Draft","Vintage","Heirloom","Time Dilation","Flight","DeadlyEvents","Elite Swarm"],"is_ascension_mode":true,"campfire_choices":[{"data":"Underhanded Strike","floor":6.0,"key":"SMITH"},{"data":"Underhanded Strike","floor":7.0,"key":"SMITH"},{"data":"Dagger Throw","floor":8.0,"key":"SMITH"},{"data":"Dagger Throw","floor":11.0,"key":"SMITH"},{"floor":15.0,"key":"REST"},{"data":"1","floor":23.0,"key":"LIFT"},{"data":"2","floor":24.0,"key":"LIFT"},{"data":"3","floor":25.0,"key":"LIFT"},{"data":"Caltrops","floor":30.0,"key":"SMITH"},{"data":"Phantasmal Killer","floor":32.0,"key":"SMITH"},{"data":"Underhanded Strike","floor":40.0,"key":"SMITH"},{"data":"Dash","floor":45.0,"key":"SMITH"},{"data":"Blade Dance","floor":49.0,"key":"SMITH"},{"data":"Unload","floor":63,"key":"SMITH"},{"data":"Underhanded Strike","floor":66,"key":"SMITH"},{"data":"All Out Attack","floor":74,"key":"SMITH"},{"data":"Cloak And Dagger","floor":78,"key":"SMITH"},{"data":"Dodge and Roll","floor":81,"key":"SMITH"},{"data":"Backflip","floor":83,"key":"SMITH"},{"data":"Finisher","floor":93,"key":"SMITH"},{"data":"Die Die Die","floor":100,"key":"SMITH"}],"circlet_count":0,"master_deck":["AscendersBane","Underhanded Strike+1","Sucker Punch","Backstab+1","Slice","Dodge and Roll+1","Expertise","Dash+1","Dodge and Roll+1","Heel Hook+1","Dagger Throw+1","Cloak And Dagger+1","Backflip+1","Underhanded Strike+1","Leg Sweep+1","Caltrops+1","Dagger Throw+1","Calculated Gamble","Phantasmal Killer+1","All Out Attack+1","Footwork+1","After Image+1","A Thousand Cuts+1","After Image+1","Tools of the Trade+1","Underhanded Strike+1","Blade Dance+1","Unload+1","A Thousand Cuts+1","Trip+1","Adrenaline+1","Prepared+1","Corpse Explosion+1","After Image+1","Underhanded Strike+1","A Thousand Cuts+1","Bullet Time+1","Finisher+1","Die Die Die+1","Bandage Up+1"],"relics":["Ring of the Snake","Girya","InkBottle","Oddly Smooth Stone","Tiny Chest","Frozen Egg 2","DollysMirror","Blood Vial","Happy Flower","CaptainsWheel","Lantern","Calipers","Busted Crown","Whetstone","Paper Crane","Orichalcum","Bronze Scales","Strawberry","Potion Belt","War Paint","Centennial Puzzle","WristBlade","Akabeko","Bag of Marbles","Omamori","Toxic Egg 2","Vajra","Toy Ornithopter","Question Card","Dead Branch","Calling Bell","Art of War","Eternal Feather","Ice Cream","White Beast Statue","Gremlin Horn","Shuriken","Pen Nib","Membership Card","Tingsha","Golden Idol","MealTicket","Ornamental Fan","Thread and Needle","Bag of Preparation","Matryoshka","Snake Skull","Turnip","Bird Faced Urn","Regal Pillow","Boot","Mango","The Courier","PreservedInsect","Ancient Tea Set","Anchor","Pear"],"acts_visited":["Exordium","TheCity","TheBeyond","Exordium","TheCity","TheBeyond","Exordium"],"potions_floor_usage":[77,80,86,86,88,88,95,95,95,95,95,95,96,96,97,97,97,98,101,101],"damage_taken":[{"damage":0.0,"enemies":"Small Slimes","floor":1.0,"turns":2.0},{"damage":2.0,"enemies":"Jaw Worm","floor":2.0,"turns":2.0},{"damage":0.0,"enemies":"Cultist","floor":3.0,"turns":1.0},{"damage":0.0,"enemies":"3 Louse","floor":10.0,"turns":2.0},{"damage":11.0,"enemies":"Lagavulin","floor":12.0,"turns":4.0},{"damage":0.0,"enemies":"Gremlin Nob","floor":14.0,"turns":2.0},{"damage":0.0,"enemies":"Slime Boss","floor":16.0,"turns":3.0},{"damage":6.0,"enemies":"2 Thieves","floor":18.0,"turns":3.0},{"damage":0.0,"enemies":"Chosen","floor":19.0,"turns":2.0},{"damage":0.0,"enemies":"3 Cultists","floor":21.0,"turns":3.0},{"damage":0.0,"enemies":"Snake Plant","floor":22.0,"turns":3.0},{"damage":6.0,"enemies":"Gremlin Leader","floor":27.0,"turns":4.0},{"damage":0.0,"enemies":"Slavers","floor":28.0,"turns":4.0},{"damage":0.0,"enemies":"Gremlin Leader","floor":31.0,"turns":4.0},{"damage":0.0,"enemies":"Champ","floor":33.0,"turns":6.0},{"damage":0.0,"enemies":"Orb Walker","floor":35.0,"turns":2.0},{"damage":3.0,"enemies":"3 Shapes","floor":37.0,"turns":1.0},{"damage":0.0,"enemies":"Nemesis","floor":41.0,"turns":3.0},{"damage":0.0,"enemies":"Reptomancer","floor":44.0,"turns":3.0},{"damage":2.0,"enemies":"Jaw Worm Horde","floor":47.0,"turns":2.0},{"damage":0.0,"enemies":"4 Shapes","floor":48.0,"turns":1.0},{"damage":0.0,"enemies":"Awakened One","floor":50.0,"turns":6.0},{"damage":0.0,"enemies":"Small Slimes","floor":52.0,"turns":1.0},{"damage":0.0,"enemies":"Jaw Worm","floor":53.0,"turns":1.0},{"damage":0.0,"enemies":"Lagavulin","floor":55.0,"turns":2.0},{"damage":0,"enemies":"Cultist","floor":56,"turns":1},{"damage":7,"enemies":"3 Sentries","floor":57,"turns":2},{"damage":0,"enemies":"Lagavulin","floor":58,"turns":1},{"damage":0,"enemies":"Gremlin Nob","floor":59,"turns":1},{"damage":0,"enemies":"3 Sentries","floor":60,"turns":3},{"damage":0,"enemies":"Gremlin Nob","floor":62,"turns":1},{"damage":0,"enemies":"Hexaghost","floor":67,"turns":1},{"damage":1,"enemies":"Shell Parasite","floor":69,"turns":2},{"damage":0,"enemies":"Gremlin Leader","floor":70,"turns":2},{"damage":0,"enemies":"Spheric Guardian","floor":72,"turns":2},{"damage":0,"enemies":"Slavers","floor":73,"turns":2},{"damage":32,"enemies":"Book of Stabbing","floor":76,"turns":3},{"damage":0,"enemies":"Slavers","floor":77,"turns":1},{"damage":0,"enemies":"Book of Stabbing","floor":79,"turns":2},{"damage":0,"enemies":"Slavers","floor":80,"turns":2},{"damage":0,"enemies":"Centurion and Healer","floor":82,"turns":1},{"damage":0,"enemies":"Collector","floor":84,"turns":4},{"damage":0,"enemies":"3 Darklings","floor":86,"turns":2},{"damage":0,"enemies":"Orb Walker","floor":87,"turns":1},{"damage":40,"enemies":"Writhing Mass","floor":88,"turns":2},{"damage":0,"enemies":"Jaw Worm Horde","floor":91,"turns":3},{"damage":11,"enemies":"4 Shapes","floor":92,"turns":2},{"damage":0,"enemies":"Reptomancer","floor":94,"turns":3},{"damage":0,"enemies":"Transient","floor":95,"turns":5},{"damage":52,"enemies":"Writhing Mass","floor":96,"turns":4},{"damage":0,"enemies":"Sphere and 2 Shapes","floor":97,"turns":1},{"damage":0,"enemies":"4 Shapes","floor":98,"turns":2},{"damage":9,"enemies":"Awakened One","floor":101,"turns":5},{"damage":104,"enemies":"Small Slimes","floor":103,"turns":7}],"seed_played":"1760480657634098109","potions_obtained":[{"floor":2.0,"key":"Regen Potion"},{"floor":10.0,"key":"Poison Potion"},{"floor":16.0,"key":"CunningPotion"},{"floor":27.0,"key":"SkillPotion"},{"floor":31.0,"key":"Ancient Potion"},{"floor":35.0,"key":"FearPotion"},{"floor":50.0,"key":"AttackPotion"},{"floor":53.0,"key":"FearPotion"},{"floor":67,"key":"DistilledChaos"},{"floor":73,"key":"DistilledChaos"},{"floor":77,"key":"Fire Potion"},{"floor":82,"key":"LiquidBronze"},{"floor":86,"key":"Explosive Potion"},{"floor":87,"key":"Fire Potion"},{"floor":88,"key":"GhostInAJar"},{"floor":91,"key":"CultistPotion"},{"floor":95,"key":"SkillPotion"},{"floor":96,"key":"Regen Potion"},{"floor":97,"key":"DuplicationPotion"},{"floor":98,"key":"BlessingOfTheForge"},{"floor":101,"key":"SkillPotion"}],"is_trial":true,"path_per_floor":["M","M","M","?","$","R","R","R","T","M","R","E","$","E","R","B",null,"M","M","$","M","M","R","R","R","T","E","E","?","R","E","R","B",null,"M","T","M","$","$","R","E","$","T","E","R","?","M","M","R","B",null,"M","M","$","E","M","E","E","E","E","$","E","R","$","?","R","B",null,"M","E","$","M","E","R","$","E","E","R","E","E","R","M","R","B",null,"M","M","M","?","$","M","M","R","E","M","M","M","M","$","R","B",null,"M"],"character_chosen":"THE_SILENT","items_purchased":["Frozen Egg 2","DollysMirror","Calculated Gamble","EntropicBrew","Concentrate","All Out Attack","Lantern","Footwork+1","Underhanded Strike","Infinite Blades+1","Blade Dance","DistilledChaos","CultistPotion","Vajra","Prepared+1","Pen Nib","Membership Card","Tingsha","Underhanded Strike","Thread and Needle","Finisher","PreservedInsect","Ancient Tea Set","Anchor","Pear","DuplicationPotion","PowerPotion","EntropicBrew","Bandage Up+1"],"campfire_rested":1,"item_purchase_floors":[5,5,5,5,13,13,13,13,38,38,38,38,42,42,54,61,64,64,64,75,90,99,99,99,99,99,99,99,99],"current_hp_per_floor":[63,61,61,61,61,61,61,61,61,63,63,54,54,56,70,70,70,64,66,66,68,70,70,70,70,77,71,73,73,73,75,75,77,77,77,77,74,74,74,74,76,76,76,77,77,77,75,77,77,77,77,77,77,77,77,77,70,72,74,76,76,77,77,77,77,77,77,77,76,77,77,77,77,77,77,45,52,73,75,77,77,77,77,77,77,77,77,42,42,57,59,58,73,73,73,23,62,77,97,97,97,97,0,0],"gold":278,"neow_bonus":"","is_daily":false,"chose_seed":false,"campfire_upgraded":17,"win_rate":0.0,"timestamp":1611430127,"path_taken":["M","M","M","?","$","R","R","R","T","M","R","E","$","E","R","BOSS","M","M","$","M","M","R","R","R","T","E","E","?","R","?","R","BOSS","M","?","M","$","$","R","E","$","T","E","R","?","?","M","R","BOSS","M","?","$","?","M","E","E","E","E","$","E","R","?","?","R","BOSS","M","?","$","M","?","R","?","E","E","R","?","?","R","M","R","BOSS","M","M","M","?","$","?","?","R","E","M","M","M","M","$","R","BOSS","M"],"items_purchased_type":["Relic","Relic","Card","Potion","Card","Card","Relic","Card","Card","Card","Card","Potion","Potion","Relic","Card","Relic","Relic","Relic","Card","Relic","Card","Relic","Relic","Relic","Relic","Potion","Potion","Potion","Card"],"build_version":"2020-12-22","purchased_purges":2,"victory":false,"max_hp_per_floor":[70,70,70,70,70,70,70,70,70,70,70,70,70,70,70,70,70,70,70,70,70,70,70,70,70,77,77,77,77,77,77,77,77,77,77,77,77,77,77,77,77,77,77,77,77,77,77,77,77,77,77,77,77,77,77,77,77,77,77,77,77,77,77,77,77,77,77,77,77,77,77,77,77,77,77,77,77,77,77,77,77,77,77,77,77,77,77,77,73,73,73,73,73,73,73,73,87,87,97,97,97,97,97,97],"card_choices":[{"not_picked":["Outmaneuver","Deadly Poison"],"picked":"Underhanded Strike","floor":0.0},{"not_picked":["Escape Plan","Poisoned Stab"],"picked":"Sucker Punch","floor":0.0},{"not_picked":["Footwork","Skewer"],"picked":"Backstab","floor":0.0},{"not_picked":["Deadly Poison","Flechettes"],"picked":"Slice","floor":0.0},{"not_picked":["Crippling Poison","Expertise"],"picked":"Dodge and Roll","floor":0.0},{"not_picked":["Crippling Poison","Escape Plan"],"picked":"Expertise","floor":0.0},{"not_picked":["Bouncing Flask","Dagger Spray"],"picked":"Dash","floor":0.0},{"not_picked":["Tactician","Deadly Poison"],"picked":"Dodge and Roll","floor":0.0},{"not_picked":["Skewer","Noxious Fumes"],"picked":"Heel Hook","floor":0.0},{"not_picked":["Slice","Cloak And Dagger"],"picked":"Dagger Throw","floor":0.0},{"not_picked":["Crippling Poison","PiercingWail"],"picked":"Cloak And Dagger","floor":0.0},{"not_picked":["Poisoned Stab","Dodge and Roll"],"picked":"Backflip","floor":0.0},{"not_picked":["Endless Agony","Blur"],"picked":"Underhanded Strike","floor":0.0},{"not_picked":["Flying Knee","Poisoned Stab"],"picked":"Leg Sweep","floor":0.0},{"not_picked":["Backflip","Dodge and Roll"],"picked":"Caltrops","floor":0.0},{"not_picked":["Night Terror","Burst"],"picked":"Phantasmal Killer","floor":12.0},{"not_picked":["Glass Knife","Night Terror"],"picked":"After Image+1","floor":14.0},{"not_picked":["Unload","Envenom+1"],"picked":"A Thousand Cuts+1","floor":16.0},{"not_picked":["Night Terror"],"picked":"SKIP","floor":27.0},{"not_picked":[],"picked":"After Image+1","floor":28.0},{"not_picked":[],"picked":"Tools of the Trade+1","floor":31.0},{"not_picked":[],"picked":"Unload","floor":41.0},{"not_picked":[],"picked":"A Thousand Cuts+1","floor":44.0},{"not_picked":[],"picked":"Trip+1","floor":46.0},{"not_picked":["Grand Finale"],"picked":"Adrenaline+1","floor":50.0},{"not_picked":["Die Die Die"],"picked":"Corpse Explosion+1","floor":55},{"not_picked":["Corpse Explosion+1"],"picked":"After Image+1","floor":57},{"not_picked":["Night Terror+1","Storm of Steel+1"],"picked":"SKIP","floor":58},{"not_picked":["Adrenaline+1","Corpse Explosion+1"],"picked":"SKIP","floor":59},{"not_picked":["Envenom+1","Night Terror+1"],"picked":"SKIP","floor":60},{"not_picked":["Envenom+1","Venomology+1"],"picked":"SKIP","floor":62},{"not_picked":["Burst+1"],"picked":"A Thousand Cuts+1","floor":70},{"not_picked":["Night Terror+1","Phantasmal Killer+1"],"picked":"SKIP","floor":73},{"not_picked":["After Image+1","Phantasmal Killer+1"],"picked":"SKIP","floor":76},{"not_picked":["Night Terror+1","Adrenaline+1"],"picked":"SKIP","floor":77},{"not_picked":["Night Terror+1"],"picked":"Bullet Time+1","floor":79},{"not_picked":["Bullet Time+1","Grand Finale"],"picked":"SKIP","floor":80},{"not_picked":["Malaise+1"],"picked":"Die Die Die","floor":94}],"player_experience":159362,"relics_obtained":[{"floor":1.0,"key":"InkBottle"},{"floor":2.0,"key":"Oddly Smooth Stone"},{"floor":3.0,"key":"Tiny Chest"},{"floor":9.0,"key":"Blood Vial"},{"floor":10.0,"key":"Happy Flower"},{"floor":12.0,"key":"CaptainsWheel"},{"floor":14.0,"key":"Calipers"},{"floor":18.0,"key":"Whetstone"},{"floor":19.0,"key":"Paper Crane"},{"floor":21.0,"key":"Orichalcum"},{"floor":22.0,"key":"Bronze Scales"},{"floor":26.0,"key":"Strawberry"},{"floor":27.0,"key":"Potion Belt"},{"floor":28.0,"key":"War Paint"},{"floor":31.0,"key":"Centennial Puzzle"},{"floor":35.0,"key":"Akabeko"},{"floor":36.0,"key":"Bag of Marbles"},{"floor":37.0,"key":"Omamori"},{"floor":41.0,"key":"Toxic Egg 2"},{"floor":44.0,"key":"Toy Ornithopter"},{"floor":47.0,"key":"Question Card"},{"floor":48.0,"key":"Dead Branch"},{"floor":51.0,"key":"Art of War"},{"floor":51.0,"key":"Eternal Feather"},{"floor":51.0,"key":"Ice Cream"},{"floor":52.0,"key":"White Beast Statue"},{"floor":53.0,"key":"Gremlin Horn"},{"floor":56,"key":"Shuriken"},{"floor":69,"key":"MealTicket"},{"floor":72,"key":"Ornamental Fan"},{"floor":82,"key":"Bag of Preparation"},{"floor":86,"key":"Matryoshka"},{"floor":87,"key":"Snake Skull"},{"floor":88,"key":"Turnip"},{"floor":91,"key":"Bird Faced Urn"},{"floor":95,"key":"Regal Pillow"},{"floor":96,"key":"Boot"},{"floor":97,"key":"Mango"},{"floor":98,"key":"The Courier"}],"event_choices":[{"damage_healed":0.0,"max_hp_gain":0.0,"max_hp_loss":0.0,"gold_gain":0.0,"event_name":"The Cleric","player_choice":"Leave","floor":4.0,"gold_loss":0.0,"damage_taken":0.0},{"damage_healed":0.0,"max_hp_gain":0.0,"max_hp_loss":0.0,"gold_gain":0.0,"event_name":"Accursed Blacksmith","player_choice":"Forge","floor":29.0,"gold_loss":0.0,"damage_taken":0.0,"cards_upgraded":["Concentrate"]},{"damage_healed":0.0,"max_hp_gain":0.0,"max_hp_loss":0.0,"gold_gain":0.0,"event_name":"SensoryStone","player_choice":"Memory 1","floor":46.0,"gold_loss":0.0,"damage_taken":0.0},{"damage_healed":0,"gold_gain":0,"player_choice":"Take Wound","damage_taken":0,"relics_obtained":["Golden Idol"],"max_hp_gain":0,"max_hp_loss":0,"event_name":"Golden Idol","floor":65,"gold_loss":0,"cards_obtained":["Injury"]},{"damage_healed":0,"gold_gain":0,"player_choice":"Max HP","damage_taken":0,"max_hp_gain":0,"max_hp_loss":4,"event_name":"Winding Halls","floor":89,"gold_loss":0}],"is_beta":false,"boss_relics":[{"not_picked":["Cursed Key","Astrolabe"],"picked":"Busted Crown"},{"not_picked":["SlaversCollar","Coffee Dripper"],"picked":"WristBlade"},{"not_picked":["Fusion Hammer","Empty Cage"],"picked":"Calling Bell"},{"not_picked":["VoidEssence"],"picked":"Scatterbrain"},{"not_picked":["BlightedDurian"],"picked":"MetallicRebirth"},{"not_picked":["TwistingMind"],"picked":"Accursed"}],"items_purged_floors":[54,71],"is_endless":true,"potions_floor_spawned":[2,10,12,14,16,19,27,31,35,44,50,53,55,56,57,58,59,60,62,67,69,70,72,73,76,77,79,80,82,84,86,87,88,91,92,94,95,96,97,98,101],"killed_by":"Small Slimes","ascension_level":10}}