{"host":"tbhNathan","time":1611370682,"event":{"mods":["AchievementEnabler","Astrologer","BaseMod","Better Third Choice","Downfall","Googly Eyes","Highlight Path","Minty Spire (QoL Compilation)","StSLib","The Disciple","The Hierophant"],"gold_per_floor":[199,216,271,283,308,320,332,344,375,400,427,439,462,474,498,510,510,510],"floor_reached":16,"language":"ENG","playtime":1812,"items_purged":[],"score":94,"play_id":"056016a7-71b8-4bc4-8c36-6bfed80918dd","local_time":"20210123025802","is_ascension_mode":false,"campfire_choices":[{"floor":1,"key":"RECALL"},{"floor":6,"key":"REST"},{"floor":8,"key":"REST"},{"floor":12,"key":"REST"}],"circlet_count":0,"master_deck":["Slimebound:Strike_Slimebound","Slimebound:Strike_Slimebound","Slimebound:Strike_Slimebound","Slimebound:Tackle","Slimebound:Defend_Slimebound","Slimebound:Defend_Slimebound","Slimebound:Defend_Slimebound","Slimebound:Defend_Slimebound","Slimebound:Split","Slimebound:CorrosiveSpit","Slimebound:PressTheAttack","Slimebound:ProtectTheBoss+1","Slimebound:LeadByExample","Slimebound:LeechEnergy","Slimebound:Nibble","Slimebound:SplitAcid","Slimebound:SplitBruiser","Parasite","Slimebound:Prepare"],"relics":["Slimebound:AbsorbEndCombat","MawBank","Vajra"],"acts_visited":["Exordium"],"potions_floor_usage":[11,13,16],"damage_taken":[{"damage":13,"enemies":"2 Louse","floor":2,"turns":3},{"damage":53,"enemies":"Lagavulin Event","floor":3,"turns":6},{"damage":6,"enemies":"Jaw Worm","floor":5,"turns":3},{"damage":3,"enemies":"Cultist","floor":9,"turns":3},{"damage":16,"enemies":"3 Louse","floor":10,"turns":5},{"damage":13,"enemies":"Lots of Slimes","floor":11,"turns":2},{"damage":11,"enemies":"Large Slime","floor":13,"turns":5},{"damage":0,"enemies":"Blue Slaver","floor":15,"turns":3},{"damage":57,"enemies":"IC_STATUS_ARCHETYPE","floor":16,"turns":8}],"seed_played":"3695664489434017032","potions_obtained":[{"floor":2,"key":"sneckomod:MuddlingPotion"},{"floor":5,"key":"FearPotion"},{"floor":10,"key":"Energy Potion"},{"floor":15,"key":"EssenceOfSteel"}],"is_trial":false,"path_per_floor":["R","M","?","?","M","R","T","R","M","M","M","R","M","?","M","B"],"character_chosen":"SLIMEBOUND","items_purchased":[],"campfire_rested":3,"item_purchase_floors":[],"current_hp_per_floor":[65,54,7,7,5,24,24,43,42,26,15,34,25,41,43,0,0,0],"gold":510,"neow_bonus":"HUNDRED_GOLD","is_daily":false,"chose_seed":false,"campfire_upgraded":0,"win_rate":0.0,"timestamp":1611370682,"path_taken":["R","M","?","?","?","R","T","R","M","M","M","R","M","?","M","BOSS"],"items_purchased_type":[],"build_version":"2020-12-18","purchased_purges":0,"victory":false,"max_hp_per_floor":[65,65,65,65,65,65,65,65,65,65,65,65,65,65,65,65,65,65],"card_choices":[{"not_picked":["Slimebound:DisruptingSlam","Slimebound:SpikyOuterGoop"],"picked":"Slimebound:PressTheAttack","floor":2},{"not_picked":["Slimebound:FinishingTackle","Slimebound:ViciousTackle"],"picked":"Slimebound:ProtectTheBoss","floor":3},{"not_picked":["Slimebound:GoopTackle","Slimebound:RollThrough"],"picked":"Slimebound:LeadByExample","floor":5},{"not_picked":["Slimebound:MegaLick","Slimebound:SplitAcid"],"picked":"Slimebound:LeechEnergy","floor":9},{"not_picked":["Slimebound:GrowthPunch","Slimebound:AcidTongue"],"picked":"Slimebound:Nibble","floor":10},{"not_picked":["Slimebound:ProtectTheBoss","Slimebound:FinishingTackle"],"picked":"Slimebound:SplitAcid","floor":11},{"not_picked":["Slimebound:ViciousTackle","Slimebound:SplitMire"],"picked":"Slimebound:SplitBruiser","floor":13},{"not_picked":["Slimebound:Chomp","Slimebound:LeechingTouch"],"picked":"Slimebound:Prepare","floor":15}],"player_experience":189042,"relics_obtained":[{"floor":3,"key":"MawBank"},{"floor":7,"key":"Vajra"}],"event_choices":[{"damage_healed":0,"gold_gain":0,"player_choice":"Forge","damage_taken":0,"max_hp_gain":0,"max_hp_loss":0,"event_name":"Accursed Blacksmith","floor":4,"gold_loss":0,"cards_upgraded":["Slimebound:ProtectTheBoss"]},{"damage_healed":16,"gold_gain":0,"player_choice":"Healed and dodged fight","damage_taken":0,"max_hp_gain":0,"max_hp_loss":0,"event_name":"Mushrooms","floor":14,"gold_loss":0,"cards_obtained":["Parasite"]}],"is_beta":true,"boss_relics":[],"items_purged_floors":[],"is_endless":false,"potions_floor_spawned":[2,5,10,15],"killed_by":"IC_STATUS_ARCHETYPE","ascension_level":0}}