{"host":"ylxam20yo7j5dy26","time":1611391787,"event":{"mods":["100% Spire Juice","ATMod(°¢èªMod)","Act Like it!","Aspiration","BaseMod","BetterRewards","Conspire","Defuse TimeMaze Blight","Energized Spire","Gensokyo","GungeonMod","Hubris","Infinite Spire","Marisa£¨ìFÓê¡¡Ä§ÀíÉ³£©","Minty Spire (QoL Compilation)","MostiFishMod","Quarter Circle Forward PUNCH!","Quick Restart","Reimu£¨²©ÀöÁéÃÎ£©","Remilia£¨ÀÙÃ×ÀòÑÇ£©","Replay The Spire","Robot Space Explorer","RumiaBox-Â¶Ã×æ«µÄÉñÃØºÐ×Ó","Spicy Shops","StSLib","The Jungle","The Runesmith","vexMod","¡¾¹¦ÄÜMod¡¿»ìãçÖ®»·ÐÞ¸´²¹¶¡","¡¾ÒÅÎï¿¨ÅÆ¡¿REMEMod"],"gold_per_floor":[110,110,110,110,121,150,184,184,211,237,248,276,276,306,306,404,404,421,421,421,421,433,461,493,510,510,510,540,540,597,597,597,782,782,817,817,953,0,40,40,40,90,90,90,90,150,150,150],"floor_reached":47,"language":"ZHS","playtime":3796,"items_purged":["Strike_R","Strike_R","Strike_R","Strike_R","Defend_R","Defend_R","Moonworks:SakisCookie","PathToVictory+1"],"score":1085,"play_id":"d8aa6b2b-dedf-4e8f-bc05-0c9b1e82e5f9","local_time":"20210123164947","daily_mods":["Diverse","Heirloom","Flight"],"is_ascension_mode":true,"campfire_choices":[{"data":"Crystallizer","floor":13,"key":"SMITH"}],"circlet_count":0,"master_deck":["Defend_R+1","Defend_R+1","Bash","AT_Dispersion","Collect","REME_BodyOfCthun","Enlightenment+1","MostiFishMod:BrokenBlackCloak","RobotSpaceExplorer:TrailblazerForm","Moonworks:LulusLuckyEgg","Crystallizer+1","Chaos+1","Ball Lightning","Darkness","Turbo+1","MostiFishMod:PushDownKick","MostiFishMod:Mottled","Rebound","aspiration:Polymerization+1","Cold Snap+1"],"relics":["Burning Blood","AT_ATBox","DaveBox","REME_ComplimentaryCards","Ring of Chaos","DiscerningMonocle","AT_GoldPhoenixTree","SynthV:TestCard","Dead Branch","Mercury Hourglass","REME_HourglassOfDeath","ReplayTheSpireMod:Shallot","BirthdayGift-Tetrahedron","ReplayTheSpireMod:ShopPack","conspire:TopHat","SSSystem","Medical Kit","InkBottle","Snack Pack","qcfpunch:Wrestler\u0027s_Cloak","GodSword5","DemoMod:GlassGuonStoneRelic","King of Hearts","conspire:GiftBox","infinitespire:Beetle Shell","Lizard Tail","vexMod:FocusSash","aspiration:SeaSaltIceCream","RhineSuit","conspire:SpecialSausage","Oddly Smooth Stone","ReplayFunnel","vexMod:Spyglass","Toolbox","Bottled Lightning","qcfpunch:Red_Headband","aspiration:DSix","Self Forming Clay","aspiration:ArtOfWarUpgrade","Pen Nib","ReplayTheSpireMod:TigerMarble","Sundial","aspiration:HummingbirdHeart","DemoMod:MeatBun","aspiration:ChemicalBlood","AT_MibuBalloonWealth","GodSword3","infinitespire:Joker Card","Simple Rune","conspire:TreasureMap","REME_CardOfGreed","ReplayTheSpireMod:Lightbulb","Replay:Lucky Slots","qcfpunch:Combat_Fatigues","Replay:Bottled Flurry","aspiration:HiddenCompartment","AT_TrinityForce","infinitespire:PuzzleCube","DemoMod:MonsterBlood","ChiLing","Chi","Ling","TimeFreeze","Red Mask","AT_ImmortalShieldbow","Replay:Ringing Soul","infinitespire:CheckeredPen","Chemical X","Vajra","AT_EbonyIvory","vexMod:MemoryStick","BirthdayGift-Icosahedron","Technique","Toy Ornithopter","hubris:TenFootPole","Replay:Mystery Machine","ReplayTheSpireMod:Spearhead"],"acts_visited":["Exordium","TheCity","TheBeyond"],"potions_floor_usage":[14],"damage_taken":[{"damage":39,"enemies":"Jaw Worm","floor":1,"turns":8},{"damage":9,"enemies":"Cultist","floor":5,"turns":2},{"damage":3,"enemies":"Lagavulin","floor":6,"turns":4},{"damage":0,"enemies":"3 Sentries","floor":7,"turns":3},{"damage":0,"enemies":"Gremlin Nob","floor":10,"turns":2},{"damage":6,"enemies":"Small Slimes","floor":11,"turns":2},{"damage":0,"enemies":"Lagavulin","floor":12,"turns":3},{"damage":0,"enemies":"Gremlin Nob","floor":14,"turns":3},{"damage":15,"enemies":"Hexaghost","floor":16,"turns":3},{"damage":12,"enemies":"conspire:FuzzyDice","floor":18,"turns":3},{"damage":12,"enemies":"Shell Parasite","floor":22,"turns":3},{"damage":0,"enemies":"Slavers","floor":23,"turns":3},{"damage":0,"enemies":"conspire:Head Lice","floor":24,"turns":4},{"damage":9,"enemies":"Centurion and Healer","floor":25,"turns":2},{"damage":0,"enemies":"REME_1_Revenger","floor":28,"turns":3},{"damage":0,"enemies":"Nightmare","floor":30,"turns":2},{"damage":0,"enemies":"Automaton","floor":33,"turns":3},{"damage":6,"enemies":"Orb Walker","floor":35,"turns":2},{"damage":0,"enemies":"3 Darklings","floor":37,"turns":1},{"damage":12,"enemies":"Maw","floor":39,"turns":4},{"damage":0,"enemies":"R_Hoarder","floor":42,"turns":3},{"damage":0,"enemies":"2 Orb Walkers","floor":47,"turns":1}],"seed_played":"-2870264873219216626","potions_obtained":[{"floor":22,"key":"Adrenaline Potion"}],"is_trial":true,"path_per_floor":["M","$","$","$","M","E","E","?","T","E","M","E","R","E","R","B",null,"M","?","$","?","M","E","E","M","T","$","E","$","NM","$","R","B",null,"M","$","M","?","M","R","?","E","T","$","$","?","?"],"character_chosen":"IRONCLAD","items_purchased":["Dead Branch","Mercury Hourglass","REME_HourglassOfDeath","ReplayTheSpireMod:Shallot","BirthdayGift-Tetrahedron","BlessingOfTheForge","Energy Potion","Strength Potion","ReplayTheSpireMod:ShopPack","conspire:TopHat","SSSystem","Medical Kit","InkBottle","Snack Pack","qcfpunch:Wrestler\u0027s_Cloak","GodSword5","Oddly Smooth Stone","ReplayFunnel","vexMod:Spyglass","Toolbox","Bottled Lightning","qcfpunch:Red_Headband","Pen Nib","ReplayTheSpireMod:TigerMarble","Sundial","aspiration:HummingbirdHeart","DemoMod:MeatBun","MostiFishMod:PushDownKick","MostiFishMod:Mottled","AT_MibuBalloonWealth","GodSword3","infinitespire:Joker Card","Simple Rune","conspire:TreasureMap","REME_CardOfGreed","Replay:Lucky Slots","qcfpunch:Combat_Fatigues","Replay:Bottled Flurry","aspiration:HiddenCompartment","infinitespire:PuzzleCube","DemoMod:MonsterBlood","ChiLing","TimeFreeze","infinitespire:CheckeredPen","Chemical X","Vajra","AT_EbonyIvory","vexMod:MemoryStick","BirthdayGift-Icosahedron","Technique","Toy Ornithopter","hubris:TenFootPole","Replay:Mystery Machine"],"campfire_rested":0,"item_purchase_floors":[2,2,2,2,2,2,2,2,2,3,3,3,3,4,4,4,20,20,20,20,20,20,27,27,27,27,27,27,27,29,29,29,29,29,29,31,31,31,31,36,36,36,36,44,44,44,44,44,44,45,45,45,45],"current_hp_per_floor":[47,47,47,47,45,49,58,58,58,65,66,75,75,80,80,74,80,75,75,75,75,70,77,80,78,78,80,80,80,80,80,80,80,80,80,87,87,87,82,82,82,87,87,87,87,87,87,87],"gold":150,"neow_bonus":"","is_daily":false,"chose_seed":false,"campfire_upgraded":1,"win_rate":0.0,"timestamp":1611391787,"path_taken":["M","$","$","$","M","E","E","?","T","E","?","E","R","E","R","BOSS","M","?","?","?","M","E","E","?","T","?","E","$","NM","?","R","BOSS","M","$","M","?","?","R","?","E","T","?","?","?","?"],"items_purchased_type":["Relic","Relic","Relic","Relic","Relic","Potion","Potion","Potion","Relic","Relic","Relic","Relic","Relic","Relic","Relic","Relic","Relic","Relic","Relic","Relic","Relic","Relic","Relic","Relic","Relic","Relic","Relic","Card","Card","Relic","Relic","Relic","Relic","Relic","Relic","Relic","Relic","Relic","Relic","Relic","Relic","Relic","Relic","Relic","Relic","Relic","Relic","Relic","Relic","Relic","Relic","Relic","Relic"],"build_version":"2020-12-22","purchased_purges":8,"victory":false,"max_hp_per_floor":[80,80,80,80,80,80,80,80,80,80,80,80,80,80,80,80,80,80,80,80,80,80,80,80,80,80,80,80,80,80,80,80,80,80,80,87,87,87,87,87,87,87,87,87,87,87,87,87],"card_choices":[{"not_picked":["DemoMod:EasyReloadBullets","RobotSpaceExplorer:Probe"],"picked":"PathToVictory","floor":1},{"not_picked":["AT_CelerityRune","Madness","AT_PowerWithin","vexMod:EmailVexCard"],"picked":"REME_BodyOfCthun","floor":2},{"not_picked":["AT_CelerityRune","Trip","MostiFishMod:ElfcollectionBox","HandOfGreed"],"picked":"Enlightenment","floor":2},{"not_picked":["MostiFishMod:StoryBook","Thinking Ahead","Poisoned Strike","MostiFishMod:PerfectForm"],"picked":"MostiFishMod:BrokenBlackCloak","floor":2},{"not_picked":["SubcavityInstant:ReiMu","Runesmith:FrozenChisel","ReplayTheSpireMod:Calculation Training","RobotSpaceExplorer:MetalStrike"],"picked":"Moonworks:SakisCookie","floor":5},{"not_picked":["ReplayTheSpireMod:Exploit Weakness","AT_ThreeBodyProblem","Poisoned Stab","Compile Driver","CharismaGuard"],"picked":"SKIP","floor":6},{"not_picked":["Moonworks:ShieldCounter","Reaper"],"picked":"RobotSpaceExplorer:TrailblazerForm","floor":7},{"not_picked":["GasGiant","ForeignInfluence","DemoMod:SAA","VampireFantasy","Replay:Undeath\u0027s Touch"],"picked":"SKIP","floor":7},{"not_picked":["Heatsinks","Conclude","Backflip","Massacre"],"picked":"Moonworks:LulusLuckyEgg","floor":10},{"not_picked":["FIFO Queue","BloodyTrap","Moonworks:CompletionReward","REME_SingleHolding","RobotSpaceExplorer:SurgingShield"],"picked":"SKIP","floor":11},{"not_picked":["Shrug It Off","Entrench","ThirdEye","DemoMod:SAA"],"picked":"Crystallizer","floor":12},{"not_picked":["RobotSpaceExplorer:LaserBurst","FantasyBorder:ReiMu","DemoMod:HuntsMan","Twin Strike","DC"],"picked":"SKIP","floor":14},{"not_picked":["EternalNight+1","Moonworks:NicePresent","EndlessAdversity+1","6A"],"picked":"Chaos","floor":18},{"not_picked":["Runesmith:HeatExchange","Runesmith:Terraform","FollowUp","Underhanded Strike+1"],"picked":"Darkness","floor":22},{"not_picked":["Static Discharge+1","Setup","Buffer","AsteroidBelt","RobotSpaceExplorer:ToxicBomb"],"picked":"SKIP","floor":23},{"not_picked":["Stigmanizer","Leg Sweep","Time Bomb","Cleave"],"picked":"Turbo+1","floor":24},{"not_picked":["Bane","RobotSpaceExplorer:Pulsar","Moonworks:TacticalRetreat","Wild Strike","Cloak And Dagger"],"picked":"SKIP","floor":25},{"not_picked":["EmergencyTakeOff:ReiMu","Static Discharge","Sword Boomerang","PulseMagic"],"picked":"Rebound","floor":28},{"not_picked":["Hidden Blade","Recycle","OneTimeOff","SpringWay:ReiMu"],"picked":"aspiration:Polymerization+1","floor":30},{"not_picked":["CutThroughFate+1","DemoMod:GunstockTap","Ghostly Armor","Bouncing Flask"],"picked":"Cold Snap+1","floor":35},{"not_picked":["hubris:DoWhile","AsteroidBelt","FavorOfDestiny","CrushJoints","MikOfLucky:ReiMu"],"picked":"SKIP","floor":37},{"not_picked":["Dodge and Roll","Fire Breathing+1","Conquer:ReiMu","Melter","Septette"],"picked":"SKIP","floor":39},{"not_picked":["ReplayTheSpireMod:Shiv Toss","TightArray:ReiMu","Replay:BluntJabs","RobotSpaceExplorer:SurgingShield","MostiFishMod:PerfectStrikeMKII"],"picked":"SKIP","floor":42}],"player_experience":167987,"relics_obtained":[{"floor":1,"key":"SynthV:TestCard"},{"floor":6,"key":"King of Hearts"},{"floor":7,"key":"conspire:GiftBox"},{"floor":9,"key":"infinitespire:Beetle Shell"},{"floor":10,"key":"Lizard Tail"},{"floor":12,"key":"vexMod:FocusSash"},{"floor":14,"key":"aspiration:SeaSaltIceCream"},{"floor":23,"key":"aspiration:DSix"},{"floor":24,"key":"Self Forming Clay"},{"floor":26,"key":"Art of War"},{"floor":28,"key":"aspiration:ChemicalBlood"},{"floor":30,"key":"ReplayTheSpireMod:Lightbulb"},{"floor":42,"key":"AT_ImmortalShieldbow"},{"floor":43,"key":"Replay:Ringing Soul"},{"floor":46,"key":"ReplayTheSpireMod:Spearhead"}],"event_choices":[{"cards_removed":["Strike_R"],"damage_healed":0,"gold_gain":0,"player_choice":"Offered Basic","damage_taken":0,"max_hp_gain":0,"max_hp_loss":0,"event_name":"Bonfire Elementals","floor":8,"gold_loss":0},{"damage_healed":0,"gold_gain":0,"player_choice":"Got Potions","damage_taken":0,"max_hp_gain":0,"max_hp_loss":0,"event_name":"Lab","floor":19,"gold_loss":0},{"damage_healed":0,"gold_gain":0,"player_choice":"Read","damage_taken":0,"max_hp_gain":0,"max_hp_loss":0,"event_name":"The Library","floor":21,"gold_loss":0,"cards_obtained":["Ball Lightning"]},{"damage_healed":0,"gold_gain":0,"player_choice":"Paid","damage_taken":0,"relics_obtained":["Red Mask"],"max_hp_gain":0,"max_hp_loss":0,"event_name":"Tomb of Lord Red Mask","floor":38,"gold_loss":953},{"damage_healed":0,"gold_gain":0,"player_choice":"Fight","damage_taken":0,"max_hp_gain":0,"max_hp_loss":0,"event_name":"Mysterious Sphere","floor":47,"gold_loss":0}],"is_beta":false,"boss_relics":[{"not_picked":["energizedSpire:SpiderWeb","Runic Cube"],"picked":"conspire:SpecialSausage"},{"not_picked":["energizedSpire:NeverEndingSparkler","ShadowXiaoBlade"],"picked":"AT_TrinityForce"}],"items_purged_floors":[2,3,4,20,29,31,36,45],"is_endless":true,"potions_floor_spawned":[7,10,12,14,22,25,30,33,39,42],"killed_by":"2 Orb Walkers","ascension_level":1}}