{"host":"pyvqvk2ltcevcwmf","time":1611379429,"event":{"mods":["BaseMod","BetterRewards","Good Game Mod","Marisa£®ÏF”Í°°ƒß¿Ì…≥£©","Minty Spire (QoL Compilation)","Rare Cards Sparkle","Shop Mod","Spicy Shops","StSLib","The Alterego","The Servant 0.9.4","Youmu£®ªÍ∆«—˝√Œ£©"],"gold_per_floor":[117,136,136,151,326,353,353,353,353,382,402,415,442,455,455,552,552,572,572,572,212,212,238,238,254,326,357,357,357],"floor_reached":28,"language":"ZHS","playtime":2437,"items_purged":[],"score":290,"play_id":"6bef3eb7-035f-4024-9040-da20b4893acf","local_time":"20210123132349","is_ascension_mode":true,"campfire_choices":[{"data":"HellFireSword","floor":7.0,"key":"SMITH"},{"data":"HiganSword","floor":15.0,"key":"SMITH"},{"data":"VoidnessSword","floor":24,"key":"SMITH"}],"circlet_count":0,"master_deck":["Strike_YM","Strike_YM","Strike_YM","Strike_YM","Defend_YM","Defend_YM+1","Defend_YM","Defend_YM","SlashOfPresentWorld","WheelOfPainOfLivingAndDead+1","SoulSculpture","SwordOfBindingDesires+1","SlashOfAscensionToBuddhahood","CrescentMoonSlash","Doubt","HellFireSword+1","SanzenSekai","HiganSword","HeavenlyHaloSlash","HiganSword+1","SlashOfDepartureFromHesitation","SuddenPhantomFormationSlashOfKarmicWind","VoidnessSword+1","SanzenSekai","SanzenSekai+1","HumanGodSword","HumanRealmSword","GreatEnlightenmentAppearingAndDisappearing","HiganSword","RapidSlash"],"relics":["HalfPhantom","REME:ComplimentaryCards","NeowsBlessing","FencingExperience","Prayer Wheel","SlaversCollar","Centennial Puzzle","MerchantsRug","Sling","Nilry\u0027s Codex","Art of War","Singing Bowl","Blood Vial"],"acts_visited":["Exordium","TheCity"],"potions_floor_usage":[],"damage_taken":[{"damage":0.0,"enemies":"2 Louse","floor":1.0,"turns":1.0},{"damage":0.0,"enemies":"Cultist","floor":2.0,"turns":1.0},{"damage":0.0,"enemies":"Small Slimes","floor":4.0,"turns":1.0},{"damage":30.0,"enemies":"3 Sentries","floor":6.0,"turns":5.0},{"damage":8.0,"enemies":"Gremlin Nob","floor":10.0,"turns":5.0},{"damage":5.0,"enemies":"Looter","floor":11.0,"turns":3.0},{"damage":0.0,"enemies":"Large Slime","floor":12.0,"turns":4.0},{"damage":12.0,"enemies":"3 Sentries","floor":13.0,"turns":3.0},{"damage":0.0,"enemies":"2 Fungi Beasts","floor":14.0,"turns":3.0},{"damage":11.0,"enemies":"Slime Boss","floor":16.0,"turns":7.0},{"damage":25.0,"enemies":"Spheric Guardian","floor":18.0,"turns":5.0},{"damage":20,"enemies":"Gremlin Leader","floor":23,"turns":4},{"damage":10,"enemies":"Chosen","floor":25,"turns":4},{"damage":12,"enemies":"Book of Stabbing","floor":27,"turns":3},{"damage":10,"enemies":"Sentry and Sphere","floor":28,"turns":2}],"seed_played":"1913774290464442694","potions_obtained":[{"floor":6.0,"key":"Fire Potion"},{"floor":11.0,"key":"Explosive Potion"},{"floor":18.0,"key":"SmokeBomb"}],"is_trial":false,"path_per_floor":["M","M","?","M","?","E","R","?","T","E","M","M","E","M","R","B",null,"M","?","?","$","?","E","R","M","T","E","M"],"character_chosen":"YOUMU","items_purchased":["HumanGodSword","MerchantsRug","Sling"],"campfire_rested":0,"item_purchase_floors":[21,21,21],"current_hp_per_floor":[75,75,75,75,75,45,45,30,30,32,27,27,15,15,15,4,85,60,60,60,60,44,24,24,14,14,2,0,0],"gold":357,"neow_bonus":"THREE_ENEMY_KILL","is_daily":false,"chose_seed":false,"campfire_upgraded":3,"win_rate":0.0,"timestamp":1611379429,"path_taken":["M","M","?","?","?","E","R","?","T","E","M","M","E","M","R","BOSS","M","?","?","$","?","E","R","M","T","E","M"],"items_purchased_type":["Card","Relic","Relic"],"build_version":"2020-12-22","purchased_purges":0,"victory":false,"max_hp_per_floor":[75,75,75,75,75,75,75,75,75,85,85,85,85,85,85,85,85,85,85,85,85,85,85,85,85,85,85,85,85],"card_choices":[{"not_picked":["TurningAngelCut","SpiritCuttingSword"],"picked":"SwordOfBindingDesires","floor":1.0},{"not_picked":["ThreeKonsSevenHakus","BloodOfAsura"],"picked":"SlashOfAscensionToBuddhahood","floor":2.0},{"not_picked":["SlashOfAscensionToBuddhahood","PhosphoricSlash"],"picked":"CrescentMoonSlash","floor":4.0},{"not_picked":["SpiritMediumsBind","RapidSlash"],"picked":"HellFireSword","floor":6.0},{"not_picked":["CherryBlossomFlashing","FastingOfTheYoungPreta"],"picked":"SanzenSekai","floor":10.0},{"not_picked":["ConstancyOfTheConventionalTruth","ThreeKonsSevenHakus"],"picked":"HiganSword","floor":11.0},{"not_picked":["SpiritCuttingSword","ThreeKonsSevenHakus"],"picked":"HeavenlyHaloSlash","floor":12.0},{"not_picked":["LowerRealmReflectionSlash","HumanKnowledgeSword"],"picked":"HiganSword","floor":13.0},{"not_picked":["SwordOfBindingDesires","LowerRealmReflectionSlash"],"picked":"SlashOfDepartureFromHesitation","floor":14.0},{"not_picked":["FastingOfTheYoungPreta","HumanRealmSword"],"picked":"SuddenPhantomFormationSlashOfKarmicWind","floor":14.0},{"not_picked":["CelestialStarSword","CherryBlossomSword"],"picked":"VoidnessSword","floor":16.0},{"not_picked":["SlashOfDelusionalInnerEye","TwoHundredYojanaInOneSlash+1"],"picked":"SanzenSekai","floor":18.0},{"not_picked":["SwordOfBindingDesires+1","ThreeKonsSevenHakus"],"picked":"SanzenSekai+1","floor":18.0},{"not_picked":["GhostSword+1","LifeCuttingSword"],"picked":"HumanRealmSword","floor":23},{"not_picked":["AsTheSilentNirvana","ThoughtCuttingSword"],"picked":"GreatEnlightenmentAppearingAndDisappearing","floor":25},{"not_picked":["PreachingAvici","CrescentMoonSlash"],"picked":"HiganSword","floor":25},{"not_picked":["ConstancyOfTheConventionalTruth","ThreeKonsSevenHakus"],"picked":"RapidSlash","floor":27}],"player_experience":235528,"relics_obtained":[{"floor":6.0,"key":"FencingExperience"},{"floor":10.0,"key":"Pear"},{"floor":13.0,"key":"Prayer Wheel"},{"floor":22.0,"key":"Nilry\u0027s Codex"},{"floor":23,"key":"Art of War"},{"floor":26,"key":"Singing Bowl"},{"floor":27,"key":"Blood Vial"}],"event_choices":[{"damage_healed":0.0,"max_hp_gain":0.0,"max_hp_loss":0.0,"gold_gain":0.0,"event_name":"Accursed Blacksmith","player_choice":"Forge","floor":3.0,"gold_loss":0.0,"damage_taken":0.0,"cards_upgraded":["SwordOfBindingDesires"]},{"damage_healed":0.0,"max_hp_gain":0.0,"max_hp_loss":0.0,"gold_gain":175.0,"event_name":"Liars Game","player_choice":"AGREE","floor":5.0,"gold_loss":0.0,"damage_taken":0.0,"cards_obtained":["Doubt"]},{"damage_healed":0.0,"max_hp_gain":0.0,"max_hp_loss":0.0,"gold_gain":0.0,"event_name":"Shining Light","player_choice":"Entered Light","floor":8.0,"gold_loss":0.0,"damage_taken":15.0,"cards_upgraded":["Defend_YM","WheelOfPainOfLivingAndDead"]},{"damage_healed":0.0,"max_hp_gain":0.0,"max_hp_loss":0.0,"gold_gain":0.0,"event_name":"Vampires","player_choice":"Ignored","floor":19.0,"gold_loss":0.0,"damage_taken":0.0},{"damage_healed":0.0,"max_hp_gain":0.0,"max_hp_loss":0.0,"gold_gain":0.0,"event_name":"The Mausoleum","player_choice":"Opened","floor":20.0,"gold_loss":0.0,"damage_taken":0.0,"relics_obtained":["Centennial Puzzle"]},{"damage_healed":0.0,"max_hp_gain":0.0,"max_hp_loss":0.0,"gold_gain":0.0,"event_name":"Cursed Tome","player_choice":"Obtained Book","floor":22.0,"gold_loss":0.0,"damage_taken":16.0}],"is_beta":false,"boss_relics":[{"not_picked":["Cursed Key","Pandora\u0027s Box"],"picked":"SlaversCollar"}],"items_purged_floors":[],"is_endless":false,"potions_floor_spawned":[6,11,18],"killed_by":"Sentry and Sphere","ascension_level":1}}