{"host":"lnnm69al9x392px5","time":1611376122,"event":{"mods":["BaseMod","Downfall","Minty Spire (QoL Compilation)","StSLib"],"gold_per_floor":[199,212,226,376,399,419,419,449,469,469,93,93,93,93,105,206,206,206,206,220,220,238,269,269,282,215,215,215,40,40,40,52,52,52,52],"floor_reached":33,"language":"ENG","playtime":1728,"items_purged":["downfall:Icky"],"score":288,"play_id":"5a349351-d927-403d-8dbe-c5b93415799f","local_time":"20210122202842","is_ascension_mode":false,"campfire_choices":[{"data":"sneckomod:TailWhip","floor":1,"key":"SMITH"},{"data":"sneckomod:UnknownRareSkill","floor":12,"key":"SMITH"},{"data":"sneckomod:UnknownRarePower","floor":18,"key":"SMITH"},{"floor":30,"key":"REST"}],"circlet_count":0,"master_deck":["sneckomod:Strike","sneckomod:Strike","sneckomod:Strike","sneckomod:Defend","sneckomod:Defend+1","sneckomod:Defend","sneckomod:TailWhip+1","sneckomod:SnekBite","sneckomod:Unknown","sneckomod:Unknown+1","sneckomod:Unknown2Cost","sneckomod:Unknown1Cost+1","sneckomod:RainOfDice","sneckomod:UnknownRareSkill+1","sneckomod:UnknownUncommonSkill","sneckomod:SnakeSap","Sadistic Nature","sneckomod:IronFang","sneckomod:SlitherStrike","downfall:Malfunctioning","sneckomod:Restock","sneckomod:UnknownRarePower+1","sneckomod:DiceBoulder+1","sneckomod:UnknownWeak","sneckomod:UnknownUncommonPower","sneckomod:UnlimitedRolls","sneckomod:SnakeSap+1","sneckomod:Nope","Pride","sneckomod:WideSting+1","sneckomod:Unknown3Cost","Writhe","sneckomod:PureSnecko"],"relics":["sneckomod:SneckoSoul","Toy Ornithopter","Darkstone Periapt","Juzu Bracelet","bronze:MakeshiftBattery","Mercury Hourglass","sneckomod:LoadedDie","Letter Opener","Torii","Smiling Mask"],"acts_visited":["Exordium","TheCity"],"potions_floor_usage":[23,23,23,33],"damage_taken":[{"damage":0,"enemies":"Cultist","floor":2,"turns":2},{"damage":3,"enemies":"Jaw Worm","floor":3,"turns":2},{"damage":0,"enemies":"2 Louse","floor":6,"turns":2},{"damage":25,"enemies":"Gremlin Nob","floor":8,"turns":5},{"damage":14,"enemies":"Gremlin Gang","floor":9,"turns":6},{"damage":0,"enemies":"downfall:FleeingMerchant","floor":11,"turns":4},{"damage":12,"enemies":"Blue Slaver","floor":15,"turns":4},{"damage":14,"enemies":"IC_STATUS_ARCHETYPE","floor":16,"turns":6},{"damage":0,"enemies":"Chosen","floor":19,"turns":1},{"damage":38,"enemies":"Centurion and Healer","floor":20,"turns":5},{"damage":13,"enemies":"Snake Plant","floor":22,"turns":2},{"damage":24,"enemies":"Gremlin Leader","floor":23,"turns":10},{"damage":16,"enemies":"Chosen and Byrds","floor":25,"turns":3},{"damage":0,"enemies":"downfall:FleeingMerchant","floor":26,"turns":4},{"damage":0,"enemies":"downfall:FleeingMerchant","floor":29,"turns":4},{"damage":12,"enemies":"Centurion and Healer","floor":32,"turns":4},{"damage":60,"enemies":"WA_ARCHETYPE_CALM","floor":33,"turns":8}],"seed_played":"-4814861451466804225","potions_obtained":[{"floor":3,"key":"PowerPotion"},{"floor":6,"key":"Swift Potion"},{"floor":9,"key":"Guardian:BlockOnCardUsePotion"},{"floor":10,"key":"downfall:CursedFountainPotion"},{"floor":23,"key":"sneckomod:CheatPotion"},{"floor":25,"key":"Energy Potion"},{"floor":32,"key":"sneckomod:OffclassReductionPotion"}],"is_trial":false,"path_per_floor":["R","M","M","?","T","M","T","E","M","?","$","R","?","?","M","B",null,"R","M","M","?","M","E","T","M","$","?","T","$","R","?","M","B"],"character_chosen":"THE_SNECKO","items_purchased":["Sadistic Nature","sneckomod:IronFang","sneckomod:SlitherStrike","sneckomod:Nope","sneckomod:Unknown3Cost"],"campfire_rested":1,"item_purchase_floors":[11,11,11,26,29],"current_hp_per_floor":[90,90,87,87,87,87,87,62,48,48,48,48,54,54,42,28,96,96,96,58,58,45,36,36,20,20,26,26,26,56,62,50,0,0,0],"gold":52,"neow_bonus":"HUNDRED_GOLD","is_daily":false,"chose_seed":false,"campfire_upgraded":3,"win_rate":0.0,"timestamp":1611376122,"path_taken":["R","M","M","?","?","?","T","E","M","?","$","R","?","?","M","BOSS","R","M","M","?","M","E","T","M","$","?","?","$","R","?","M","BOSS"],"items_purchased_type":["Card","Card","Card","Card","Card"],"build_version":"2020-12-22","purchased_purges":1,"victory":false,"max_hp_per_floor":[90,90,90,90,90,90,90,90,90,90,90,90,96,96,96,96,96,96,96,96,96,96,96,96,96,96,102,102,102,102,108,108,108,108,108],"card_choices":[{"not_picked":["sneckomod:UnknownCommonSkill","sneckomod:QuickMove"],"picked":"sneckomod:Unknown2Cost","floor":2},{"not_picked":["sneckomod:SnakeSap","sneckomod:DiceBlock"],"picked":"sneckomod:Unknown1Cost","floor":3},{"not_picked":["sneckomod:SoulRoll","sneckomod:Memorize"],"picked":"sneckomod:RainOfDice","floor":6},{"not_picked":["sneckomod:DiceCrush","sneckomod:SerpentMind"],"picked":"sneckomod:UnknownRareSkill","floor":8},{"not_picked":["sneckomod:UnknownCommonSkill","sneckomod:UnknownBlock"],"picked":"sneckomod:UnknownUncommonSkill","floor":9},{"not_picked":["sneckomod:UnknownWeak","sneckomod:Unknown1Cost"],"picked":"sneckomod:SnakeSap","floor":11},{"not_picked":["sneckomod:Nope","sneckomod:RainOfDice"],"picked":"sneckomod:Restock","floor":15},{"not_picked":["sneckomod:MorePower","sneckomod:Cheat"],"picked":"sneckomod:UnknownRarePower","floor":16},{"not_picked":["sneckomod:Unknown0Cost","sneckomod:DefensiveFlair+1"],"picked":"sneckomod:DiceBoulder+1","floor":19},{"not_picked":["sneckomod:DiceCrush+1","sneckomod:Unknown2Cost"],"picked":"sneckomod:UnknownWeak","floor":20},{"not_picked":["sneckomod:DiceCrush+1","sneckomod:UnknownUncommonSkill","sneckomod:QuickBite"],"picked":"SKIP","floor":22},{"not_picked":["sneckomod:UnknownStrike","sneckomod:SoulRoll"],"picked":"sneckomod:UnknownUncommonPower","floor":23},{"not_picked":["sneckomod:DefensiveFlair","sneckomod:UnknownWeak"],"picked":"sneckomod:UnlimitedRolls","floor":25},{"not_picked":["sneckomod:Unknown1Cost","sneckomod:UnknownWeak"],"picked":"sneckomod:SnakeSap+1","floor":26},{"not_picked":["sneckomod:ImprovisedGuard","sneckomod:ImprovisedAttack"],"picked":"sneckomod:WideSting+1","floor":29},{"not_picked":["sneckomod:UnknownClassRED","sneckomod:QuickMove"],"picked":"sneckomod:PureSnecko","floor":32}],"player_experience":241147,"relics_obtained":[{"floor":5,"key":"Toy Ornithopter"},{"floor":7,"key":"Darkstone Periapt"},{"floor":8,"key":"Juzu Bracelet"},{"floor":23,"key":"Mercury Hourglass"},{"floor":24,"key":"sneckomod:LoadedDie"},{"floor":28,"key":"Torii"}],"event_choices":[{"damage_healed":0,"gold_gain":0,"player_choice":"Stole Relic","damage_taken":0,"relics_obtained":["Letter Opener"],"max_hp_gain":0,"max_hp_loss":0,"event_name":"Addict","floor":27,"gold_loss":0,"cards_obtained":["Pride"]}],"is_beta":false,"boss_relics":[{"not_picked":["Runic Dome","Sozu"],"picked":"bronze:MakeshiftBattery"}],"items_purged_floors":[11],"is_endless":false,"potions_floor_spawned":[3,6,9,16,23,25,32],"killed_by":"WA_ARCHETYPE_CALM","ascension_level":0}}