{"host":"y24pqu7jih1n8m3t","time":1611370910,"event":{"mods":["AchievementEnabler","BaseMod","Bestiary","Block Reminder","Colored Map","Colored Powertips","DeckTracker","Highlight Path","Minty Spire (QoL Compilation)","Permanent Neow","Quick Restart","Rare Cards Sparkle","Relic Stats"],"gold_per_floor":[16,27,42,42,54,66,110,132,144,75,86,115,135,153,153,153,153],"floor_reached":16,"language":"ENG","playtime":1056,"items_purged":[],"score":175,"play_id":"bb39f0bf-fde3-43e0-ae77-c70532f928fb","local_time":"20210122220150","is_ascension_mode":true,"campfire_choices":[{"data":"Feed","floor":6,"key":"SMITH"},{"data":"Pommel Strike","floor":15,"key":"SMITH"}],"circlet_count":0,"master_deck":["Strike_R","Strike_R","Strike_R","Strike_R","Strike_R","Defend_R","Defend_R","Defend_R","Defend_R","Bash","Feed+1","Cleave","Thunderclap","Flame Barrier","Feed","Dual Wield","Bandage Up","Cleave","Spot Weakness","Pommel Strike+1","Flex"],"relics":["Burning Blood","MawBank","Blue Candle","Boot","Matryoshka","HornCleat"],"acts_visited":["Exordium"],"potions_floor_usage":[7,7,13,16,16],"damage_taken":[{"damage":2,"enemies":"2 Louse","floor":1,"turns":3},{"damage":12,"enemies":"Jaw Worm","floor":2,"turns":2},{"damage":6,"enemies":"Cultist","floor":3,"turns":4},{"damage":28,"enemies":"Gremlin Nob","floor":7,"turns":4},{"damage":29,"enemies":"Exordium Thugs","floor":8,"turns":6},{"damage":16,"enemies":"2 Fungi Beasts","floor":11,"turns":5},{"damage":27,"enemies":"3 Sentries","floor":12,"turns":6},{"damage":10,"enemies":"Gremlin Gang","floor":13,"turns":3},{"damage":10,"enemies":"Lots of Slimes","floor":14,"turns":4},{"damage":70,"enemies":"Slime Boss","floor":16,"turns":13}],"seed_played":"3546995129329991265","potions_obtained":[{"floor":1,"key":"EntropicBrew"},{"floor":8,"key":"Energy Potion"},{"floor":12,"key":"SteroidPotion"}],"is_trial":false,"path_per_floor":["M","M","M","?","T","R","E","M","T","$","M","E","M","M","R","B"],"character_chosen":"IRONCLAD","items_purchased":["Bandage Up"],"campfire_rested":0,"item_purchase_floors":[10],"current_hp_per_floor":[83,80,83,80,80,80,58,42,42,42,43,30,34,41,41,0,0],"gold":153,"neow_bonus":"THREE_RARE_CARDS","is_daily":false,"chose_seed":false,"campfire_upgraded":2,"win_rate":0.0,"timestamp":1611370910,"path_taken":["M","M","M","?","?","R","E","M","T","$","?","E","M","M","R","BOSS"],"items_purchased_type":["Card"],"build_version":"2020-12-22","purchased_purges":0,"victory":false,"max_hp_per_floor":[83,86,89,89,89,89,89,96,96,96,103,107,111,118,118,118,118],"relic_stats":{"counters":[10,50],"Blue Candle":[0],"MawBank":72,"Boot":[15],"obtain_stats":[{"Matryoshka":9,"HornCleat":12,"Blue Candle":5,"MawBank":4,"Boot":7,"Burning Blood":0},{"Matryoshka":5,"HornCleat":7,"Blue Candle":3,"MawBank":3,"Boot":4,"Burning Blood":0},{"Matryoshka":19,"HornCleat":30,"Blue Candle":9,"MawBank":9,"Boot":13,"Burning Blood":0}],"Burning Blood":50},"card_choices":[{"not_picked":["Demon Form","Brutality"],"picked":"Feed","floor":0},{"not_picked":["Fire Breathing","Headbutt"],"picked":"Cleave","floor":1},{"not_picked":["Disarm","Body Slam"],"picked":"Thunderclap","floor":2},{"not_picked":["Entrench","Feel No Pain"],"picked":"Flame Barrier","floor":3},{"not_picked":["Seeing Red","Wild Strike"],"picked":"Feed","floor":7},{"not_picked":["Havoc","Heavy Blade"],"picked":"Dual Wield","floor":8},{"not_picked":["Clothesline","Sword Boomerang"],"picked":"Cleave","floor":11},{"not_picked":["Perfected Strike","Heavy Blade"],"picked":"Spot Weakness","floor":12},{"not_picked":["Dark Embrace","Twin Strike"],"picked":"Pommel Strike","floor":13},{"not_picked":["True Grit","Reckless Charge"],"picked":"Flex","floor":14}],"player_experience":133326,"relics_obtained":[{"floor":5,"key":"Blue Candle"},{"floor":7,"key":"Boot"},{"floor":9,"key":"Matryoshka"},{"floor":12,"key":"HornCleat"}],"event_choices":[{"damage_healed":0,"gold_gain":0,"player_choice":"Success","damage_taken":3,"relics_obtained":["MawBank"],"max_hp_gain":0,"max_hp_loss":0,"event_name":"Scrap Ooze","floor":4,"gold_loss":0}],"is_beta":false,"boss_relics":[],"items_purged_floors":[],"is_endless":false,"potions_floor_spawned":[1,8,11,12],"killed_by":"Slime Boss","ascension_level":2}}