{"host":"t5h83eruwt5lxl3o","time":1611376795,"event":{"mods":["AchievementEnabler","Act Like it!","BaseMod","CapriCore","Colored Map","DeckTracker","Hermit","Highlight Path","Koishi","Marisa£¨Ùöéë¡¡Øª×âÞÞ£©","Minty Spire (QoL Compilation)","Permanent Neow","Quick Restart","StSLib","SuperFastMode","The Cursed","The Immortal","everything is the same but u backflip on backflip"],"gold_per_floor":[114,130,42,42,61,95,95,111,111,127,127,127,157,173,173,249,249,268,268,288,298,142,142,157,157,157,157,157,191,91,105,105,176,176,188,17,30,55,55,90,109,127,127,147,147,173,173,473,473,473],"floor_reached":51,"language":"KOR","playtime":3690,"items_purged":["Strike_R","Strike_R"],"score":1466,"play_id":"757c8fe0-a0a7-4a27-8648-f79e30cc15ce","local_time":"20210123133955","is_ascension_mode":true,"campfire_choices":[{"data":"Flame Barrier","floor":7.0,"key":"SMITH"},{"floor":11.0,"key":"REST"},{"data":"Shrug It Off","floor":15.0,"key":"SMITH"},{"floor":23.0,"key":"REST"},{"data":"Shrug It Off","floor":25.0,"key":"SMITH"},{"data":"Shockwave","floor":27.0,"key":"SMITH"},{"data":"Impervious","floor":32.0,"key":"SMITH"},{"data":"Double Tap","floor":45.0,"key":"SMITH"},{"data":"Impervious","floor":47,"key":"SMITH"},{"floor":49,"key":"REST"}],"circlet_count":0,"master_deck":["AscendersBane","Defend_R","Defend_R","Bash","Flame Barrier+1","Thunderclap","Body Slam+1","Immolate+1","Double Tap+1","Headbutt","Shrug It Off+1","Barricade","Impervious+1","Shrug It Off+1","Clothesline","Shockwave+1","Entrench","Clothesline+1","Body Slam","Impervious+1","Entrench+1","Whirlwind+1","Pommel Strike+1","Body Slam","Uppercut+1"],"relics":["Burning Blood","Centennial Puzzle","Kunai","Torii","Pen Nib","Snecko Eye","Enchiridion","InkBottle","PreservedInsect","Astrolabe","Lantern","Pocketwatch","Bronze Scales","Meat on the Bone","HornCleat"],"acts_visited":["Exordium","TheCity","TheBeyond"],"potions_floor_usage":[46,50,50],"damage_taken":[{"damage":6.0,"enemies":"Cultist","floor":1.0,"turns":4.0},{"damage":7.0,"enemies":"Small Slimes","floor":2.0,"turns":3.0},{"damage":12.0,"enemies":"Jaw Worm","floor":5.0,"turns":2.0},{"damage":30.0,"enemies":"Lagavulin","floor":6.0,"turns":6.0},{"damage":7.0,"enemies":"Large Slime","floor":8.0,"turns":4.0},{"damage":13.0,"enemies":"Blue Slaver","floor":10.0,"turns":3.0},{"damage":0.0,"enemies":"Lots of Slimes","floor":14.0,"turns":2.0},{"damage":10.0,"enemies":"The Guardian","floor":16.0,"turns":7.0},{"damage":21.0,"enemies":"Spheric Guardian","floor":18.0,"turns":8.0},{"damage":13.0,"enemies":"Shell Parasite","floor":20.0,"turns":3.0},{"damage":0.0,"enemies":"Snake Plant","floor":21.0,"turns":1.0},{"damage":0.0,"enemies":"Centurion and Healer","floor":24.0,"turns":5.0},{"damage":22.0,"enemies":"Slavers","floor":29.0,"turns":4.0},{"damage":0.0,"enemies":"Chosen and Byrds","floor":31.0,"turns":7.0},{"damage":17.0,"enemies":"Automaton","floor":33.0,"turns":6.0},{"damage":32.0,"enemies":"3 Shapes","floor":35.0,"turns":3.0},{"damage":1.0,"enemies":"Orb Walker","floor":37.0,"turns":3.0},{"damage":0.0,"enemies":"Mind Bloom Boss Battle","floor":38.0,"turns":2.0},{"damage":2.0,"enemies":"Reptomancer","floor":40.0,"turns":3.0},{"damage":19.0,"enemies":"4 Shapes","floor":41.0,"turns":4.0},{"damage":0.0,"enemies":"Spire Growth","floor":42.0,"turns":2.0},{"damage":1.0,"enemies":"3 Darklings","floor":44.0,"turns":2.0},{"damage":0,"enemies":"Nemesis","floor":46,"turns":1},{"damage":18,"enemies":"Time Eater","floor":50,"turns":11}],"seed_played":"-3558231079456560516","potions_obtained":[{"floor":2.0,"key":"Ancient Potion"},{"floor":8.0,"key":"Dexterity Potion"},{"floor":14.0,"key":"Swift Potion"},{"floor":21.0,"key":"ElixirPotion"},{"floor":29.0,"key":"EssenceOfSteel"},{"floor":31.0,"key":"SpeedPotion"},{"floor":35.0,"key":"ColorlessPotion"},{"floor":41.0,"key":"ColorlessPotion"},{"floor":46,"key":"DuplicationPotion"}],"is_trial":false,"path_per_floor":["M","M","$","?","M","E","R","M","T","M","R","?","?","M","R","B",null,"M","?","M","M","$","R","M","R","T","R","?","E","$","M","R","B",null,"M","$","M","?","?","E","M","M","T","M","R","E","R","?","R","B",null],"character_chosen":"IRONCLAD","items_purchased":["Immolate","Entrench","Lantern"],"campfire_rested":3,"item_purchase_floors":[3,22,36],"current_hp_per_floor":[68,67,67,47,41,17,17,16,16,9,29,11,11,17,17,13,54,39,18,11,17,17,37,43,43,43,43,57,41,41,47,47,36,60,34,34,39,45,45,49,36,42,42,47,47,53,53,53,68,56],"gold":473,"neow_bonus":"TRANSFORM_TWO_CARDS","is_daily":false,"chose_seed":false,"campfire_upgraded":7,"win_rate":0.0,"timestamp":1611376795,"path_taken":["M","M","$","?","M","E","R","M","T","M","R","?","?","M","R","BOSS","M","?","M","M","$","R","M","R","T","R","?","E","?","M","R","BOSS","M","?","M","?","?","E","M","M","T","M","R","E","R","?","R","BOSS"],"items_purchased_type":["Card","Card","Relic"],"build_version":"2020-12-22","purchased_purges":2,"victory":true,"max_hp_per_floor":[68,68,68,68,68,68,68,68,68,68,68,68,68,68,68,68,68,68,68,68,68,68,68,68,68,68,68,68,68,68,68,68,68,68,68,68,68,68,68,68,68,68,68,68,68,68,68,68,68,68],"card_choices":[{"not_picked":["Armaments","Heavy Blade"],"picked":"Thunderclap","floor":1.0},{"not_picked":["Hemokinesis","Burning Pact"],"picked":"Body Slam","floor":2.0},{"not_picked":["Metallicize","Anger"],"picked":"Double Tap","floor":5.0},{"not_picked":["Havoc","Flex"],"picked":"Headbutt","floor":6.0},{"not_picked":["Bloodletting","Seeing Red","Sword Boomerang"],"picked":"SKIP","floor":8.0},{"not_picked":["Inflame","Intimidate"],"picked":"Shrug It Off","floor":10.0},{"not_picked":["Combust","Havoc"],"picked":"Barricade","floor":14.0},{"not_picked":["Corruption","Demon Form"],"picked":"Impervious","floor":16.0},{"not_picked":["Sentinel","Iron Wave"],"picked":"Shrug It Off","floor":18.0},{"not_picked":["Battle Trance+1","Intimidate"],"picked":"Clothesline","floor":20.0},{"not_picked":["True Grit+1","Perfected Strike"],"picked":"Shockwave","floor":21.0},{"not_picked":["Sever Soul","Warcry","Anger"],"picked":"SKIP","floor":24.0},{"not_picked":["Power Through","Shockwave"],"picked":"Clothesline+1","floor":29.0},{"not_picked":["Flex","Havoc"],"picked":"Body Slam","floor":31.0},{"not_picked":["Exhume","Fiend Fire"],"picked":"Impervious","floor":33.0},{"not_picked":["Heavy Blade","Searing Blow","Inflame"],"picked":"SKIP","floor":35.0},{"not_picked":["Armaments","Warcry"],"picked":"Body Slam","floor":37.0},{"not_picked":["Reckless Charge+1","Thunderclap+1"],"picked":"Uppercut+1","floor":38.0},{"not_picked":["Whirlwind","Pummel","Sword Boomerang+1"],"picked":"SKIP","floor":40.0},{"not_picked":["Whirlwind","Pummel","Sword Boomerang+1"],"picked":"SKIP","floor":40.0},{"not_picked":["Dark Embrace","Infernal Blade","Clash"],"picked":"SKIP","floor":41.0},{"not_picked":["Clash","Intimidate","Disarm+1"],"picked":"SKIP","floor":42.0},{"not_picked":["Clash","Intimidate","Disarm+1"],"picked":"SKIP","floor":42.0},{"not_picked":["Anger","Heavy Blade","Battle Trance"],"picked":"SKIP","floor":44.0},{"not_picked":["Infernal Blade","Headbutt","Whirlwind"],"picked":"SKIP","floor":46}],"player_experience":651538,"relics_obtained":[{"floor":6.0,"key":"Centennial Puzzle"},{"floor":9.0,"key":"Kunai"},{"floor":19.0,"key":"Enchiridion"},{"floor":26.0,"key":"InkBottle"},{"floor":29.0,"key":"PreservedInsect"},{"floor":38.0,"key":"Pocketwatch"},{"floor":40.0,"key":"Bronze Scales"},{"floor":43.0,"key":"Meat on the Bone"},{"floor":46,"key":"HornCleat"}],"event_choices":[{"damage_healed":0.0,"max_hp_gain":0.0,"max_hp_loss":0.0,"gold_gain":0.0,"event_name":"Shining Light","player_choice":"Entered Light","floor":4.0,"gold_loss":0.0,"damage_taken":20.0,"cards_upgraded":["Immolate","Body Slam"]},{"damage_healed":0.0,"max_hp_gain":0.0,"max_hp_loss":0.0,"gold_gain":0.0,"event_name":"Scrap Ooze","player_choice":"Success","floor":12.0,"gold_loss":0.0,"damage_taken":18.0,"relics_obtained":["Torii"]},{"damage_healed":0.0,"max_hp_gain":0.0,"max_hp_loss":0.0,"gold_gain":30.0,"event_name":"Dead Adventurer","player_choice":"Searched \u00272\u0027 times","floor":13.0,"gold_loss":0.0,"damage_taken":0.0,"relics_obtained":["Pen Nib"]},{"damage_healed":0.0,"max_hp_gain":0.0,"max_hp_loss":0.0,"gold_gain":0.0,"event_name":"Cursed Tome","player_choice":"Obtained Book","floor":19.0,"gold_loss":0.0,"damage_taken":21.0},{"damage_healed":14.0,"max_hp_gain":0.0,"max_hp_loss":0.0,"gold_gain":0.0,"event_name":"The Library","player_choice":"Heal","floor":28.0,"gold_loss":0.0,"damage_taken":0.0},{"damage_healed":0.0,"max_hp_gain":0.0,"max_hp_loss":0.0,"gold_gain":0.0,"event_name":"MindBloom","player_choice":"Fight","floor":38.0,"gold_loss":0.0,"damage_taken":0.0},{"cards_removed":["Fire Breathing"],"damage_healed":0.0,"max_hp_gain":0.0,"max_hp_loss":0.0,"gold_gain":0.0,"event_name":"Falling","player_choice":"Removed Power","floor":39.0,"gold_loss":0.0,"damage_taken":0.0},{"damage_healed":0,"gold_gain":300,"player_choice":"Gold","damage_taken":0,"max_hp_gain":0,"max_hp_loss":0,"event_name":"Wheel of Change","floor":48,"gold_loss":0}],"is_beta":false,"boss_relics":[{"not_picked":["Runic Dome","Calling Bell"],"picked":"Snecko Eye"},{"not_picked":["Tiny House","Pandora\u0027s Box"],"picked":"Astrolabe"}],"items_purged_floors":[22,30],"is_endless":false,"potions_floor_spawned":[2,8,14,21,29,31,35,41,42,46],"ascension_level":19}}