{"host":"e4hse1vg61zltgzv","time":1611373993,"event":{"mods":["AchievementEnabler","BaseMod","Block Reminder","Colored Map","DeckTracker","GifTheSpireLib","Minty Spire (QoL Compilation)","Rare Cards Sparkle","StSLib","SuperFastMode","The Poker Player","everything is the same but u backflip on backflip"],"gold_per_floor":[366,291,291,303,303,334,334,348,375,395,239,258,275,350,350,421,421,421],"floor_reached":17,"language":"KOR","playtime":455,"items_purged":["Strike_P"],"score":314,"play_id":"0743f16f-776a-44e3-9924-a3d4ed4207c6","local_time":"20210123125313","is_ascension_mode":true,"campfire_choices":[{"data":"Eruption","floor":7.0,"key":"SMITH"},{"data":"Meditate","floor":15.0,"key":"SMITH"}],"circlet_count":0,"master_deck":["AscendersBane","Strike_P","Strike_P","Defend_P","Defend_P","Defend_P","Eruption+1","Vigilance","Halt","FlurryOfBlows","Adaptation","Meditate+1","Ragnarok"],"relics":["PureWater","Ancient Tea Set","Strawberry","VioletLotus"],"acts_visited":["Exordium","TheCity"],"potions_floor_usage":[16,16,16],"damage_taken":[{"damage":14.0,"enemies":"2 Louse","floor":1.0,"turns":3.0},{"damage":3.0,"enemies":"Small Slimes","floor":4.0,"turns":3.0},{"damage":12.0,"enemies":"Gremlin Nob","floor":6.0,"turns":3.0},{"damage":0.0,"enemies":"Cultist","floor":8.0,"turns":4.0},{"damage":10.0,"enemies":"Blue Slaver","floor":10.0,"turns":3.0},{"damage":1.0,"enemies":"2 Fungi Beasts","floor":12.0,"turns":4.0},{"damage":13.0,"enemies":"3 Louse","floor":13.0,"turns":3.0},{"damage":4,"enemies":"The Guardian","floor":16,"turns":7}],"seed_played":"-2012871815208700668","potions_obtained":[{"floor":6.0,"key":"EntropicBrew"},{"floor":13.0,"key":"DuplicationPotion"},{"floor":16,"key":"FearPotion"}],"is_trial":false,"path_per_floor":["M","?","?","M","?","E","R","M","T","M","$","M","M","?","R","B",null],"character_chosen":"WATCHER","items_purchased":["Adaptation"],"campfire_rested":0,"item_purchase_floors":[11],"current_hp_per_floor":[47,47,40,37,37,25,25,25,32,22,22,21,8,7,7,3,60,60],"gold":421,"neow_bonus":"TWO_FIFTY_GOLD","is_daily":false,"chose_seed":false,"campfire_upgraded":2,"win_rate":0.0,"timestamp":1611373993,"path_taken":["M","?","?","M","?","E","R","?","T","M","$","M","M","?","R","BOSS"],"items_purchased_type":["Card"],"build_version":"2020-12-22","purchased_purges":1,"victory":false,"max_hp_per_floor":[62,62,62,62,62,62,62,62,69,69,69,69,69,79,79,79,79,79],"card_choices":[{"not_picked":["BattleHymn","Study"],"picked":"Halt","floor":1.0},{"not_picked":["Crescendo","JustLucky"],"picked":"FlurryOfBlows","floor":4.0},{"not_picked":["EmptyFist","EmptyBody","SignatureMove"],"picked":"SKIP","floor":6.0},{"not_picked":["Collect","SignatureMove","FollowUp"],"picked":"SKIP","floor":8.0},{"not_picked":["EmptyBody","Halt","Study"],"picked":"SKIP","floor":10.0},{"not_picked":["Nirvana","Evaluate","CrushJoints"],"picked":"SKIP","floor":12.0},{"not_picked":["ReachHeaven","DeceiveReality"],"picked":"Meditate","floor":13.0},{"not_picked":["Judgement","DeusExMachina"],"picked":"Ragnarok","floor":16}],"player_experience":812563,"relics_obtained":[{"floor":6.0,"key":"Ancient Tea Set"},{"floor":9.0,"key":"Strawberry"}],"event_choices":[{"cards_removed":["Defend_P"],"damage_healed":0.0,"max_hp_gain":0.0,"max_hp_loss":0.0,"gold_gain":0.0,"event_name":"The Cleric","player_choice":"Card Removal","floor":2.0,"gold_loss":75.0,"damage_taken":0.0},{"cards_removed":["Strike_P"],"damage_healed":0.0,"max_hp_gain":0.0,"max_hp_loss":0.0,"gold_gain":0.0,"event_name":"Golden Wing","player_choice":"Card Removal","floor":3.0,"gold_loss":0.0,"damage_taken":7.0},{"damage_healed":0.0,"max_hp_gain":0.0,"max_hp_loss":0.0,"gold_gain":0.0,"event_name":"Match and Keep!","player_choice":"0 cards matched","floor":5.0,"gold_loss":0.0,"damage_taken":0.0,"cards_obtained":[]},{"damage_healed":0.0,"max_hp_gain":0.0,"max_hp_loss":0.0,"gold_gain":75.0,"event_name":"World of Goop","player_choice":"Gather Gold","floor":14.0,"gold_loss":0.0,"damage_taken":11.0}],"is_beta":false,"boss_relics":[{"not_picked":["Black Star","Sozu"],"picked":"VioletLotus"}],"items_purged_floors":[11],"is_endless":false,"potions_floor_spawned":[6,13,16],"ascension_level":20}}