{"host":"clf2hd4adhiiw0zf","time":1611385433,"event":{"mods":["AchievementEnabler","BaseMod","Beaked The Cultist","Bestiary","Dark Map","Downfall","Gremlin Mod","Hermit","Jorbs\u0027s Wanderer Trilogy","Marisa????????","Minty Spire (QoL Compilation)","Shop Mod","StSLib","The Cursed","The Servant 0.9.4","UnlockEverythingMod"],"gold_per_floor":[58,116,116,134,134,134,134],"floor_reached":6,"language":"ENG","playtime":1160,"items_purged":[],"score":90,"play_id":"f367819b-0ab3-4533-9972-65df37041dd0","local_time":"20210123000353","is_ascension_mode":true,"campfire_choices":[{"floor":1,"key":"RECALL"}],"circlet_count":0,"master_deck":["Slimebound:Strike_Slimebound","Slimebound:Tackle","Slimebound:Defend_Slimebound","Slimebound:Defend_Slimebound","Slimebound:Defend_Slimebound","Slimebound:Split+1","Slimebound:CorrosiveSpit","Slimebound:SelfFormingGoo+1","Slimebound:Equalize","Slimebound:ProtectTheBoss","Slimebound:SplitBruiser+1","Slimebound:LeechEnergy","Slimebound:LeechLife","Slimebound:SlimeBrawl+1","Slimebound:SplitLeeching","Slimebound:LevelUp","Slimebound:SplitAcid","Slimebound:RallyTheTroops+1","Slimebound:SplitBruiser","Slimebound:LevelUp+1","Slimebound:SlimeTap","Slimebound:FormOfPuddle","Slimebound:Prepare","Slimebound:Schlurp","Slimebound:SplitSpecialist","Slimebound:LevelUp","Slimebound:RallyTheTroops+1","Slimebound:MassRepurpose"],"relics":["Slimebound:AbsorbEndCombat","Pantograph","The Courier","Incense Burner","Philosopher\u0027s Stone","PreservedInsect","HornCleat","DollysMirror"],"acts_visited":["Exordium","TheCity"],"potions_floor_usage":[2,5],"damage_taken":[{"damage":70,"enemies":"IC_STATUS_ARCHETYPE","floor":2,"turns":10},{"damage":0,"enemies":"SI_SHIV_ARCHETYPE","floor":3,"turns":5},{"damage":19,"enemies":"SI_MIRROR_ARCHETYPE","floor":5,"turns":8},{"damage":1,"enemies":"SI_MIRROR_ARCHETYPE","floor":6,"turns":3}],"seed_played":"6428659134980482779","potions_obtained":[{"floor":1,"key":"GamblersBrew"},{"floor":1,"key":"champ:CounterPotion"},{"floor":2,"key":"Slimebound:SpawnSlimePotion"},{"floor":2,"key":"EntropicBrew"},{"floor":5,"key":"PowerPotion"}],"is_trial":false,"path_per_floor":["R","M","M","M","M"],"character_chosen":"SLIMEBOUND","items_purchased":["Incense Burner","Slimebound:LevelUp","Slimebound:SplitSpecialist","Slimebound:LevelUp","DollysMirror"],"campfire_rested":0,"item_purchase_floors":[1,1,2,2,2],"current_hp_per_floor":[65,13,65,54,65,65,65],"gold":134,"neow_bonus":"ONE_RANDOM_RARE_CARD","is_daily":false,"chose_seed":false,"campfire_upgraded":0,"win_rate":0.0,"timestamp":1611385433,"path_taken":["R"],"items_purchased_type":["Relic","Card","Card","Card","Relic"],"build_version":"2020-12-22","purchased_purges":0,"victory":false,"max_hp_per_floor":[65,65,65,65,65,65,65],"card_choices":[{"not_picked":["Slimebound:LeechingTouch","Slimebound:GoopTackle"],"picked":"Slimebound:Equalize","floor":1},{"not_picked":["Slimebound:RollThrough","Slimebound:ItLooksTasty"],"picked":"Slimebound:ProtectTheBoss","floor":1},{"not_picked":["Slimebound:LivingWall","Slimebound:FinishingTackle"],"picked":"Slimebound:SplitBruiser","floor":1},{"not_picked":["Slimebound:PressTheAttack","Slimebound:ProtectTheBoss"],"picked":"Slimebound:LeechEnergy","floor":1},{"not_picked":["Slimebound:Dissolve","Slimebound:ItLooksTasty"],"picked":"Slimebound:LeechLife","floor":1},{"not_picked":["Slimebound:ProtectTheBoss","Slimebound:CheckThePlaybook"],"picked":"Slimebound:SlimeBrawl","floor":1},{"not_picked":["Slimebound:LeechEnergy","Slimebound:Schlurp"],"picked":"Slimebound:SplitLeeching","floor":1},{"not_picked":["Slimebound:FinishingTackle","Slimebound:ComboTackle"],"picked":"Slimebound:SplitAcid","floor":2},{"not_picked":["Slimebound:Teamwork","Slimebound:LeechLife"],"picked":"Slimebound:RallyTheTroops","floor":2},{"not_picked":["Slimebound:GoopSpray","Slimebound:DisruptingSlam"],"picked":"Slimebound:DouseInSlime","floor":2},{"not_picked":["Slimebound:ItLooksTasty","Slimebound:LivingWall"],"picked":"Slimebound:SplitBruiser","floor":2},{"not_picked":["Slimebound:HauntingLick","Slimebound:ComboTackle"],"picked":"Slimebound:LevelUp","floor":2},{"not_picked":["Slimebound:SplitLeeching","Slimebound:SplitAcid"],"picked":"Slimebound:SlimeTap","floor":2},{"not_picked":["Slimebound:MegaLick","Slimebound:GrowthPunch"],"picked":"Slimebound:FormOfPuddle","floor":2},{"not_picked":["Slimebound:GrowthPunch","Slimebound:GoopSpray"],"picked":"Slimebound:Prepare","floor":2},{"not_picked":["Slimebound:RejuvenatingLick","Slimebound:LivingWall"],"picked":"Slimebound:Schlurp","floor":2},{"not_picked":["Slimebound:AcidTongue","Slimebound:SlimeBarrage","Slimebound:ItLooksTasty"],"picked":"SKIP","floor":3},{"not_picked":["Slimebound:SpikyOuterGoop","Slimebound:Repurpose"],"picked":"Slimebound:MassRepurpose","floor":5}],"player_experience":84850,"relics_obtained":[{"floor":1,"key":"Pantograph"},{"floor":1,"key":"The Courier"},{"floor":2,"key":"PreservedInsect"},{"floor":2,"key":"HornCleat"}],"event_choices":[],"is_beta":false,"boss_relics":[],"items_purged_floors":[],"is_endless":false,"potions_floor_spawned":[2,5],"killed_by":"SI_MIRROR_ARCHETYPE","ascension_level":1}}