{"host":"6xsbn6ynqlzwllfm","time":1611423894,"event":{"mods":["2.2 Compatiblity","BaseMod","Bestiary","Colored Map","Colored Powertips","Curses Come First","Highlight Path","Keyboard Shortcuts","Minty Spire (QoL Compilation)","Quick Restart","Relic Stats","Slay the Relics Exporter","StSLib","SuperFastMode"],"gold_per_floor":[110,121,133,208,225,258,258,258,258],"floor_reached":8,"language":"ENG","playtime":233,"items_purged":[],"score":166,"play_id":"94434e7b-3544-4b73-959f-874419e88e82","local_time":"20210123124454","is_ascension_mode":true,"campfire_choices":[{"data":"Reaper","floor":7,"key":"SMITH"}],"circlet_count":0,"master_deck":["AscendersBane","Strike_R","Strike_R","Strike_R","Strike_R+1","Strike_R+1","Defend_R","Defend_R","Defend_R","Defend_R","Bash","CurseOfTheBell","Cleave","Iron Wave","Clothesline","Cleave","Reaper+1"],"relics":["Calling Bell","Red Skull","InkBottle","Bird Faced Urn","Whetstone"],"acts_visited":["Exordium"],"potions_floor_usage":[6,6],"damage_taken":[{"damage":40.0,"enemies":"Cultist","floor":1.0,"turns":7.0},{"damage":0.0,"enemies":"Small Slimes","floor":2.0,"turns":2.0},{"damage":12.0,"enemies":"Jaw Worm","floor":3.0,"turns":2.0},{"damage":1,"enemies":"2 Fungi Beasts","floor":5,"turns":2},{"damage":0,"enemies":"Gremlin Nob","floor":6,"turns":3},{"damage":5,"enemies":"3 Sentries","floor":8,"turns":1}],"seed_played":"4908897620121507774","potions_obtained":[{"floor":1.0,"key":"DuplicationPotion"},{"floor":3.0,"key":"Block Potion"}],"is_trial":false,"path_per_floor":["M","M","M","?","M","E","R","E"],"character_chosen":"IRONCLAD","items_purchased":[],"campfire_rested":0,"item_purchase_floors":[],"current_hp_per_floor":[28,28,16,5,4,4,4,0,0],"gold":258,"neow_bonus":"BOSS_RELIC","is_daily":false,"chose_seed":false,"campfire_upgraded":1,"win_rate":0.0,"timestamp":1611423894,"path_taken":["M","M","?","?","M","E","R","E"],"items_purchased_type":[],"build_version":"2020-12-22","purchased_purges":0,"victory":false,"max_hp_per_floor":[75,75,75,75,75,75,75,75,75],"relic_stats":{"counters":[6,17],"Bird Faced Urn":[0],"Whetstone":["Strike_R","Strike_R"],"obtain_stats":[{"Calling Bell":0,"Bird Faced Urn":0,"Whetstone":6,"Burning Blood":0,"Red Skull":0,"InkBottle":0},{"Calling Bell":0,"Bird Faced Urn":0,"Whetstone":5,"Burning Blood":0,"Red Skull":0,"InkBottle":0},{"Calling Bell":0,"Bird Faced Urn":0,"Whetstone":16,"Burning Blood":0,"Red Skull":0,"InkBottle":0}],"InkBottle":[4]},"card_choices":[{"not_picked":["Headbutt","Burning Pact"],"picked":"Cleave","floor":1.0},{"not_picked":["Intimidate","Searing Blow"],"picked":"Iron Wave","floor":2.0},{"not_picked":["Body Slam","Wild Strike"],"picked":"Clothesline","floor":3.0},{"not_picked":["Warcry","Clothesline"],"picked":"Cleave","floor":5},{"not_picked":["Whirlwind","Headbutt"],"picked":"Reaper","floor":6}],"player_experience":1088601,"relics_obtained":[{"floor":0.0,"key":"Red Skull"},{"floor":0.0,"key":"InkBottle"},{"floor":0.0,"key":"Bird Faced Urn"},{"floor":6,"key":"Whetstone"}],"event_choices":[{"damage_healed":0.0,"max_hp_gain":0.0,"max_hp_loss":0.0,"gold_gain":75.0,"event_name":"World of Goop","player_choice":"Gather Gold","floor":4.0,"gold_loss":0.0,"damage_taken":11.0}],"is_beta":false,"boss_relics":[],"items_purged_floors":[],"is_endless":false,"potions_floor_spawned":[1,3],"killed_by":"3 Sentries","ascension_level":20}}