{"host":"12g8pzxdn4uh7yby","time":1611364050,"event":{"mods":["AchievementEnabler","BaseMod","Colored Map","Highlight Path","Minty Spire (QoL Compilation)","Relic Stats","StSLib"],"gold_per_floor":[119,44,219,294,305,333,346,346,369,71,21,50,68,78,78,183,183,196,211,227,62,62,88,88,121,176,211,130,144,177,177,177,281,331,346,361,435,454,474,504,504,504,504,504,530,156,176,189,189,189,189],"floor_reached":50,"playtime":3995,"items_purged":["Strike_B","Doubt","Strike_B","Machine Learning"],"score":744,"play_id":"4db5225e-c6ef-4a83-8f71-43c50ab353ad","local_time":"20210122180730","is_ascension_mode":true,"campfire_choices":[{"data":"Conserve Battery","floor":8,"key":"SMITH"},{"data":"Doom and Gloom","floor":15,"key":"SMITH"},{"data":"Static Discharge","floor":24,"key":"SMITH"},{"data":"Double Energy","floor":32,"key":"SMITH"},{"data":"Seek","floor":42,"key":"SMITH"},{"floor":49,"key":"RECALL"}],"circlet_count":0,"master_deck":["Defend_B","Defend_B+1","Defend_B","Defend_B","Dualcast","Ball Lightning","Conserve Battery+1","Compile Driver","Biased Cognition","Chill+1","Doom and Gloom+1","Electrodynamics","Lockon","Static Discharge+1","Steam","Auto Shields+1","Thunder Strike","Cold Snap+1","Capacitor+1","Coolheaded+1","Double Energy+1","Biased Cognition","Multi-Cast","Turbo+1","Hologram+1","Seek+1","Echo Form","Hologram+1"],"relics":["Cracked Core","NeowsBlessing","Ancient Tea Set","Happy Flower","Tiny Chest","Runic Pyramid","Bronze Scales","Bottled Lightning","Oddly Smooth Stone","InkBottle","Prayer Wheel","Centennial Puzzle","Tiny House","White Beast Statue","Art of War","Sundial","Nunchaku","War Paint"],"acts_visited":["Exordium","TheCity","TheBeyond"],"potions_floor_usage":[16,23,33,33,39,50,50],"damage_taken":[{"damage":0,"enemies":"2 Louse","floor":1,"turns":1},{"damage":0,"enemies":"Small Slimes","floor":5,"turns":1},{"damage":0,"enemies":"Gremlin Nob","floor":6,"turns":1},{"damage":8,"enemies":"Jaw Worm","floor":7,"turns":3},{"damage":11,"enemies":"Lagavulin","floor":12,"turns":5},{"damage":1,"enemies":"3 Louse","floor":13,"turns":2},{"damage":10,"enemies":"Looter","floor":14,"turns":2},{"damage":0,"enemies":"Slime Boss","floor":16,"turns":5},{"damage":0,"enemies":"Chosen","floor":18,"turns":3},{"damage":4,"enemies":"Spheric Guardian","floor":19,"turns":4},{"damage":20,"enemies":"Snake Plant","floor":20,"turns":3},{"damage":0,"enemies":"Gremlin Leader","floor":23,"turns":5},{"damage":3,"enemies":"Book of Stabbing","floor":25,"turns":4},{"damage":10,"enemies":"Gremlin Leader","floor":27,"turns":4},{"damage":11,"enemies":"Shelled Parasite and Fungi","floor":29,"turns":3},{"damage":0,"enemies":"Book of Stabbing","floor":30,"turns":5},{"damage":15,"enemies":"Collector","floor":33,"turns":7},{"damage":1,"enemies":"3 Darklings","floor":35,"turns":4},{"damage":0,"enemies":"Orb Walker","floor":36,"turns":4},{"damage":38,"enemies":"Writhing Mass","floor":38,"turns":4},{"damage":3,"enemies":"Transient","floor":39,"turns":5},{"damage":6,"enemies":"Reptomancer","floor":40,"turns":6},{"damage":5,"enemies":"Jaw Worm Horde","floor":47,"turns":3},{"damage":0,"enemies":"Writhing Mass","floor":48,"turns":5},{"damage":27,"enemies":"Time Eater","floor":50,"turns":6}],"seed_played":"4098902415757929305","potions_obtained":[{"floor":6,"key":"AttackPotion"},{"floor":7,"key":"LiquidMemories"},{"floor":20,"key":"CultistPotion"},{"floor":27,"key":"EssenceOfSteel"},{"floor":33,"key":"FearPotion"},{"floor":34,"key":"Energy Potion"},{"floor":35,"key":"Energy Potion"},{"floor":36,"key":"BlessingOfTheForge"},{"floor":39,"key":"PotionOfCapacity"},{"floor":47,"key":"DistilledChaos"},{"floor":48,"key":"DuplicationPotion"}],"is_trial":false,"path_per_floor":["M","$","?","?","M","E","M","R","T","$","?","E","M","M","R","B",null,"M","M","M","$","?","E","R","E","T","E","$","M","E","?","R","B",null,"M","M","T","M","M","E","?","R","T","?","T","$","M","M","R","B"],"character_chosen":"DEFECT","items_purchased":["Happy Flower","SteroidPotion","Static Discharge","Capacitor","Echo Form","War Paint"],"campfire_rested":0,"item_purchase_floors":[10,10,21,28,46,46],"current_hp_per_floor":[75,75,75,64,64,64,56,56,56,56,56,45,44,34,34,34,75,75,71,51,51,51,51,51,48,48,38,38,27,27,27,27,12,80,79,79,79,41,38,32,32,32,32,32,32,32,27,27,27,0,0],"gold":189,"neow_bonus":"THREE_ENEMY_KILL","is_daily":false,"chose_seed":false,"campfire_upgraded":5,"win_rate":0.0,"timestamp":1611364050,"path_taken":["M","$","?","?","M","E","M","R","T","?","?","E","M","M","R","BOSS","M","M","M","$","?","E","R","E","T","E","$","M","E","?","R","BOSS","M","?","?","?","M","E","?","R","T","?","?","?","M","M","R","BOSS"],"items_purchased_type":["Relic","Potion","Card","Card","Card","Relic"],"build_version":"2020-12-13","purchased_purges":4,"victory":false,"max_hp_per_floor":[75,75,75,75,75,75,75,75,75,75,75,75,75,75,75,75,75,75,75,75,75,75,75,75,75,75,75,75,75,75,75,75,75,80,80,80,80,80,80,80,76,76,76,76,76,76,76,76,76,76,76],"relic_stats":{"Centennial Puzzle":[21],"Nunchaku":[1],"Happy Flower":[29],"counters":[25,95],"Sundial":[0],"Bronze Scales":[222],"Tiny Chest":2,"Prayer Wheel":6,"Art of War":[4],"War Paint":["Chill","Defend_B"],"obtain_stats":[{"Tiny House":34,"NeowsBlessing":0,"Happy Flower":10,"Oddly Smooth Stone":26,"War Paint":46,"Ancient Tea Set":6,"White Beast Statue":37,"Centennial Puzzle":31,"Nunchaku":45,"Sundial":43,"Bronze Scales":23,"Tiny Chest":12,"Prayer Wheel":30,"Art of War":40,"Bottled Lightning":25,"Cracked Core":0,"InkBottle":27,"Runic Pyramid":17},{"Tiny House":17,"NeowsBlessing":0,"Happy Flower":4,"Oddly Smooth Stone":13,"War Paint":22,"Ancient Tea Set":3,"White Beast Statue":19,"Centennial Puzzle":16,"Nunchaku":22,"Sundial":22,"Bronze Scales":12,"Tiny Chest":5,"Prayer Wheel":16,"Art of War":22,"Bottled Lightning":13,"Cracked Core":0,"InkBottle":14,"Runic Pyramid":8},{"Tiny House":58,"NeowsBlessing":0,"Happy Flower":6,"Oddly Smooth Stone":39,"War Paint":81,"Ancient Tea Set":3,"White Beast Statue":66,"Centennial Puzzle":51,"Nunchaku":81,"Sundial":81,"Bronze Scales":35,"Tiny Chest":11,"Prayer Wheel":51,"Art of War":81,"Bottled Lightning":39,"Cracked Core":0,"InkBottle":43,"Runic Pyramid":20}],"InkBottle":[22]},"card_choices":[{"not_picked":["Conserve Battery","Chill"],"picked":"Ball Lightning","floor":1},{"not_picked":["Streamline","Lockon"],"picked":"Conserve Battery","floor":5},{"not_picked":["Meteor Strike","Gash"],"picked":"Compile Driver","floor":6},{"not_picked":["Lockon","Beam Cell","Steam Power"],"picked":"SKIP","floor":7},{"not_picked":["Streamline","Aggregate"],"picked":"Biased Cognition","floor":12},{"not_picked":["Barrage","Sweeping Beam"],"picked":"Chill","floor":13},{"not_picked":["BootSequence","Chill"],"picked":"Doom and Gloom","floor":14},{"not_picked":["Meteor Strike","Seek"],"picked":"Electrodynamics","floor":16},{"not_picked":["Self Repair","Rebound","Leap"],"picked":"SKIP","floor":18},{"not_picked":["Self Repair","Gash+1"],"picked":"Lockon","floor":19},{"not_picked":["Doom and Gloom","Leap","Auto Shields"],"picked":"SKIP","floor":20},{"not_picked":["Undo+1","Compile Driver"],"picked":"Auto Shields+1","floor":23},{"not_picked":["Multi-Cast","Sweeping Beam"],"picked":"Thunder Strike","floor":25},{"not_picked":["Conserve Battery","Auto Shields"],"picked":"Cold Snap+1","floor":27},{"not_picked":["Go for the Eyes+1","Leap"],"picked":"Coolheaded+1","floor":29},{"not_picked":["Sweeping Beam+1","Multi-Cast"],"picked":"Double Energy","floor":30},{"not_picked":["Amplify","Machine Learning"],"picked":"Biased Cognition","floor":33},{"not_picked":["Sweeping Beam","Stack","Skim"],"picked":"SKIP","floor":35},{"not_picked":["Compile Driver","Stack","Static Discharge"],"picked":"SKIP","floor":35},{"not_picked":["Go for the Eyes","Conserve Battery+1"],"picked":"Multi-Cast","floor":36},{"not_picked":["Steam+1","Rip and Tear+1","Conserve Battery"],"picked":"SKIP","floor":36},{"not_picked":["Consume","Auto Shields+1"],"picked":"Turbo+1","floor":38},{"not_picked":["Doom and Gloom","Turbo"],"picked":"Hologram+1","floor":38},{"not_picked":["Turbo","Fusion+1","Skim"],"picked":"SKIP","floor":39},{"not_picked":["Redo+1","Sunder","Go for the Eyes+1"],"picked":"SKIP","floor":39},{"not_picked":["Coolheaded","Go for the Eyes"],"picked":"Seek","floor":40},{"not_picked":["Rebound+1","Steam"],"picked":"Hologram+1","floor":47},{"not_picked":["BootSequence","Static Discharge+1","Rebound+1"],"picked":"SKIP","floor":47},{"not_picked":["Steam Power","Coolheaded","Heatsinks"],"picked":"SKIP","floor":48},{"not_picked":["Stack","Amplify","Blizzard+1"],"picked":"SKIP","floor":48}],"player_experience":69292,"relics_obtained":[{"floor":6,"key":"Ancient Tea Set"},{"floor":12,"key":"Tiny Chest"},{"floor":23,"key":"Bronze Scales"},{"floor":25,"key":"Bottled Lightning"},{"floor":26,"key":"Oddly Smooth Stone"},{"floor":27,"key":"InkBottle"},{"floor":30,"key":"Prayer Wheel"},{"floor":37,"key":"White Beast Statue"},{"floor":40,"key":"Art of War"},{"floor":43,"key":"Sundial"},{"floor":45,"key":"Nunchaku"}],"event_choices":[{"damage_healed":0,"gold_gain":175,"player_choice":"AGREE","damage_taken":0,"max_hp_gain":0,"max_hp_loss":0,"event_name":"Liars Game","floor":3,"gold_loss":0,"cards_obtained":["Doubt"]},{"damage_healed":0,"gold_gain":75,"player_choice":"Gather Gold","damage_taken":11,"max_hp_gain":0,"max_hp_loss":0,"event_name":"World of Goop","floor":4,"gold_loss":0},{"cards_removed":["Strike_B"],"damage_healed":0,"gold_gain":0,"player_choice":"Card Removal","damage_taken":0,"max_hp_gain":0,"max_hp_loss":0,"event_name":"The Cleric","floor":11,"gold_loss":50},{"damage_healed":0,"gold_gain":0,"cards_transformed":["Strike_B","Zap"],"player_choice":"Became Test Subject","damage_taken":0,"max_hp_gain":0,"max_hp_loss":0,"event_name":"Drug Dealer","floor":22,"gold_loss":0,"cards_obtained":["Steam","Machine Learning"]},{"damage_healed":0,"gold_gain":0,"player_choice":"Gave Potion","damage_taken":0,"relics_obtained":["Centennial Puzzle"],"max_hp_gain":0,"max_hp_loss":0,"event_name":"WeMeetAgain","floor":31,"gold_loss":0},{"damage_healed":0,"gold_gain":0,"player_choice":"Max HP","damage_taken":0,"max_hp_gain":0,"max_hp_loss":4,"event_name":"Winding Halls","floor":41,"gold_loss":0},{"damage_healed":0,"gold_gain":0,"player_choice":"Ignored","damage_taken":0,"max_hp_gain":0,"max_hp_loss":0,"event_name":"Tomb of Lord Red Mask","floor":44,"gold_loss":0}],"is_beta":false,"boss_relics":[{"not_picked":["SlaversCollar","Runic Dome"],"picked":"Runic Pyramid"},{"not_picked":["Calling Bell","SacredBark"],"picked":"Tiny House"}],"items_purged_floors":[2,10,21,46],"is_endless":false,"potions_floor_spawned":[6,7,13,14,20,27,30,33,35,36,38,39,40,47,48],"killed_by":"Time Eater","ascension_level":1}}