{"host":"li7nr9q4d53iu1rb","time":1611427158,"event":{"mods":["AchievementEnabler","BaseMod","Colored Map","Colored Powertips","Downfall","Highlight Path","Minty Spire (QoL Compilation)","Permanent Neow","Quick Restart","Random Character Button","StSLib"],"gold_per_floor":[115,134,153,78,48,80,80,108,108,108,108],"floor_reached":10,"language":"ENG","playtime":509,"items_purged":["Strike_R"],"score":91,"play_id":"29fe24a7-a6f5-4fb2-b248-6dbac965e70d","local_time":"20210123143918","is_ascension_mode":true,"campfire_choices":[{"floor":7,"key":"REST"}],"circlet_count":0,"master_deck":["Strike_R","Strike_R","Strike_R","Strike_R","Defend_R","Defend_R","Defend_R","Defend_R","Bash","Mayhem","Warcry","Rage","Anger","Ghostly Armor","Rage"],"relics":["Burning Blood","Orichalcum","Self Forming Clay"],"acts_visited":["Exordium"],"potions_floor_usage":[6,8],"damage_taken":[{"damage":10,"enemies":"Small Slimes","floor":1,"turns":3},{"damage":5,"enemies":"Cultist","floor":2,"turns":4},{"damage":11,"enemies":"Jaw Worm","floor":3,"turns":4},{"damage":43,"enemies":"Lagavulin","floor":6,"turns":7},{"damage":9,"enemies":"3 Sentries","floor":8,"turns":6},{"damage":37,"enemies":"Gremlin Nob","floor":10,"turns":4}],"seed_played":"7733518243798174431","potions_obtained":[{"floor":3,"key":"PowerPotion"},{"floor":5,"key":"FearPotion"},{"floor":5,"key":"Explosive Potion"}],"is_trial":false,"path_per_floor":["M","M","M","$","?","E","R","E","T","E"],"character_chosen":"IRONCLAD","items_purchased":[],"campfire_rested":1,"item_purchase_floors":[],"current_hp_per_floor":[52,53,48,48,48,11,35,32,32,0,0],"gold":108,"neow_bonus":"RANDOM_COLORLESS_2","is_daily":false,"chose_seed":false,"campfire_upgraded":0,"win_rate":0.0,"timestamp":1611427158,"path_taken":["M","M","M","$","?","E","R","E","T","E"],"items_purchased_type":[],"build_version":"2020-12-22","purchased_purges":1,"victory":false,"max_hp_per_floor":[80,80,80,80,80,80,80,80,80,80,80],"card_choices":[{"not_picked":["Apotheosis","Chrysalis"],"picked":"Mayhem","floor":0},{"not_picked":["Anger","Carnage"],"picked":"Warcry","floor":1},{"not_picked":["Inflame","Anger"],"picked":"Rage","floor":2},{"not_picked":["Warcry","Pommel Strike"],"picked":"Anger","floor":3},{"not_picked":["Feel No Pain","Whirlwind"],"picked":"Ghostly Armor","floor":6},{"not_picked":["Body Slam","Sword Boomerang"],"picked":"Rage","floor":8}],"player_experience":246556,"relics_obtained":[{"floor":6,"key":"Orichalcum"},{"floor":8,"key":"Self Forming Clay"}],"event_choices":[{"damage_healed":0,"gold_gain":0,"player_choice":"Bought 2 Potions","damage_taken":0,"max_hp_gain":0,"max_hp_loss":0,"event_name":"The Woman in Blue","floor":5,"gold_loss":0}],"is_beta":false,"boss_relics":[],"items_purged_floors":[4],"is_endless":false,"potions_floor_spawned":[3],"killed_by":"Gremlin Nob","ascension_level":4}}