{"host":"KYO","time":1611375202,"event":{"mods":["ATMod(°¢èªMod)","BaseMod","Minty Spire (QoL Compilation)","Permanent Neow","Replay The Spire","Shop Mod","StSLib","SuperFastMode","TestMod","[IsaacMod]ÒÔÈö¼âËþ","¡¾ÒÅÎï¿¨ÅÆ¡¿REMEMod"],"gold_per_floor":[219,235,235,255,330,330,362,380,426,454,470,482,482,482],"floor_reached":13,"language":"ZHS","playtime":739,"items_purged":[],"score":244,"play_id":"546377f8-6342-4713-9d70-b407c30a825c","local_time":"20210123121322","is_ascension_mode":true,"campfire_choices":[{"data":"AT_FamilyPortrait","floor":6.0,"key":"SMITH"}],"circlet_count":0,"master_deck":["AscendersBane","Strike_B","Strike_B","Strike_B","Strike_B","Defend_B","Defend_B","Defend_B","Defend_B","Zap","Dualcast","AT_FamilyPortrait+1","Regret","Mirror Shield","AT_DarkMatter","Coolheaded","ReplayTheSpireMod:GoodbyeWorld","FIFO Queue","AT_ThunderBolt","White Noise","Coolheaded"],"relics":["Cracked Core","HushsDoor","AT_ATBox","REME_ComplimentaryCards","testmod-TestBox","AnarchistCookbook","testmod-BlackFramedGlasses","testmod-HeartOfDaVinci","Blue Doll","Replay:Rubber Ducky","Snake Skull","Prayer Wheel"],"acts_visited":["Exordium"],"potions_floor_usage":[11],"damage_taken":[{"damage":0.0,"enemies":"Small Slimes","floor":1.0,"turns":3.0},{"damage":2.0,"enemies":"Jaw Worm","floor":2.0,"turns":3.0},{"damage":2.0,"enemies":"Cultist","floor":4.0,"turns":3.0},{"damage":0.0,"enemies":"Gremlin Nob","floor":7.0,"turns":2.0},{"damage":13.0,"enemies":"Blue Slaver","floor":8.0,"turns":3.0},{"damage":6.0,"enemies":"3 Sentries","floor":10.0,"turns":5.0},{"damage":35,"enemies":"Exordium Thugs","floor":11,"turns":3},{"damage":12,"enemies":"Lots of Slimes","floor":12,"turns":3},{"damage":22,"enemies":"Replay:BlueRogue","floor":13,"turns":3}],"seed_played":"6963005875477351617","potions_obtained":[{"floor":2.0,"key":"Energy Potion"},{"floor":4.0,"key":"Energy Potion"},{"floor":8.0,"key":"BlessingOfTheForge"}],"is_trial":false,"path_per_floor":["M","M","?","M","?","R","E","M","T","E","M","M","E"],"character_chosen":"DEFECT","items_purchased":[],"campfire_rested":0,"item_purchase_floors":[],"current_hp_per_floor":[67,68,68,69,58,58,60,50,50,49,17,8,0,0],"gold":482,"neow_bonus":"HUNDRED_GOLD","is_daily":false,"chose_seed":false,"campfire_upgraded":1,"win_rate":0.0,"timestamp":1611375202,"path_taken":["M","M","?","M","?","R","E","M","T","E","M","?","E"],"items_purchased_type":[],"build_version":"2020-12-18","purchased_purges":0,"victory":false,"max_hp_per_floor":[71,71,71,71,71,71,71,71,71,71,71,71,71,71],"card_choices":[{"not_picked":["Rip and Tear","Redo","Hello World"],"picked":"SKIP","floor":1.0},{"not_picked":["Turbo","BasicCrystalCard"],"picked":"Bomb","floor":2.0},{"not_picked":["Sweeping Beam","BootSequence"],"picked":"Mirror Shield","floor":4.0},{"not_picked":["Doom and Gloom","Steam"],"picked":"AT_DarkMatter","floor":7.0},{"not_picked":["Sweeping Beam","Steam"],"picked":"Coolheaded","floor":8.0},{"not_picked":["REME_Shoggoth","Gash"],"picked":"ReplayTheSpireMod:GoodbyeWorld","floor":10.0},{"not_picked":["BasicCrystalCard","Hologram"],"picked":"FIFO Queue","floor":11},{"not_picked":["Hologram","AT_HeatAcrobatics"],"picked":"AT_ThunderBolt","floor":11},{"not_picked":["Rip and Tear","Lockon"],"picked":"White Noise","floor":12},{"not_picked":["REME_DataAnalysis","Cold Snap"],"picked":"Coolheaded","floor":12}],"player_experience":660547,"relics_obtained":[{"floor":7.0,"key":"Blue Doll"},{"floor":9.0,"key":"Replay:Rubber Ducky"},{"floor":10.0,"key":"Snake Skull"}],"event_choices":[{"damage_healed":0.0,"max_hp_gain":0.0,"max_hp_loss":0.0,"gold_gain":0.0,"event_name":"Big Fish","player_choice":"Box","floor":3.0,"gold_loss":0.0,"damage_taken":0.0,"relics_obtained":["testmod-HeartOfDaVinci"],"cards_obtained":["Regret"]},{"damage_healed":0.0,"max_hp_gain":0.0,"max_hp_loss":0.0,"gold_gain":75.0,"event_name":"World of Goop","player_choice":"Gather Gold","floor":5.0,"gold_loss":0.0,"damage_taken":11.0}],"is_beta":true,"boss_relics":[],"items_purged_floors":[],"is_endless":false,"potions_floor_spawned":[2,4,8],"killed_by":"Replay:BlueRogue","ascension_level":20}}