{"host":"zw3x6hwkln2702ol","time":1611418268,"event":{"mods":["AchievementEnabler","BaseMod","Card Forge","Colored Map","Default Mod","Minty Spire (QoL Compilation)","StSLib","TestMod"],"gold_per_floor":[66,118,175,244,311,311,459,459,486,648,648,798,798,195,195,582,582,623,724,486,638,757,757,946,946,946,946,1246,1246,1383,1585,1585,2143,2143,2253,2599,2020,2349,2349,2681,2869,3418,3418,3418,3731,3276,3394,3421,3421,5795,5795,5795,5321,5662,6465],"floor_reached":56,"language":"ZHS","playtime":2014,"items_purged":["Strike_G","Defend_G","Strike_G+1","Strike_G+1","Defend_G+1"],"score":3112,"play_id":"cb8c5867-0944-4aaa-b185-dbedcbe607dd","local_time":"20210124001108","is_ascension_mode":true,"campfire_choices":[{"data":"Blade Dance","floor":6,"key":"SMITH"},{"floor":8,"key":"RECALL"},{"data":"Grand Finale","floor":11,"key":"SMITH"},{"data":"Neutralize","floor":15,"key":"SMITH"},{"data":"Noxious Fumes","floor":23,"key":"SMITH"},{"data":"Backflip","floor":25,"key":"SMITH"},{"data":"Survivor","floor":27,"key":"SMITH"},{"data":"Defend_G","floor":29,"key":"SMITH"},{"data":"Defend_G","floor":32,"key":"SMITH"},{"data":"Defend_G","floor":44,"key":"SMITH"},{"data":"After Image","floor":49,"key":"SMITH"}],"circlet_count":0,"master_deck":["AscendersBane","Strike_G+1","Strike_G+1","Defend_G+1","Defend_G+1","Survivor+1","Neutralize+1","Blade Dance+1","Noxious Fumes+1","Backflip+1","Night Terror+1","Grand Finale+1","testmod-AssimilatedRune+1","Well Laid Plans+1","After Image+1","Acrobatics+1","Acrobatics+1","Venomology+1","Adrenaline+1","Calculated Gamble+1","Dagger Spray+1","Dramatic Entrance+1","Madness+1","testmod-PainDetonator+1","testmod-PowerStrike+1","Tactician+1","Reflex+1"],"relics":["Ring of the Snake","Hammer of Thor","Seething Fire","Anvil of the Gods","zzy:PlaceholderRelic","testmod-TestBox","testmod-CasingShield","testmod-AscensionHeart","Toxic Egg 2","CeramicFish","Whetstone","Sling","Centennial Puzzle","Coffee Dripper","Medical Kit","Pen Nib","testmod-BlackFramedGlasses","testmod-ArcanaOfDestiny","Tough Bandages","testmod-TheFather","Happy Flower","Vajra","Molten Egg 2","Darkstone Periapt","Dream Catcher","Membership Card","Torii","Strawberry","testmod-IndustrialRevolution","Mummified Hand","Chemical X","Boot"],"acts_visited":["Exordium","TheCity","TheBeyond","TheEnding"],"potions_floor_usage":[31,33],"damage_taken":[{"damage":0,"enemies":"Cultist","floor":1,"turns":3},{"damage":0,"enemies":"Small Slimes","floor":2,"turns":2},{"damage":0,"enemies":"Jaw Worm","floor":3,"turns":2},{"damage":0,"enemies":"Large Slime","floor":4,"turns":4},{"damage":0,"enemies":"Red Slaver","floor":5,"turns":2},{"damage":0,"enemies":"Lagavulin","floor":7,"turns":4},{"damage":0,"enemies":"3 Sentries","floor":10,"turns":5},{"damage":0,"enemies":"Lagavulin","floor":12,"turns":5},{"damage":0,"enemies":"The Guardian","floor":16,"turns":4},{"damage":0,"enemies":"Spheric Guardian","floor":18,"turns":1},{"damage":0,"enemies":"3 Byrds","floor":19,"turns":3},{"damage":0,"enemies":"Centurion and Healer","floor":21,"turns":3},{"damage":0,"enemies":"Shelled Parasite and Fungi","floor":22,"turns":3},{"damage":0,"enemies":"Slavers","floor":24,"turns":2},{"damage":0,"enemies":"Gremlin Leader","floor":28,"turns":3},{"damage":0,"enemies":"Snecko","floor":30,"turns":2},{"damage":0,"enemies":"Book of Stabbing","floor":31,"turns":2},{"damage":0,"enemies":"Automaton","floor":33,"turns":4},{"damage":0,"enemies":"Orb Walker","floor":35,"turns":1},{"damage":0,"enemies":"3 Darklings","floor":36,"turns":3},{"damage":0,"enemies":"Maw","floor":38,"turns":3},{"damage":0,"enemies":"Reptomancer","floor":40,"turns":3},{"damage":0,"enemies":"Writhing Mass","floor":41,"turns":4},{"damage":0,"enemies":"Giant Head","floor":42,"turns":1},{"damage":0,"enemies":"Reptomancer","floor":45,"turns":2},{"damage":0,"enemies":"Sphere and 2 Shapes","floor":47,"turns":1},{"damage":0,"enemies":"Awakened One","floor":50,"turns":4},{"damage":0,"enemies":"Shield and Spear","floor":54,"turns":2},{"damage":0,"enemies":"The Heart","floor":55,"turns":2}],"seed_played":"-2562141051362754518","potions_obtained":[{"floor":3,"key":"Block Potion"},{"floor":5,"key":"Energy Potion"}],"is_trial":false,"path_per_floor":["M","M","M","M","M","R","E","R","T","E","R","E","?","$","R","B",null,"M","M","$","M","M","R","E","R","T","R","E","R","M","E","R","B",null,"M","M","$","M","?","E","M","E","T","R","E","$","M","?","R","B",null,"R","$","E","B",null],"character_chosen":"THE_SILENT","items_purchased":["Sling","Centennial Puzzle","testmod-AssimilatedRune+1","Well Laid Plans","Medical Kit","testmod-TheFather","Happy Flower","Membership Card","Torii","Strawberry","Dagger Spray+1","testmod-IndustrialRevolution","Mummified Hand","Chemical X","testmod-PowerStrike+1","Tactician+1","Reflex+1"],"campfire_rested":0,"item_purchase_floors":[14,14,14,14,20,37,37,46,46,46,46,53,53,53,53,53,53],"current_hp_per_floor":[60,61,62,63,64,64,66,66,66,68,68,69,60,60,60,66,73,74,75,75,75,75,75,76,76,76,76,77,77,77,78,78,83,83,83,83,83,83,83,84,84,85,85,85,86,93,93,89,89,99,99,99,99,100,105],"gold":6465,"neow_bonus":"ONE_RARE_RELIC","is_daily":false,"chose_seed":false,"campfire_upgraded":10,"win_rate":0.0,"timestamp":1611418268,"path_taken":["M","M","M","M","M","R","E","R","T","E","R","E","?","$","R","BOSS","M","M","$","M","M","R","E","R","T","R","E","R","M","E","R","BOSS","M","M","$","M","?","E","M","E","T","R","E","$","?","?","R","BOSS","R","$","E","BOSS"],"items_purchased_type":["Relic","Relic","Card","Card","Relic","Relic","Relic","Relic","Relic","Relic","Card","Relic","Relic","Relic","Card","Card","Card"],"build_version":"2020-12-22","purchased_purges":5,"victory":true,"max_hp_per_floor":[66,66,66,66,66,66,67,67,67,68,68,69,70,70,70,75,75,75,75,75,75,75,75,76,76,76,76,77,77,77,78,78,83,83,83,83,83,83,83,84,84,85,85,85,86,93,93,94,94,99,99,99,99,100,105],"card_choices":[{"not_picked":["Setup","Deadly Poison"],"picked":"Blade Dance","floor":1},{"not_picked":["Dagger Spray","Outmaneuver"],"picked":"Noxious Fumes","floor":2},{"not_picked":["Riddle With Holes","Deflect"],"picked":"Backflip","floor":3},{"not_picked":["Underhanded Strike","Sucker Punch","Quick Slash"],"picked":"SKIP","floor":4},{"not_picked":["Bane","PiercingWail","Dodge and Roll"],"picked":"SKIP","floor":5},{"not_picked":["Phantasmal Killer+1","Envenom"],"picked":"Night Terror+1","floor":7},{"not_picked":["Glass Knife","Burst"],"picked":"Grand Finale","floor":10},{"not_picked":["Unload","Bullet Time","Corpse Explosion"],"picked":"SKIP","floor":12},{"not_picked":["Burst+1","Storm of Steel+1"],"picked":"After Image","floor":16},{"not_picked":["Bane+1","Deflect+1","Slice"],"picked":"SKIP","floor":18},{"not_picked":["Heel Hook","Dodge and Roll+1","Infinite Blades"],"picked":"SKIP","floor":19},{"not_picked":["Noxious Fumes","Prepared+1"],"picked":"Acrobatics+1","floor":21},{"not_picked":["Heel Hook","Dagger Spray"],"picked":"Acrobatics+1","floor":22},{"not_picked":["Venomology","Unload","A Thousand Cuts"],"picked":"SKIP","floor":24},{"not_picked":["Tools of the Trade","Burst"],"picked":"Venomology+1","floor":28},{"not_picked":["Cloak And Dagger+1","Finisher","Outmaneuver+1"],"picked":"SKIP","floor":30},{"not_picked":["Corpse Explosion","Die Die Die"],"picked":"Adrenaline","floor":31},{"not_picked":["Cloak And Dagger+1","Infinite Blades+1","Noxious Fumes+1"],"picked":"SKIP","floor":35},{"not_picked":["Outmaneuver+1","Noxious Fumes"],"picked":"Calculated Gamble+1","floor":36},{"not_picked":["Dodge and Roll+1","Deflect+1","Slice+1"],"picked":"SKIP","floor":38},{"not_picked":["Glass Knife","Tools of the Trade","Grand Finale"],"picked":"SKIP","floor":40},{"not_picked":["Accuracy","Bouncing Flask+1","Sucker Punch+1"],"picked":"SKIP","floor":41},{"not_picked":["Die Die Die+1","Malaise","A Thousand Cuts"],"picked":"SKIP","floor":42},{"not_picked":["Envenom","Die Die Die","Tools of the Trade"],"picked":"SKIP","floor":45},{"not_picked":["Poisoned Stab+1","Backstab+1","Flechettes+1"],"picked":"SKIP","floor":47},{"not_picked":["Mind Blast+1","Discovery+1"],"picked":"Dramatic Entrance+1","floor":48},{"not_picked":["Swift Strike+1","testmod-HeadAttack+1"],"picked":"Madness+1","floor":48},{"not_picked":["testmod-FightingIntention","Metamorphosis+1"],"picked":"testmod-PainDetonator+1","floor":48},{"not_picked":["Grand Finale","Glass Knife","Bullet Time"],"picked":"SKIP","floor":54}],"player_experience":351879,"relics_obtained":[{"floor":7,"key":"Toxic Egg 2"},{"floor":10,"key":"CeramicFish"},{"floor":12,"key":"Whetstone"},{"floor":24,"key":"Pen Nib"},{"floor":26,"key":"testmod-BlackFramedGlasses"},{"floor":28,"key":"testmod-ArcanaOfDestiny"},{"floor":31,"key":"Tough Bandages"},{"floor":40,"key":"Vajra"},{"floor":42,"key":"Molten Egg 2"},{"floor":43,"key":"Darkstone Periapt"},{"floor":45,"key":"Dream Catcher"},{"floor":54,"key":"Boot"}],"event_choices":[{"damage_healed":0,"gold_gain":0,"player_choice":"Entered Light","damage_taken":21,"max_hp_gain":0,"max_hp_loss":0,"event_name":"Shining Light","floor":13,"gold_loss":0,"cards_upgraded":["Strike_G","Strike_G"]},{"cards_removed":["Defend_G"],"damage_healed":0,"gold_gain":0,"player_choice":"Purged","damage_taken":0,"max_hp_gain":0,"max_hp_loss":0,"event_name":"Purifier","floor":39,"gold_loss":0},{"damage_healed":0,"gold_gain":0,"player_choice":"Memory 3","damage_taken":10,"max_hp_gain":0,"max_hp_loss":0,"event_name":"SensoryStone","floor":48,"gold_loss":0}],"is_beta":false,"boss_relics":[{"not_picked":["testmod-TimeTraveler","Calling Bell"],"picked":"Coffee Dripper"},{"not_picked":["testmod-EnergyCheck","Snecko Eye","Sozu"]}],"items_purged_floors":[14,20,37,46,53],"is_endless":false,"potions_floor_spawned":[3,5,12,22,24,30,33,35,38,42,45],"ascension_level":16}}