{"host":"zmilr51mkqu4u6kc","time":1611406226,"event":{"mods":["AchievementEnabler","BaseMod","BetterRewards","Card Forge","Colored Map","Colored Powertips","DeckTracker","Downfall","Friendly Minions","Highlight Path","Infinite Spire","KinomotoSakuraMod(????)","Minty Spire (QoL Compilation)","Quick Restart","READ ME - Guardian Mod","Rare Cards Sparkle","Replay The Spire","Shop Mod","StSLib","vexMod"],"gold_per_floor":[99,115,133,118,138,38,38,56,73,98,198,210,210,37,57,158,158,158,171,171,183,183,183,183,211,211,238,256,56,67,67,87,182,182,182,200,217,217,217,217,292,292,304,314,314,330,330,330,350,350,350,350],"floor_reached":50,"language":"ENG","playtime":4610,"items_purged":[],"score":536,"play_id":"e3618c54-fdb3-43f0-ac53-eecc36eb568f","local_time":"20210123135026","is_ascension_mode":false,"campfire_choices":[{"floor":1,"key":"RECALL"},{"floor":6,"key":"REST"},{"data":"Slimebound:Split","floor":13,"key":"SMITH"},{"data":"Slimebound:MassRepurpose","floor":18,"key":"SMITH"},{"floor":26,"key":"REST"},{"floor":29,"key":"REST"},{"data":"Slimebound:Gluttony","floor":35,"key":"SMITH"},{"data":"Slimebound:PrepareCrush","floor":40,"key":"SMITH"},{"floor":45,"key":"REST"},{"data":"Slimebound:Darklings","floor":47,"key":"SMITH"}],"circlet_count":0,"master_deck":["Slimebound:Strike_Slimebound","Slimebound:Strike_Slimebound","Slimebound:Strike_Slimebound","Slimebound:Tackle","Slimebound:Defend_Slimebound","Slimebound:Defend_Slimebound","Slimebound:Defend_Slimebound","Slimebound:Defend_Slimebound","Slimebound:Split+1","Slimebound:CorrosiveSpit","Slimebound:SplitAcid","Slimebound:SplitLeeching","Slimebound:RainOfGoop","Slimebound:Grow","Slimebound:OozeBath","Slimebound:Gluttony+1","Slimebound:SlimeBarrage","Slimebound:SelfFormingGoo+1","Slimebound:SpikyOuterGoop+1","Slimebound:PressTheAttack","Slimebound:GoopSpray","Slimebound:LeechEnergy","Slimebound:MassRepurpose+1","Slimebound:SplitMire","Slimebound:LevelUp+1","Slimebound:RallyTheTroops","Slimebound:GrowthPunch+1","Slimebound:FirmFortitude+1","Slimebound:RainOfGoop+1","Slimebound:LeechingTouch+1","Slimebound:Prepare","Normality","Slimebound:Nibble+1","Slimebound:FirmFortitude+1","Slimebound:PressTheAttack+1","Slimebound:GrowthPunch+1","Slimebound:Darklings+1","Slimebound:Equalize+1","Slimebound:PressTheAttack+1","Slimebound:GoopSpray+1","Slimebound:SplitLeeching+1"],"relics":["Slimebound:AbsorbEndCombat","Hammer of Thor","Seething Fire","Anvil of the Gods","downfall:HeartBlessingRed","Letter Opener","infinitespire:CheckeredPen","bronze:MakeshiftBattery","vexMod:HeadHunter","Bag of Preparation","Calipers","downfall:HeartBlessingBlue","downfall:HeartBlessingGreen","Ring of Misfortune","ReplayTheSpireMod:Ring of Addiction","White Beast Statue","Toy Ornithopter","vexMod:ImprovementManual","Replay:Ringing Soul","infinitespire:BottledMercury"],"acts_visited":["Exordium","TheCity","TheBeyond"],"potions_floor_usage":[9,16,16,30,32,33,33,33,37,44,46,49,50],"damage_taken":[{"damage":21,"enemies":"infinitespire:Voidling","floor":2,"turns":4},{"damage":1,"enemies":"2 Louse","floor":3,"turns":2},{"damage":13,"enemies":"downfall:FleeingMerchant","floor":4,"turns":4},{"damage":1,"enemies":"Cultist","floor":5,"turns":3},{"damage":0,"enemies":"Large Slime","floor":8,"turns":5},{"damage":0,"enemies":"Lots of Slimes","floor":9,"turns":2},{"damage":10,"enemies":"3 Sentries","floor":10,"turns":4},{"damage":14,"enemies":"Blue Slaver","floor":12,"turns":3},{"damage":10,"enemies":"downfall:FleeingMerchant","floor":14,"turns":4},{"damage":10,"enemies":"Large Slime","floor":15,"turns":5},{"damage":18,"enemies":"IC_STATUS_ARCHETYPE","floor":16,"turns":8},{"damage":17,"enemies":"Spheric Guardian","floor":19,"turns":4},{"damage":12,"enemies":"3 Byrds","floor":21,"turns":3},{"damage":35,"enemies":"Nightmare","floor":25,"turns":6},{"damage":23,"enemies":"Replay:Snechameleon","floor":27,"turns":6},{"damage":17,"enemies":"Centurion and Healer","floor":28,"turns":6},{"damage":14,"enemies":"Sentry and Sphere","floor":30,"turns":4},{"damage":0,"enemies":"Snake Plant","floor":32,"turns":4},{"damage":39,"enemies":"SI_MIRROR_ARCHETYPE","floor":33,"turns":10},{"damage":0,"enemies":"Orb Walker","floor":36,"turns":3},{"damage":22,"enemies":"3 Darklings","floor":37,"turns":5},{"damage":13,"enemies":"4 Shapes","floor":43,"turns":3},{"damage":23,"enemies":"Spire Growth","floor":44,"turns":4},{"damage":29,"enemies":"Maw","floor":46,"turns":6},{"damage":15,"enemies":"Jaw Worm Horde","floor":49,"turns":3},{"damage":92,"enemies":"WA_ARCHETYPE_DIVINITY","floor":50,"turns":7}],"seed_played":"-1483840331590102523","potions_obtained":[{"floor":2,"key":"Explosive Potion"},{"floor":8,"key":"DuplicationPotion"},{"floor":10,"key":"Slimebound:SlimedPotion"},{"floor":21,"key":"Dexterity Potion"},{"floor":27,"key":"Languid Potion"},{"floor":28,"key":"AttackPotion"},{"floor":31,"key":"Flashbang"},{"floor":31,"key":"Toxic Potion"},{"floor":31,"key":"GamblersBrew"},{"floor":32,"key":"Strength Potion"},{"floor":33,"key":"Strength Potion"},{"floor":36,"key":"PowerPotion"},{"floor":37,"key":"Flashbang"},{"floor":43,"key":"Venom Potion"},{"floor":44,"key":"hexamod:SoulburnPotion"},{"floor":46,"key":"SpeedPotion"},{"floor":49,"key":"SneckoOil"}],"is_trial":false,"path_per_floor":["R_BF","M","M","$","M","R","T","M","M","E","?","M","R","$","M","B",null,"R_BF","M","AVR","M","?","?","T","NM","R","E","M","R","M","?","M","B",null,"R","M","M","?","?","R","T","?","M","M","R","M","R","?","M","B"],"character_chosen":"SLIMEBOUND","items_purchased":["Slimebound:SpikyOuterGoop","Slimebound:PressTheAttack","Slimebound:GoopSpray"],"campfire_rested":4,"item_purchase_floors":[14,14,14],"current_hp_per_floor":[71,59,58,47,46,67,67,69,69,63,63,53,53,49,43,33,71,71,58,58,52,52,52,52,25,46,31,22,56,48,48,59,43,81,81,81,66,66,66,66,66,69,63,54,79,64,64,64,61,0,0,0],"gold":350,"neow_bonus":"TEN_PERCENT_HP_BONUS","is_daily":false,"chose_seed":false,"campfire_upgraded":5,"win_rate":0.0,"timestamp":1611406226,"path_taken":["R_BF","M","M","$","M","R","T","M","?","E","?","M","R","$","M","BOSS","R_BF","M","AVR","M","?","?","T","NM","R","E","M","R","?","?","M","BOSS","R","M","M","?","?","R","T","?","M","?","R","M","R","?","M","BOSS"],"items_purchased_type":["Card","Card","Card"],"build_version":"2020-12-22","purchased_purges":0,"victory":false,"max_hp_per_floor":[71,71,71,71,71,71,71,71,71,71,71,71,71,71,71,71,71,71,71,71,71,71,71,71,71,71,71,71,81,81,81,81,81,81,81,81,79,79,79,79,77,80,83,84,84,87,87,87,90,90,90,90],"card_choices":[{"not_picked":["Slimebound:LivingWall","Slimebound:RollThrough"],"picked":"Slimebound:SplitAcid","floor":2},{"not_picked":["Slimebound:RollThrough","Slimebound:PressTheAttack"],"picked":"Slimebound:PrepareCrush","floor":3},{"not_picked":["Slimebound:DisruptingSlam","Slimebound:RollThrough"],"picked":"Slimebound:SplitLeeching","floor":4},{"not_picked":["Slimebound:ProtectTheBoss","Slimebound:LeechingTouch"],"picked":"Slimebound:RainOfGoop","floor":5},{"not_picked":["Slimebound:RollThrough","Slimebound:LeechEnergy"],"picked":"Slimebound:Grow","floor":8},{"not_picked":["Slimebound:SamplingLick","Slimebound:HauntingLick"],"picked":"Slimebound:OozeBath","floor":9},{"not_picked":["Slimebound:Grow","Slimebound:SplitMire"],"picked":"Slimebound:Gluttony","floor":10},{"not_picked":["Slimebound:SplitAcid","Slimebound:MegaLick"],"picked":"Slimebound:SlimeBarrage","floor":12},{"not_picked":["Slimebound:GoopTackle","Slimebound:RollThrough"],"picked":"Slimebound:SelfFormingGoo","floor":14},{"not_picked":["Slimebound:SlimeBarrage","Slimebound:Chomp"],"picked":"Slimebound:LeechEnergy","floor":15},{"not_picked":["Slimebound:DuplicatedForm","Slimebound:SelfFormingGoo"],"picked":"Slimebound:MassRepurpose","floor":16},{"not_picked":["Slimebound:SplitAcid+1","Slimebound:ComboTackle"],"picked":"Slimebound:SplitMire","floor":19},{"not_picked":["Slimebound:SamplingLick","Slimebound:ComboTackle"],"picked":"Slimebound:LevelUp","floor":21},{"not_picked":["Slimebound:SelfFormingGoo","Slimebound:Recycling"],"picked":"Slimebound:RallyTheTroops","floor":25},{"not_picked":["Slimebound:HauntingLick","Slimebound:SamplingLick"],"picked":"Slimebound:GrowthPunch+1","floor":25},{"not_picked":["Slimebound:OozeBath","Slimebound:OneTwoCombo"],"picked":"Slimebound:FirmFortitude","floor":27},{"not_picked":["Slimebound:RejuvenatingLick","Slimebound:ComboTackle"],"picked":"Slimebound:RainOfGoop+1","floor":27},{"not_picked":["Slimebound:PressTheAttack","Slimebound:RollThrough+1"],"picked":"Slimebound:LeechingTouch+1","floor":28},{"not_picked":["Slimebound:SlimeSpikes","Slimebound:Schlurp"],"picked":"Slimebound:Prepare","floor":30},{"not_picked":["Slimebound:LeechEnergy","Slimebound:ForwardTackle"],"picked":"Slimebound:Nibble","floor":32},{"not_picked":["Slimebound:Teamwork","Slimebound:MassRepurpose"],"picked":"Slimebound:FirmFortitude","floor":33},{"not_picked":["Slimebound:SplitLeeching","Slimebound:FlameTackle+1"],"picked":"Slimebound:PressTheAttack+1","floor":36},{"not_picked":["Slimebound:ItLooksTasty+1","Slimebound:GoopTackle"],"picked":"Slimebound:GrowthPunch+1","floor":37},{"not_picked":["Slimebound:SplitAcid+1","Slimebound:SplitMire+1"],"picked":"Slimebound:Equalize+1","floor":43},{"not_picked":["Slimebound:Grow","Slimebound:Schlurp"],"picked":"Slimebound:PressTheAttack+1","floor":44},{"not_picked":["Slimebound:ComboTackle+1","Slimebound:Grow"],"picked":"Slimebound:GoopSpray+1","floor":46},{"not_picked":["Slimebound:SlimeSpikes","Slimebound:Prepare+1"],"picked":"Slimebound:SplitLeeching+1","floor":49}],"player_experience":117624,"relics_obtained":[{"floor":7,"key":"Letter Opener"},{"floor":10,"key":"infinitespire:CheckeredPen"},{"floor":25,"key":"Bag of Preparation"},{"floor":27,"key":"Calipers"},{"floor":31,"key":"Ring of Misfortune"},{"floor":31,"key":"ReplayTheSpireMod:Ring of Addiction"},{"floor":31,"key":"White Beast Statue"},{"floor":31,"key":"Toy Ornithopter"},{"floor":39,"key":"Replay:Ringing Soul"},{"floor":41,"key":"infinitespire:BottledMercury"}],"event_choices":[{"damage_healed":0,"gold_gain":100,"player_choice":"Gold","damage_taken":0,"max_hp_gain":0,"max_hp_loss":0,"event_name":"Wheel of Change","floor":11,"gold_loss":0},{"damage_healed":0,"gold_gain":0,"player_choice":"Ignored","damage_taken":0,"max_hp_gain":0,"max_hp_loss":0,"event_name":"Vampires","floor":22,"gold_loss":0},{"damage_healed":0,"gold_gain":0,"player_choice":"Forge","damage_taken":0,"max_hp_gain":0,"max_hp_loss":0,"event_name":"Accursed Blacksmith","floor":23,"gold_loss":0,"cards_upgraded":["Slimebound:SelfFormingGoo"]}],"is_beta":false,"boss_relics":[{"not_picked":["vexMod:MegatonBomb","Astrolabe"],"picked":"bronze:MakeshiftBattery"},{"not_picked":["vexMod:BigBerry","Velvet Choker"],"picked":"vexMod:ImprovementManual"}],"items_purged_floors":[],"is_endless":true,"potions_floor_spawned":[2,8,10,21,27,28,32,33,36,37,43,44,46,49],"killed_by":"WA_ARCHETYPE_DIVINITY","ascension_level":0}}