{"host":"ye2yc4zsa4mr9ewr","time":1611391748,"event":{"mods":["BaseMod","Downfall","Minty Spire (QoL Compilation)","Relic Stats","StSLib"],"gold_per_floor":[99,99,99,99,113,13,13,163,180,198,230,230,261,23,35,132,132,132,148,148,61,76,76,76,87,122,135,35,65,81,99,114,215,215,215,235,250,270,280,298,298,348,375,375,407,507,407,84,95,95,95,122,39,39,39,39,39],"floor_reached":55,"language":"ENG","playtime":6356,"items_purged":["Guardian:Strike_Guardian","Guardian:RefractedBeam"],"score":1103,"play_id":"ce02c8ce-c0a1-43a0-a521-1558dd6328a7","local_time":"20210123024908","is_ascension_mode":true,"campfire_choices":[{"floor":1.0,"key":"RECALL"},{"data":"Guardian:SentryBeam","floor":6.0,"key":"SMITH"},{"data":"Guardian:Suspension","floor":12.0,"key":"SMITH"},{"data":"Guardian:SentryBeam","floor":18.0,"key":"SMITH"},{"data":"Guardian:CompilePackage","floor":28.0,"key":"SMITH"},{"data":"Guardian:PrismaticBeam","floor":35.0,"key":"SMITH"},{"data":"Guardian:PrismaticBarrier","floor":47,"key":"SMITH"},{"data":"Guardian:VentSteam","floor":54,"key":"SMITH"}],"circlet_count":0,"master_deck":["Guardian:CurlUp","Guardian:TwinSlam+1","Guardian:Suspension+1","Guardian:SentryBeam+1","Guardian:Incinerate","Guardian:ArmoredProtocol","Guardian:FloatingOrbs","Guardian:SentryBeam+1","Guardian:CompilePackage+1","Guardian:PrismaticBarrier+1","Guardian:VentSteam+1","Guardian:PiercingHide","Guardian:Harden","Guardian:BodySlam+1","Guardian:TimeCapacitor","Guardian:DecasProtection","Guardian:TimeSifter","Guardian:PrismaticBeam+1","Guardian:TimeSifter","Guardian:RevengeProtocol","Guardian:SentryBeam","Guardian:Harden","Guardian:BronzeOrb+1","Guardian:PiercingHide","Guardian:Gem_Synthetic","Guardian:Gem_Green"],"relics":["Guardian:ModeShifter","downfall:HeartsMalice","Guardian:PickAxe","downfall:HeartBlessingRed","Mummified Hand","Guardian:DefensiveModeMoreBlock","hexamod:BolsterEngine","Coffee Dripper","Boot","downfall:HeartBlessingBlue","Happy Flower","Pandora\u0027s Box","Regal Pillow","hexamod:Sixitude","Juzu Bracelet","Guardian:StasisCodex","downfall:GremlinWheel","downfall:HeartBlessingGreen","hexamod:CandleOfCauterizing","Guardian:StasisUpgradeRelic","HornCleat"],"acts_visited":["Exordium","TheCity","TheBeyond","TheEnding"],"potions_floor_usage":[46,48,50],"damage_taken":[{"damage":0.0,"enemies":"Cultist","floor":2.0,"turns":1.0},{"damage":0.0,"enemies":"Cultist","floor":3.0,"turns":1.0},{"damage":0.0,"enemies":"2 Louse","floor":4.0,"turns":1.0},{"damage":11.0,"enemies":"Jaw Worm","floor":5.0,"turns":5.0},{"damage":6.0,"enemies":"Exordium Thugs","floor":9.0,"turns":3.0},{"damage":7.0,"enemies":"3 Louse","floor":10.0,"turns":4.0},{"damage":10.0,"enemies":"3 Sentries","floor":11.0,"turns":7.0},{"damage":13.0,"enemies":"Gremlin Nob","floor":13.0,"turns":4.0},{"damage":5.0,"enemies":"downfall:FleeingMerchant","floor":14.0,"turns":4.0},{"damage":0.0,"enemies":"2 Fungi Beasts","floor":15.0,"turns":3.0},{"damage":5.0,"enemies":"IC_STATUS_ARCHETYPE","floor":16.0,"turns":7.0},{"damage":0.0,"enemies":"3 Byrds","floor":19.0,"turns":3.0},{"damage":9.0,"enemies":"downfall:FleeingMerchant","floor":21.0,"turns":4.0},{"damage":3.0,"enemies":"Chosen","floor":22.0,"turns":4.0},{"damage":0.0,"enemies":"Snecko","floor":25.0,"turns":4.0},{"damage":10.0,"enemies":"Book of Stabbing","floor":26.0,"turns":4.0},{"damage":0.0,"enemies":"Centurion and Healer","floor":27.0,"turns":5.0},{"damage":5.0,"enemies":"Gremlin Leader","floor":29.0,"turns":4.0},{"damage":5.0,"enemies":"Snake Plant","floor":30.0,"turns":4.0},{"damage":0.0,"enemies":"Chosen and Byrds","floor":31.0,"turns":4.0},{"damage":0.0,"enemies":"Shelled Parasite and Fungi","floor":32.0,"turns":4.0},{"damage":2.0,"enemies":"SI_MIRROR_ARCHETYPE","floor":33.0,"turns":5.0},{"damage":0.0,"enemies":"Orb Walker","floor":36.0,"turns":3.0},{"damage":0.0,"enemies":"3 Shapes","floor":37.0,"turns":1.0},{"damage":0.0,"enemies":"Sphere and 2 Shapes","floor":38.0,"turns":3.0},{"damage":13.0,"enemies":"3 Darklings","floor":39.0,"turns":5.0},{"damage":4.0,"enemies":"Transient","floor":40.0,"turns":5.0},{"damage":0.0,"enemies":"Transient","floor":42.0,"turns":4.0},{"damage":3,"enemies":"Giant Head","floor":43,"turns":6},{"damage":0,"enemies":"Nemesis","floor":45,"turns":3},{"damage":0,"enemies":"Nemesis","floor":46,"turns":2},{"damage":0,"enemies":"downfall:FleeingMerchant","floor":48,"turns":4},{"damage":0,"enemies":"Sphere and 2 Shapes","floor":49,"turns":4},{"damage":0,"enemies":"WA_ARCHETYPE_DIVINITY","floor":50,"turns":6},{"damage":54,"enemies":"downfall:CharBossMerchant","floor":52,"turns":7},{"damage":48,"enemies":"downfall:NeowBoss","floor":55,"turns":14}],"seed_played":"-4998175779049486941","potions_obtained":[{"floor":9.0,"key":"sneckomod:MuddlingPotion"},{"floor":15.0,"key":"FearPotion"},{"floor":19.0,"key":"FearPotion"},{"floor":22.0,"key":"Swift Potion"},{"floor":27.0,"key":"LiquidMemories"},{"floor":33.0,"key":"Slimebound:ThreeZeroPotion"},{"floor":36.0,"key":"bronze:BurnAndBuffPotion"},{"floor":49,"key":"CultistPotion"},{"floor":52,"key":"Guardian:StasisDiscoveryPotion"}],"is_trial":false,"path_per_floor":["R","M","?","M","M","R","T","?","M","M","E","R","E","$","M","B",null,"R","M","?","$","M","?","T","M","E","M","R","E","M","M","M","B",null,"R","M","M","M","M","M","T","?","E","?","E","?","R","$","M","B",null,"E","$","R","B"],"character_chosen":"GUARDIAN","items_purchased":["hexamod:BolsterEngine","Guardian:Gem_Cyan","Guardian:PiercingHide","hexamod:CandleOfCauterizing","Guardian:Gem_Synthetic","Guardian:StasisUpgradeRelic","Guardian:Gem_Crimson","Guardian:Gem_Green"],"campfire_rested":0,"item_purchase_floors":[14,21,21,48,48,48,53,53],"current_hp_per_floor":[72,72,72,72,61,61,61,61,55,48,38,38,25,20,20,15,64,64,64,64,55,52,52,52,52,42,42,52,47,42,42,42,40,78,78,78,78,78,65,61,61,61,58,58,58,58,58,58,58,58,82,28,28,28,0,0,0],"gold":39,"neow_bonus":"THREE_ENEMY_KILL","is_daily":false,"chose_seed":false,"campfire_upgraded":7,"win_rate":0.0,"timestamp":1611391748,"path_taken":["R","M","?","M","M","R","T","?","M","M","E","R","E","$","M","BOSS","R","M","?","$","M","?","T","M","E","M","R","E","?","M","M","BOSS","R","M","M","M","M","M","T","?","E","?","E","?","R","$","M","BOSS","E","$","R","BOSS"],"items_purchased_type":["Relic","Card","Card","Relic","Card","Relic","Card","Card"],"build_version":"2020-12-22","purchased_purges":2,"victory":false,"max_hp_per_floor":[80,80,80,80,80,80,80,80,80,80,80,80,80,80,80,80,80,80,80,80,80,80,80,80,80,80,80,90,90,90,90,90,90,90,90,90,90,90,90,90,90,90,90,90,90,90,90,90,90,90,90,90,90,90,90,90,90],"relic_stats":{"Regal Pillow":0,"Happy Flower":[28],"counters":[36,147],"Mummified Hand":[132],"Pandora\u0027s Box":["Guardian:PrismaticBeam","Guardian:TimeSifter","Guardian:RevengeProtocol","Guardian:RefractedBeam","Guardian:SentryBeam","Guardian:Harden"],"Juzu Bracelet":1,"Boot":[67],"obtain_stats":[{"Guardian:DefensiveModeMoreBlock":13,"Regal Pillow":41,"hexamod:CandleOfCauterizing":48,"downfall:HeartBlessingRed":6,"Happy Flower":29,"Guardian:ModeShifter":0,"hexamod:Sixitude":42,"downfall:HeartsMalice":0,"Guardian:StasisCodex":45,"downfall:HeartBlessingGreen":47,"Juzu Bracelet":43,"Whetstone":7,"Boot":26,"Guardian:PickAxe":3,"Guardian:StasisUpgradeRelic":48,"downfall:GremlinWheel":46,"HornCleat":52,"Mummified Hand":11,"downfall:HeartBlessingBlue":28,"Pandora\u0027s Box":34,"Coffee Dripper":17,"hexamod:BolsterEngine":14},{"Guardian:DefensiveModeMoreBlock":8,"Regal Pillow":27,"hexamod:CandleOfCauterizing":32,"downfall:HeartBlessingRed":4,"Happy Flower":18,"Guardian:ModeShifter":0,"hexamod:Sixitude":28,"downfall:HeartsMalice":0,"Guardian:StasisCodex":30,"downfall:HeartBlessingGreen":31,"Juzu Bracelet":29,"Whetstone":4,"Boot":16,"Guardian:PickAxe":2,"Guardian:StasisUpgradeRelic":32,"downfall:GremlinWheel":31,"HornCleat":35,"Mummified Hand":7,"downfall:HeartBlessingBlue":17,"Pandora\u0027s Box":22,"Coffee Dripper":11,"hexamod:BolsterEngine":9},{"Guardian:DefensiveModeMoreBlock":23,"Regal Pillow":98,"hexamod:CandleOfCauterizing":117,"downfall:HeartBlessingRed":5,"Happy Flower":65,"Guardian:ModeShifter":0,"hexamod:Sixitude":102,"downfall:HeartsMalice":0,"Guardian:StasisCodex":111,"downfall:HeartBlessingGreen":113,"Juzu Bracelet":108,"Whetstone":5,"Boot":56,"Guardian:PickAxe":0,"Guardian:StasisUpgradeRelic":117,"downfall:GremlinWheel":113,"HornCleat":133,"Mummified Hand":19,"downfall:HeartBlessingBlue":61,"Pandora\u0027s Box":81,"Coffee Dripper":37,"hexamod:BolsterEngine":27}]},"card_choices":[{"not_picked":["Guardian:TemporalShield","Guardian:SpikerProtocol"],"picked":"Guardian:Suspension","floor":2.0},{"not_picked":["Guardian:CrystalBeam","Guardian:Suspension"],"picked":"Guardian:SentryBeam","floor":4.0},{"not_picked":["Guardian:TimeBomb","Guardian:ChargeCore","Guardian:TemporalShield"],"picked":"SKIP","floor":5.0},{"not_picked":["Guardian:BronzeOrb","Guardian:PrimingBeam"],"picked":"Guardian:Gem_Lightblue","floor":9.0},{"not_picked":["Guardian:DonusPower","Guardian:TemporalShield"],"picked":"Guardian:Incinerate","floor":10.0},{"not_picked":["Guardian:Reroute","Guardian:WalkerClaw"],"picked":"Guardian:ArmoredProtocol","floor":11.0},{"not_picked":["Guardian:StasisField","Guardian:PolyBeam"],"picked":"Guardian:FloatingOrbs","floor":13.0},{"not_picked":["Guardian:VentSteam","Guardian:ShieldCharger"],"picked":"Guardian:SentryBeam","floor":14.0},{"not_picked":["Guardian:TimeBomb","Guardian:Suspension","Guardian:Recover"],"picked":"SKIP","floor":15.0},{"not_picked":["Guardian:StasisField","Guardian:GatlingBeam"],"picked":"Guardian:CompilePackage","floor":16.0},{"not_picked":["Guardian:PrimingBeam+1","Guardian:PolyBeam"],"picked":"Guardian:Gem_Lightblue","floor":19.0},{"not_picked":["Guardian:Planning","Guardian:Reroute"],"picked":"Guardian:VentSteam","floor":21.0},{"not_picked":["Guardian:Suspension+1","Guardian:RollAttack"],"picked":"Guardian:Gem_Crimson","floor":22.0},{"not_picked":["Guardian:MultiBeam","Guardian:RollAttack"],"picked":"Guardian:Harden","floor":25.0},{"not_picked":["Guardian:DecasProtection","Guardian:StasisEngine"],"picked":"Guardian:Gem_Yellow","floor":26.0},{"not_picked":["Guardian:ChargeCore+1","Guardian:Gem_Yellow"],"picked":"Guardian:BodySlam+1","floor":27.0},{"not_picked":["Guardian:ArmoredProtocol","Guardian:VentSteam"],"picked":"Guardian:TimeCapacitor","floor":29.0},{"not_picked":["Guardian:Planning","Guardian:TemporalShield+1"],"picked":"Guardian:DecasProtection","floor":30.0},{"not_picked":["Guardian:VentSteam+1","Guardian:TemporalShield"],"picked":"Guardian:TimeSifter","floor":31.0},{"not_picked":["Guardian:RollAttack","Guardian:Repulse"],"picked":"Guardian:Gem_Cyan","floor":32.0},{"not_picked":["Guardian:Incinerate+1","Guardian:RollAttack"],"picked":"Guardian:Gem_Green","floor":36.0},{"not_picked":["Guardian:Gem_Green","Guardian:ArmoredProtocol","Guardian:ShieldCharger"],"picked":"SKIP","floor":37.0},{"not_picked":["Guardian:Clone","Guardian:Recover+1","Guardian:TimeBomb+1"],"picked":"SKIP","floor":38.0},{"not_picked":["Guardian:PrismaticBeam","Guardian:VentSteam+1"],"picked":"Guardian:BronzeOrb+1","floor":39.0},{"not_picked":["Guardian:RollAttack+1","Guardian:PrimingBeam+1","Guardian:Gem_Green"],"picked":"SKIP","floor":40.0},{"not_picked":["Guardian:MultiBeam","Guardian:CrystalBeam+1"],"picked":"Guardian:PiercingHide","floor":42},{"not_picked":["Guardian:PrimingBeam","Guardian:BronzeOrb+1","Guardian:Orbwalk"],"picked":"SKIP","floor":43},{"not_picked":["Guardian:Gem_Cyan","Guardian:Gem_Lightblue"],"picked":"Guardian:Gem_Crimson","floor":45},{"not_picked":["Guardian:GemFire","Guardian:Gem_Green"],"picked":"Guardian:Gem_Cyan","floor":48},{"not_picked":["Guardian:Gem_Red","Guardian:Preprogram","Guardian:TimeCapacitor+1"],"picked":"SKIP","floor":49},{"not_picked":["Guardian:Gem_Green","Guardian:TemporalStrike","Guardian:Reroute+1"],"picked":"SKIP","floor":52}],"player_experience":916607,"relics_obtained":[{"floor":7.0,"key":"Whetstone"},{"floor":11.0,"key":"Mummified Hand"},{"floor":13.0,"key":"Guardian:DefensiveModeMoreBlock"},{"floor":26.0,"key":"Boot"},{"floor":29.0,"key":"Happy Flower"},{"floor":41.0,"key":"Regal Pillow"},{"floor":42,"key":"hexamod:Sixitude"},{"floor":43,"key":"Juzu Bracelet"},{"floor":45,"key":"Guardian:StasisCodex"},{"floor":46,"key":"downfall:GremlinWheel"},{"floor":52,"key":"HornCleat"}],"event_choices":[{"damage_healed":0.0,"max_hp_gain":0.0,"max_hp_loss":0.0,"gold_gain":0.0,"event_name":"The Library","player_choice":"Read","floor":20.0,"gold_loss":0.0,"damage_taken":0.0,"cards_obtained":["Guardian:PrismaticBarrier"]},{"damage_healed":0,"gold_gain":0,"player_choice":"Read","damage_taken":0,"max_hp_gain":0,"max_hp_loss":0,"event_name":"The Library","floor":42,"gold_loss":0,"cards_obtained":["Guardian:Gem_Cyan"]}],"is_beta":false,"boss_relics":[{"not_picked":["Calling Bell","Guardian:ModeShifterPlus"],"picked":"Coffee Dripper"},{"not_picked":["Runic Pyramid","Busted Crown"],"picked":"Pandora\u0027s Box"}],"items_purged_floors":[14,48],"is_endless":false,"potions_floor_spawned":[3,9,15,19,22,25,27,31,33,36,42,43,45,49,52],"killed_by":"downfall:NeowBoss","ascension_level":6}}