{"host":"yo9wwslrag05lh37","time":1611371688,"event":{"mods":["AchievementEnabler","BaseMod","Colored Map","Colored Powertips","GifTheSpireLib","HexUI Lib","Highlight Path","Minty Spire (QoL Compilation)","Rare Cards Sparkle","Relic Stats","StSLib","everything is the same but u backflip on backflip"],"gold_per_floor":[115,115,115,135,148,179,179,189,189,189,205,239,1,20,20,124,124,136,136,136],"floor_reached":19,"language":"ENG","playtime":1426,"items_purged":["Strike_B"],"score":224,"play_id":"3c17428f-b8d7-4cc7-aadc-7ca588461174","local_time":"20210123041448","is_ascension_mode":true,"campfire_choices":[{"data":"Sunder","floor":7,"key":"SMITH"},{"data":"Coolheaded","floor":10,"key":"SMITH"},{"floor":15,"key":"REST"}],"circlet_count":0,"master_deck":["Strike_B","Strike_B","Defend_B","Defend_B","Zap","Dualcast","Sunder+1","Glacier","Doom and Gloom","Coolheaded+1","Compile Driver","Conserve Battery+1","Leap+1","Enlightenment+1","Loop","Loop","Meteor Strike","Capacitor+1","Genetic Algorithm+1","Multi-Cast+1","Genetic Algorithm+1"],"relics":["Cracked Core","NeowsBlessing","Sundial","Toxic Egg 2","StrikeDummy","Astrolabe"],"acts_visited":["Exordium","TheCity"],"potions_floor_usage":[6,12],"damage_taken":[{"damage":0,"enemies":"2 Louse","floor":1,"turns":1},{"damage":0,"enemies":"Cultist","floor":4,"turns":1},{"damage":0,"enemies":"Jaw Worm","floor":5,"turns":1},{"damage":24,"enemies":"Lagavulin","floor":6,"turns":6},{"damage":0,"enemies":"2 Fungi Beasts","floor":8,"turns":2},{"damage":12,"enemies":"Lots of Slimes","floor":11,"turns":6},{"damage":6,"enemies":"Gremlin Nob","floor":12,"turns":4},{"damage":0,"enemies":"Blue Slaver","floor":14,"turns":2},{"damage":11,"enemies":"The Guardian","floor":16,"turns":10},{"damage":26,"enemies":"Spheric Guardian","floor":18,"turns":7},{"damage":40,"enemies":"3 Byrds","floor":19,"turns":3}],"seed_played":"8763378682344278887","potions_obtained":[{"floor":1,"key":"PowerPotion"},{"floor":5,"key":"DuplicationPotion"},{"floor":6,"key":"PowerPotion"},{"floor":16,"key":"FocusPotion"}],"is_trial":false,"path_per_floor":["M","?","?","M","M","E","R","M","T","R","M","E","$","M","R","B",null,"M","M"],"character_chosen":"DEFECT","items_purchased":["Enlightenment+1","Loop"],"campfire_rested":1,"item_purchase_floors":[13,13],"current_hp_per_floor":[75,75,68,68,68,44,44,44,44,44,32,26,26,26,48,37,66,40,0,0],"gold":136,"neow_bonus":"THREE_ENEMY_KILL","is_daily":false,"chose_seed":false,"campfire_upgraded":2,"win_rate":0.0,"timestamp":1611371688,"path_taken":["M","?","?","?","M","E","R","M","T","R","M","E","$","M","R","BOSS","M","M"],"items_purchased_type":["Card","Card"],"build_version":"2020-12-22","purchased_purges":1,"victory":false,"max_hp_per_floor":[75,75,75,75,75,75,75,75,75,75,75,75,75,75,75,75,75,75,75,75],"relic_stats":{"counters":[11,43],"Sundial":[4],"Astrolabe":["Capacitor","Genetic Algorithm","Multi-Cast"],"obtain_stats":[{"NeowsBlessing":0,"Sundial":6,"Astrolabe":17,"Toxic Egg 2":9,"Cracked Core":0,"StrikeDummy":12},{"NeowsBlessing":0,"Sundial":4,"Astrolabe":9,"Toxic Egg 2":5,"Cracked Core":0,"StrikeDummy":7},{"NeowsBlessing":0,"Sundial":9,"Astrolabe":33,"Toxic Egg 2":11,"Cracked Core":0,"StrikeDummy":21}]},"card_choices":[{"not_picked":["Leap","Chill"],"picked":"Sunder","floor":1},{"not_picked":["Go for the Eyes","Compile Driver"],"picked":"Glacier","floor":4},{"not_picked":["Cold Snap","Go for the Eyes"],"picked":"Doom and Gloom","floor":5},{"not_picked":["Hyperbeam","Auto Shields"],"picked":"Coolheaded","floor":6},{"not_picked":["Leap","Go for the Eyes"],"picked":"Compile Driver","floor":8},{"not_picked":["Streamline","Steam+1"],"picked":"Conserve Battery+1","floor":11},{"not_picked":["Barrage","Streamline"],"picked":"Leap+1","floor":12},{"not_picked":["Go for the Eyes","Gash"],"picked":"Loop","floor":14},{"not_picked":["Reboot+1","Thunder Strike"],"picked":"Meteor Strike","floor":16},{"not_picked":["Doom and Gloom","Recycle+1"],"picked":"Genetic Algorithm+1","floor":18}],"player_experience":1520668,"relics_obtained":[{"floor":6,"key":"Sundial"},{"floor":9,"key":"Toxic Egg 2"},{"floor":12,"key":"StrikeDummy"}],"event_choices":[{"damage_healed":0,"gold_gain":0,"player_choice":"Ignored","damage_taken":0,"max_hp_gain":0,"max_hp_loss":0,"event_name":"Liars Game","floor":2,"gold_loss":0},{"damage_healed":0,"gold_gain":0,"player_choice":"Damaged","damage_taken":7,"max_hp_gain":0,"max_hp_loss":0,"event_name":"Wheel of Change","floor":3,"gold_loss":0}],"is_beta":false,"boss_relics":[{"not_picked":["Nuclear Battery","Runic Dome"],"picked":"Astrolabe"}],"items_purged_floors":[13],"is_endless":false,"potions_floor_spawned":[1,5,6,16],"killed_by":"3 Byrds","ascension_level":5}}