{"host":"3ghjvsatr2fxka2l","time":1611381113,"event":{"mods":["2.2 Compatiblity","A Penny For Your Troubles","AchievementEnabler","Act Like it!","Aspiration","BaseMod","Better Third Choice","Better Vampires","BetterRewards","Clawfect","Colored Powertips","Conspire","Curses Come First","Dark Map","Defuse TimeMaze Blight","Displayed Cursed Tome","Energized Spire","Evolution","Gold Saver","Grow up Mod","Hallownest","Hubris","Infinite Spire","Ironclad Rager","Marisa????????","Marked Mod","Minty Spire (QoL Compilation)","Permanent Neow","Poor People Problems","Quick Restart","Replay The Spire","Robot Space Explorer","SacredBarkPlus","Spire Arcade","StS++","StSLib","The Blue Laboratory","The Bug Knight","The Cursed","The Servant 0.9.4","Transform Curses","Uncapped","Waifu the Spire","Wandering Minibosses","Wide Potions","vexMod","??????REMEMod"],"gold_per_floor":[116,116,191,222,222,256,256,290,314,377,404,439,451,451,451,554,554,566,566,591,605,200,200,200,16,16,49,80,109,139,139,139,237,237,251,89,104,323,400,427,461,489,516,516,491,516,528,540,552,565,577,603,615,636,648,660,695,786,796,808,820,832,844,856,868,880,977,989,1007,1019,1031,1052,668,712,686,686,737,737,999,1029,979,979,979,1116,1116,1140,680,715,715,715,770,770,599,624,669,669,759,759,759,809,928,1028,1045,1064,998,1007,1007,1007,1007,1007,1052,1092,1092,1092,1092],"floor_reached":114,"language":"ENG","playtime":4181,"items_purged":["TheCursedMod:Strike_TheCursed","TheCursedMod:Defend_TheCursed","TheCursedMod:Strike_TheCursed"],"score":2815,"play_id":"e2fd1a3f-4085-481a-95ed-a26c16b3ab24","local_time":"20210122215153","daily_mods":["Specialized","Vintage","Colorless Cards","Heirloom","Time Dilation","Flight","Elite Swarm"],"is_ascension_mode":true,"campfire_choices":[{"data":"TheCursedMod:Stigma","floor":7.0,"key":"SMITH"},{"data":"StSpp:Fierceness","floor":44.0,"key":"SMITH"},{"floor":49.0,"key":"DIG"},{"data":"Madness","floor":62.0,"key":"SMITH"},{"data":"Madness","floor":63.0,"key":"SMITH"},{"data":"REME_MagicPocketWatch","floor":66.0,"key":"SMITH"},{"data":"Dramatic Entrance","floor":76.0,"key":"SMITH"},{"floor":83.0,"key":"DIG"},{"data":"Dramatic Entrance","floor":92.0,"key":"SMITH"},{"data":"Dramatic Entrance","floor":100.0,"key":"SMITH"},{"data":"Hallownest:skillGreenpathMap","floor":108.0,"key":"SMITH"},{"data":"infinitespire:FutureSight","floor":109.0,"key":"SMITH"}],"circlet_count":1,"master_deck":["TheCursedMod:Strike_TheCursed","TheCursedMod:Defend_TheCursed+1","TheCursedMod:Defend_TheCursed","TheCursedMod:CursedWand","TheCursedMod:CleanUpWorkshop","TheCursedMod:Dregs","Dramatic Entrance+1","Dramatic Entrance+1","Dramatic Entrance+1","Dramatic Entrance","Dramatic Entrance+1","StSpp:Fierceness+1","Injury","TheCursedMod:Stigma+1","REME_MagicPocketWatch+1","TheCursedMod:CursedRelics+1","TheCursedMod:DemonicPact+1","TheCursedMod:DemonSword","REME_MawOfCthun+1","infinitespire:Gouge+1","TheCursedMod:Hemoplague+1","Mayhem+1","REME_HeartOfCthun","TheCursedMod:StunningStrike+1","Mayhem+1","hubris:EnhanceAbility+1","TheCursedMod:HellfireBreathing+1","TheCursedMod:OutForBlood+1","TheCursedMod:HellfireBreathing+1","TheCursedMod:HellfireBreathing+1","Sadistic Nature+1","REME_EyeOfCthun+1","ReplayUltimateDefense+1","Madness+1","Madness+1","Mayhem+1","Crow Ritual+1","infinitespire:FutureSight+1","TheCursedMod:OutForBlood+1","TheCursedMod:ManaCirculation+1","TheCursedMod:VoidForm+1","TheCursedMod:ManaCirculation+1","TheCursedMod:Hemoplague+1","REME_BodyOfCthun","Hallownest:skillGreenpathMap+1","infinitespire:UltimateForm+1","ReplayUltimateDefense+1"],"relics":["TheCursedMod:BlackMagic101","EVO:Axolotl","REME_ComplimentaryCards","Gremlin Horn","Frozen Egg 2","Lantern","aspiration:TomeofQuesting","Circlet","Toy Ornithopter","aspiration:Lifesprig","StSpp:WoodenPendulum","TheCursedMod:BloodyHarpoon","Pantograph","PreservedInsect","Black Star","aspiration:ArtOfWarUpgrade","vexMod:Spyglass","Ice Cream","StSpp:XCola","hubris:KleinBottle","hubris:EvacipatedBox","Bottled Tornado","infinitespire:Lucky Rock","Replay:Rubber Ducky","War Paint","Tiny Chest","Question Card","Anchor","Snack Pack","Bronze Scales","Lizard Tail","Strawberry","Ornamental Fan","TheCursedMod:CrystalBall","StSpp:BrokenTotem","Mirror","ReplayFunnel","conspire:DeflatedDodgeball","GremlinMask","Pen Nib","Happy Flower","Replay:Bottled Eggs","Mummified Hand","Mango","conspire:TopHat","Centennial Puzzle","conspire:GiftBox","Shovel","HollowMod:PaleOreRelic","TheCursedMod:FourLeafCloverCharm","StrikeDummy","ReplayTheSpireMod:CursedCoin","Bottled Flame","Bag of Marbles","Old Coin","REME_HourglassOfDeath","Meat on the Bone","infinitespire:FocusingShard","Pocketwatch","Durian","Boot","MawBank","Singing Bowl","REME_LimitBreaker","hubris:BundleOfHerbs","Orichalcum","Letter Opener","hubris:TinFlute","Matryoshka","aspiration:FrozenJewel","infinitespire:Bottled Soul","Blue Doll","CeramicFish","HornCleat","InkBottle","Hallownest:DreamNailRelic","Akabeko","hubris:Reverence","Garlic","SlaversCollar","Replay:Wax Seal","TheAbacus","aspiration:SeaSaltIceCream","StSpp:GiftCard","Smiling Mask","Du-Vu Doll","StSpp:SailingBoat","hubris:MobiusCoin","Replay:PocketPolymizer","Replay:Bandana","infinitespire:Broken Mirror","Blood Vial","vexMod:TanglingVine","conspire:Boomerang","Replay:WaspNest","Guide Book","Hallownest:HeavyBlowRelic","Ginger","vexMod:FocusSash","Counterbalance","Oddly Smooth Stone","Potion Belt","hubris:Towel","vexMod:ScavengeHelm","infinitespire:Golems Mask","Hallownest:KingsIdolRelic","Replay:Wanted Poster","Darkstone Periapt","aspiration:ChemicalBlood","Replay:Bottled Flurry","Whetstone","hubris:MedicalManual","Regal Pillow"],"acts_visited":["Exordium","TheCity","TheBeyond","TheBeyond","Hallownest:Greenpath","Hallownest:CityofTears","Hallownest:KingdomsEdge"],"potions_floor_usage":[],"damage_taken":[{"damage":0.0,"enemies":"Jaw Worm","floor":1.0,"turns":1.0},{"damage":0.0,"enemies":"conspire:MimicChest","floor":4.0,"turns":1.0},{"damage":16.0,"enemies":"Lagavulin","floor":6.0,"turns":4.0},{"damage":0.0,"enemies":"3 Sentries","floor":8.0,"turns":1.0},{"damage":20.0,"enemies":"HollowMod:MossKnight","floor":10.0,"turns":4.0},{"damage":28.0,"enemies":"Lagavulin","floor":11.0,"turns":4.0},{"damage":0.0,"enemies":"3 Sentries","floor":12.0,"turns":1.0},{"damage":0.0,"enemies":"Small Slimes","floor":13.0,"turns":1.0},{"damage":4.0,"enemies":"Fading Forest","floor":16.0,"turns":11.0},{"damage":0.0,"enemies":"Shell Parasite","floor":18.0,"turns":1.0},{"damage":0.0,"enemies":"2 Thieves","floor":21.0,"turns":1.0},{"damage":0.0,"enemies":"REME_1_Revenger","floor":27.0,"turns":2.0},{"damage":0.0,"enemies":"conspire:Head Lice","floor":28.0,"turns":2.0},{"damage":0.0,"enemies":"REME_1_Revenger","floor":29.0,"turns":1.0},{"damage":0.0,"enemies":"Nightmare","floor":30.0,"turns":3.0},{"damage":0.0,"enemies":"hubris:MusketHawk","floor":33.0,"turns":1.0},{"damage":1.0,"enemies":"3 Shapes","floor":35.0,"turns":1.0},{"damage":0.0,"enemies":"3 Darklings","floor":37.0,"turns":1.0},{"damage":1.0,"enemies":"Nightmare","floor":40.0,"turns":3.0},{"damage":0.0,"enemies":"Giant Head","floor":41.0,"turns":3.0},{"damage":0.0,"enemies":"Reptomancer","floor":42.0,"turns":1.0},{"damage":0.0,"enemies":"Giant Head","floor":46.0,"turns":3.0},{"damage":0.0,"enemies":"Time Eater","floor":50.0,"turns":4.0},{"damage":0.0,"enemies":"Hallownest:monsterHuskWarrior","floor":52.0,"turns":1.0},{"damage":0.0,"enemies":"Hallownest:2_Baldur","floor":54.0,"turns":1.0},{"damage":0.0,"enemies":"Hallownest:eliteMossKnight","floor":57.0,"turns":1.0},{"damage":0.0,"enemies":"Nightmare","floor":59.0,"turns":4.0},{"damage":0.0,"enemies":"Hallownest:BossHornet","floor":67.0,"turns":4.0},{"damage":0.0,"enemies":"Hallownest:2_Mistakes","floor":69.0,"turns":1.0},{"damage":0.0,"enemies":"Nightmare","floor":74.0,"turns":1.0},{"damage":0.0,"enemies":"Hallownest:eliteWatcherKnight","floor":75.0,"turns":6.0},{"damage":0.0,"enemies":"Hallownest:Nosk","floor":80.0,"turns":1.0},{"damage":0.0,"enemies":"Hallownest:BossMantisLord","floor":84.0,"turns":1.0},{"damage":0.0,"enemies":"Hallownest:Shield_Heavy","floor":86.0,"turns":1.0},{"damage":0.0,"enemies":"Hallownest:2_Littles","floor":88.0,"turns":1.0},{"damage":0.0,"enemies":"Nightmare","floor":91.0,"turns":2.0},{"damage":0.0,"enemies":"Hallownest:StalkingDevout","floor":95.0,"turns":1.0},{"damage":0.0,"enemies":"Hallownest:eliteCollector","floor":97.0,"turns":1.0},{"damage":0.0,"enemies":"Hallownest:BossHollowKnight","floor":101.0,"turns":5.0},{"damage":0.0,"enemies":"Hallownest:2_Baldur","floor":103.0,"turns":1.0},{"damage":0.0,"enemies":"Hallownest:monsterHuskWarrior","floor":104.0,"turns":1.0},{"damage":0.0,"enemies":"Hallownest:eliteCrystalGuardian","floor":112.0,"turns":1.0},{"damage":0,"enemies":"Nightmare","floor":114,"turns":1}],"seed_played":"-3025085088512598123","potions_obtained":[{"floor":1.0,"key":"EntropicBrew"},{"floor":30.0,"key":"PowerPotion"},{"floor":46.0,"key":"Elixir"},{"floor":74.0,"key":"Regen Potion"},{"floor":84.0,"key":"PowerPotion"}],"is_trial":true,"path_per_floor":["M","?","?","?","?","E","R","E","T","E","E","E","M","?","R","B",null,"M","$","T","M","$","R","?","$","T","E","E","E","NM","?","R","B",null,"M","$","M","?","T","NM","E","E","T","R","?","E","?","?","R","B",null,"M","?","M","AVR","?","E","T","NM","T","?","R","R","T","?","R","B",null,"M","?","T","AVR","$","NM","E","R","T","?","?","E","$","T","R","B",null,"M","$","M","?","T","NM","R","$","T","E","?","E","?","?","R","B",null,"M","M","?","?","T","R","R","?","T","E","?","NM"],"character_chosen":"THE_CURSED","items_purchased":["vexMod:Spyglass","Ice Cream","StSpp:XCola","hubris:KleinBottle","hubris:EvacipatedBox","Bottled Tornado","infinitespire:Lucky Rock","Replay:Rubber Ducky","War Paint","Tiny Chest","Question Card","Anchor","Snack Pack","Bronze Scales","Lizard Tail","Strawberry","Ornamental Fan","TheCursedMod:CrystalBall","ReplayFunnel","conspire:DeflatedDodgeball","TheCursedMod:Hemoplague+1","Pen Nib","ReplayTheSpireMod:CursedCoin","Bottled Flame","TheCursedMod:HellfireBreathing+1","Replay:Wax Seal","TheAbacus","aspiration:SeaSaltIceCream","REME_GoldPotion","Replay:WaspNest","Guide Book","Oddly Smooth Stone","TheCursedMod:Hemoplague+1"],"campfire_rested":0,"item_purchase_floors":[19,19,19,19,19,19,19,19,19,19,19,19,19,19,19,19,19,19,22,22,25,25,36,36,36,73,73,73,87,87,87,93,93],"current_hp_per_floor":[95,105,104,114,124,118,128,138,148,143,125,135,145,155,165,221,255,265,21,31,43,53,63,73,83,93,112,140,154,168,178,188,233,446,456,466,476,486,496,505,516,531,541,551,561,571,581,518,528,579,621,631,641,651,661,671,681,691,703,713,723,733,743,753,763,773,785,795,805,815,825,835,845,855,867,877,887,897,907,917,927,937,947,957,967,977,987,997,1007,1017,1027,1037,1047,1057,1069,1079,1091,1101,1107,1117,1131,1141,1151,1161,1171,884,894,904,914,924,934,948,1082,1082,1082],"gold":1092,"neow_bonus":"","is_daily":false,"chose_seed":false,"campfire_upgraded":10,"win_rate":0.0,"timestamp":1611381113,"path_taken":["M","?","?","?","?","E","R","E","T","E","E","E","?","?","R","BOSS","M","?","?","?","?","R","?","$","T","E","E","E","NM","?","R","BOSS","M","$","M","?","?","NM","E","E","T","R","?","E","?","?","R","BOSS","M","?","M","AVR","?","E","?","NM","T","?","R","R","?","?","R","BOSS","M","?","?","AVR","$","NM","E","R","T","?","?","E","$","?","R","BOSS","M","$","M","?","?","NM","R","?","T","E","?","E","?","?","R","BOSS","M","?","?","?","?","R","R","?","T","E","?","NM"],"items_purchased_type":["Relic","Relic","Relic","Relic","Relic","Relic","Relic","Relic","Relic","Relic","Relic","Relic","Relic","Relic","Relic","Relic","Relic","Relic","Relic","Relic","Card","Relic","Relic","Relic","Card","Relic","Relic","Relic","Potion","Relic","Relic","Relic","Card"],"build_version":"2020-12-22","purchased_purges":3,"victory":false,"max_hp_per_floor":[95,105,115,125,135,145,155,165,175,185,195,205,215,225,235,245,255,265,282,292,302,312,322,332,342,352,362,386,396,406,416,426,436,446,456,466,476,486,496,506,516,531,541,551,561,571,581,591,601,611,621,631,641,651,661,671,681,691,703,713,723,733,743,753,763,773,785,795,805,815,825,835,845,855,867,877,887,897,907,917,927,937,947,957,967,977,987,997,1007,1017,1027,1037,1047,1057,1069,1079,1091,1101,1111,1121,1131,1141,1151,1161,1171,1181,1191,1201,1211,1221,1231,1241,1251,1251,1251],"card_choices":[{"not_picked":["Replay:Parry","TheCursedMod:CursedSpellbook"],"picked":"TheCursedMod:Stigma","floor":4.0},{"not_picked":["TheCursedMod:DarkBarrier","vexMod:StairwayStrike","TheCursedMod:AntiAging"],"picked":"SKIP","floor":6.0},{"not_picked":["TheCursedMod:CollectTribute+1","TheCursedMod:NeowsMight"],"picked":"TheCursedMod:CursedRelics","floor":8.0},{"not_picked":["ReplayTheSpireMod:Brewmster+1","TheCursedMod:StunningStrike","REME_ProfessionalPlagiarism"],"picked":"SKIP","floor":10.0},{"not_picked":["TheCursedMod:AntiAging","TheCursedMod:DemonSword","Panache+1","TheCursedMod:NeowsMight"],"picked":"TheCursedMod:DemonicPact+1","floor":11.0},{"not_picked":["TheCursedMod:Neurasthenia","StSpp:MakeshiftWeapon","TheCursedMod:ParallelWorld","Poisoned Strike"],"picked":"TheCursedMod:DemonSword","floor":12.0},{"not_picked":["TheCursedMod:ParallelWorld","The Bomb","ReplayTheSpireMod:Necrogeddon","Replay:Dark Deal"],"picked":"REME_MawOfCthun","floor":16.0},{"not_picked":["hubris:Fate","Replay:Fractal Strike"],"picked":"infinitespire:Gouge","floor":19.0},{"not_picked":["Poisoned Strike","TheCursedMod:Neurasthenia","TheCursedMod:CursedRelics","Secret Technique","TheCursedMod:ParallelWorld"],"picked":"Mayhem+1","floor":27.0},{"not_picked":["Apotheosis","TheCursedMod:ManaCirculation+1","Poisoned Strike","REME_BuildACard","StSpp:Cataclysm"],"picked":"REME_HeartOfCthun","floor":28.0},{"not_picked":["Transmutation","Master of Strategy","StSpp:MakeshiftWeapon"],"picked":"TheCursedMod:StunningStrike","floor":29.0},{"not_picked":["Violence","REME_MawOfCthun","ReplayUltimateDefense+1","TheCursedMod:CollectTribute+1","REME_BuildACard"],"picked":"Mayhem+1","floor":29.0},{"not_picked":["infinitespire:Fortify","infinitespire:FinalStrike"],"picked":"infinitespire:SealOfDarkness+","floor":30.0},{"not_picked":["TheCursedMod:CircleOfAbyss","TheCursedMod:NeowsMight","REME_MawOfCthun","ReplayUltimateDefense+1","The Bomb"],"picked":"hubris:EnhanceAbility+1","floor":30.0},{"not_picked":["Replay:Dark Deal","REME_BuildACard","TheCursedMod:CursedRelics","Violence","REME_AllRoundStrike"],"picked":"TheCursedMod:OutForBlood+1","floor":33.0},{"not_picked":["TheCursedMod:NeowsMight","Apotheosis","Thinking Ahead","TheCursedMod:StunningStrike","REME_BuildACard"],"picked":"Sadistic Nature+1","floor":40.0},{"not_picked":["Transmutation","Secret Weapon","REME_PuzzleBox","Midas Touch","TheCursedMod:NeowsMight","Replay:Dark Deal"],"picked":"SKIP","floor":41.0},{"not_picked":["TheCursedMod:UltimatePain","Panache+1","REME_BattleFury+1","TheCursedMod:CircleOfAbyss","Magnetism+1"],"picked":"REME_EyeOfCthun","floor":42.0},{"not_picked":["Secret Weapon","REME_ProfessionalPlagiarism","TheCursedMod:VoidForm+1","Thinking Ahead","The Bomb"],"picked":"ReplayUltimateDefense+1","floor":46.0},{"not_picked":["ReplayTheSpireMod:Necrogeddon","TheCursedMod:StunningStrike","REME_AllRoundStrike","Metamorphosis","StSpp:MakeshiftWeapon"],"picked":"Mayhem+1","floor":57.0},{"not_picked":["Master of Strategy","Chrysalis","REME_HeartOfCthun","Poisoned Strike","Replay:Dark Deal","TheCursedMod:CircleOfAbyss"],"picked":"Singing Bowl","floor":59.0},{"not_picked":["REME_PuzzleBox","Sadistic Nature+1","Secret Weapon","REME_BuildACard","REME_AllRoundStrike"],"picked":"Crow Ritual+1","floor":67.0},{"not_picked":["infinitespire:Oblivion","ReplayTheSpireMod:Haul","hubris:InfiniteBlow+144"],"picked":"Singing Bowl","floor":67.0},{"not_picked":["infinitespire:TheBestDefense","infinitespire:Starlight"],"picked":"infinitespire:FutureSight","floor":74.0},{"not_picked":["TheCursedMod:ShockAndAwe","REME_WheelOfFate","Poisoned Strike","Midas Touch","TheCursedMod:CircleOfAbyss"],"picked":"TheCursedMod:OutForBlood+1","floor":74.0},{"not_picked":["REME_BattleFury+1","Metamorphosis","vexMod:StairwayStrike","Replay:Dark Deal","TheCursedMod:AntiAging","TheCursedMod:Neurasthenia"],"picked":"Singing Bowl","floor":75.0},{"not_picked":["TheCursedMod:Neurasthenia","Transmutation","Secret Technique","REME_Flogging+1","TheCursedMod:CircleOfAbyss"],"picked":"TheCursedMod:ManaCirculation+1","floor":80.0},{"not_picked":["REME_HeartOfCthun","Secret Technique","TheCursedMod:CircleOfAbyss","Magnetism+1","TheCursedMod:CollectTribute+1"],"picked":"TheCursedMod:VoidForm+1","floor":84.0},{"not_picked":["REME_WheelOfFate","StSpp:MakeshiftWeapon","REME_BattleFury+1","TheCursedMod:NeowsMight","TheCursedMod:StunningStrike"],"picked":"TheCursedMod:ManaCirculation+1","floor":91.0},{"not_picked":["Apotheosis","StSpp:MakeshiftWeapon","TheCursedMod:DemonicPact+1","Master of Strategy","ReplayTheSpireMod:Necrogeddon","Replay:Dark Deal"],"picked":"Singing Bowl","floor":95.0},{"not_picked":["REME_AllRoundStrike","TheCursedMod:DemonicPact+1","TheCursedMod:UltimatePain","Poisoned Strike","Secret Weapon","TheCursedMod:ParallelWorld"],"picked":"Singing Bowl","floor":97.0},{"not_picked":["Thinking Ahead","Violence","Poisoned Strike","TheCursedMod:CollectTribute+1","ReplayTheSpireMod:Brewmster+1"],"picked":"REME_BodyOfCthun","floor":101.0},{"not_picked":["infinitespire:Fortify","Replay:Fractal Strike"],"picked":"infinitespire:UltimateForm","floor":106.0},{"not_picked":["Transmutation","TheCursedMod:DarkBarrier","Chrysalis","Panache+1","Midas Touch"],"picked":"ReplayUltimateDefense+1","floor":112.0}],"player_experience":378631,"relics_obtained":[{"floor":1.0,"key":"Gremlin Horn"},{"floor":4.0,"key":"Lantern"},{"floor":6.0,"key":"aspiration:TomeofQuesting"},{"floor":8.0,"key":"Toy Ornithopter"},{"floor":9.0,"key":"aspiration:Lifesprig"},{"floor":10.0,"key":"StSpp:WoodenPendulum"},{"floor":11.0,"key":"TheCursedMod:BloodyHarpoon"},{"floor":12.0,"key":"Pantograph"},{"floor":13.0,"key":"PreservedInsect"},{"floor":18.0,"key":"Art of War"},{"floor":20.0,"key":"StSpp:BrokenTotem"},{"floor":21.0,"key":"Mirror"},{"floor":26.0,"key":"Happy Flower"},{"floor":27.0,"key":"Replay:Bottled Eggs"},{"floor":27.0,"key":"Mummified Hand"},{"floor":28.0,"key":"Mango"},{"floor":28.0,"key":"conspire:TopHat"},{"floor":29.0,"key":"Centennial Puzzle"},{"floor":29.0,"key":"conspire:GiftBox"},{"floor":30.0,"key":"Shovel"},{"floor":30.0,"key":"HollowMod:PaleOreRelic"},{"floor":35.0,"key":"StrikeDummy"},{"floor":37.0,"key":"Bag of Marbles"},{"floor":39.0,"key":"REME_HourglassOfDeath"},{"floor":40.0,"key":"Gremlin Food"},{"floor":40.0,"key":"Meat on the Bone"},{"floor":41.0,"key":"infinitespire:FocusingShard"},{"floor":41.0,"key":"Pocketwatch"},{"floor":42.0,"key":"Durian"},{"floor":43.0,"key":"Boot"},{"floor":46.0,"key":"MawBank"},{"floor":46.0,"key":"Singing Bowl"},{"floor":49.0,"key":"REME_LimitBreaker"},{"floor":52.0,"key":"hubris:BundleOfHerbs"},{"floor":54.0,"key":"Orichalcum"},{"floor":57.0,"key":"hubris:TinFlute"},{"floor":57.0,"key":"Matryoshka"},{"floor":58.0,"key":"aspiration:FrozenJewel"},{"floor":58.0,"key":"infinitespire:Bottled Soul"},{"floor":59.0,"key":"Blue Doll"},{"floor":59.0,"key":"CeramicFish"},{"floor":60.0,"key":"HornCleat"},{"floor":64.0,"key":"InkBottle"},{"floor":69.0,"key":"Akabeko"},{"floor":71.0,"key":"hubris:Reverence"},{"floor":74.0,"key":"Smiling Mask"},{"floor":74.0,"key":"Du-Vu Doll"},{"floor":75.0,"key":"StSpp:SailingBoat"},{"floor":75.0,"key":"hubris:MobiusCoin"},{"floor":80.0,"key":"Replay:PocketPolymizer"},{"floor":80.0,"key":"Replay:Bandana"},{"floor":82.0,"key":"infinitespire:Broken Mirror"},{"floor":83.0,"key":"Blood Vial"},{"floor":86.0,"key":"conspire:Boomerang"},{"floor":90.0,"key":"Ginger"},{"floor":91.0,"key":"vexMod:FocusSash"},{"floor":91.0,"key":"Counterbalance"},{"floor":94.0,"key":"Potion Belt"},{"floor":97.0,"key":"vexMod:ScavengeHelm"},{"floor":97.0,"key":"infinitespire:Golems Mask"},{"floor":103.0,"key":"Darkstone Periapt"},{"floor":104.0,"key":"aspiration:ChemicalBlood"},{"floor":107.0,"key":"Replay:Bottled Flurry"},{"floor":111.0,"key":"Whetstone"},{"floor":112.0,"key":"hubris:MedicalManual"},{"floor":112.0,"key":"Regal Pillow"}],"event_choices":[{"damage_healed":0.0,"max_hp_gain":0.0,"max_hp_loss":0.0,"gold_gain":75.0,"event_name":"betterThird:BetterGoop","player_choice":"Gold","floor":3.0,"gold_loss":0.0,"damage_taken":11.0},{"damage_healed":0.0,"max_hp_gain":0.0,"max_hp_loss":0.0,"gold_gain":0.0,"cards_transformed":["TheCursedMod:Defend_TheCursed"],"event_name":"Transmorgrifier","player_choice":"Transformed","floor":5.0,"gold_loss":0.0,"damage_taken":0.0,"cards_obtained":["REME_MagicPocketWatch"]},{"cards_removed":["TheCursedMod:Strike_TheCursed"],"damage_healed":0.0,"max_hp_gain":0.0,"max_hp_loss":0.0,"gold_gain":0.0,"event_name":"Purifier","player_choice":"Purged","floor":14.0,"gold_loss":0.0,"damage_taken":0.0},{"damage_healed":0.0,"max_hp_gain":0.0,"max_hp_loss":0.0,"gold_gain":0.0,"event_name":"FaceTrader","player_choice":"Trade","floor":24.0,"gold_loss":0.0,"damage_taken":0.0,"relics_obtained":["GremlinMask"]},{"damage_healed":0.0,"max_hp_gain":0.0,"max_hp_loss":0.0,"gold_gain":0.0,"event_name":"Match and Keep!","player_choice":"1 cards matched","floor":31.0,"gold_loss":0.0,"damage_taken":0.0,"cards_obtained":["TheCursedMod:HellfireBreathing"]},{"damage_healed":0.0,"max_hp_gain":0.0,"max_hp_loss":0.0,"gold_gain":0.0,"event_name":"WeMeetAgain","player_choice":"Paid Gold","floor":38.0,"gold_loss":81.0,"damage_taken":0.0,"relics_obtained":["Old Coin"]},{"cards_removed":["Sickly"],"damage_healed":0.0,"max_hp_gain":0.0,"max_hp_loss":0.0,"gold_gain":0.0,"event_name":"Purifier","player_choice":"Purged","floor":47.0,"gold_loss":0.0,"damage_taken":0.0},{"damage_healed":0.0,"max_hp_gain":0.0,"max_hp_loss":0.0,"gold_gain":0.0,"event_name":"Winding Halls","player_choice":"Embrace Madness","floor":48.0,"gold_loss":0.0,"damage_taken":73.0,"cards_obtained":["Madness","Madness"]},{"damage_healed":0.0,"max_hp_gain":0.0,"max_hp_loss":0.0,"gold_gain":0.0,"event_name":"conspire:Investor","player_choice":"Leave","floor":98.0,"gold_loss":0.0,"damage_taken":0.0}],"is_beta":false,"boss_relics":[{"not_picked":["Astrolabe","hubris:VirtuousBlindfold"],"picked":"Black Star"},{"not_picked":["aspiration:SecretTechniqueScroll","Replay:Ancient Bell","Runic Pyramid"],"picked":"TheCursedMod:FourLeafCloverCharm"},{"not_picked":["vexMod:EndlessSickness","aspiration:FutureDiary","Snecko Heart","vexMod:CursedCompass"]},{"not_picked":["Runic Dome","conspire:SlowCooker","hubris:Stopwatch","Empty Cage"]},{"not_picked":["conspire:RunicOctahedron","Honey Jar","conspire:SeveredTorchhead"],"picked":"vexMod:TanglingVine"},{"not_picked":["Tiny House","infinitespire:Cupcake","ChewingGum"],"picked":"Replay:Wanted Poster"}],"items_purged_floors":[72,81,87],"is_endless":true,"potions_floor_spawned":[1,10,12,16,27,28,30,37,42,46,54,67,74,80,84,88],"killed_by":"Nightmare","ascension_level":1}}