{"host":"kiczkwpc36uxnkg8","time":1611421652,"event":{"mods":["AchievementEnabler","Act Like it!","Aspiration","BaseMod","Better Note","Colored Powertips","Conspire","Defective Defect","Energized Spire","GifTheSpireLib","GungeonMod","Hermit","Hubris","Infinite Spire","Koishi","Marisa????????","Minty Spire (QoL Compilation)","Pale of the Ancients","Permanent Neow","Quick Restart","Relic Filter","Remilia??????","Replay The Spire","Spicy Shops","StSLib","Stuff the Spire","The Animator","The Bug Knight","The Kombatant","Uncapped","Wandering Minibosses"],"gold_per_floor":[109,89,99,114,130,157,157,23,23,41,74,74,109,124,124,226,226,239,258,71,82,82,82],"floor_reached":22,"language":"ENG","playtime":1292,"items_purged":["HollowMod:NailStrikeStart"],"score":291,"play_id":"9c1b17b1-be51-4edf-b605-593f067fcabe","local_time":"20210123170732","is_ascension_mode":true,"campfire_choices":[{"data":"HollowMod:DashSlash","floor":7,"key":"SMITH"},{"floor":15,"key":"REST"}],"circlet_count":0,"master_deck":["HollowMod:NailStrikeStart","HollowMod:NailStrikeStart+1","HollowMod:NailStrikeStart","HollowMod:QuickDashStart","HollowMod:QuickDashStart","HollowMod:QuickDashStart","HollowMod:QuickDashStart","HollowMod:FocusHealStart","HollowMod:PogoStrike","HollowMod:PaleKingsBlessing+1","HollowMod:TaintedHusks+1","HollowMod:DashSlash+1","HollowMod:DashSlash+1","HollowMod:CloakDash","Pride","HollowMod:FallenFury","HollowMod:InfectionAssault","HollowMod:NewLittleFool","HollowMod:HornetsHelp","HollowMod:PaleKingsBlessing","HollowMod:InfectedCysts","HollowMod:InfectionAssault"],"relics":["HollowMod:VesselMask","DemoMod:PoisonVial","Guide Book","Mirror","HollowMod:MillibellesNoteRelic","Bag of Preparation","Black Star","Chemical X"],"acts_visited":["Exordium","TheCity"],"potions_floor_usage":[6,6,6,13,16],"damage_taken":[{"damage":7.0,"enemies":"Jaw Worm","floor":1.0,"turns":5.0},{"damage":13.0,"enemies":"Cultist","floor":3.0,"turns":4.0},{"damage":1.0,"enemies":"Small Slimes","floor":4.0,"turns":3.0},{"damage":12.0,"enemies":"Looter","floor":5.0,"turns":4.0},{"damage":0,"enemies":"Lagavulin","floor":6,"turns":2},{"damage":13,"enemies":"Large Slime","floor":10,"turns":7},{"damage":43,"enemies":"Gremlin Nob","floor":11,"turns":5},{"damage":20,"enemies":"3 Sentries","floor":13,"turns":6},{"damage":17,"enemies":"2 Fungi Beasts","floor":14,"turns":4},{"damage":54,"enemies":"HollowMod:FalseKnight","floor":16,"turns":16},{"damage":34,"enemies":"3 Byrds","floor":18,"turns":9},{"damage":6,"enemies":"Chosen","floor":19,"turns":5},{"damage":46,"enemies":"Centurion and Healer","floor":21,"turns":8},{"damage":29,"enemies":"3 Cultists","floor":22,"turns":4}],"seed_played":"314886382197758742","potions_obtained":[{"floor":2.0,"key":"infinitespire:BlackPotion"},{"floor":4.0,"key":"SteroidPotion"},{"floor":5.0,"key":"Adrenaline Potion"},{"floor":11,"key":"Block Potion"},{"floor":14,"key":"BlessingOfTheForge"},{"floor":18,"key":"DemoMod:LeadSkinPotion"}],"is_trial":false,"path_per_floor":["M","?","M","M","M","E","R","$","T","M","E","?","E","M","R","B",null,"M","M","$","M","M"],"character_chosen":"THE_BUGKNIGHT","items_purchased":["Guide Book","HollowMod:InfectionAssault","Chemical X"],"campfire_rested":1,"item_purchase_floors":[8,20,20],"current_hp_per_floor":[75,75,72,71,65,65,65,65,65,68,40,25,17,15,37,1,57,39,45,45,14,0,0],"gold":82,"neow_bonus":"ONE_RANDOM_RARE_CARD","is_daily":false,"chose_seed":false,"campfire_upgraded":1,"win_rate":0.0,"timestamp":1611421652,"path_taken":["M","?","?","M","M","E","R","$","T","M","E","?","E","M","R","BOSS","M","M","$","M","M"],"items_purchased_type":["Relic","Card","Relic"],"build_version":"2020-12-22","purchased_purges":1,"victory":false,"max_hp_per_floor":[75,75,75,75,75,75,75,75,75,75,75,75,75,75,75,75,75,75,75,75,75,75,75],"card_choices":[{"not_picked":["HollowMod:ChannelNail","HollowMod:ShadowDash"],"picked":"HollowMod:TaintedHusks","floor":1.0},{"not_picked":["HollowMod:CloakDash","HollowMod:GreatSlash"],"picked":"HollowMod:DashSlash","floor":3.0},{"not_picked":["HollowMod:PerfectDash","HollowMod:VengefulVoid"],"picked":"HollowMod:DashSlash","floor":4.0},{"not_picked":["HollowMod:CoiledNail","HollowMod:SiblingsShadow"],"picked":"HollowMod:CloakDash","floor":5.0},{"not_picked":["HollowMod:ElderbugsWisdom","HollowMod:BaldurShell","HollowMod:DreamGate"],"picked":"SKIP","floor":6},{"not_picked":["HollowMod:VengefulVoid","HollowMod:SiblingsSouls"],"picked":"HollowMod:FallenFury","floor":10},{"not_picked":["HollowMod:VengefulVoid","HollowMod:ShapeofUnn"],"picked":"HollowMod:InfectionAssault","floor":11},{"not_picked":["HollowMod:CycloneSlash","HollowMod:RecoilStrike"],"picked":"HollowMod:NewLittleFool","floor":13},{"not_picked":["HollowMod:SoulSplash","HollowMod:ChannelNail"],"picked":"HollowMod:HornetsHelp","floor":14},{"not_picked":["HollowMod:WhiteLadysBlessing","HollowMod:HornetsHelp"],"picked":"HollowMod:PaleKingsBlessing","floor":16},{"not_picked":["HollowMod:DreamGate","HollowMod:ShadowDash+1","HollowMod:DescendingDark"],"picked":"SKIP","floor":18},{"not_picked":["HollowMod:CycloneSlash","HollowMod:GoodIntentions"],"picked":"HollowMod:InfectedCysts","floor":19},{"not_picked":["HollowMod:LifebloodCocoon","HollowMod:BlackTendrils","HollowMod:SharpenedNail+1"],"picked":"SKIP","floor":21}],"player_experience":783059,"relics_obtained":[{"floor":6,"key":"DemoMod:PoisonVial"},{"floor":9,"key":"Mirror"},{"floor":11,"key":"HollowMod:MillibellesNoteRelic"},{"floor":13,"key":"Bag of Preparation"}],"event_choices":[{"damage_healed":0.0,"max_hp_gain":0.0,"max_hp_loss":0.0,"gold_gain":0.0,"event_name":"The Woman in Blue","player_choice":"Bought 1 Potion","floor":2.0,"gold_loss":0.0,"damage_taken":0.0},{"damage_healed":0,"gold_gain":0,"player_choice":"Entered Light","damage_taken":15,"max_hp_gain":0,"max_hp_loss":0,"event_name":"Shining Light","floor":12,"gold_loss":0,"cards_upgraded":["HollowMod:DashSlash","HollowMod:NailStrikeStart"]}],"is_beta":false,"boss_relics":[{"not_picked":["aspiration:SilentSkillbook","Replay:Drink Me"],"picked":"Black Star"}],"items_purged_floors":[8],"is_endless":false,"potions_floor_spawned":[4,5,11,14,18],"killed_by":"3 Cultists","ascension_level":5}}