{"host":"50per11302020","time":1611370300,"event":{"mods":["AchievementEnabler","BaseMod","Colored Map","Minty Spire (QoL Compilation)","Relic Stats","StSLib"],"gold_per_floor":[115,115,115,128,303,303,314,314,314,314,333,167,167,199,199,297,297,309,215,227,60,75,75,94,111,111,26,26,26,26,55,55,160,160,170,170,170,186,186,186,198,198,223,243,260,260,0,15,15,15,15],"floor_reached":50,"language":"ENG","playtime":3018,"items_purged":["Doubt"],"score":816,"play_id":"0d36d0d1-c68a-403a-9120-480ae1998275","local_time":"20210122185140","is_ascension_mode":true,"campfire_choices":[{"data":"Iron Wave","floor":6,"key":"SMITH"},{"data":"Defend_R","floor":8,"key":"SMITH"},{"data":"Defend_R","floor":10,"key":"SMITH"},{"floor":13,"key":"REST"},{"floor":15,"key":"REST"},{"data":"Enlightenment","floor":23,"key":"SMITH"},{"floor":28,"key":"REST"},{"floor":30,"key":"REST"},{"floor":32,"key":"REST"},{"data":"Intimidate","floor":40,"key":"SMITH"},{"floor":42,"key":"REST"},{"floor":46,"key":"REST"},{"data":"Limit Break","floor":49,"key":"SMITH"}],"circlet_count":0,"master_deck":["AscendersBane","Strike_R","Defend_R","Defend_R+1","Defend_R+1","Bash+1","Battle Trance","Panacea","Clothesline","Reaper","Fire Breathing+1","Ghostly Armor+1","Battle Trance+1","Iron Wave+1","Enlightenment+1","Intimidate","The Bomb","Intimidate+1","Limit Break+1","Shrug It Off+1","Berserk","Power Through+1","Madness+1","Madness+1","Ghostly Armor+1","Wild Strike","Combust+1","Flex+1"],"relics":["Empty Cage","Mango","StoneCalendar","Astrolabe","Juzu Bracelet","Toxic Egg 2","Enchiridion","Mercury Hourglass","Velvet Choker","Girya","Oddly Smooth Stone","Red Mask"],"acts_visited":["Exordium","TheCity","TheBeyond"],"potions_floor_usage":[50,50,50],"damage_taken":[{"damage":3,"enemies":"Jaw Worm","floor":1,"turns":6},{"damage":1,"enemies":"Cultist","floor":4,"turns":3},{"damage":9,"enemies":"2 Louse","floor":7,"turns":4},{"damage":11,"enemies":"Blue Slaver","floor":11,"turns":4},{"damage":57,"enemies":"Gremlin Nob","floor":14,"turns":6},{"damage":48,"enemies":"The Guardian","floor":16,"turns":18},{"damage":2,"enemies":"Spheric Guardian","floor":18,"turns":7},{"damage":30,"enemies":"3 Byrds","floor":20,"turns":7},{"damage":17,"enemies":"Sentry and Sphere","floor":22,"turns":5},{"damage":9,"enemies":"Centurion and Healer","floor":24,"turns":6},{"damage":21,"enemies":"Shelled Parasite and Fungi","floor":25,"turns":6},{"damage":23,"enemies":"Gremlin Leader","floor":31,"turns":7},{"damage":0,"enemies":"Automaton","floor":33,"turns":14},{"damage":0,"enemies":"3 Shapes","floor":35,"turns":4},{"damage":10,"enemies":"Orb Walker","floor":38,"turns":5},{"damage":39,"enemies":"Maw","floor":41,"turns":8},{"damage":22,"enemies":"3 Darklings","floor":44,"turns":4},{"damage":25,"enemies":"Sphere and 2 Shapes","floor":45,"turns":4},{"damage":22,"enemies":"Writhing Mass","floor":48,"turns":7},{"damage":42,"enemies":"Donu and Deca","floor":50,"turns":6}],"seed_played":"1815422133390071812","potions_obtained":[{"floor":1,"key":"ElixirPotion"},{"floor":16,"key":"Strength Potion"},{"floor":22,"key":"Ancient Potion"},{"floor":38,"key":"EntropicBrew"}],"is_trial":false,"path_per_floor":["M","?","$","M","?","R","M","R","T","R","M","$","R","E","R","B",null,"M","$","M","$","M","R","M","M","T","?","R","?","R","E","R","B",null,"M","?","?","M","T","R","M","R","T","M","M","R","?","M","R","B"],"character_chosen":"IRONCLAD","items_purchased":["Panacea","Enlightenment","The Bomb"],"campfire_rested":7,"item_purchase_floors":[12,19,21],"current_hp_per_floor":[69,69,69,68,68,68,59,59,73,73,62,62,90,33,61,13,74,72,72,49,49,36,36,35,14,14,14,42,26,54,37,65,69,88,92,80,80,74,74,74,38,66,66,56,32,60,60,41,41,0,0],"gold":15,"neow_bonus":"BOSS_RELIC","is_daily":false,"chose_seed":false,"campfire_upgraded":6,"win_rate":0.0,"timestamp":1611370300,"path_taken":["M","?","?","?","?","R","M","R","T","R","M","$","R","E","R","BOSS","M","$","M","$","M","R","M","M","T","?","R","?","R","E","R","BOSS","M","?","?","M","?","R","M","R","T","M","M","R","?","M","R","BOSS"],"items_purchased_type":["Card","Card","Card"],"build_version":"2020-12-18","purchased_purges":1,"victory":false,"max_hp_per_floor":[80,80,80,80,80,80,80,80,94,94,94,94,94,94,94,94,94,94,94,94,94,94,94,94,94,94,94,94,94,94,94,94,94,94,94,94,94,94,94,94,94,94,94,94,94,94,94,94,94,94,94],"relic_stats":{"counters":[20,130],"Astrolabe":["Fire Breathing","Ghostly Armor","Battle Trance"],"StoneCalendar":[277],"Juzu Bracelet":0,"obtain_stats":[{"Girya":39,"Astrolabe":17,"Enchiridion":29,"Velvet Choker":34,"Oddly Smooth Stone":43,"Mango":9,"StoneCalendar":14,"Juzu Bracelet":26,"Empty Cage":0,"Burning Blood":0,"Mercury Hourglass":31,"Red Mask":47,"Toxic Egg 2":27},{"Girya":15,"Astrolabe":6,"Enchiridion":11,"Velvet Choker":13,"Oddly Smooth Stone":16,"Mango":3,"StoneCalendar":5,"Juzu Bracelet":11,"Empty Cage":0,"Burning Blood":0,"Mercury Hourglass":12,"Red Mask":18,"Toxic Egg 2":11},{"Girya":102,"Astrolabe":41,"Enchiridion":72,"Velvet Choker":93,"Oddly Smooth Stone":110,"Mango":13,"StoneCalendar":23,"Juzu Bracelet":72,"Empty Cage":0,"Burning Blood":0,"Mercury Hourglass":79,"Red Mask":117,"Toxic Egg 2":72}],"Mercury Hourglass":[187]},"card_choices":[{"not_picked":["Power Through","Heavy Blade","Twin Strike"],"picked":"SKIP","floor":1},{"not_picked":["Dark Embrace","Pommel Strike"],"picked":"Iron Wave","floor":4},{"not_picked":["Sentinel","Armaments"],"picked":"Battle Trance","floor":7},{"not_picked":["Twin Strike","Corruption","Havoc"],"picked":"SKIP","floor":11},{"not_picked":["Rampage","Thunderclap"],"picked":"Clothesline","floor":14},{"not_picked":["Bludgeon","Impervious"],"picked":"Reaper","floor":16},{"not_picked":["Anger","Metallicize"],"picked":"Iron Wave+1","floor":18},{"not_picked":["Iron Wave","Perfected Strike"],"picked":"Intimidate","floor":20},{"not_picked":["Twin Strike+1","Armaments"],"picked":"Intimidate","floor":22},{"not_picked":["Wild Strike","Pommel Strike","Reckless Charge"],"picked":"SKIP","floor":24},{"not_picked":["Wild Strike","Metallicize"],"picked":"Limit Break","floor":25},{"not_picked":["Rampage","Warcry+1"],"picked":"Shrug It Off+1","floor":31},{"not_picked":["Impervious+1","Limit Break+1"],"picked":"Berserk","floor":33},{"not_picked":["Wild Strike","Clothesline"],"picked":"Power Through+1","floor":35},{"not_picked":["Sword Boomerang+1","True Grit+1"],"picked":"Ghostly Armor+1","floor":38},{"not_picked":["Blood for Blood+1","Heavy Blade"],"picked":"Wild Strike","floor":41},{"not_picked":["Clash+1","Cleave"],"picked":"Combust+1","floor":44},{"not_picked":["Second Wind+1","Sword Boomerang"],"picked":"Flex+1","floor":45},{"not_picked":["Anger","True Grit+1","Warcry+1"],"picked":"SKIP","floor":48}],"player_experience":323002,"relics_obtained":[{"floor":9,"key":"Mango"},{"floor":14,"key":"StoneCalendar"},{"floor":26,"key":"Juzu Bracelet"},{"floor":29,"key":"Enchiridion"},{"floor":31,"key":"Mercury Hourglass"},{"floor":39,"key":"Girya"},{"floor":43,"key":"Oddly Smooth Stone"}],"event_choices":[{"damage_healed":0,"gold_gain":0,"player_choice":"Upgraded","damage_taken":0,"max_hp_gain":0,"max_hp_loss":0,"event_name":"Upgrade Shrine","floor":2,"gold_loss":0,"cards_upgraded":["Bash"]},{"damage_healed":0,"gold_gain":175,"player_choice":"AGREE","damage_taken":0,"max_hp_gain":0,"max_hp_loss":0,"event_name":"Liars Game","floor":5,"gold_loss":0,"cards_obtained":["Doubt"]},{"damage_healed":0,"gold_gain":0,"player_choice":"Obtained Relic","damage_taken":0,"relics_obtained":["Toxic Egg 2"],"max_hp_gain":0,"max_hp_loss":0,"event_name":"Addict","floor":27,"gold_loss":85},{"damage_healed":0,"gold_gain":0,"player_choice":"Obtained Book","damage_taken":16,"max_hp_gain":0,"max_hp_loss":0,"event_name":"Cursed Tome","floor":29,"gold_loss":0},{"damage_healed":0,"gold_gain":0,"player_choice":"Embrace Madness","damage_taken":12,"max_hp_gain":0,"max_hp_loss":0,"event_name":"Winding Halls","floor":36,"gold_loss":0,"cards_obtained":["Madness","Madness"]},{"cards_removed":["Iron Wave"],"damage_healed":0,"gold_gain":0,"player_choice":"Removed Attack","damage_taken":0,"max_hp_gain":0,"max_hp_loss":0,"event_name":"Falling","floor":37,"gold_loss":0},{"damage_healed":0,"gold_gain":0,"player_choice":"Paid","damage_taken":0,"relics_obtained":["Red Mask"],"max_hp_gain":0,"max_hp_loss":0,"event_name":"Tomb of Lord Red Mask","floor":47,"gold_loss":260}],"is_beta":true,"boss_relics":[{"not_picked":["Black Star","Runic Dome"],"picked":"Astrolabe"},{"not_picked":["Calling Bell","Busted Crown"],"picked":"Velvet Choker"}],"items_purged_floors":[12],"is_endless":false,"potions_floor_spawned":[1,16,22,33,38,41,44,48],"killed_by":"Donu and Deca","ascension_level":12}}