{"host":"daa8jqyg4gqfaysm","time":1611416052,"event":{"mods":["BaseMod","Colored Powertips","Minty Spire (QoL Compilation)","StSLib"],"gold_per_floor":[113,113,128,138,151,151,180,180,232,244,283,314,326,357,369,482,494,517,548,575,601,110,139,149,161,213,213,228,228,260,271,271,366,366,383,383,658,672,672,672,699,699,753,785,785,801,811,261,261,261,261,261,28,55,55],"floor_reached":56,"language":"ENG","playtime":2333,"items_purged":["Strike_G","Crippling Poison+1"],"score":1411,"play_id":"d5a756f5-32bf-4722-bbb6-56bf10d5da99","local_time":"20210123233412","is_ascension_mode":false,"campfire_choices":[{"data":"Finisher","floor":6,"key":"SMITH"},{"data":"Neutralize","floor":8,"key":"SMITH"},{"data":"Quick Slash","floor":10,"key":"SMITH"},{"data":"Accuracy","floor":15,"key":"SMITH"},{"data":"Well Laid Plans","floor":27,"key":"SMITH"},{"data":"Terror","floor":29,"key":"SMITH"},{"data":"Dodge and Roll","floor":32,"key":"SMITH"},{"data":"Malaise","floor":40,"key":"SMITH"},{"data":"Blade Dance","floor":42,"key":"SMITH"},{"floor":49,"key":"RECALL"},{"data":"Tools of the Trade","floor":52,"key":"SMITH"}],"circlet_count":0,"master_deck":["Strike_G+1","Defend_G","Defend_G","Defend_G","Defend_G","Defend_G","Survivor+1","Neutralize+1","Finisher+1","Quick Slash+1","Terror+1","Slice","Accuracy+1","Blade Dance+1","Dodge and Roll+1","Blade Dance+1","Adrenaline","All Out Attack","Footwork+1","Well Laid Plans+1","Cloak And Dagger+1","Tools of the Trade+1","Prepared+1","Backflip","PiercingWail","Infinite Blades","Acrobatics","Malaise+1","A Thousand Cuts+1","Distraction+1","Underhanded Strike+1","Master of Strategy","Blade Dance+1","PiercingWail+1","Acrobatics+1","Master of Strategy","Reflex"],"relics":["Ring of the Snake","Anchor","Shuriken","MawBank","Toy Ornithopter","HoveringKite","Omamori","Lee\u0027s Waffle","StoneCalendar","MealTicket","Bag of Marbles","Astrolabe","Ornamental Fan","Snake Skull","Nunchaku","Tingsha","DollysMirror","Happy Flower","Strawberry"],"acts_visited":["Exordium","TheCity","TheBeyond","TheEnding"],"potions_floor_usage":[7,16,23,55,55,55],"damage_taken":[{"damage":1,"enemies":"Jaw Worm","floor":1,"turns":6},{"damage":0,"enemies":"Small Slimes","floor":3,"turns":3},{"damage":0,"enemies":"2 Louse","floor":4,"turns":2},{"damage":1,"enemies":"Red Slaver","floor":5,"turns":3},{"damage":3,"enemies":"Lagavulin","floor":7,"turns":5},{"damage":8,"enemies":"3 Sentries","floor":11,"turns":8},{"damage":0,"enemies":"Exordium Thugs","floor":12,"turns":3},{"damage":0,"enemies":"Looter","floor":14,"turns":2},{"damage":0,"enemies":"Slime Boss","floor":16,"turns":3},{"damage":0,"enemies":"2 Thieves","floor":18,"turns":2},{"damage":0,"enemies":"Spheric Guardian","floor":19,"turns":1},{"damage":5,"enemies":"Shelled Parasite and Fungi","floor":20,"turns":2},{"damage":9,"enemies":"Snake Plant","floor":21,"turns":5},{"damage":18,"enemies":"Gremlin Leader","floor":23,"turns":3},{"damage":1,"enemies":"3 Cultists","floor":24,"turns":5},{"damage":0,"enemies":"Centurion and Healer","floor":25,"turns":6},{"damage":4,"enemies":"Shelled Parasite and Fungi","floor":28,"turns":4},{"damage":12,"enemies":"Book of Stabbing","floor":30,"turns":3},{"damage":0,"enemies":"3 Cultists","floor":31,"turns":3},{"damage":0,"enemies":"Automaton","floor":33,"turns":6},{"damage":3,"enemies":"3 Shapes","floor":35,"turns":7},{"damage":1,"enemies":"3 Darklings","floor":38,"turns":3},{"damage":3,"enemies":"Reptomancer","floor":41,"turns":5},{"damage":0,"enemies":"Giant Head","floor":44,"turns":4},{"damage":4,"enemies":"Jaw Worm Horde","floor":46,"turns":3},{"damage":14,"enemies":"Writhing Mass","floor":47,"turns":5},{"damage":17,"enemies":"Awakened One","floor":50,"turns":8},{"damage":15,"enemies":"Shield and Spear","floor":54,"turns":4},{"damage":73,"enemies":"The Heart","floor":55,"turns":8}],"seed_played":"-1437696372646188475","potions_obtained":[{"floor":1,"key":"FearPotion"},{"floor":4,"key":"CunningPotion"},{"floor":5,"key":"Poison Potion"},{"floor":12,"key":"SteroidPotion"},{"floor":16,"key":"EssenceOfSteel"},{"floor":20,"key":"LiquidMemories"},{"floor":24,"key":"BlessingOfTheForge"}],"is_trial":false,"path_per_floor":["M","?","M","M","M","R","E","R","T","R","E","M","?","M","R","B",null,"M","M","M","M","$","E","M","M","T","R","M","R","E","M","R","B",null,"M","?","?","M","T","R","E","R","T","E","?","M","M","$","R","B",null,"R","$","E","B",null],"character_chosen":"THE_SILENT","items_purchased":["Omamori","Lee\u0027s Waffle","Tools of the Trade","Tingsha","DollysMirror","Happy Flower","Reflex"],"campfire_rested":0,"item_purchase_floors":[22,22,22,48,48,53,53],"current_hp_per_floor":[69,55,55,55,54,54,51,51,51,51,43,43,43,43,43,48,70,70,70,65,56,77,59,58,58,58,58,54,54,42,42,42,42,77,74,74,74,73,73,73,70,70,70,70,70,66,52,67,67,50,77,77,77,69,11],"gold":55,"neow_bonus":"RANDOM_COMMON_RELIC","is_daily":false,"chose_seed":false,"campfire_upgraded":10,"win_rate":0.0,"timestamp":1611416052,"path_taken":["M","?","M","M","M","R","E","R","T","R","E","M","?","M","R","BOSS","M","M","M","M","$","E","M","M","T","R","M","R","E","M","R","BOSS","M","?","?","?","?","R","E","R","T","E","?","M","M","$","R","BOSS","R","$","E","BOSS"],"items_purchased_type":["Relic","Relic","Card","Relic","Relic","Relic","Card"],"build_version":"2020-12-22","purchased_purges":2,"victory":true,"max_hp_per_floor":[70,70,70,70,70,70,70,70,70,70,70,70,70,70,70,70,70,70,70,70,70,77,77,77,77,77,77,77,77,77,77,77,77,77,77,77,77,77,77,77,77,77,77,77,77,77,77,77,77,77,77,77,77,84,84],"card_choices":[{"not_picked":["Acrobatics","Deflect"],"picked":"Finisher","floor":1},{"not_picked":["Underhanded Strike","All Out Attack"],"picked":"Quick Slash","floor":3},{"not_picked":["Dodge and Roll","Acrobatics"],"picked":"Terror","floor":4},{"not_picked":["Bane","Heel Hook"],"picked":"Slice","floor":5},{"not_picked":["Choke","Flying Knee"],"picked":"Accuracy","floor":7},{"not_picked":["All Out Attack","Infinite Blades"],"picked":"Blade Dance","floor":11},{"not_picked":["Expertise","Quick Slash"],"picked":"Dodge and Roll","floor":12},{"not_picked":["Blur","Dodge and Roll"],"picked":"Blade Dance","floor":14},{"not_picked":["Tools of the Trade","Glass Knife"],"picked":"Adrenaline","floor":16},{"not_picked":["Dagger Spray","Deadly Poison+1"],"picked":"All Out Attack","floor":18},{"not_picked":["PiercingWail","Well Laid Plans"],"picked":"Footwork+1","floor":19},{"not_picked":["Dodge and Roll+1","Infinite Blades"],"picked":"Well Laid Plans","floor":20},{"not_picked":["Crippling Poison","Prepared"],"picked":"Cloak And Dagger+1","floor":21},{"not_picked":["Storm of Steel","Backflip"],"picked":"Prepared+1","floor":23},{"not_picked":["Flying Knee","Outmaneuver"],"picked":"Backflip","floor":24},{"not_picked":["Dagger Throw","Well Laid Plans+1"],"picked":"PiercingWail","floor":25},{"not_picked":["Blade Dance","Tactician+1"],"picked":"Infinite Blades","floor":28},{"not_picked":["Endless Agony","Reflex+1"],"picked":"Acrobatics","floor":30},{"not_picked":["Doppelganger","Deadly Poison+1","Deflect"],"picked":"SKIP","floor":31},{"not_picked":["Storm of Steel","Venomology"],"picked":"Malaise","floor":33},{"not_picked":["Outmaneuver","Riddle With Holes+1"],"picked":"Underhanded Strike+1","floor":35},{"not_picked":["Panacea","Metamorphosis"],"picked":"Master of Strategy","floor":36},{"not_picked":["Underhanded Strike+1","Heel Hook+1"],"picked":"Blade Dance+1","floor":38},{"not_picked":["Noxious Fumes","Outmaneuver+1","Dash+1"],"picked":"SKIP","floor":41},{"not_picked":["Bane+1","Dagger Throw+1"],"picked":"PiercingWail+1","floor":44},{"not_picked":["Acrobatics","Quick Slash+1","Grand Finale"],"picked":"SKIP","floor":46},{"not_picked":["Sucker Punch+1","Deadly Poison"],"picked":"Acrobatics+1","floor":47},{"not_picked":["Dagger Spray+1","Catalyst+1","Deadly Poison"],"picked":"SKIP","floor":54}],"player_experience":853285,"relics_obtained":[{"floor":7,"key":"Shuriken"},{"floor":9,"key":"MawBank"},{"floor":11,"key":"Toy Ornithopter"},{"floor":23,"key":"StoneCalendar"},{"floor":26,"key":"MealTicket"},{"floor":30,"key":"Bag of Marbles"},{"floor":39,"key":"Ornamental Fan"},{"floor":41,"key":"Snake Skull"},{"floor":44,"key":"Nunchaku"},{"floor":54,"key":"Strawberry"}],"event_choices":[{"damage_healed":0,"gold_gain":0,"player_choice":"Entered Light","damage_taken":14,"max_hp_gain":0,"max_hp_loss":0,"event_name":"Shining Light","floor":2,"gold_loss":0,"cards_upgraded":["Strike_G","Survivor"]},{"damage_healed":0,"gold_gain":0,"player_choice":"Grow","damage_taken":0,"max_hp_gain":0,"max_hp_loss":0,"event_name":"Living Wall","floor":13,"gold_loss":0,"cards_upgraded":["Blade Dance"]},{"damage_healed":0,"gold_gain":0,"player_choice":"Memory 1","damage_taken":0,"max_hp_gain":0,"max_hp_loss":0,"event_name":"SensoryStone","floor":36,"gold_loss":0},{"damage_healed":0,"gold_gain":275,"player_choice":"Desecrate","damage_taken":0,"max_hp_gain":0,"max_hp_loss":0,"event_name":"Golden Shrine","floor":37,"gold_loss":0,"cards_obtained":["Regret"]},{"damage_healed":0,"gold_gain":0,"player_choice":"Ignored","damage_taken":0,"max_hp_gain":0,"max_hp_loss":0,"event_name":"Tomb of Lord Red Mask","floor":45,"gold_loss":0}],"is_beta":false,"boss_relics":[{"not_picked":["Empty Cage","Cursed Key"],"picked":"HoveringKite"},{"not_picked":["Philosopher\u0027s Stone","Velvet Choker"],"picked":"Astrolabe"}],"items_purged_floors":[22,48],"is_endless":false,"potions_floor_spawned":[1,4,5,12,16,20,21,24,30,33,38,44,46,47],"ascension_level":0}}