{"host":"b995t17pt6d05w8c","time":1611361476,"event":{"mods":["AchievementEnabler","BaseMod","Colored Map","DeckTracker","Keyboard Shortcuts","Minty Spire (QoL Compilation)","Permanent Neow","SuperFastMode"],"gold_per_floor":[111,128,142,142,161,161,161,190,190,190,203,219,19,19,19,92,92,109,121,121,137,150,150,164,78,129,129,143,143,143,160,160,234,234,254,269,99,117,117,117,117,117,144,159,159,169,169,169,169,169],"floor_reached":51,"language":"KOR","playtime":1240,"items_purged":["Strike_B","Strike_B"],"score":1287,"play_id":"86140f2b-0b12-4ea1-b959-2c5621d59582","local_time":"20210123092436","is_ascension_mode":true,"campfire_choices":[{"data":"1","floor":6.0,"key":"LIFT"},{"data":"2","floor":10.0,"key":"LIFT"},{"floor":15.0,"key":"REST"},{"data":"3","floor":23.0,"key":"LIFT"},{"floor":29.0,"key":"REST"},{"data":"Biased Cognition","floor":32.0,"key":"SMITH"},{"floor":40.0,"key":"REST"},{"data":"Chaos","floor":45.0,"key":"SMITH"},{"data":"Coolheaded","floor":47.0,"key":"SMITH"},{"data":"Buffer","floor":49.0,"key":"SMITH"}],"circlet_count":0,"master_deck":["AscendersBane","Strike_B","Strike_B","Defend_B","Defend_B","Defend_B","Defend_B","Zap+1","Dualcast","Barrage","Gash","Chill","White Noise","Reinforced Body","Biased Cognition+1","Ball Lightning","Go for the Eyes","Loop+1","Coolheaded+1","Conserve Battery+1","Core Surge","Genetic Algorithm+1","Hologram+1","Buffer+1","Turbo+1","Chaos+1","Bandage Up","Glacier"],"relics":["Cracked Core","Girya","CultistMask","Omamori","Happy Flower","Membership Card","WarpedTongs","Nuclear Battery","Orrery","Lantern","Inserter","DataDisk","Ornamental Fan","PreservedInsect"],"acts_visited":["Exordium","TheCity","TheBeyond"],"potions_floor_usage":[],"damage_taken":[{"damage":1.0,"enemies":"Cultist","floor":1.0,"turns":3.0},{"damage":0.0,"enemies":"Small Slimes","floor":2.0,"turns":3.0},{"damage":1.0,"enemies":"2 Louse","floor":3.0,"turns":3.0},{"damage":11.0,"enemies":"Lots of Slimes","floor":5.0,"turns":4.0},{"damage":16.0,"enemies":"Lagavulin","floor":8.0,"turns":7.0},{"damage":9.0,"enemies":"Blue Slaver","floor":11.0,"turns":3.0},{"damage":3.0,"enemies":"Exordium Thugs","floor":12.0,"turns":4.0},{"damage":26.0,"enemies":"The Guardian","floor":16.0,"turns":11.0},{"damage":17.0,"enemies":"Spheric Guardian","floor":18.0,"turns":4.0},{"damage":0.0,"enemies":"Chosen","floor":19.0,"turns":5.0},{"damage":19.0,"enemies":"Snecko","floor":21.0,"turns":5.0},{"damage":7.0,"enemies":"Snake Plant","floor":22.0,"turns":4.0},{"damage":23.0,"enemies":"3 Cultists","floor":24.0,"turns":5.0},{"damage":21.0,"enemies":"Shelled Parasite and Fungi","floor":28.0,"turns":4.0},{"damage":4.0,"enemies":"Centurion and Healer","floor":31.0,"turns":7.0},{"damage":29.0,"enemies":"Automaton","floor":33.0,"turns":10.0},{"damage":29.0,"enemies":"3 Darklings","floor":35.0,"turns":4.0},{"damage":1.0,"enemies":"Orb Walker","floor":36.0,"turns":4.0},{"damage":12.0,"enemies":"Writhing Mass","floor":38.0,"turns":7.0},{"damage":0.0,"enemies":"4 Shapes","floor":44.0,"turns":7.0},{"damage":0.0,"enemies":"Transient","floor":46.0,"turns":6.0},{"damage":52,"enemies":"Donu and Deca","floor":50,"turns":13}],"seed_played":"3600157807232018042","potions_obtained":[{"floor":2.0,"key":"ColorlessPotion"},{"floor":3.0,"key":"Block Potion"},{"floor":12.0,"key":"Dexterity Potion"},{"floor":16.0,"key":"Strength Potion"},{"floor":18.0,"key":"BlessingOfTheForge"},{"floor":22.0,"key":"Weak Potion"},{"floor":33.0,"key":"EssenceOfDarkness"}],"is_trial":false,"path_per_floor":["M","M","M","?","M","R","?","E","T","R","M","M","$","?","R","B",null,"M","M","?","M","M","R","M","$","T","?","M","R","?","M","R","B",null,"M","M","$","M","?","R","?","T","T","M","R","M","R","?","R","B",null],"character_chosen":"DEFECT","items_purchased":["Membership Card","Orrery","DataDisk","Chaos"],"campfire_rested":3,"item_purchase_floors":[13,25,37,37],"current_hp_per_floor":[45,45,44,44,33,33,33,17,17,17,15,19,19,19,40,24,59,49,56,56,44,44,44,28,28,28,28,14,35,71,67,67,38,63,34,33,33,21,21,42,42,42,42,48,48,54,54,68,68,22],"gold":169,"neow_bonus":"ONE_RARE_RELIC","is_daily":false,"chose_seed":false,"campfire_upgraded":4,"win_rate":0.0,"timestamp":1611361476,"path_taken":["M","M","M","?","M","R","?","E","T","R","?","?","?","?","R","BOSS","M","?","?","M","M","R","M","?","T","?","M","R","?","M","R","BOSS","M","?","$","M","?","R","?","?","T","M","R","M","R","?","R","BOSS"],"items_purchased_type":["Relic","Relic","Relic","Card"],"build_version":"2020-12-22","purchased_purges":2,"victory":true,"max_hp_per_floor":[71,71,71,71,71,71,71,71,71,71,71,71,71,71,71,71,71,71,71,71,71,71,71,71,71,71,71,71,71,71,71,71,71,71,71,71,71,71,71,71,71,71,71,71,71,71,71,71,71,71],"card_choices":[{"not_picked":["Streamline","Force Field"],"picked":"Barrage","floor":1.0},{"not_picked":["Recycle","Leap"],"picked":"Gash","floor":2.0},{"not_picked":["Steam","Cold Snap"],"picked":"Chill","floor":3.0},{"not_picked":["Steam","Beam Cell"],"picked":"White Noise","floor":5.0},{"not_picked":["Beam Cell","Lockon"],"picked":"Self Repair","floor":8.0},{"not_picked":["Stack","Hello World","Redo"],"picked":"SKIP","floor":11.0},{"not_picked":["Sweeping Beam","Beam Cell"],"picked":"Reinforced Body","floor":12.0},{"not_picked":["Rainbow","Fission"],"picked":"Biased Cognition","floor":16.0},{"not_picked":["Blizzard","Double Energy"],"picked":"Ball Lightning","floor":18.0},{"not_picked":["Hologram","Compile Driver"],"picked":"Go for the Eyes","floor":19.0},{"not_picked":["Compile Driver","Go for the Eyes","Hello World+1"],"picked":"SKIP","floor":21.0},{"not_picked":["Consume","Darkness","Hologram"],"picked":"SKIP","floor":22.0},{"not_picked":["Turbo","Barrage","Stack"],"picked":"SKIP","floor":24.0},{"not_picked":["Hologram","Chill"],"picked":"Loop+1","floor":25.0},{"not_picked":["Compile Driver","Turbo"],"picked":"Coolheaded","floor":25.0},{"not_picked":["Darkness","Hologram"],"picked":"Conserve Battery+1","floor":25.0},{"not_picked":["Lockon","Go for the Eyes"],"picked":"Core Surge","floor":25.0},{"not_picked":["Gash","Go for the Eyes"],"picked":"Genetic Algorithm+1","floor":25.0},{"not_picked":["Hologram","Rebound","Redo"],"picked":"SKIP","floor":28.0},{"not_picked":["Go for the Eyes","Barrage+1"],"picked":"Hologram+1","floor":31.0},{"not_picked":["Core Surge","Reboot"],"picked":"Buffer","floor":33.0},{"not_picked":["Static Discharge","Rip and Tear+1"],"picked":"Turbo+1","floor":35.0},{"not_picked":["Compile Driver+1","Streamline","Go for the Eyes"],"picked":"SKIP","floor":36.0},{"not_picked":["Stack","Turbo","Compile Driver+1"],"picked":"SKIP","floor":38.0},{"not_picked":["Panache","Thinking Ahead"],"picked":"Bandage Up","floor":41.0},{"not_picked":["Tempest","Barrage"],"picked":"Glacier","floor":44.0},{"not_picked":["Steam Power","Steam","Skim+1"],"picked":"SKIP","floor":46.0}],"player_experience":164646,"relics_obtained":[{"floor":8.0,"key":"Omamori"},{"floor":9.0,"key":"Happy Flower"},{"floor":26.0,"key":"Lantern"},{"floor":42.0,"key":"Ornamental Fan"},{"floor":43.0,"key":"PreservedInsect"}],"event_choices":[{"damage_healed":0.0,"max_hp_gain":0.0,"max_hp_loss":0.0,"gold_gain":0.0,"event_name":"Living Wall","player_choice":"Grow","floor":4.0,"gold_loss":0.0,"damage_taken":0.0,"cards_upgraded":["Zap"]},{"damage_healed":0.0,"max_hp_gain":0.0,"max_hp_loss":0.0,"gold_gain":0.0,"event_name":"FaceTrader","player_choice":"Trade","floor":7.0,"gold_loss":0.0,"damage_taken":0.0,"relics_obtained":["CultistMask"]},{"damage_healed":0.0,"max_hp_gain":0.0,"max_hp_loss":0.0,"gold_gain":0.0,"event_name":"Accursed Blacksmith","player_choice":"Rummage","floor":14.0,"gold_loss":0.0,"damage_taken":0.0,"relics_obtained":["WarpedTongs"],"cards_obtained":["Pain"]},{"damage_healed":0.0,"max_hp_gain":0.0,"max_hp_loss":0.0,"gold_gain":0.0,"event_name":"Vampires","player_choice":"Ignored","floor":20.0,"gold_loss":0.0,"damage_taken":0.0},{"damage_healed":0.0,"max_hp_gain":0.0,"max_hp_loss":0.0,"gold_gain":0.0,"event_name":"Cursed Tome","player_choice":"Ignored","floor":27.0,"gold_loss":0.0,"damage_taken":0.0},{"cards_removed":["Self Repair"],"damage_healed":36.0,"max_hp_gain":0.0,"max_hp_loss":0.0,"gold_gain":0.0,"event_name":"Bonfire Elementals","player_choice":"Offered Uncommon","floor":30.0,"gold_loss":0.0,"damage_taken":0.0},{"damage_healed":0.0,"max_hp_gain":0.0,"max_hp_loss":0.0,"gold_gain":0.0,"event_name":"Mysterious Sphere","player_choice":"Ignored","floor":39.0,"gold_loss":0.0,"damage_taken":0.0},{"damage_healed":0.0,"max_hp_gain":0.0,"max_hp_loss":0.0,"gold_gain":0.0,"event_name":"SensoryStone","player_choice":"Memory 1","floor":41.0,"gold_loss":0.0,"damage_taken":0.0},{"damage_healed":14.0,"max_hp_gain":0.0,"max_hp_loss":0.0,"gold_gain":0.0,"event_name":"Winding Halls","player_choice":"Writhe","floor":48.0,"gold_loss":0.0,"damage_taken":0.0,"cards_obtained":["Writhe"]}],"is_beta":false,"boss_relics":[{"not_picked":["Tiny House","Runic Dome"],"picked":"Nuclear Battery"},{"not_picked":["Cursed Key","Pandora\u0027s Box"],"picked":"Inserter"}],"items_purged_floors":[13,37],"is_endless":false,"potions_floor_spawned":[2,3,12,16,18,22,33,35,36],"ascension_level":17}}