{"host":"xrfvba1ye978kjmu","time":1611412522,"event":{"mods":["ATMod(阿瑾Mod)","BaseMod","CapriCore","Colored Powertips","Downfall","Friendly Minions","HumanHunterMod(怪物杀人mod)","Marisa（F雨　魔理沙）","Minty Spire (QoL Compilation)","MostiFishMod","Reimu（博丽灵梦）","Relic Filter","Remilia（蕾米莉亚）","Shop Mod","Spicy Shops","StSLib","TestMod","Waifu the Spire","noobMod","vexMod","【功能Mod】混沌之环修复补丁","【功能Mod】聪明的最终Boss","【遗物卡牌】REMEMod","篝火指南"],"gold_per_floor":[117,132,145,320,320,64,94,94,94,106,116,130,147,92,92,194,194,186,14,14,14,34,68,68,96,96,127,76,76,89,109,109,210,210,227,0,128,179,279,306,317,352,352,352,120,120,134,151,62,62,62,62,62,89,49],"floor_reached":56,"language":"ZHS","playtime":3222,"items_purged":["RedMoon"],"score":2721,"play_id":"4fbc1592-c25d-4f49-bb13-fbafebfcb15a","local_time":"20210123223522","is_ascension_mode":true,"campfire_choices":[{"data":"Apotheosis","floor":15,"key":"SMITH"},{"floor":24,"key":"RECALL"},{"data":"MillenniumVampire","floor":32,"key":"SMITH"},{"data":"EquivalentExchange","floor":44,"key":"SMITH"},{"data":"testmod-BloodBlade","floor":46,"key":"SMITH"},{"data":"BloodyMagicSquare","floor":52,"key":"SMITH"}],"circlet_count":0,"master_deck":["Strike_RM","Strike_RM","Strike_RM","Strike_RM","Defend_RM","Defend_RM","Defend_RM+1","Defend_RM+1","ScarletShoot","AT_TearsDenial","MastersStateliness","BloodHunter","BloodyMagicSquare+1","CharismaGuard","VampireKiss","Apotheosis+1","QueenOfMidnight","Writhe","TwelveNightmare","MillenniumVampire+1","MastersStateliness","BloodySeventeenLaser","BombardNight+1","EquivalentExchange+1","AT_EmpoweredMortalDraw","BadLadyScramble","BatForm","Ultimatum","testmod-BloodBlade+1","Injury","RedNightlessCastle+1","DemonKingCradle"],"relics":["ScarletHat","AT_ATBox","DaveBox","testmod-TestBox","ice","REME_ComplimentaryCards","EGODaCapo","NeowsBlessing","SynthV:TestCard","MerchantsRug","AT_BellDemon","MealTicket","testmod-ArcanaOfDestiny","AT_ChloranthyRing","Shuriken","vexMod:MemoryStick","testmod-TurbochargingSystem","testmod-HarvestTotem","AntiCross","Blue Candle","Vajra","testmod-LifeArmor","Oddly Smooth Stone","vexMod:ScavengeHelm","AT_MortalBlade","Red Mask","testmod-CrystalShield","Kunai","Mercury Hourglass","Gungnir","AT_BladeRuinedKing","Lee\u0027s Waffle","testmod-InfectionSource","Nunchaku","Whetstone"],"acts_visited":["Exordium","TheCity","TheBeyond","TheEnding"],"potions_floor_usage":[50,50,50,50],"damage_taken":[{"damage":0,"enemies":"Small Slimes","floor":1,"turns":1},{"damage":0,"enemies":"Jaw Worm","floor":2,"turns":1},{"damage":0,"enemies":"2 Louse","floor":3,"turns":1},{"damage":118,"enemies":"Lagavulin","floor":7,"turns":12},{"damage":7,"enemies":"Exordium Wildlife","floor":10,"turns":3},{"damage":0,"enemies":"3 Louse","floor":11,"turns":2},{"damage":0,"enemies":"Blue Slaver","floor":12,"turns":2},{"damage":37,"enemies":"Large Slime","floor":13,"turns":6},{"damage":54,"enemies":"Hexaghost","floor":16,"turns":17},{"damage":120,"enemies":"Shell Parasite","floor":18,"turns":4},{"damage":116,"enemies":"Spheric Guardian","floor":22,"turns":4},{"damage":157,"enemies":"Gremlin Leader","floor":23,"turns":3},{"damage":126,"enemies":"Book of Stabbing","floor":25,"turns":3},{"damage":148,"enemies":"REME_1_Revenger","floor":27,"turns":3},{"damage":147,"enemies":"Shelled Parasite and Fungi","floor":30,"turns":1},{"damage":150,"enemies":"Snecko","floor":31,"turns":3},{"damage":150,"enemies":"Champ","floor":33,"turns":4},{"damage":150,"enemies":"Orb Walker","floor":35,"turns":2},{"damage":151,"enemies":"2 Orb Walkers","floor":38,"turns":2},{"damage":152,"enemies":"Giant Head","floor":40,"turns":3},{"damage":161,"enemies":"3 Shapes","floor":41,"turns":2},{"damage":13,"enemies":"Nemesis","floor":42,"turns":2},{"damage":4,"enemies":"Maw","floor":47,"turns":3},{"damage":2,"enemies":"Sphere and 2 Shapes","floor":48,"turns":1},{"damage":426,"enemies":"Donu and Deca","floor":50,"turns":14},{"damage":189,"enemies":"Shield and Spear","floor":54,"turns":3},{"damage":199,"enemies":"The Heart","floor":55,"turns":9}],"seed_played":"1093406005057291542","potions_obtained":[{"floor":7,"key":"Fire Potion"},{"floor":11,"key":"Fire Potion"},{"floor":12,"key":"Weak Potion"},{"floor":16,"key":"Block Potion"},{"floor":18,"key":"Ancient Potion"},{"floor":30,"key":"DistilledChaos"},{"floor":31,"key":"SkillPotion"},{"floor":33,"key":"FairyPotion"},{"floor":42,"key":"testmod-TestPotion"},{"floor":47,"key":"Guardian:BlockOnCardUsePotion"}],"is_trial":false,"path_per_floor":["M","M","M","?","?","R","E","?","T","M","M","M","M","$","R","B",null,"M","$","?","?","M","E","R","E","T","E","$","?","M","M","R","B",null,"M","?","$","?","?","E","M","E","T","R","$","R","M","M","R","B",null,"R","$","E","B",null],"character_chosen":"REMILIA","items_purchased":["MerchantsRug","AT_BellDemon","MealTicket","VampireKiss","Apotheosis","AntiCross","MastersStateliness","Ultimatum","testmod-BloodBlade","AT_BladeRuinedKing","Lee\u0027s Waffle","RedNightlessCastle","testmod-InfectionSource"],"campfire_rested":0,"item_purchase_floors":[6,6,6,14,14,19,28,45,45,49,53,53,53],"current_hp_per_floor":[68,68,68,68,65,65,77,77,77,73,73,73,38,53,53,20,226,231,231,231,226,234,241,241,290,290,293,293,293,293,294,294,295,295,296,296,296,298,298,318,322,315,315,315,325,325,330,335,335,361,361,361,375,381,558],"gold":49,"neow_bonus":"THREE_ENEMY_KILL","is_daily":false,"chose_seed":false,"campfire_upgraded":5,"win_rate":0.0,"timestamp":1611412522,"path_taken":["M","M","M","?","?","R","E","?","T","M","M","M","M","$","R","BOSS","M","$","?","?","?","E","R","E","T","E","$","?","M","M","R","BOSS","M","?","$","?","?","E","?","E","T","R","$","R","M","M","R","BOSS","R","$","E","BOSS"],"items_purchased_type":["Relic","Relic","Relic","Card","Card","Relic","Card","Card","Card","Relic","Relic","Card","Relic"],"build_version":"2020-12-22","purchased_purges":1,"victory":true,"max_hp_per_floor":[75,75,75,75,75,75,77,77,77,78,79,80,81,81,81,113,226,231,231,231,231,234,241,241,290,290,293,293,293,293,294,294,295,295,296,296,296,298,298,318,322,325,325,325,325,325,330,335,335,361,361,361,375,381,558],"card_choices":[{"not_picked":["VampireSweep","UltimateOffering","BombardNight"],"picked":"SKIP","floor":1},{"not_picked":["FavorOfDestiny","VampireSweep","ScarletImprint","TwelveNightmare"],"picked":"FitfulNightmare","floor":2},{"not_picked":["ScarletImprint","HunterOfTheNight","Stigmanizer","BloodyMagicSquare"],"picked":"MastersStateliness","floor":3},{"not_picked":["BombardNight","ChainGang","NightDance","NightLord"],"picked":"BloodHunter","floor":7},{"not_picked":["UnderTheZenith","RedMagic","BloodRain","BlasphemousPunishment","FavorOfDestiny"],"picked":"SKIP","floor":10},{"not_picked":["Septette","FavorOfDestiny","MiserableFate","ScarletDevil"],"picked":"BloodyMagicSquare","floor":11},{"not_picked":["FavorOfDestiny","StarOfDavid","UltimateOffering","EndlessAdversity"],"picked":"CharismaGuard","floor":12},{"not_picked":["NightDance","UnstableMagic","BloodRain","BombardNight","EmergencyRegeneration"],"picked":"SKIP","floor":13},{"not_picked":["CeilingFear","ScarletMeister","BloodRain","ForecastOfChange"],"picked":"QueenOfMidnight","floor":16},{"not_picked":["NightDance","BloodHunter","ScarletDevil","DiffusionOfMisfortune+1","EndlessAdversity"],"picked":"SKIP","floor":18},{"not_picked":["StarOfDavid+1","UnstableMagic","BombardNight+1","BlasphemousPunishment","VampirishNight"],"picked":"SKIP","floor":22},{"not_picked":["BloodyTrap","CharismaGuard","VampireFantasy","UnstableMagic"],"picked":"TwelveNightmare","floor":23},{"not_picked":["ChainGang","VampireKiss","ReincarnationDial","NightLord","BloodHunter"],"picked":"SKIP","floor":25},{"not_picked":["Septette","AfternoonTea","DiffusionOfMisfortune+1","ScarletImprint"],"picked":"MillenniumVampire","floor":27},{"not_picked":["UltimateOffering","DevilSight","NightDance","ScarletDevil","ScarletDream"],"picked":"SKIP","floor":30},{"not_picked":["ScarletDevil","SuperhumanBloodyKnife","UltimateOffering","ForecastOfChange"],"picked":"BombardNight","floor":31},{"not_picked":["BloodySeventeenLaser","HeartBreak","HellCatastrophe","BloodRain"],"picked":"EquivalentExchange","floor":33},{"not_picked":["FitfulNightmare","Septette+1","UnderTheZenith+1","Stigmanizer+1","UltimateOffering+1"],"picked":"SKIP","floor":35},{"not_picked":["StarOfDavid+1","TwelveNightmare","HunterOfTheNight","EmergencyRegeneration+1","Maim+1"],"picked":"Singing Bowl","floor":40},{"not_picked":["MillenniumVampire","BloodyMagicSquare","UnstableMagic","DiffusionOfMisfortune"],"picked":"BadLadyScramble","floor":41},{"not_picked":["FavorOfDestiny+1","NightDance+1","GlobalNightmare+1","StarOfDavid+1"],"picked":"BatForm","floor":42},{"not_picked":["UnstableMagic+1","Stigmanizer+1","BlasphemousPunishment+1","HunterOfTheNight","SuperhumanBloodyKnife"],"picked":"Singing Bowl","floor":47},{"not_picked":["MastersStateliness+1","FavorOfDestiny","BloodAndWine+1","VampireKiss+1","UnstableMagic"],"picked":"Singing Bowl","floor":48},{"not_picked":["EndlessAdversity","VampireKiss","NightLord+1","BombardNight"],"picked":"DemonKingCradle","floor":54}],"player_experience":189512,"relics_obtained":[{"floor":1,"key":"SynthV:TestCard"},{"floor":7,"key":"testmod-ArcanaOfDestiny"},{"floor":7,"key":"AT_ChloranthyRing"},{"floor":9,"key":"AT_SilvercatRing"},{"floor":10,"key":"RuthlessExorcism:ReiMu"},{"floor":11,"key":"AT_RabadonDeathcap"},{"floor":12,"key":"Shuriken"},{"floor":13,"key":"vexMod:MemoryStick"},{"floor":16,"key":"testmod-TurbochargingSystem"},{"floor":18,"key":"Regal Pillow"},{"floor":22,"key":"Boot"},{"floor":23,"key":"Matryoshka"},{"floor":23,"key":"Vajra"},{"floor":25,"key":"AT_SpeedBoots"},{"floor":25,"key":"Mango"},{"floor":26,"key":"testmod-LifeArmor"},{"floor":27,"key":"War Paint"},{"floor":27,"key":"AT_RedTearstoneRing"},{"floor":30,"key":"Oddly Smooth Stone"},{"floor":31,"key":"Bag of Preparation"},{"floor":33,"key":"vexMod:ScavengeHelm"},{"floor":35,"key":"AT_GuinsooRageblade"},{"floor":38,"key":"testmod-CrystalShield"},{"floor":38,"key":"ImprovedEquipment"},{"floor":40,"key":"Strawberry"},{"floor":40,"key":"Singing Bowl"},{"floor":41,"key":"Kunai"},{"floor":42,"key":"AT_SunfireAegis"},{"floor":42,"key":"Potion Belt"},{"floor":43,"key":"Bronze Scales"},{"floor":43,"key":"Mercury Hourglass"},{"floor":47,"key":"REME_PuzzleBoxRelic"},{"floor":48,"key":"Gungnir"},{"floor":54,"key":"Nunchaku"},{"floor":54,"key":"Whetstone"}],"event_choices":[{"damage_healed":0,"gold_gain":175,"player_choice":"AGREE","damage_taken":0,"max_hp_gain":0,"max_hp_loss":0,"event_name":"Liars Game","floor":4,"gold_loss":0,"cards_obtained":["Doubt"]},{"damage_healed":0,"gold_gain":0,"player_choice":"Success","damage_taken":3,"relics_obtained":["testmod-OneHitWonder"],"max_hp_gain":0,"max_hp_loss":0,"event_name":"Scrap Ooze","floor":5,"gold_loss":0},{"damage_healed":0,"gold_gain":0,"player_choice":"Ignored","damage_taken":0,"max_hp_gain":0,"max_hp_loss":0,"event_name":"给自己的盒子","floor":8,"gold_loss":0},{"damage_healed":0,"gold_gain":0,"player_choice":"Opened","damage_taken":0,"relics_obtained":["Anchor"],"max_hp_gain":0,"max_hp_loss":0,"event_name":"The Mausoleum","floor":20,"gold_loss":0,"cards_obtained":["Writhe"]},{"damage_healed":0,"gold_gain":0,"player_choice":"Read","damage_taken":0,"max_hp_gain":0,"max_hp_loss":0,"event_name":"The Library","floor":29,"gold_loss":0,"cards_obtained":["BloodySeventeenLaser"]},{"damage_healed":0,"gold_gain":0,"player_choice":"Paid","damage_taken":0,"relics_obtained":["Red Mask"],"max_hp_gain":0,"max_hp_loss":0,"event_name":"Tomb of Lord Red Mask","floor":36,"gold_loss":227},{"damage_healed":0,"gold_gain":0,"player_choice":"Fight","damage_taken":0,"max_hp_gain":0,"max_hp_loss":0,"event_name":"Mysterious Sphere","floor":38,"gold_loss":0},{"damage_healed":0,"gold_gain":100,"player_choice":"Pray","damage_taken":0,"max_hp_gain":0,"max_hp_loss":0,"event_name":"Golden Shrine","floor":39,"gold_loss":0}],"is_beta":false,"boss_relics":[{"not_picked":["vexMod:ImprovementManual","testmod-CardMagician"],"picked":"testmod-HarvestTotem"},{"not_picked":["Sozu","vexMod:EndlessSickness"],"picked":"AT_MortalBlade"}],"items_purged_floors":[14],"is_endless":false,"potions_floor_spawned":[7,11,12,16,18,30,31,35,42,47],"ascension_level":8}}