{"host":"qhhcmep1unj6mpf7","time":1611404852,"event":{"mods":["2.2 Compatiblity","AchievementEnabler","BaseMod","Colored Map","DeckTracker","Highlight Path","Keyboard Shortcuts","Minty Spire (QoL Compilation)","Permanent Neow","Quick Restart","Random Character Button","StSLib","SuperFastMode","everything is the same but u backflip on backflip"],"gold_per_floor":[360,374,386,404,404,404,14,14,64,91,109,109,27,58,58,58,58],"floor_reached":16,"language":"KOR","playtime":590,"items_purged":["Strike_B"],"score":100,"play_id":"e665afbf-50df-4b19-99f4-fecab92445a3","local_time":"20210123212732","is_ascension_mode":false,"campfire_choices":[{"data":"Hologram","floor":6,"key":"SMITH"},{"data":"Recycle","floor":8,"key":"SMITH"},{"data":"Forethought","floor":15,"key":"SMITH"}],"circlet_count":0,"master_deck":["Strike_B","Strike_B","Strike_B","Defend_B","Defend_B","Defend_B","Defend_B","Zap","Dualcast","Hologram+1","Recycle+1","Coolheaded","Meteor Strike","Turbo","Forethought+1"],"relics":["Cracked Core","Vajra","Lee\u0027s Waffle","Lantern","Odd Mushroom","Juzu Bracelet"],"acts_visited":["Exordium"],"potions_floor_usage":[14,14],"damage_taken":[{"damage":7,"enemies":"Small Slimes","floor":1,"turns":3},{"damage":0,"enemies":"2 Louse","floor":2,"turns":3},{"damage":0,"enemies":"Cultist","floor":3,"turns":4},{"damage":12,"enemies":"Large Slime","floor":4,"turns":7},{"damage":20,"enemies":"The Mushroom Lair","floor":10,"turns":5},{"damage":5,"enemies":"Blue Slaver","floor":11,"turns":5},{"damage":14,"enemies":"Lagavulin","floor":14,"turns":10},{"damage":44,"enemies":"Slime Boss","floor":16,"turns":7}],"seed_played":"1868435407749994878","potions_obtained":[{"floor":1,"key":"SkillPotion"},{"floor":2,"key":"SteroidPotion"},{"floor":3,"key":"SpeedPotion"}],"is_trial":false,"path_per_floor":["M","M","M","M","?","R","$","R","T","?","M","?","$","E","R","B"],"character_chosen":"DEFECT","items_purchased":["Meteor Strike","Lee\u0027s Waffle","Forethought"],"campfire_rested":0,"item_purchase_floors":[7,7,13],"current_hp_per_floor":[47,47,47,35,17,17,82,82,82,62,57,57,57,43,43,0,0],"gold":58,"neow_bonus":"TWO_FIFTY_GOLD","is_daily":false,"chose_seed":false,"campfire_upgraded":3,"win_rate":0.0,"timestamp":1611404852,"path_taken":["M","M","M","M","?","R","$","R","T","?","M","?","$","E","R","BOSS"],"items_purchased_type":["Card","Relic","Card"],"build_version":"2020-12-22","purchased_purges":1,"victory":false,"max_hp_per_floor":[75,75,75,75,75,75,82,82,82,82,82,82,82,82,82,82,82],"card_choices":[{"not_picked":["Reprogram","Double Energy"],"picked":"Hologram","floor":1},{"not_picked":["Barrage","Doom and Gloom","Redo"],"picked":"SKIP","floor":2},{"not_picked":["Chill","Stack"],"picked":"Recycle","floor":3},{"not_picked":["Stack","Heatsinks"],"picked":"Coolheaded","floor":4},{"not_picked":["Beam Cell","Rainbow"],"picked":"Turbo","floor":10},{"not_picked":["Turbo","Streamline","Conserve Battery"],"picked":"SKIP","floor":11},{"not_picked":["Steam Power","FTL","Rainbow"],"picked":"SKIP","floor":14}],"player_experience":77922,"relics_obtained":[{"floor":9,"key":"Lantern"},{"floor":10,"key":"Odd Mushroom"},{"floor":14,"key":"Juzu Bracelet"}],"event_choices":[{"damage_healed":0,"gold_gain":0,"player_choice":"Success","damage_taken":18,"relics_obtained":["Vajra"],"max_hp_gain":0,"max_hp_loss":0,"event_name":"Scrap Ooze","floor":5,"gold_loss":0},{"damage_healed":0,"gold_gain":0,"player_choice":"Fought Mushrooms","damage_taken":0,"max_hp_gain":0,"max_hp_loss":0,"event_name":"Mushrooms","floor":10,"gold_loss":0},{"damage_healed":0,"gold_gain":0,"player_choice":"Leave","damage_taken":0,"max_hp_gain":0,"max_hp_loss":0,"event_name":"The Cleric","floor":12,"gold_loss":0}],"is_beta":false,"boss_relics":[],"items_purged_floors":[7],"is_endless":false,"potions_floor_spawned":[1,2,3,11],"killed_by":"Slime Boss","ascension_level":0}}