{"host":"4rvakrj1idbgia3f","time":1611399429,"event":{"mods":["BaseMod","Colored Map","Colored Powertips","DeckTracker","Highlight Path","Minty Spire (QoL Compilation)","Random Character Button","StSLib"],"gold_per_floor":[112,131,151,151,151,151,181,181,207,234,253,253,253,287,287,364,364,375,389,389,52,62,62,62,62,62,62,62],"floor_reached":27,"language":"JPN","playtime":908,"items_purged":["Strike_B"],"score":508,"play_id":"d73661a3-a348-4e99-9ad2-99066dfca92e","local_time":"20210123195709","is_ascension_mode":true,"campfire_choices":[{"data":"Tempest","floor":6,"key":"SMITH"},{"data":"Zap","floor":8,"key":"SMITH"},{"data":"Streamline","floor":12,"key":"SMITH"},{"data":"Chaos","floor":15,"key":"SMITH"},{"data":"Capacitor","floor":23,"key":"SMITH"},{"data":"Multi-Cast","floor":25,"key":"SMITH"}],"circlet_count":0,"master_deck":["AscendersBane","Strike_B","Strike_B","Strike_B","Defend_B","Defend_B","Defend_B","Zap+1","Dualcast","Thinking Ahead","Cold Snap","Tempest+1","Coolheaded","Cold Snap","Streamline+1","Coolheaded","Chaos+1","Multi-Cast+1","Capacitor+1","Genetic Algorithm","Flash of Steel"],"relics":["Cracked Core","Strawberry","InkBottle","Art of War","Letter Opener","Centennial Puzzle","Philosopher\u0027s Stone","Strange Spoon"],"acts_visited":["Exordium","TheCity"],"potions_floor_usage":[7,14,18,27,27],"damage_taken":[{"damage":1,"enemies":"Small Slimes","floor":1,"turns":4},{"damage":3,"enemies":"2 Louse","floor":2,"turns":4},{"damage":0,"enemies":"Cultist","floor":3,"turns":2},{"damage":6,"enemies":"Gremlin Nob","floor":7,"turns":3},{"damage":13,"enemies":"3 Sentries","floor":10,"turns":8},{"damage":0,"enemies":"Blue Slaver","floor":11,"turns":3},{"damage":0,"enemies":"Gremlin Nob","floor":14,"turns":2},{"damage":16,"enemies":"Hexaghost","floor":16,"turns":9},{"damage":0,"enemies":"3 Byrds","floor":18,"turns":1},{"damage":15,"enemies":"2 Thieves","floor":19,"turns":4},{"damage":25,"enemies":"Centurion and Healer","floor":22,"turns":7},{"damage":26,"enemies":"Slavers","floor":27,"turns":1}],"seed_played":"1776160200492261038","potions_obtained":[{"floor":2,"key":"Explosive Potion"},{"floor":11,"key":"FocusPotion"},{"floor":16,"key":"PowerPotion"},{"floor":20,"key":"PowerPotion"},{"floor":20,"key":"SpeedPotion"},{"floor":22,"key":"PowerPotion"}],"is_trial":false,"path_per_floor":["M","M","M","?","?","R","E","R","T","E","M","R","?","E","R","B",null,"M","M","?","$","M","R","?","R","T","E"],"character_chosen":"DEFECT","items_purchased":["Strange Spoon","Flash of Steel"],"campfire_rested":0,"item_purchase_floors":[21,21],"current_hp_per_floor":[63,60,60,49,71,71,65,65,65,52,52,52,45,45,45,29,61,61,46,46,46,21,21,21,21,21,0,0],"gold":62,"neow_bonus":"RANDOM_COLORLESS_2","is_daily":false,"chose_seed":false,"campfire_upgraded":6,"win_rate":0.0,"timestamp":1611399429,"path_taken":["M","M","M","?","?","R","E","R","T","E","M","R","?","E","R","BOSS","M","M","?","$","?","R","?","R","T","E"],"items_purchased_type":["Relic","Card"],"build_version":"2020-12-22","purchased_purges":1,"victory":false,"max_hp_per_floor":[64,64,64,71,71,71,71,71,71,71,71,71,71,71,71,71,71,71,71,71,71,71,71,71,71,71,71,71],"card_choices":[{"not_picked":["Metamorphosis","Chrysalis"],"picked":"Thinking Ahead","floor":0},{"not_picked":["Redo","Conserve Battery"],"picked":"Cold Snap","floor":1},{"not_picked":["Barrage","Leap"],"picked":"Tempest","floor":2},{"not_picked":["Leap","Reprogram"],"picked":"Coolheaded","floor":3},{"not_picked":["Barrage","Reprogram"],"picked":"Cold Snap","floor":7},{"not_picked":["Turbo","Undo"],"picked":"Streamline","floor":10},{"not_picked":["Blizzard","Sweeping Beam"],"picked":"Coolheaded","floor":11},{"not_picked":["Conserve Battery","Steam"],"picked":"Chaos","floor":14},{"not_picked":["Rainbow","Hyperbeam"],"picked":"Multi-Cast","floor":16},{"not_picked":["Conserve Battery","Tempest"],"picked":"Capacitor","floor":18},{"not_picked":["Rebound","Coolheaded"],"picked":"Genetic Algorithm","floor":19}],"player_experience":2071770,"relics_obtained":[{"floor":7,"key":"InkBottle"},{"floor":9,"key":"Art of War"},{"floor":10,"key":"Letter Opener"},{"floor":14,"key":"Centennial Puzzle"}],"event_choices":[{"damage_healed":0,"gold_gain":0,"player_choice":"Success","damage_taken":18,"relics_obtained":["Strawberry"],"max_hp_gain":0,"max_hp_loss":0,"event_name":"Scrap Ooze","floor":4,"gold_loss":0},{"damage_healed":23,"gold_gain":0,"player_choice":"Banana","damage_taken":0,"max_hp_gain":0,"max_hp_loss":0,"event_name":"Big Fish","floor":5,"gold_loss":0},{"cards_removed":["Defend_B"],"damage_healed":0,"gold_gain":0,"player_choice":"Card Removal","damage_taken":7,"max_hp_gain":0,"max_hp_loss":0,"event_name":"Golden Wing","floor":13,"gold_loss":0},{"damage_healed":0,"gold_gain":0,"player_choice":"Got Potions","damage_taken":0,"max_hp_gain":0,"max_hp_loss":0,"event_name":"Lab","floor":20,"gold_loss":0},{"damage_healed":0,"gold_gain":0,"player_choice":"Ignored","damage_taken":0,"max_hp_gain":0,"max_hp_loss":0,"event_name":"Cursed Tome","floor":24,"gold_loss":0}],"is_beta":false,"boss_relics":[{"not_picked":["SacredBark","Ectoplasm"],"picked":"Philosopher\u0027s Stone"}],"items_purged_floors":[21],"is_endless":false,"potions_floor_spawned":[2,11,16,22],"killed_by":"Slavers","ascension_level":20}}