{"host":"vddkjx04kiwje1tk","time":1611388243,"event":{"mods":["AchievementEnabler","BaseMod","Colored Map","Minty Spire (QoL Compilation)","Quick Restart","SuperFastMode"],"gold_per_floor":[117,117,42,42,59,91,91,104,130,130,140,140,158,6,6,6,6],"floor_reached":16,"language":"KOR","playtime":393,"items_purged":["Strike_G","Strike_G"],"score":121,"play_id":"8a85b970-ea9a-4ef8-b3f4-44fedcc54391","local_time":"20210123165043","is_ascension_mode":true,"campfire_choices":[{"floor":7,"key":"REST"},{"data":"Dash","floor":12,"key":"SMITH"},{"floor":15,"key":"REST"}],"circlet_count":0,"master_deck":["Strike_G","Strike_G","Strike_G","Defend_G","Defend_G","Defend_G","Defend_G","Survivor","Neutralize","Bullet Time","Infinite Blades","Dash+1"],"relics":["Ring of the Snake","Anchor","Toy Ornithopter"],"acts_visited":["Exordium"],"potions_floor_usage":[6,6,10,16,16],"damage_taken":[{"damage":0,"enemies":"2 Louse","floor":1,"turns":3},{"damage":5,"enemies":"Cultist","floor":5,"turns":4},{"damage":54,"enemies":"Gremlin Nob","floor":6,"turns":6},{"damage":1,"enemies":"Jaw Worm","floor":8,"turns":5},{"damage":0,"enemies":"Lagavulin","floor":10,"turns":1},{"damage":14,"enemies":"2 Fungi Beasts","floor":11,"turns":4},{"damage":0,"enemies":"Blue Slaver","floor":13,"turns":4},{"damage":38,"enemies":"The Guardian","floor":16,"turns":10}],"seed_played":"-3096377163178284718","potions_obtained":[{"floor":1,"key":"BlessingOfTheForge"},{"floor":2,"key":"PowerPotion"},{"floor":2,"key":"SmokeBomb"},{"floor":2,"key":"ColorlessPotion"},{"floor":13,"key":"SneckoOil"}],"is_trial":false,"path_per_floor":["M","?","$","?","M","E","R","M","T","E","M","R","M","$","R","B"],"character_chosen":"THE_SILENT","items_purchased":["Fire Potion"],"campfire_rested":2,"item_purchase_floors":[14],"current_hp_per_floor":[70,70,70,70,65,11,32,31,31,36,22,22,22,22,43,15,15],"gold":6,"neow_bonus":"ONE_RANDOM_RARE_CARD","is_daily":false,"chose_seed":false,"campfire_upgraded":1,"win_rate":0.0,"timestamp":1611388243,"path_taken":["M","?","?","?","M","E","R","M","T","E","M","R","M","$","R","BOSS"],"items_purchased_type":["Potion"],"build_version":"2020-12-22","purchased_purges":2,"victory":false,"max_hp_per_floor":[70,70,70,70,70,70,70,70,70,70,70,70,70,70,70,70,70],"card_choices":[{"not_picked":["Blur","Dagger Spray","Bane"],"picked":"SKIP","floor":1},{"not_picked":["Skewer","All Out Attack","PiercingWail"],"picked":"SKIP","floor":5},{"not_picked":["Accuracy","Dodge and Roll","Outmaneuver"],"picked":"SKIP","floor":6},{"not_picked":["Riddle With Holes","Finisher"],"picked":"Infinite Blades","floor":8},{"not_picked":["Reflex","Backflip"],"picked":"Dash","floor":11},{"not_picked":["Eviscerate","All Out Attack","Leg Sweep"],"picked":"SKIP","floor":13}],"player_experience":204632,"relics_obtained":[{"floor":6,"key":"Anchor"},{"floor":9,"key":"Toy Ornithopter"}],"event_choices":[{"damage_healed":0,"gold_gain":0,"player_choice":"Got Potions","damage_taken":0,"max_hp_gain":0,"max_hp_loss":0,"event_name":"Lab","floor":2,"gold_loss":0},{"cards_removed":["Defend_G"],"damage_healed":0,"gold_gain":0,"player_choice":"Forget","damage_taken":0,"max_hp_gain":0,"max_hp_loss":0,"event_name":"Living Wall","floor":4,"gold_loss":0}],"is_beta":false,"boss_relics":[],"items_purged_floors":[3,14],"is_endless":false,"potions_floor_spawned":[1,10,13],"killed_by":"The Guardian","ascension_level":2}}