{"host":"684z1xpuwaoqmmh1","time":1611383687,"event":{"mods":["BaseMod","Downfall","Hermit","Jorbs\u0027s Wanderer Trilogy","Marisa????????","Minty Spire (QoL Compilation)","Robot Space Explorer","Shade Mod","StSLib","The Bug Knight","The Cursed","The Dragon Tamer","The Hayseed","The Hierophant","The Marked","The Mystic","The Runesmith","The Senshi"],"gold_per_floor":[99,119,133,145,55,83,109,124,124,154,54,84,84,103,115,216,266,266,276,276,110,124,135,135,35,49,81,81,66,66,92,104,208,208,208,223,272,289,209,229,229,264,164,264,290,306,338,351,368,368,368,368],"floor_reached":50,"language":"ENG","playtime":3633,"items_purged":["bronze:Strike"],"score":779,"play_id":"b7d3c6d0-efee-4250-b434-b53ce464e26d","local_time":"20210123083447","is_ascension_mode":true,"campfire_choices":[{"data":"bronze:Goto","floor":1,"key":"SMITH"},{"data":"bronze:ShipIt","floor":11,"key":"SMITH"},{"data":"bronze:RecursiveStrike","floor":13,"key":"SMITH"},{"floor":18,"key":"RECALL"},{"data":"bronze:Terminator","floor":25,"key":"SMITH"},{"data":"bronze:Mutator","floor":35,"key":"SMITH"},{"data":"bronze:Virus","floor":43,"key":"SMITH"}],"circlet_count":0,"master_deck":["bronze:Strike","bronze:Strike","bronze:Defend","bronze:Defend","bronze:Defend","bronze:Replicate","bronze:Goto+1","bronze:WhirlingStrike","bronze:MaxOutput+1","bronze:BuggyMess","bronze:DelayedGuard","bronze:ShipIt+1","bronze:InfiniteBeams","bronze:CutThrough","bronze:BuggyMess","bronze:RecursiveStrike+1","bronze:Terminator+1","bronze:Frontload","bronze:FindAndReplace","bronze:Boost","bronze:Backtrace","bronze:Fortify","bronze:Turbo+1","bronze:BronzeOrb+1","bronze:Mutator+1","bronze:Constructor","bronze:Repair","bronze:FollowUp","bronze:Virus+1","bronze:Repulsor","bronze:OilSpill+1","bronze:BuggyMess+1","bronze:Allocate","bronze:Return+1","bronze:FindAndReplace","bronze:ForceShield"],"relics":["bronze:PlatinumCore","PreservedInsect","Lantern","Boot","downfall:HeartBlessingGreen","bronze:SilverBullet","Tiny House","OrangePellets","Meat on the Bone","downfall:HeartBlessingRed","Orichalcum","bronze:BottledCode","Incense Burner","Guardian:GemstoneGun","Membership Card","hexamod:Sixitude","HornCleat","Regal Pillow","downfall:HeartBlessingBlue","Toy Ornithopter","Runesmith:AutoHammer","theSenshi:SpiralHeartMoonRodRelic"],"acts_visited":["Exordium","TheCity","TheBeyond"],"potions_floor_usage":[6,10,10,12,12,16,23,27,33,50,50,50],"damage_taken":[{"damage":0,"enemies":"Jaw Worm","floor":2,"turns":4},{"damage":0,"enemies":"Cultist","floor":3,"turns":3},{"damage":0,"enemies":"Small Slimes","floor":4,"turns":3},{"damage":0,"enemies":"downfall:FleeingMerchant","floor":5,"turns":4},{"damage":5,"enemies":"HollowMod:MossKnight","floor":6,"turns":9},{"damage":1,"enemies":"2 Fungi Beasts","floor":8,"turns":3},{"damage":4,"enemies":"Gremlin Nob","floor":10,"turns":3},{"damage":8,"enemies":"HollowMod:MossKnight","floor":12,"turns":4},{"damage":1,"enemies":"Exordium Wildlife","floor":14,"turns":2},{"damage":0,"enemies":"Gremlin Gang","floor":15,"turns":1},{"damage":32,"enemies":"DF_ARCHETYPE_STREAMLINE","floor":16,"turns":9},{"damage":0,"enemies":"3 Byrds","floor":19,"turns":2},{"damage":3,"enemies":"downfall:FleeingMerchant","floor":21,"turns":4},{"damage":11,"enemies":"Centurion and Healer","floor":22,"turns":8},{"damage":0,"enemies":"Snecko","floor":23,"turns":3},{"damage":7,"enemies":"Snake Plant","floor":26,"turns":3},{"damage":0,"enemies":"Slavers","floor":27,"turns":3},{"damage":9,"enemies":"downfall:FleeingMerchant","floor":29,"turns":4},{"damage":12,"enemies":"Book of Stabbing","floor":31,"turns":4},{"damage":1,"enemies":"Centurion and Healer","floor":32,"turns":5},{"damage":50,"enemies":"IC_MUSHROOM_ARCHETYPE","floor":33,"turns":10},{"damage":0,"enemies":"3 Shapes","floor":36,"turns":1},{"damage":37,"enemies":"2 Orb Walkers","floor":37,"turns":5},{"damage":0,"enemies":"3 Darklings","floor":38,"turns":3},{"damage":0,"enemies":"downfall:FleeingMerchant","floor":39,"turns":1},{"damage":0,"enemies":"Maw","floor":40,"turns":6},{"damage":0,"enemies":"Reptomancer","floor":42,"turns":3},{"damage":0,"enemies":"downfall:LadyInBlue","floor":44,"turns":6},{"damage":0,"enemies":"Giant Head","floor":45,"turns":3},{"damage":0,"enemies":"Sphere and 2 Shapes","floor":46,"turns":2},{"damage":0,"enemies":"Reptomancer","floor":47,"turns":1},{"damage":0,"enemies":"4 Shapes","floor":48,"turns":2},{"damage":0,"enemies":"Maw","floor":49,"turns":5},{"damage":127,"enemies":"SI_POISON_ARCHETYPE","floor":50,"turns":6}],"seed_played":"-9155486621287392202","potions_obtained":[{"floor":2,"key":"BlessingOfTheForge"},{"floor":3,"key":"PowerPotion"},{"floor":4,"key":"EntropicBrew"},{"floor":8,"key":"DuplicationPotion"},{"floor":12,"key":"ColorlessPotion"},{"floor":17,"key":"Fire Potion"},{"floor":19,"key":"PowerPotion"},{"floor":23,"key":"BlessingOfTheForge"},{"floor":27,"key":"hexamod:SoulburnPotion"},{"floor":33,"key":"PowerPotion"},{"floor":40,"key":"DuplicationPotion"},{"floor":44,"key":"Dexterity Potion"}],"is_trial":false,"path_per_floor":["R","M","M","M","$","E","T","M","?","E","R","E","R","M","M","B",null,"R","M","?","$","M","M","T","R","M","E","?","$","?","E","M","B",null,"R","M","?","M","$","M","T","E","R","?","E","M","E","M","M","B"],"character_chosen":"THE_AUTOMATON","items_purchased":["OrangePellets","Membership Card","hexamod:Sixitude","HornCleat"],"campfire_rested":0,"item_purchase_floors":[21,39,39,39],"current_hp_per_floor":[70,70,70,70,70,65,65,64,64,60,60,52,52,51,51,19,75,75,75,75,72,61,61,61,61,54,54,54,45,45,40,46,15,65,65,65,35,35,42,49,49,49,59,66,73,73,73,75,75,0,0,0],"gold":368,"neow_bonus":"TRANSFORM_CARD","is_daily":false,"chose_seed":false,"campfire_upgraded":6,"win_rate":0.0,"timestamp":1611383687,"path_taken":["R","M","M","M","$","E","T","M","?","E","R","E","R","?","M","BOSS","R","M","?","$","M","?","T","R","?","E","?","$","?","E","M","BOSS","R","M","?","M","$","M","T","E","R","?","E","M","E","?","M","BOSS"],"items_purchased_type":["Relic","Relic","Relic","Relic"],"build_version":"2020-12-22","purchased_purges":1,"victory":false,"max_hp_per_floor":[70,70,70,70,70,70,70,70,70,70,70,70,70,70,70,70,75,75,75,75,75,75,75,75,75,75,75,65,65,65,65,65,65,65,65,65,65,65,65,65,65,65,75,75,75,75,75,75,75,75,75,75],"card_choices":[{"not_picked":["bronze:Iterate","bronze:ChildClass"],"picked":"bronze:MaxOutput","floor":2},{"not_picked":["bronze:NullPointer","bronze:BronzeArmor"],"picked":"bronze:BuggyMess","floor":3},{"not_picked":["bronze:BitShift","bronze:WildBeam"],"picked":"bronze:DelayedGuard","floor":4},{"not_picked":["bronze:ItsAFeature","bronze:CloningBeam"],"picked":"bronze:ShipIt","floor":5},{"not_picked":["bronze:BitShift","bronze:Boost"],"picked":"bronze:InfiniteBeams","floor":6},{"not_picked":["bronze:BronzeOrb","bronze:Branch"],"picked":"bronze:CutThrough","floor":8},{"not_picked":["bronze:BuggyMess","bronze:OilSpill","bronze:WildBeam"],"picked":"SKIP","floor":10},{"not_picked":["bronze:FineTuning","bronze:ForceShield"],"picked":"bronze:RecursiveStrike","floor":12},{"not_picked":["bronze:ChosenStrike","bronze:DigitalCarnage"],"picked":"bronze:Terminator","floor":14},{"not_picked":["bronze:WildBeam","bronze:Deprecate"],"picked":"bronze:Frontload","floor":15},{"not_picked":["bronze:RecursiveStrike","bronze:CleanCode"],"picked":"bronze:FindAndReplace","floor":16},{"not_picked":["bronze:OilSpill","bronze:Iterate"],"picked":"bronze:Boost","floor":17},{"not_picked":["bronze:Philosophize","bronze:Deprecate"],"picked":"bronze:Backtrace","floor":19},{"not_picked":["bronze:WhirlingStrike","bronze:Backtrace","bronze:CutThrough"],"picked":"SKIP","floor":21},{"not_picked":["bronze:BitShift","bronze:Shield"],"picked":"bronze:Turbo+1","floor":22},{"not_picked":["bronze:Backtrace","bronze:GetLatest"],"picked":"bronze:BronzeOrb+1","floor":23},{"not_picked":["bronze:FineTuning","bronze:Frontload"],"picked":"bronze:Mutator","floor":26},{"not_picked":["bronze:NullPointer+1","bronze:Shield"],"picked":"bronze:Constructor","floor":27},{"not_picked":["bronze:ClassDefault","bronze:Invalidate+1"],"picked":"bronze:Repair","floor":29},{"not_picked":["bronze:DarkDash","bronze:WildBeam"],"picked":"bronze:FollowUp","floor":31},{"not_picked":["bronze:Constructor","bronze:Separator","bronze:OilSpill"],"picked":"SKIP","floor":32},{"not_picked":["bronze:Mutator","bronze:AlphaBuild"],"picked":"bronze:Virus","floor":33},{"not_picked":["bronze:Flail+1","bronze:FollowUp"],"picked":"bronze:Repulsor","floor":36},{"not_picked":["bronze:CutThrough","bronze:DelayedGuard"],"picked":"bronze:OilSpill+1","floor":37},{"not_picked":["bronze:Branch+1","bronze:Optimize"],"picked":"bronze:BuggyMess+1","floor":38},{"not_picked":["bronze:Turbo","bronze:Constructor","bronze:Safeguard+1"],"picked":"SKIP","floor":39},{"not_picked":["bronze:DigitalCarnage+1","bronze:CutThrough"],"picked":"bronze:Allocate","floor":40},{"not_picked":["bronze:Boost+1","bronze:Invalidate"],"picked":"bronze:Return+1","floor":42},{"not_picked":["bronze:CloningBeam+1","bronze:Turbo+1"],"picked":"bronze:FindAndReplace","floor":44},{"not_picked":["bronze:Deprecate+1","bronze:BitShift+1","bronze:OilSpill"],"picked":"SKIP","floor":45},{"not_picked":["bronze:OilSpill","bronze:Separator","bronze:Invalidate+1"],"picked":"SKIP","floor":46},{"not_picked":["bronze:Break","bronze:Shield+1"],"picked":"bronze:ForceShield","floor":47},{"not_picked":["bronze:Deprecate+1","bronze:Branch+1","bronze:DarkDash+1"],"picked":"SKIP","floor":48},{"not_picked":["bronze:DigitalCarnage+1","bronze:DelayedGuard+1","bronze:FineTuning"],"picked":"SKIP","floor":49}],"player_experience":2904515,"relics_obtained":[{"floor":6,"key":"PreservedInsect"},{"floor":7,"key":"Lantern"},{"floor":10,"key":"Boot"},{"floor":12,"key":"bronze:SilverBullet"},{"floor":24,"key":"Meat on the Bone"},{"floor":27,"key":"Orichalcum"},{"floor":31,"key":"Incense Burner"},{"floor":37,"key":"Guardian:GemstoneGun"},{"floor":42,"key":"Regal Pillow"},{"floor":44,"key":"Toy Ornithopter"},{"floor":45,"key":"Runesmith:AutoHammer"},{"floor":47,"key":"theSenshi:SpiralHeartMoonRodRelic"}],"event_choices":[{"damage_healed":0,"gold_gain":0,"player_choice":"Ignored","damage_taken":0,"max_hp_gain":0,"max_hp_loss":0,"event_name":"Vampires","floor":30,"gold_loss":0},{"damage_healed":0,"gold_gain":0,"player_choice":"Fight","damage_taken":0,"max_hp_gain":0,"max_hp_loss":0,"event_name":"Mysterious Sphere","floor":37,"gold_loss":0}],"is_beta":false,"boss_relics":[{"not_picked":["Coffee Dripper","Runic Dome"],"picked":"Tiny House"},{"not_picked":["Calling Bell","Cursed Key"],"picked":"bronze:PlatinumCore"}],"items_purged_floors":[5],"is_endless":false,"potions_floor_spawned":[2,3,4,8,12,15,19,23,26,27,33,37,38,40,47,49],"killed_by":"SI_POISON_ARCHETYPE","ascension_level":1}}