{"host":"4rvakrj1idbgia3f","time":1611416762,"event":{"mods":["BaseMod","Colored Map","Colored Powertips","DeckTracker","Highlight Path","Minty Spire (QoL Compilation)","Random Character Button","StSLib"],"gold_per_floor":[115,115,134,33,43,43,72,72,72,72,98,117,38,54,54,129,129,146,146,146,146,162,162,87,104,128,139,149,149,149,149],"floor_reached":30,"language":"JPN","playtime":865,"items_purged":["Strike_R+1"],"score":480,"play_id":"3184c3fb-12fe-4e8f-bfb5-2934ec889dc1","local_time":"20210124004602","is_ascension_mode":true,"campfire_choices":[{"data":"Wild Strike","floor":6.0,"key":"SMITH"},{"data":"Sword Boomerang","floor":8.0,"key":"SMITH"},{"data":"Shockwave","floor":10.0,"key":"SMITH"},{"data":"Limit Break","floor":15,"key":"SMITH"},{"data":"Whirlwind","floor":23,"key":"SMITH"},{"data":"Evolve","floor":29,"key":"SMITH"}],"circlet_count":0,"master_deck":["AscendersBane","Strike_R+1","Strike_R+1","Strike_R+1","Strike_R+1","Defend_R+1","Defend_R+1","Defend_R+1","Defend_R+1","Bash","Cleave","Iron Wave","Wild Strike+1","Shockwave+1","Sword Boomerang+1","Limit Break+1","Whirlwind+1","Evolve+1","Disarm","Spot Weakness","Double Tap","Spot Weakness","Sword Boomerang+1","Battle Trance","Shrug It Off+1"],"relics":["Burning Blood","NeowsBlessing","Letter Opener","Kunai","Tiny Chest","Velvet Choker","Self Forming Clay","Blood Vial"],"acts_visited":["Exordium","TheCity"],"potions_floor_usage":[14,16,16,18,28,30],"damage_taken":[{"damage":0.0,"enemies":"Jaw Worm","floor":1.0,"turns":1.0},{"damage":0.0,"enemies":"Cultist","floor":3.0,"turns":1.0},{"damage":0.0,"enemies":"2 Louse","floor":5.0,"turns":1.0},{"damage":24.0,"enemies":"Gremlin Nob","floor":7.0,"turns":4.0},{"damage":19,"enemies":"3 Sentries","floor":11,"turns":6},{"damage":11,"enemies":"Looter","floor":12,"turns":2},{"damage":15,"enemies":"Exordium Thugs","floor":14,"turns":4},{"damage":32,"enemies":"The Guardian","floor":16,"turns":9},{"damage":0,"enemies":"3 Byrds","floor":18,"turns":4},{"damage":1,"enemies":"Chosen","floor":22,"turns":3},{"damage":24,"enemies":"Sentry and Sphere","floor":25,"turns":4},{"damage":12,"enemies":"Snake Plant","floor":27,"turns":3},{"damage":33,"enemies":"Shelled Parasite and Fungi","floor":28,"turns":5},{"damage":42,"enemies":"Gremlin Leader","floor":30,"turns":4}],"seed_played":"-5228144017508321236","potions_obtained":[{"floor":1.0,"key":"EssenceOfSteel"},{"floor":2.0,"key":"Fruit Juice"},{"floor":2.0,"key":"ElixirPotion"},{"floor":11,"key":"Explosive Potion"},{"floor":14,"key":"Swift Potion"},{"floor":16,"key":"GamblersBrew"},{"floor":22,"key":"Regen Potion"},{"floor":28,"key":"LiquidBronze"}],"is_trial":false,"path_per_floor":["M","?","M","$","M","R","E","R","T","R","E","M","$","M","R","B",null,"M","?","T","?","M","R","$","M","T","M","M","R","E"],"character_chosen":"IRONCLAD","items_purchased":["Wild Strike","Shockwave","Disarm"],"campfire_rested":0,"item_purchase_floors":[4,4,13],"current_hp_per_floor":[74,79,80,80,80,80,62,62,62,62,49,44,44,35,35,9,62,68,68,68,68,73,73,73,55,55,51,40,40,0,0],"gold":149,"neow_bonus":"THREE_ENEMY_KILL","is_daily":false,"chose_seed":false,"campfire_upgraded":6,"win_rate":0.0,"timestamp":1611416762,"path_taken":["M","?","M","$","M","R","E","R","T","R","E","?","?","M","R","BOSS","M","?","?","?","M","R","$","M","T","M","?","R","E"],"items_purchased_type":["Card","Card","Card"],"build_version":"2020-12-22","purchased_purges":1,"victory":false,"max_hp_per_floor":[75,80,80,80,80,80,80,80,80,80,80,80,80,80,80,80,80,80,80,80,80,80,80,80,80,80,80,80,80,80,80],"card_choices":[{"not_picked":["Inflame","Heavy Blade"],"picked":"Cleave","floor":1.0},{"not_picked":["Rage","Clash"],"picked":"Iron Wave","floor":3.0},{"not_picked":["Combust","Rupture"],"picked":"Sword Boomerang","floor":5.0},{"not_picked":["Cleave","Bloodletting"],"picked":"Limit Break","floor":7.0},{"not_picked":["Havoc","Rampage"],"picked":"Whirlwind","floor":11},{"not_picked":["Seeing Red","Shrug It Off"],"picked":"Evolve","floor":12},{"not_picked":["Shockwave","Headbutt"],"picked":"Spot Weakness","floor":14},{"not_picked":["Corruption","Fiend Fire"],"picked":"Double Tap","floor":16},{"not_picked":["Body Slam","Ghostly Armor"],"picked":"Spot Weakness","floor":18},{"not_picked":["Havoc","Feel No Pain+1"],"picked":"Battle Trance","floor":22},{"not_picked":["Clothesline","Power Through"],"picked":"Shrug It Off+1","floor":25},{"not_picked":["Sword Boomerang+1","Perfected Strike+1","Headbutt"],"picked":"SKIP","floor":27},{"not_picked":["Clothesline","Body Slam","Infernal Blade"],"picked":"SKIP","floor":28}],"player_experience":2073497,"relics_obtained":[{"floor":7.0,"key":"Letter Opener"},{"floor":9.0,"key":"Kunai"},{"floor":11,"key":"Tiny Chest"},{"floor":20,"key":"Self Forming Clay"},{"floor":26,"key":"Blood Vial"}],"event_choices":[{"damage_healed":0.0,"max_hp_gain":0.0,"max_hp_loss":0.0,"gold_gain":0.0,"event_name":"Lab","player_choice":"Got Potions","floor":2.0,"gold_loss":0.0,"damage_taken":0.0},{"damage_healed":0,"gold_gain":0,"player_choice":"Simplicity","damage_taken":0,"max_hp_gain":0,"max_hp_loss":0,"event_name":"Back to Basics","floor":19,"gold_loss":0,"cards_upgraded":["Strike_R","Strike_R","Strike_R","Strike_R","Strike_R","Defend_R","Defend_R","Defend_R","Defend_R"]},{"damage_healed":0,"gold_gain":0,"player_choice":"Copied","damage_taken":0,"max_hp_gain":0,"max_hp_loss":0,"event_name":"Duplicator","floor":21,"gold_loss":0,"cards_obtained":["Sword Boomerang"]}],"is_beta":false,"boss_relics":[{"not_picked":["SacredBark","Astrolabe"],"picked":"Velvet Choker"}],"items_purged_floors":[24],"is_endless":false,"potions_floor_spawned":[1,11,14,16,22,28],"killed_by":"Gremlin Leader","ascension_level":20}}