{"host":"kxs97zan5mba52e6","time":1611379947,"event":{"mods":["100% Spire Juice","A Magickal Journey","BaseMod","Better Third Choice","BetterRewards","Colored Map","Downfall","Energized Spire","GungeonMod","Hermit","Magitek Elite","Marisa????????","Melee Mod","Minty Spire (QoL Compilation)","Shade Mod","StSLib","The Alterego","The Animator","The Bladedancer","The Bug Knight","The Cursed","The Death Knight","The Dragon Tamer","The Forsaken","The Judge","The Necromancer","The Runesmith","The Senshi","The Servant 0.9.4","The Wild Card"],"gold_per_floor":[111,211,230,230,249,249,259,259,259,279,294,327,327,327,327,427,427,445,455,455,481,495,495,524,524,524,538,538,538,558,12,12,117,117,140,150,150,150,150],"floor_reached":38,"language":"ENG","playtime":2702,"items_purged":[],"score":446,"play_id":"edfb5c94-2856-49d3-9f89-b4146de4991f","local_time":"20210123003227","is_ascension_mode":false,"campfire_choices":[{"data":"DemoMod:LifeOrb","floor":6,"key":"SMITH"},{"floor":15,"key":"REST"},{"data":"DemoMod:StickyCrossBow","floor":23,"key":"SMITH"},{"data":"DemoMod:FullFirepower","floor":25,"key":"SMITH"},{"data":"DemoMod:GunslingerForm","floor":29,"key":"SMITH"},{"floor":32,"key":"REST"}],"circlet_count":0,"master_deck":["DemoMod:Strike_Huntress","DemoMod:Strike_Huntress","DemoMod:Defend_Huntress","DemoMod:Defend_Huntress","DemoMod:Defend_Huntress","DemoMod:Defend_Huntress","DemoMod:Roll","DemoMod:ManualReload","DemoMod:RustySidearm","DemoMod:CrossBow","DemoMod:MachoBrace","DemoMod:LifeOrb+1","DemoMod:BattleInHaste","DemoMod:GunShield","DemoMod:Camera","DemoMod:MegaHand+1","DemoMod:StickyCrossBow+1","DemoMod:FortunesFavor","DemoMod:FeignSurrender","DemoMod:FullFirepower+1","DemoMod:StickyCrossBow","DemoMod:DoubleSwitch","DemoMod:AC15+1","DemoMod:GunslingerForm+1","DemoMod:SniperShot+1","DemoMod:GunstockTap","DemoMod:SniperShot+1","DemoMod:CombinedRifle","DemoMod:GunstockTap","DemoMod:BattleInHaste+1","DemoMod:StickyCrossBow+1","DemoMod:Slinger","DemoMod:HuntsMan","DemoMod:HuntsMan+1"],"relics":["DemoMod:Dog","NeowsBlessing","DemoMod:PoisonVial","White Beast Statue","DemoMod:DecoyRelic","DemoMod:JetPack","Bag of Marbles","DemoMod:Test1","DemoMod:Ammonomicon","Anchor","Nunchaku","Pantograph","DemoMod:PinkGuonStone","Strange Spoon","Whetstone","Philosopher\u0027s Stone"],"acts_visited":["Exordium","TheCity","TheBeyond"],"potions_floor_usage":[10,12,12,12,16,19,27,27,30,33],"damage_taken":[{"damage":0,"enemies":"2 Louse","floor":1,"turns":1},{"damage":0,"enemies":"Cultist","floor":3,"turns":1},{"damage":0,"enemies":"Small Slimes","floor":5,"turns":1},{"damage":0,"enemies":"Looter","floor":7,"turns":3},{"damage":3,"enemies":"Gremlin Gang","floor":10,"turns":5},{"damage":12,"enemies":"Blue Slaver","floor":11,"turns":3},{"damage":35,"enemies":"Gremlin Nob","floor":12,"turns":6},{"damage":34,"enemies":"Hexaghost","floor":16,"turns":10},{"damage":10,"enemies":"Chosen","floor":18,"turns":3},{"damage":0,"enemies":"3 Byrds","floor":19,"turns":2},{"damage":4,"enemies":"Cultist and Chosen","floor":22,"turns":3},{"damage":15,"enemies":"HollowMod:Nosk","floor":24,"turns":4},{"damage":0,"enemies":"Centurion and Healer","floor":27,"turns":3},{"damage":19,"enemies":"Snake Plant","floor":30,"turns":3},{"damage":3,"enemies":"Collector","floor":33,"turns":4},{"damage":17,"enemies":"Orb Walker","floor":35,"turns":3},{"damage":78,"enemies":"3 Shapes","floor":36,"turns":3},{"damage":9,"enemies":"Sphere and 2 Shapes","floor":38,"turns":2}],"seed_played":"-586605381858765047","potions_obtained":[{"floor":3,"key":"ColorlessPotion"},{"floor":5,"key":"DeathKnight:RimePotion"},{"floor":7,"key":"DeathKnight:BottledBloodEchoes"},{"floor":10,"key":"DemoMod:BlankPotion"},{"floor":10,"key":"Weak Potion"},{"floor":11,"key":"Regen Potion"},{"floor":12,"key":"Fire Potion"},{"floor":16,"key":"Block Potion"},{"floor":18,"key":"SneckoOil"},{"floor":19,"key":"Slimebound:ThreeZeroPotion"},{"floor":22,"key":"LiquidMemories"},{"floor":24,"key":"Dexterity Potion"},{"floor":27,"key":"FairyPotion"},{"floor":28,"key":"Strength Potion"},{"floor":28,"key":"BlessingOfTheForge"},{"floor":30,"key":"EssenceOfSteel"},{"floor":33,"key":"GamblersBrew"},{"floor":35,"key":"DeathKnight:BottledBloodEchoes"},{"floor":36,"key":"SpeedPotion"}],"is_trial":false,"path_per_floor":["M","?","M","?","M","R","M","?","T","M","M","E","?","T","R","B",null,"M","M","?","T","M","R","E","R","T","M","?","R","M","$","R","B",null,"M","M","?","M"],"character_chosen":"HUNTRESS","items_purchased":["DemoMod:PinkGuonStone","Strange Spoon","Whetstone"],"campfire_rested":2,"item_purchase_floors":[31,31,31],"current_hp_per_floor":[70,70,70,70,70,70,70,70,70,67,55,29,29,29,50,16,70,60,60,60,60,56,56,41,41,41,41,41,41,22,29,52,74,77,60,9,9,0,0],"gold":150,"neow_bonus":"THREE_ENEMY_KILL","is_daily":false,"chose_seed":false,"campfire_upgraded":4,"win_rate":0.0,"timestamp":1611379947,"path_taken":["M","?","?","?","M","R","M","?","T","?","M","E","?","?","R","BOSS","M","?","?","?","M","R","E","R","T","?","?","R","?","?","R","BOSS","M","M","?","M"],"items_purchased_type":["Relic","Relic","Relic"],"build_version":"2020-12-22","purchased_purges":0,"victory":false,"max_hp_per_floor":[70,70,70,70,70,70,70,70,70,70,70,70,70,70,70,70,70,70,70,70,70,70,70,70,70,70,70,70,70,70,77,77,77,77,77,77,77,77,77],"card_choices":[{"not_picked":["DemoMod:JK47","DemoMod:ConditionalReflex"],"picked":"DemoMod:MachoBrace","floor":1},{"not_picked":["DemoMod:StickyCrossBow","DemoMod:RadGun"],"picked":"DemoMod:LifeOrb","floor":3},{"not_picked":["DemoMod:DoubleSwitch","DemoMod:SkilledReload"],"picked":"DemoMod:BattleInHaste","floor":5},{"not_picked":["DemoMod:AbyssalTentacle","DemoMod:Ejector"],"picked":"DemoMod:GunShield","floor":7},{"not_picked":["DemoMod:ConditionalReflex","DemoMod:BoxingGlove"],"picked":"DemoMod:Camera","floor":10},{"not_picked":["DemoMod:BattleInHaste","DemoMod:Ejector"],"picked":"DemoMod:MegaHand","floor":11},{"not_picked":["DemoMod:HighKaliber","DemoMod:SniperShot"],"picked":"DemoMod:StickyCrossBow","floor":11},{"not_picked":["DemoMod:BattleInHaste","DemoMod:JK47"],"picked":"DemoMod:FortunesFavor","floor":12},{"not_picked":["DemoMod:BSG","DemoMod:FightSabre"],"picked":"DemoMod:GunslingerForm","floor":16},{"not_picked":["DemoMod:MegaHand","DemoMod:ZorGun"],"picked":"DemoMod:SniperShot+1","floor":18},{"not_picked":["DemoMod:BattleInHaste","DemoMod:HardPowerCard"],"picked":"DemoMod:GunstockTap","floor":19},{"not_picked":["DemoMod:ConditionalReflex","DemoMod:BoxingGlove"],"picked":"DemoMod:SniperShot+1","floor":22},{"not_picked":["DemoMod:Purify+1","DemoMod:FortunesFavor"],"picked":"DemoMod:CombinedRifle","floor":24},{"not_picked":["DemoMod:ProbeStrike","DemoMod:FastSwitch"],"picked":"DemoMod:GunstockTap","floor":27},{"not_picked":["DemoMod:Purify","DemoMod:HardPowerCard"],"picked":"DemoMod:BattleInHaste+1","floor":27},{"not_picked":["DemoMod:HungryBullets+1","DemoMod:HuntsMan"],"picked":"DemoMod:StickyCrossBow+1","floor":30},{"not_picked":["DemoMod:FullFirepower","DemoMod:BlackHoleGun"],"picked":"DemoMod:Slinger","floor":33},{"not_picked":["DemoMod:Ejector","DemoMod:AC15"],"picked":"DemoMod:HuntsMan","floor":35},{"not_picked":["DemoMod:FortunesFavor+1","DemoMod:StickyCrossBow"],"picked":"DemoMod:HuntsMan+1","floor":36}],"player_experience":34926,"relics_obtained":[{"floor":9,"key":"White Beast Statue"},{"floor":12,"key":"DemoMod:DecoyRelic"},{"floor":14,"key":"DemoMod:JetPack"},{"floor":16,"key":"Bag of Marbles"},{"floor":21,"key":"Anchor"},{"floor":24,"key":"Nunchaku"},{"floor":26,"key":"Pantograph"}],"event_choices":[{"damage_healed":0,"gold_gain":100,"player_choice":"Pray","damage_taken":0,"max_hp_gain":0,"max_hp_loss":0,"event_name":"Golden Shrine","floor":2,"gold_loss":0},{"damage_healed":0,"gold_gain":0,"player_choice":"Leave","damage_taken":0,"max_hp_gain":0,"max_hp_loss":0,"event_name":"The Cleric","floor":4,"gold_loss":0},{"damage_healed":0,"gold_gain":0,"player_choice":"Gave Potion","damage_taken":0,"relics_obtained":["DemoMod:PoisonVial"],"max_hp_gain":0,"max_hp_loss":0,"event_name":"WeMeetAgain","floor":8,"gold_loss":0},{"damage_healed":0,"gold_gain":0,"player_choice":"Got Potions","damage_taken":0,"max_hp_gain":0,"max_hp_loss":0,"event_name":"Lab","floor":28,"gold_loss":0},{"cards_removed":["DemoMod:Strike_Huntress"],"damage_healed":0,"gold_gain":0,"player_choice":"Purged","damage_taken":0,"max_hp_gain":0,"max_hp_loss":0,"event_name":"Purifier","floor":37,"gold_loss":0}],"is_beta":false,"boss_relics":[{"not_picked":["Gem_Box","energizedSpire:OgreHead"],"picked":"DemoMod:Test1"},{"not_picked":["DemoMod:ElasticCartridgeClip","Snecko Eye"],"picked":"Philosopher\u0027s Stone"}],"items_purged_floors":[],"is_endless":false,"potions_floor_spawned":[3,5,7,10,10,11,12,16,18,19,22,24,27,30,33,35,36],"killed_by":"Sphere and 2 Shapes","ascension_level":0}}