{"host":"eqvfcipf8hzzjeaq","time":1611363364,"event":{"mods":["BaseMod","Colored Map","Colored Powertips","Friendly Minions","Glutton Mod","Jorbs\u0027s Wanderer Trilogy","Mad Scientist","Minty Spire (QoL Compilation)","Random Character Button","Relic Sorter","Shop Mod","StSLib","SuperFastMode"],"gold_per_floor":[115,125,125,141,158,158,189,189,234,234,234,234,234,253,253,355,355,369,349,364,463,516,526,526,555,582,609,623,623,643,661,661,759,759,775,775,793,803,815,815,828,828,828,856,856,870,870,882,882,882,882,882,79,114,114],"floor_reached":56,"language":"ENG","playtime":9642,"items_purged":["Pain"],"score":1205,"play_id":"078c8707-e4ad-4006-9424-cc33ad4811dc","local_time":"20210122195604","is_ascension_mode":false,"campfire_choices":[{"data":"MadScienceMod:PowerArmor","floor":6.0,"key":"SMITH"},{"data":"MadScienceMod:HideBehindJunk","floor":8.0,"key":"SMITH"},{"data":"MadScienceMod:PoweredStrike","floor":10.0,"key":"SMITH"},{"data":"MadScienceMod:EnergyBarrier","floor":15.0,"key":"SMITH"},{"data":"MadScienceMod:FlexibleSpear","floor":24.0,"key":"SMITH"},{"data":"MadScienceMod:RecyclingStation","floor":29.0,"key":"SMITH"},{"data":"MadScienceMod:ShrinkRay","floor":32.0,"key":"SMITH"},{"floor":40,"key":"RECALL"},{"data":"MadScienceMod:ExploreOptions","floor":42,"key":"SMITH"},{"data":"MadScienceMod:OilDrum","floor":45,"key":"SMITH"},{"data":"MadScienceMod:RadioactiveSword","floor":49,"key":"SMITH"},{"data":"MadScienceMod:OilDrum","floor":52,"key":"SMITH"}],"circlet_count":0,"master_deck":["MadScienceMod:Strike_MadScience","MadScienceMod:Strike_MadScience","MadScienceMod:Strike_MadScience","MadScienceMod:Defend_MadScience","MadScienceMod:Defend_MadScience","MadScienceMod:Defend_MadScience","MadScienceMod:PoweredStrike+1","MadScienceMod:HideBehindJunk+1","stsjorbsmod:Withering","MadScienceMod:PowerArmor+1","MadScienceMod:OilDrum+1","MadScienceMod:SelfDestruct","MadScienceMod:EnergyBarrier+1","MadScienceMod:CloneVats","MadScienceMod:RadioactiveSword+1","MadScienceMod:TimeDilationField","MadScienceMod:Booster","MadScienceMod:AssemblyLine","MadScienceMod:EnergyBarrier+1","MadScienceMod:MinatureWeapons+1","MadScienceMod:RecyclingStation+1","MadScienceMod:FlexibleSpear+1","MadScienceMod:ImposingConstruct+1","MadScienceMod:RecyclingStation+1","MadScienceMod:MindControlBeam+1","Parasite","MadScienceMod:ExploreOptions+1","MadScienceMod:ShrinkRay+1","MadScienceMod:OilDrum+1","MadScienceMod:OilDrum+1","MadScienceMod:Liquify","MadScienceMod:Sprocket+1","MadScienceMod:ImposingConstruct","Decay","MadScienceMod:GattlingGun+1","MadScienceMod:GattlingGun+1","MadScienceMod:SelfDestruct+1","MadScienceMod:ShrinkRay+1","MadScienceMod:PowerArmor+1","MadScienceMod:NowOrNever+1","MadScienceMod:PowerArmor+1","MadScienceMod:BandageBot","Madness","MadScienceMod:Refine"],"relics":["MadScienceMod:FuelTank","Prayer Wheel","White Beast Statue","Akabeko","Cursed Key","Gremlin Horn","Oddly Smooth Stone","Red Mask","Sozu","Question Card","Pantograph","Kunai","MerchantsRug","TheAbacus","Happy Flower"],"acts_visited":["Exordium","TheCity","TheBeyond","TheEnding"],"potions_floor_usage":[41],"damage_taken":[{"damage":0.0,"enemies":"2 Louse","floor":1.0,"turns":4.0},{"damage":0.0,"enemies":"Jaw Worm","floor":2.0,"turns":6.0},{"damage":0.0,"enemies":"Small Slimes","floor":4.0,"turns":5.0},{"damage":6.0,"enemies":"Looter","floor":5.0,"turns":5.0},{"damage":4.0,"enemies":"3 Sentries","floor":7.0,"turns":9.0},{"damage":2.0,"enemies":"Blue Slaver","floor":14.0,"turns":6.0},{"damage":33.0,"enemies":"Slime Boss","floor":16.0,"turns":13.0},{"damage":3.0,"enemies":"Chosen","floor":18.0,"turns":6.0},{"damage":20.0,"enemies":"2 Thieves","floor":19.0,"turns":4.0},{"damage":8.0,"enemies":"Centurion and Healer","floor":20.0,"turns":7.0},{"damage":7.0,"enemies":"3 Cultists","floor":22.0,"turns":5.0},{"damage":1.0,"enemies":"Snake Plant","floor":23.0,"turns":4.0},{"damage":4.0,"enemies":"Slavers","floor":25.0,"turns":8.0},{"damage":33.0,"enemies":"Masked Bandits","floor":27.0,"turns":6.0},{"damage":9.0,"enemies":"Cultist and Chosen","floor":28.0,"turns":7.0},{"damage":0.0,"enemies":"Chosen and Byrds","floor":30.0,"turns":8.0},{"damage":0.0,"enemies":"Snake Plant","floor":31.0,"turns":4.0},{"damage":0.0,"enemies":"Champ","floor":33.0,"turns":11.0},{"damage":2,"enemies":"3 Darklings","floor":35,"turns":5},{"damage":0,"enemies":"Orb Walker","floor":37,"turns":5},{"damage":7,"enemies":"Spire Growth","floor":38,"turns":5},{"damage":13,"enemies":"Jaw Worm Horde","floor":39,"turns":5},{"damage":28,"enemies":"Transient","floor":41,"turns":5},{"damage":10,"enemies":"Reptomancer","floor":44,"turns":4},{"damage":0,"enemies":"4 Shapes","floor":46,"turns":4},{"damage":8,"enemies":"3 Darklings","floor":48,"turns":6},{"damage":47,"enemies":"Time Eater","floor":50,"turns":12},{"damage":56,"enemies":"Shield and Spear","floor":54,"turns":13},{"damage":37,"enemies":"The Heart","floor":55,"turns":13}],"seed_played":"1587440032318737346","potions_obtained":[{"floor":1.0,"key":"DuplicationPotion"},{"floor":2.0,"key":"Ancient Potion"},{"floor":5.0,"key":"DuplicationPotion"},{"floor":16.0,"key":"Regen Potion"},{"floor":20.0,"key":"ColorlessPotion"},{"floor":22.0,"key":"Energy Potion"},{"floor":27.0,"key":"DuplicationPotion"},{"floor":28.0,"key":"AttackPotion"},{"floor":30.0,"key":"Weak Potion"},{"floor":31.0,"key":"PowerPotion"},{"floor":33.0,"key":"ColorlessPotion"}],"is_trial":false,"path_per_floor":["M","M","?","M","M","R","E","R","T","R","?","?","?","M","R","B",null,"M","M","M","?","M","M","R","E","T","?","M","R","M","M","R","B",null,"M","?","M","M","M","R","M","R","T","E","R","M","?","M","R","B",null,"R","$","E","B",null],"character_chosen":"MAD_SCIENTIST","items_purchased":["MadScienceMod:BandageBot","Madness","Kunai","MerchantsRug","TheAbacus"],"campfire_rested":0,"item_purchase_floors":[53,53,53,53,53],"current_hp_per_floor":[75,75,80,80,74,74,70,70,70,70,63,38,38,36,36,3,80,77,57,64,64,57,56,56,52,52,19,10,10,10,10,10,10,80,78,78,78,71,58,58,30,30,30,20,20,20,70,62,62,23,70,70,70,32,20],"gold":114,"neow_bonus":"ONE_RARE_RELIC","is_daily":false,"chose_seed":false,"campfire_upgraded":11,"win_rate":0.0,"timestamp":1611363364,"path_taken":["M","M","?","M","M","R","E","R","T","R","?","?","?","M","R","BOSS","M","M","M","?","M","M","R","E","T","?","M","R","M","M","R","BOSS","M","?","?","M","M","R","M","R","T","E","R","M","?","M","R","BOSS","R","$","E","BOSS"],"items_purchased_type":["Card","Card","Relic","Relic","Relic"],"build_version":"2020-12-22","purchased_purges":1,"victory":true,"max_hp_per_floor":[75,75,80,80,80,80,80,80,80,80,80,80,80,80,80,80,80,80,80,80,80,80,80,80,80,80,80,80,80,80,80,80,80,80,80,80,80,80,80,80,80,80,80,80,80,80,70,70,70,70,70,70,70,70,70],"card_choices":[{"not_picked":["MadScienceMod:CaptureMomentum","MadScienceMod:ExploreOptions"],"picked":"MadScienceMod:PowerArmor","floor":1.0},{"not_picked":["MadScienceMod:RadioactiveSword","MadScienceMod:Refuel"],"picked":"MadScienceMod:OilDrum","floor":1.0},{"not_picked":["MadScienceMod:Refuel","MadScienceMod:FlameCannon"],"picked":"MadScienceMod:SelfDestruct","floor":2.0},{"not_picked":["MadScienceMod:Detonate","MadScienceMod:MakeOrBreak"],"picked":"MadScienceMod:EnergyBarrier","floor":2.0},{"not_picked":["MadScienceMod:MechanicalClaw","MadScienceMod:MindControlBeam"],"picked":"MadScienceMod:CloneVats","floor":4.0},{"not_picked":["MadScienceMod:AcidSpray","MadScienceMod:EnergyBarrier","MadScienceMod:Poke"],"picked":"SKIP","floor":4.0},{"not_picked":["MadScienceMod:Inflate","MadScienceMod:FragmentationGrenade"],"picked":"MadScienceMod:RadioactiveSword","floor":5.0},{"not_picked":["MadScienceMod:MechanicalClaw","MadScienceMod:Browse","MadScienceMod:MakeOrBreak"],"picked":"SKIP","floor":5.0},{"not_picked":["MadScienceMod:ParticleBeam","MadScienceMod:FlexibleSpear"],"picked":"MadScienceMod:TimeDilationField","floor":7.0},{"not_picked":["MadScienceMod:FlexibleSpear","MadScienceMod:ShrinkRay"],"picked":"MadScienceMod:Booster","floor":14.0},{"not_picked":["MadScienceMod:ParticleBeam","MadScienceMod:Retarget"],"picked":"MadScienceMod:AssemblyLine","floor":14.0},{"not_picked":["MadScienceMod:NowOrNever","MadScienceMod:ExploreOptions"],"picked":"MadScienceMod:EnergyBarrier+1","floor":18.0},{"not_picked":["MadScienceMod:FlammableWall","MadScienceMod:AutoStrike","MadScienceMod:Browse"],"picked":"SKIP","floor":18.0},{"not_picked":["MadScienceMod:FlameThrower","MadScienceMod:LightOnFire"],"picked":"MadScienceMod:MinatureWeapons+1","floor":19.0},{"not_picked":["MadScienceMod:ParticleBeam+1","MadScienceMod:AntimatterBomb"],"picked":"MadScienceMod:RecyclingStation+1","floor":19.0},{"not_picked":["MadScienceMod:Strafe","MadScienceMod:EnergyBarrier"],"picked":"MadScienceMod:FlexibleSpear","floor":20.0},{"not_picked":["MadScienceMod:Tune","MadScienceMod:FumeBlast","MadScienceMod:Strafe+1"],"picked":"SKIP","floor":20.0},{"not_picked":["MadScienceMod:FlameCannon","MadScienceMod:LightOnFire"],"picked":"MadScienceMod:ImposingConstruct+1","floor":22.0},{"not_picked":["MadScienceMod:MindControlBeam","MadScienceMod:FragmentationGrenade","MadScienceMod:Virus"],"picked":"SKIP","floor":22.0},{"not_picked":["MadScienceMod:FlameCannon","MadScienceMod:EnergyBarrier+1"],"picked":"MadScienceMod:RecyclingStation","floor":23.0},{"not_picked":["MadScienceMod:FlameCannon+1","MadScienceMod:AutoStrike","MadScienceMod:Redesign"],"picked":"SKIP","floor":23.0},{"not_picked":["MadScienceMod:CloneVats","MadScienceMod:RadioactiveSword"],"picked":"MadScienceMod:MindControlBeam+1","floor":25.0},{"not_picked":["MadScienceMod:LightOnFire","MadScienceMod:OilDrum"],"picked":"MadScienceMod:ExploreOptions","floor":28.0},{"not_picked":["MadScienceMod:FlameCannon","MadScienceMod:Refuel","MadScienceMod:RadioactiveSword"],"picked":"SKIP","floor":28.0},{"not_picked":["MadScienceMod:NowOrNever","MadScienceMod:ImposingConstruct"],"picked":"MadScienceMod:ShrinkRay","floor":30.0},{"not_picked":["MadScienceMod:Bayonet","MadScienceMod:MechanicalClaw"],"picked":"MadScienceMod:OilDrum","floor":30.0},{"not_picked":["MadScienceMod:AutoStrike","MadScienceMod:MechanicalClaw"],"picked":"MadScienceMod:OilDrum+1","floor":31.0},{"not_picked":["MadScienceMod:AutoStrike+1","MadScienceMod:TimeDilationField","MadScienceMod:ImposingConstruct"],"picked":"SKIP","floor":31.0},{"not_picked":["MadScienceMod:CloneVats","MadScienceMod:Automate"],"picked":"MadScienceMod:Liquify","floor":33.0},{"not_picked":["MadScienceMod:MechanicalClaw+1","MadScienceMod:FlexibleSpear"],"picked":"MadScienceMod:Sprocket+1","floor":35},{"not_picked":["MadScienceMod:ExtractOil","MadScienceMod:NowOrNever"],"picked":"MadScienceMod:ImposingConstruct","floor":35},{"not_picked":["MadScienceMod:ShrinkRay","MadScienceMod:AcidSpray+1"],"picked":"MadScienceMod:GattlingGun+1","floor":37},{"not_picked":["MadScienceMod:FlameCannon+1","MadScienceMod:FlexibleSpear","MadScienceMod:FragmentationGrenade"],"picked":"SKIP","floor":37},{"not_picked":["MadScienceMod:Poke","MadScienceMod:NowOrNever+1"],"picked":"MadScienceMod:GattlingGun+1","floor":38},{"not_picked":["MadScienceMod:AntimatterBomb+1","MadScienceMod:MakeOrBreak","MadScienceMod:ClockworkAssistant"],"picked":"SKIP","floor":38},{"not_picked":["MadScienceMod:MechanicalClaw","MadScienceMod:AntimatterBomb+1"],"picked":"MadScienceMod:SelfDestruct+1","floor":39},{"not_picked":["MadScienceMod:FlameCannon","MadScienceMod:EnergyBarrier","MadScienceMod:Sprocket+1"],"picked":"SKIP","floor":39},{"not_picked":["MadScienceMod:FlexibleSpear+1","MadScienceMod:LightOnFire","MadScienceMod:MechanicalClaw+1"],"picked":"SKIP","floor":41},{"not_picked":["MadScienceMod:FlameCannon+1","MadScienceMod:ArtilleryShot","MadScienceMod:AutoStrike"],"picked":"SKIP","floor":41},{"not_picked":["MadScienceMod:AcidSpray+1","MadScienceMod:FlammableWall+1","MadScienceMod:AntimatterBomb"],"picked":"MadScienceMod:ShrinkRay+1","floor":44},{"not_picked":["MadScienceMod:RecyclingStation+1","MadScienceMod:JunkLaser+1","MadScienceMod:ExploreOptions"],"picked":"MadScienceMod:PowerArmor+1","floor":46},{"not_picked":["MadScienceMod:FlammableWall+1","MadScienceMod:FumeBlast+1","MadScienceMod:AcidSpray"],"picked":"MadScienceMod:NowOrNever+1","floor":46},{"not_picked":["MadScienceMod:ShrinkRay","MadScienceMod:RecyclingStation+1","MadScienceMod:RadioactiveSword+1"],"picked":"MadScienceMod:PowerArmor+1","floor":48},{"not_picked":["MadScienceMod:LightOnFire+1","MadScienceMod:Sprocket","MadScienceMod:Detonate","MadScienceMod:SelfDestruct"],"picked":"SKIP","floor":48},{"not_picked":["MadScienceMod:ShrinkRay+1","MadScienceMod:FlameCannon+1","MadScienceMod:Refuel"],"picked":"MadScienceMod:Refine","floor":54}],"player_experience":1737923,"relics_obtained":[{"floor":7.0,"key":"White Beast Statue"},{"floor":25.0,"key":"Gremlin Horn"},{"floor":26.0,"key":"Oddly Smooth Stone"},{"floor":27.0,"key":"Red Mask"},{"floor":43,"key":"Question Card"},{"floor":44,"key":"Pantograph"},{"floor":54,"key":"Happy Flower"}],"event_choices":[{"damage_healed":0.0,"max_hp_gain":5.0,"max_hp_loss":0.0,"gold_gain":0.0,"event_name":"Big Fish","player_choice":"Donut","floor":3.0,"gold_loss":0.0,"damage_taken":0.0},{"cards_removed":["MadScienceMod:Defend_MadScience"],"damage_healed":0.0,"max_hp_gain":0.0,"max_hp_loss":0.0,"gold_gain":0.0,"event_name":"Golden Wing","player_choice":"Card Removal","floor":11.0,"gold_loss":0.0,"damage_taken":7.0},{"damage_healed":0.0,"max_hp_gain":0.0,"max_hp_loss":0.0,"gold_gain":0.0,"event_name":"Scrap Ooze","player_choice":"Success","floor":12.0,"gold_loss":0.0,"damage_taken":25.0,"relics_obtained":["Akabeko"]},{"cards_removed":["MadScienceMod:Strike_MadScience"],"damage_healed":0.0,"max_hp_gain":0.0,"max_hp_loss":0.0,"gold_gain":0.0,"event_name":"Living Wall","player_choice":"Forget","floor":13.0,"gold_loss":0.0,"damage_taken":0.0},{"damage_healed":0.0,"max_hp_gain":0.0,"max_hp_loss":0.0,"gold_gain":99.0,"event_name":"Nest","player_choice":"Stole From Cult","floor":21.0,"gold_loss":0.0,"damage_taken":0.0},{"damage_healed":0.0,"max_hp_gain":0.0,"max_hp_loss":0.0,"gold_gain":0.0,"event_name":"Masked Bandits","player_choice":"Fought Bandits","floor":27.0,"gold_loss":0.0,"damage_taken":0.0},{"damage_healed":0,"gold_gain":0,"player_choice":"Cursed","damage_taken":0,"max_hp_gain":0,"max_hp_loss":0,"event_name":"Wheel of Change","floor":36,"gold_loss":0,"cards_obtained":["Decay"]},{"damage_healed":70,"gold_gain":0,"player_choice":"Heal","damage_taken":0,"max_hp_gain":0,"max_hp_loss":10,"event_name":"The Moai Head","floor":47,"gold_loss":0}],"is_beta":false,"boss_relics":[{"not_picked":["SlaversCollar","Empty Cage"],"picked":"Cursed Key"},{"not_picked":["Coffee Dripper","Calling Bell"],"picked":"Sozu"}],"items_purged_floors":[53],"is_endless":false,"potions_floor_spawned":[1,2,5,14,16,18,19,20,22,23,25,27,28,30,31,33,35,37,38,39,41,44,46,48,54],"ascension_level":0}}