{"host":"d2y4rmbezebiv8aj","time":1611441526,"event":{"mods":["AchievementEnabler","BaseMod","Bestiary","BetterRewards","Colored Map","Colored Powertips","Custom Start","Highlight Path","Minty Spire (QoL Compilation)","Quick Restart","Rare Cards Sparkle","Relic Sorter","Relic Stats","Shop Mod","Slay-I","StSLib","SuperFastMode"],"gold_per_floor":[113,124,199,257,27,27,41,73,118,144,144,164,164,198,198,301,301,316,316,329,342,103,103,28,28,77,110,110,145,159,339,339,339,339],"floor_reached":33,"language":"DEU","playtime":1484,"items_purged":[],"score":690,"play_id":"11f26547-8c5a-4318-b2cb-c615662fd828","local_time":"20210123233846","is_ascension_mode":true,"campfire_choices":[{"floor":6.0,"key":"REST"},{"data":"Blade Dance","floor":11.0,"key":"SMITH"},{"data":"Blade Dance","floor":13.0,"key":"SMITH"},{"floor":15.0,"key":"REST"},{"data":"A Thousand Cuts","floor":23.0,"key":"SMITH"},{"data":"Accuracy","floor":25.0,"key":"SMITH"},{"data":"Footwork","floor":28.0,"key":"SMITH"},{"floor":32.0,"key":"REST"}],"circlet_count":0,"master_deck":["Strike_G+1","Strike_G+1","Strike_G+1","Strike_G+1","Strike_G+1","Defend_G+1","Defend_G+1","Defend_G+1","Defend_G+1","Defend_G+1","Survivor","Neutralize","Footwork","Blade Dance+1","Dagger Throw","Footwork+1","Blade Dance+1","Finisher","All Out Attack","Flying Knee","Blur","Backflip","Distraction","Accuracy+1","Venomology","Quick Slash","A Thousand Cuts+1","Prepared","Backstab","Concentrate+1","Sucker Punch+1","Footwork"],"relics":["Ring of the Snake","Meat on the Bone","Happy Flower","Membership Card","PreservedInsect","Bag of Marbles","Regal Pillow","Thread and Needle","Juzu Bracelet","Philosopher\u0027s Stone","Mercury Hourglass","Medical Kit","Sling","Vajra","Molten Egg 2","Toy Ornithopter"],"acts_visited":["Exordium","TheCity"],"potions_floor_usage":[33,33,33,33],"damage_taken":[{"damage":0.0,"enemies":"Cultist","floor":1.0,"turns":4.0},{"damage":0.0,"enemies":"Small Slimes","floor":2.0,"turns":4.0},{"damage":0.0,"enemies":"Jaw Worm","floor":7.0,"turns":3.0},{"damage":3.0,"enemies":"3 Sentries","floor":8.0,"turns":6.0},{"damage":0.0,"enemies":"Gremlin Nob","floor":10.0,"turns":2.0},{"damage":4.0,"enemies":"Gremlin Gang","floor":12.0,"turns":5.0},{"damage":12.0,"enemies":"Lagavulin","floor":14.0,"turns":6.0},{"damage":9.0,"enemies":"The Guardian","floor":16.0,"turns":14.0},{"damage":8.0,"enemies":"Shell Parasite","floor":18.0,"turns":4.0},{"damage":17.0,"enemies":"Chosen","floor":20.0,"turns":5.0},{"damage":0.0,"enemies":"Sentry and Sphere","floor":21.0,"turns":3.0},{"damage":0.0,"enemies":"Slavers","floor":27.0,"turns":1.0},{"damage":0.0,"enemies":"Book of Stabbing","floor":29.0,"turns":1.0},{"damage":0.0,"enemies":"Chosen and Byrds","floor":30.0,"turns":3.0},{"damage":81,"enemies":"Collector","floor":33,"turns":10}],"seed_played":"165097456416445713","potions_obtained":[{"floor":2.0,"key":"Dexterity Potion"},{"floor":8.0,"key":"Strength Potion"},{"floor":10.0,"key":"Regen Potion"},{"floor":16.0,"key":"BlessingOfTheForge"},{"floor":21.0,"key":"Swift Potion"},{"floor":30.0,"key":"ColorlessPotion"}],"is_trial":false,"path_per_floor":["M","M","?","?","$","R","M","E","T","E","R","M","R","E","R","B",null,"M","?","M","M","$","R","$","R","T","E","R","E","M","?","R","B"],"character_chosen":"THE_SILENT","items_purchased":["Footwork","Meat on the Bone","Blade Dance","Dagger Throw","Happy Flower","Footwork","Blade Dance","Membership Card","PreservedInsect","Backstab","Mercury Hourglass","Medical Kit","Sling"],"campfire_rested":3,"item_purchase_floors":[0,0,0,0,0,0,0,5,5,22,22,22,24],"current_hp_per_floor":[49,49,38,38,38,59,59,56,56,56,56,52,52,40,70,61,68,60,60,43,52,52,52,52,52,52,52,52,52,52,33,69,0,0],"gold":339,"neow_bonus":"","is_daily":false,"chose_seed":false,"campfire_upgraded":5,"win_rate":0.0,"timestamp":1611441526,"path_taken":["M","M","?","?","?","R","M","E","T","E","R","?","R","E","R","BOSS","M","?","M","M","$","R","$","R","T","E","R","E","M","?","R","BOSS"],"items_purchased_type":["Card","Relic","Card","Card","Relic","Card","Card","Relic","Relic","Card","Relic","Relic","Relic"],"build_version":"2020-12-22","purchased_purges":0,"victory":false,"max_hp_per_floor":[70,70,70,70,70,70,70,70,70,70,70,70,70,70,70,70,70,70,70,70,70,70,70,70,70,70,70,70,70,70,70,70,70,70],"relic_stats":{"Regal Pillow":24,"Happy Flower":[23],"counters":[96,513],"PreservedInsect":411,"Juzu Bracelet":0,"Medical Kit":[0],"obtain_stats":[{"Gremlin Horn":7,"Vajra":9,"HoveringKite":34,"Whetstone":43,"Boot":26,"Sling":41,"Blood Vial":36,"HornCleat":43,"DollysMirror":25,"Strawberry":25,"MealTicket":20,"Philosopher\u0027s Stone":17,"Kunai":0,"Toxic Egg 2":34,"Happy Flower":20,"Blue Candle":26,"Oddly Smooth Stone":0,"Eternal Feather":17,"Pen Nib":14,"Bronze Scales":7,"Molten Egg 2":27,"Meat on the Bone":0,"Regal Pillow":25,"Singing Bowl":14,"Torii":17,"Enchiridion":22,"Mango":17,"Bag of Preparation":45,"Juzu Bracelet":14,"Cursed Key":17,"Smiling Mask":9,"WristBlade":34,"Mummified Hand":0,"Pantograph":9,"Toolbox":20,"Tiny Chest":17,"Red Mask":47,"InkBottle":29,"Ring of the Snake":0,"Potion Belt":17,"Golden Idol":5,"Thread and Needle":34,"PreservedInsect":0,"Omamori":13,"Frozen Egg 2":17,"MawBank":43,"Medical Kit":22,"Mercury Hourglass":22,"Calling Bell":17,"Anchor":14,"Ornamental Fan":6,"Bag of Marbles":26,"Membership Card":24,"Toy Ornithopter":30},{"Gremlin Horn":24,"Vajra":4,"HoveringKite":13,"Whetstone":52,"Boot":67,"Sling":76,"Blood Vial":14,"HornCleat":77,"DollysMirror":67,"Strawberry":67,"MealTicket":28,"Philosopher\u0027s Stone":89,"Kunai":0,"Toxic Egg 2":49,"Happy Flower":42,"Blue Candle":10,"Oddly Smooth Stone":20,"Eternal Feather":65,"Pen Nib":39,"Bronze Scales":4,"Molten Egg 2":93,"Meat on the Bone":81,"Regal Pillow":44,"Singing Bowl":64,"Torii":65,"Enchiridion":9,"Mango":7,"Bag of Preparation":77,"Juzu Bracelet":88,"Cursed Key":26,"Smiling Mask":37,"WristBlade":73,"Mummified Hand":56,"Pantograph":24,"Toolbox":9,"Tiny Chest":65,"Red Mask":19,"InkBottle":11,"Ring of the Snake":0,"Potion Belt":7,"Golden Idol":23,"Thread and Needle":49,"PreservedInsect":0,"Omamori":24,"Frozen Egg 2":7,"MawBank":17,"Medical Kit":92,"Mercury Hourglass":92,"Calling Bell":7,"Anchor":6,"Ornamental Fan":61,"Bag of Marbles":44,"Membership Card":43,"Toy Ornithopter":11},{"Gremlin Horn":115,"Vajra":21,"HoveringKite":66,"Whetstone":248,"Boot":328,"Sling":406,"Blood Vial":70,"HornCleat":414,"DollysMirror":328,"Strawberry":328,"MealTicket":138,"Philosopher\u0027s Stone":486,"Kunai":0,"Toxic Egg 2":231,"Happy Flower":191,"Blue Candle":54,"Oddly Smooth Stone":100,"Eternal Feather":314,"Pen Nib":176,"Bronze Scales":21,"Molten Egg 2":499,"Meat on the Bone":442,"Regal Pillow":204,"Singing Bowl":304,"Torii":314,"Enchiridion":49,"Mango":40,"Bag of Preparation":414,"Juzu Bracelet":472,"Cursed Key":129,"Smiling Mask":168,"WristBlade":381,"Mummified Hand":264,"Pantograph":115,"Toolbox":49,"Tiny Chest":314,"Red Mask":89,"InkBottle":56,"Ring of the Snake":0,"Potion Belt":40,"Golden Idol":109,"Thread and Needle":231,"PreservedInsect":0,"Omamori":115,"Frozen Egg 2":40,"MawBank":83,"Medical Kit":498,"Mercury Hourglass":498,"Calling Bell":40,"Anchor":27,"Ornamental Fan":287,"Bag of Marbles":204,"Membership Card":198,"Toy Ornithopter":56}],"Toy Ornithopter":11,"Ring of the Snake":[192],"Meat on the Bone":0,"Mercury Hourglass":[69]},"card_choices":[{"not_picked":["Cloak And Dagger","Sucker Punch"],"picked":"Finisher","floor":1.0},{"not_picked":["Caltrops","Concentrate"],"picked":"All Out Attack","floor":2.0},{"not_picked":["Tactician","Sucker Punch"],"picked":"Flying Knee","floor":7.0},{"not_picked":["Bullet Time","Acrobatics"],"picked":"Blur","floor":8.0},{"not_picked":["Concentrate","Slice"],"picked":"Backflip","floor":10.0},{"not_picked":["Deadly Poison","Dagger Throw"],"picked":"Distraction","floor":12.0},{"not_picked":["Sucker Punch","Corpse Explosion"],"picked":"Accuracy","floor":14.0},{"not_picked":["Bullet Time","Corpse Explosion"],"picked":"Venomology","floor":16.0},{"not_picked":["Flying Knee","Bane"],"picked":"Quick Slash","floor":18.0},{"not_picked":["Backflip","PiercingWail"],"picked":"A Thousand Cuts","floor":20.0},{"not_picked":["Cloak And Dagger","Poisoned Stab"],"picked":"Prepared","floor":21.0},{"not_picked":["Quick Slash+1","Dodge and Roll"],"picked":"Concentrate+1","floor":27.0},{"not_picked":["Backflip","Slice+1"],"picked":"Sucker Punch+1","floor":29.0},{"not_picked":["Caltrops+1","All Out Attack+1"],"picked":"Footwork","floor":30.0}],"player_experience":377808,"relics_obtained":[{"floor":8.0,"key":"Bag of Marbles"},{"floor":9.0,"key":"Regal Pillow"},{"floor":10.0,"key":"Thread and Needle"},{"floor":14.0,"key":"Juzu Bracelet"},{"floor":26.0,"key":"Vajra"},{"floor":27.0,"key":"Molten Egg 2"},{"floor":29.0,"key":"Toy Ornithopter"}],"event_choices":[{"damage_healed":0.0,"max_hp_gain":0.0,"max_hp_loss":0.0,"gold_gain":75.0,"event_name":"World of Goop","player_choice":"Gather Gold","floor":3.0,"gold_loss":0.0,"damage_taken":11.0},{"damage_healed":0.0,"max_hp_gain":0.0,"max_hp_loss":0.0,"gold_gain":58.0,"event_name":"Golden Wing","player_choice":"Gained Gold","floor":4.0,"gold_loss":0.0,"damage_taken":0.0},{"damage_healed":0.0,"max_hp_gain":0.0,"max_hp_loss":0.0,"gold_gain":0.0,"event_name":"Back to Basics","player_choice":"Simplicity","floor":19.0,"gold_loss":0.0,"damage_taken":0.0,"cards_upgraded":["Strike_G","Strike_G","Strike_G","Strike_G","Strike_G","Defend_G","Defend_G","Defend_G","Defend_G","Defend_G"]},{"damage_healed":0.0,"max_hp_gain":0.0,"max_hp_loss":0.0,"gold_gain":180.0,"event_name":"Knowing Skull","player_choice":"GOLD GOLD ","floor":31.0,"potions_obtained":[],"gold_loss":0.0,"damage_taken":19.0,"cards_obtained":[]}],"is_beta":false,"boss_relics":[{"not_picked":["Runic Dome","Fusion Hammer"],"picked":"Philosopher\u0027s Stone"}],"items_purged_floors":[],"is_endless":false,"potions_floor_spawned":[2,8,10,16,18,21,30],"killed_by":"Collector","ascension_level":9}}