{"host":"hszimsrtxxc2k25w","time":1611441887,"event":{"mods":["AchievementEnabler","BaseMod","Colored Map","DeckTracker","Minty Spire (QoL Compilation)","Rare Cards Sparkle","SuperFastMode"],"gold_per_floor":[109,184,30,80,96,96,96,107,153,169,169,186,204,216,216,290,290,307,207,224,234,82,82,98,118,118,118,118],"floor_reached":27,"language":"KOR","playtime":767,"items_purged":["Strike_G","Strike_G"],"score":397,"play_id":"386e3499-edd8-41b4-8721-5485add457c8","local_time":"20210124074447","is_ascension_mode":true,"campfire_choices":[{"data":"Prepared","floor":6,"key":"SMITH"},{"data":"Reflex","floor":11,"key":"SMITH"},{"data":"Crippling Poison","floor":15,"key":"SMITH"},{"data":"A Thousand Cuts","floor":23,"key":"SMITH"}],"circlet_count":0,"master_deck":["AscendersBane","Strike_G","Strike_G","Strike_G","Defend_G","Defend_G","Defend_G","Defend_G","Defend_G","Survivor","Neutralize","Die Die Die","Reflex+1","Poisoned Stab","Prepared+1","Dagger Throw","Acrobatics","Crippling Poison+1","Adrenaline","Prepared","Calculated Gamble","A Thousand Cuts+1","Concentrate"],"relics":["Ring of the Snake","Pear","Bag of Marbles","Cursed Key"],"acts_visited":["Exordium","TheCity"],"potions_floor_usage":[16],"damage_taken":[{"damage":0,"enemies":"Cultist","floor":1,"turns":4},{"damage":3,"enemies":"Jaw Worm","floor":5,"turns":3},{"damage":5,"enemies":"2 Louse","floor":8,"turns":2},{"damage":5,"enemies":"Blue Slaver","floor":10,"turns":2},{"damage":4,"enemies":"Exordium Wildlife","floor":12,"turns":2},{"damage":0,"enemies":"3 Louse","floor":13,"turns":2},{"damage":4,"enemies":"Blue Slaver","floor":14,"turns":2},{"damage":15,"enemies":"The Guardian","floor":16,"turns":12},{"damage":29,"enemies":"Spheric Guardian","floor":18,"turns":8},{"damage":0,"enemies":"3 Byrds","floor":20,"turns":3},{"damage":5,"enemies":"Centurion and Healer","floor":21,"turns":8},{"damage":0,"enemies":"3 Cultists","floor":24,"turns":2},{"damage":18,"enemies":"Snake Plant","floor":25,"turns":4},{"damage":11,"enemies":"Shelled Parasite and Fungi","floor":27,"turns":2}],"seed_played":"-5995811724450653202","potions_obtained":[{"floor":1,"key":"AttackPotion"},{"floor":5,"key":"DuplicationPotion"},{"floor":12,"key":"FearPotion"},{"floor":16,"key":"SpeedPotion"}],"is_trial":false,"path_per_floor":["M","?","$","?","M","R","?","M","T","M","R","M","M","M","R","B",null,"M","$","M","M","$","R","M","M","T","M"],"character_chosen":"THE_SILENT","items_purchased":["Poisoned Stab","Prepared","A Thousand Cuts"],"campfire_rested":0,"item_purchase_floors":[3,3,22],"current_hp_per_floor":[59,48,48,48,45,45,55,50,50,45,45,41,41,37,37,22,63,34,34,34,29,29,29,29,11,11,0,0],"gold":118,"neow_bonus":"ONE_RANDOM_RARE_CARD","is_daily":false,"chose_seed":false,"campfire_upgraded":4,"win_rate":0.0,"timestamp":1611441887,"path_taken":["M","?","$","?","?","R","?","M","T","?","R","M","?","M","R","BOSS","M","$","M","M","$","R","M","M","T","M"],"items_purchased_type":["Card","Card","Card"],"build_version":"2020-12-22","purchased_purges":2,"victory":false,"max_hp_per_floor":[66,66,66,66,66,66,76,76,76,76,76,76,76,76,76,76,76,76,76,76,76,76,76,76,76,76,76,76],"card_choices":[{"not_picked":["Accuracy","Calculated Gamble"],"picked":"Reflex","floor":1},{"not_picked":["Skewer","Infinite Blades","Accuracy"],"picked":"SKIP","floor":5},{"not_picked":["Distraction","Endless Agony"],"picked":"Dagger Throw","floor":8},{"not_picked":["All Out Attack","Choke"],"picked":"Acrobatics","floor":10},{"not_picked":["Flying Knee","Infinite Blades","Leg Sweep"],"picked":"SKIP","floor":12},{"not_picked":["Deflect","Bane","Finisher"],"picked":"SKIP","floor":13},{"not_picked":["Quick Slash","Infinite Blades"],"picked":"Crippling Poison","floor":14},{"not_picked":["Night Terror","Storm of Steel"],"picked":"Adrenaline","floor":16},{"not_picked":["Sucker Punch","Blade Dance+1"],"picked":"Prepared","floor":18},{"not_picked":["Deflect","Infinite Blades+1"],"picked":"Calculated Gamble","floor":20},{"not_picked":["Flying Knee","Slice","Noxious Fumes"],"picked":"SKIP","floor":21},{"not_picked":["Dash","Deflect"],"picked":"Concentrate","floor":24},{"not_picked":["Bane+1","Caltrops","Prepared"],"picked":"SKIP","floor":25}],"player_experience":636996,"relics_obtained":[{"floor":9,"key":"Bag of Marbles"}],"event_choices":[{"damage_healed":0,"gold_gain":75,"player_choice":"Gather Gold","damage_taken":11,"max_hp_gain":0,"max_hp_loss":0,"event_name":"World of Goop","floor":2,"gold_loss":0},{"damage_healed":0,"gold_gain":50,"player_choice":"Pray","damage_taken":0,"max_hp_gain":0,"max_hp_loss":0,"event_name":"Golden Shrine","floor":4,"gold_loss":0},{"damage_healed":0,"gold_gain":0,"player_choice":"Gave Potion","damage_taken":0,"relics_obtained":["Pear"],"max_hp_gain":0,"max_hp_loss":0,"event_name":"WeMeetAgain","floor":7,"gold_loss":0}],"is_beta":false,"boss_relics":[{"not_picked":["WristBlade","Fusion Hammer"],"picked":"Cursed Key"}],"items_purged_floors":[3,19],"is_endless":false,"potions_floor_spawned":[1,5,12,14,16,18,24],"killed_by":"Shelled Parasite and Fungi","ascension_level":18}}