{"host":"v3mpq6flurzldi5g","time":1611425597,"event":{"mods":["AchievementEnabler","BaseMod","Colored Powertips","Highlight Path","Minty Spire (QoL Compilation)","StSLib"],"gold_per_floor":[110,123,123,43,43,43,53,53,53,53,83,93,93,128,128,128,128],"floor_reached":16,"language":"ENG","playtime":550,"items_purged":[],"score":152,"play_id":"fdb2668a-eec0-4f5e-a71c-555735258baa","local_time":"20210123131317","is_ascension_mode":true,"campfire_choices":[{"floor":6,"key":"REST"},{"data":"Defend_B","floor":8,"key":"SMITH"},{"floor":10,"key":"REST"},{"data":"Double Energy","floor":13,"key":"SMITH"},{"floor":15,"key":"REST"}],"circlet_count":0,"master_deck":["AscendersBane","Strike_B","Strike_B","Strike_B","Strike_B","Defend_B","Defend_B","Defend_B+1","Defend_B+1","Zap+1","Dualcast","Glacier+1","Capacitor","Double Energy+1"],"relics":["Cracked Core","Blue Candle","Letter Opener","Ancient Tea Set"],"acts_visited":["Exordium"],"potions_floor_usage":[7,14,16],"damage_taken":[{"damage":5,"enemies":"2 Louse","floor":1,"turns":3},{"damage":18,"enemies":"Jaw Worm","floor":2,"turns":4},{"damage":0,"enemies":"Small Slimes","floor":7,"turns":4},{"damage":2,"enemies":"Looter","floor":12,"turns":5},{"damage":60,"enemies":"Gremlin Nob","floor":14,"turns":6},{"damage":45,"enemies":"The Guardian","floor":16,"turns":15}],"seed_played":"8501244414764757836","potions_obtained":[{"floor":1,"key":"DistilledChaos"},{"floor":2,"key":"BlessingOfTheForge"},{"floor":7,"key":"SpeedPotion"}],"is_trial":false,"path_per_floor":["M","M","?","$","?","R","M","R","T","R","?","M","R","E","R","B"],"character_chosen":"DEFECT","items_purchased":["Capacitor"],"campfire_rested":3,"item_purchase_floors":[4],"current_hp_per_floor":[63,45,30,30,27,49,49,49,49,71,71,69,69,9,31,0,0],"gold":128,"neow_bonus":"UPGRADE_CARD","is_daily":false,"chose_seed":false,"campfire_upgraded":2,"win_rate":0.0,"timestamp":1611425597,"path_taken":["M","M","?","$","?","R","M","R","T","R","?","M","R","E","R","BOSS"],"items_purchased_type":["Card"],"build_version":"2020-12-22","purchased_purges":0,"victory":false,"max_hp_per_floor":[75,75,75,75,75,75,75,75,75,75,75,75,75,75,75,75,75],"card_choices":[{"not_picked":["Force Field","Fusion","Beam Cell"],"picked":"SKIP","floor":1},{"not_picked":["Beam Cell","Redo"],"picked":"Glacier","floor":2},{"not_picked":["Aggregate","Beam Cell","Gash"],"picked":"SKIP","floor":7},{"not_picked":["Hologram","Reboot"],"picked":"Double Energy","floor":12},{"not_picked":["Heatsinks","Chill","Reprogram"],"picked":"SKIP","floor":14}],"player_experience":1005122,"relics_obtained":[{"floor":9,"key":"Letter Opener"},{"floor":14,"key":"Ancient Tea Set"}],"event_choices":[{"damage_healed":0,"gold_gain":0,"player_choice":"Entered Light","damage_taken":15,"max_hp_gain":0,"max_hp_loss":0,"event_name":"Shining Light","floor":3,"gold_loss":0,"cards_upgraded":["Glacier","Zap"]},{"damage_healed":0,"gold_gain":0,"player_choice":"Success","damage_taken":3,"relics_obtained":["Blue Candle"],"max_hp_gain":0,"max_hp_loss":0,"event_name":"Scrap Ooze","floor":5,"gold_loss":0},{"damage_healed":0,"gold_gain":30,"player_choice":"Searched \u00271\u0027 times","damage_taken":0,"max_hp_gain":0,"max_hp_loss":0,"event_name":"Dead Adventurer","floor":11,"gold_loss":0}],"is_beta":false,"boss_relics":[],"items_purged_floors":[],"is_endless":false,"potions_floor_spawned":[1,2,7],"killed_by":"The Guardian","ascension_level":11}}