{"host":"v4tuy5ykrbdcm9o9","time":1611429271,"event":{"mods":["BaseMod","Duelist Mod","Minty Spire (QoL Compilation)","Replay The Spire","StSLib"],"gold_per_floor":[118,131,145,162,176,204,379,408,408,113,140,150,150,177,177,276,276,292,302,217,217,233,233,267,267,267,267,284,304,324,356,356,458,458,471,201,212,229,257,257,287,287,311,344,364,135,135,166,166,166,166,166,23,54,54],"floor_reached":56,"language":"ENG","playtime":6611,"items_purged":["Doubt","Writhe","Pain"],"score":1772,"play_id":"d10ea4f0-e683-429a-a939-8bd1fc677dbc","local_time":"20210123141431","is_ascension_mode":true,"campfire_choices":[{"floor":13,"key":"RECALL"},{"floor":15,"key":"REST"},{"data":"Venomology","floor":23,"key":"SMITH"},{"floor":25,"key":"DIG"},{"data":"Phantasmal Killer","floor":27,"key":"SMITH"},{"data":"Storm of Steel","floor":32,"key":"SMITH"},{"data":"Adrenaline","floor":40,"key":"SMITH"},{"data":"Finisher","floor":42,"key":"SMITH"},{"data":"Infinite Blades","floor":47,"key":"SMITH"},{"floor":49,"key":"REST"},{"floor":52,"key":"REST"}],"circlet_count":0,"master_deck":["Strike_G","Strike_G","Strike_G","Strike_G","Strike_G","Defend_G","Defend_G","Defend_G","Defend_G","Defend_G","Survivor","Neutralize","Dagger Spray","Tactician","Blade Dance","Infinite Blades+1","Venomology+1","Infinite Blades","Slice","ReplayTheSpireMod:Private Reserves","Hidden Blade","Flying Knee","Infinite Blades","Cloak And Dagger","Tactician","Phantasmal Killer+1","Slice","Footwork+1","Predator+1","Slice","Well Laid Plans","Storm of Steel+1","Outmaneuver+1","Blade Dance","Adrenaline+1","Slice","Finisher+1","Prepared","ReplayTheSpireMod:Tripwire","Dagger Spray+1","Dagger Spray+1","theDuelist:CurseAnubis","Caltrops+1","Slice","Dagger Throw+1","Finisher+1","Tactician","Underhanded Strike+1"],"relics":["Ring of the Snake","ReplayTheSpireMod:TigerMarble","Shovel","Snack Pack","Bag of Marbles","ReplayTheSpireMod:Lightbulb","Bottled Tornado","SacredBark","ReplayTheSpireMod:Ninjato","Pet Ghost","Potion Belt","Garlic","Happy Flower","Cursed Key","Boot","Blood Vial","Blue Doll","Letter Opener","StrikeDummy"],"acts_visited":["Exordium","TheCity","TheBeyond","TheEnding"],"potions_floor_usage":[4,6,6,8,8,11,11,12,12,14,16,16,18,19,22,22,24,28,28,30,31,31,31,33,37,38,38,44,44,50,50,50,50,50,53,54,54,55,55,55,55,55,55],"damage_taken":[{"damage":0,"enemies":"Small Slimes","floor":1,"turns":2},{"damage":0,"enemies":"Jaw Worm","floor":2,"turns":7},{"damage":1,"enemies":"2 Louse","floor":3,"turns":3},{"damage":8,"enemies":"Blue Slaver","floor":4,"turns":4},{"damage":0,"enemies":"Gremlin Gang","floor":5,"turns":3},{"damage":0,"enemies":"3 Sentries","floor":6,"turns":5},{"damage":20,"enemies":"Gremlin Nob","floor":8,"turns":5},{"damage":12,"enemies":"Lagavulin","floor":11,"turns":7},{"damage":9,"enemies":"Large Slime","floor":12,"turns":4},{"damage":24,"enemies":"Gremlin Nob","floor":14,"turns":5},{"damage":21,"enemies":"Hexaghost","floor":16,"turns":10},{"damage":3,"enemies":"Spheric Guardian","floor":18,"turns":3},{"damage":12,"enemies":"Shell Parasite","floor":19,"turns":4},{"damage":30,"enemies":"Snake Plant","floor":22,"turns":6},{"damage":0,"enemies":"theDuelist:KaibaA2","floor":24,"turns":1},{"damage":0,"enemies":"Chosen and Byrds","floor":28,"turns":3},{"damage":24,"enemies":"Centurion and Healer","floor":29,"turns":4},{"damage":0,"enemies":"Snecko","floor":30,"turns":2},{"damage":0,"enemies":"Book of Stabbing","floor":31,"turns":4},{"damage":51,"enemies":"Champ","floor":33,"turns":9},{"damage":4,"enemies":"Orb Walker","floor":35,"turns":3},{"damage":15,"enemies":"3 Shapes","floor":37,"turns":3},{"damage":19,"enemies":"Transient","floor":38,"turns":5},{"damage":5,"enemies":"Nemesis","floor":41,"turns":4},{"damage":0,"enemies":"Giant Head","floor":44,"turns":4},{"damage":7,"enemies":"Jaw Worm Horde","floor":45,"turns":2},{"damage":20,"enemies":"Reptomancer","floor":48,"turns":5},{"damage":77,"enemies":"Time Eater","floor":50,"turns":7},{"damage":6,"enemies":"Shield and Spear","floor":54,"turns":2},{"damage":46,"enemies":"The Heart","floor":55,"turns":5}],"seed_played":"-5912781583598201230","potions_obtained":[{"floor":2,"key":"ColorlessPotion"},{"floor":5,"key":"SteroidPotion"},{"floor":6,"key":"Weak Potion"},{"floor":11,"key":"Energy Potion"},{"floor":14,"key":"Energy Potion"},{"floor":16,"key":"ColorlessPotion"},{"floor":22,"key":"AttackPotion"},{"floor":24,"key":"PowerPotion"},{"floor":28,"key":"Reflective Coating"},{"floor":30,"key":"LifebloodPotion"},{"floor":33,"key":"Reflective Coating"},{"floor":38,"key":"Fire Potion"},{"floor":39,"key":"LifebloodPotion"},{"floor":39,"key":"Death Potion"},{"floor":41,"key":"PowerPotion"},{"floor":54,"key":"ColorlessPotion"}],"is_trial":false,"path_per_floor":["M","M","M","M","M","E","?","E","T","$","E","M","R","E","R","B",null,"M","M","?","?","M","R","E","R","T","R","M","M","M","E","R","B",null,"M","$","M","M","?","R","E","R","T","E","M","$","R","E","R","B",null,"R","$","E","B",null],"character_chosen":"THE_SILENT","items_purchased":["ReplayTheSpireMod:Private Reserves","Hidden Blade","Energy Potion","Flying Knee","Finisher","BlessingOfTheForge","Fire Potion","Dagger Throw+1","DuplicationPotion","LiquidBronze","Tactician"],"campfire_rested":3,"item_purchase_floors":[10,10,10,10,36,36,36,46,46,53,53],"current_hp_per_floor":[63,63,62,54,54,54,54,34,34,34,40,41,41,21,42,51,65,68,66,66,66,50,50,52,52,52,52,60,46,54,64,64,46,64,68,68,55,53,53,53,58,58,58,70,67,67,67,54,70,9,55,70,70,70,50],"gold":54,"neow_bonus":"RANDOM_COMMON_RELIC","is_daily":false,"chose_seed":false,"campfire_upgraded":6,"win_rate":0.0,"timestamp":1611429271,"path_taken":["M","M","M","M","M","E","?","E","T","$","E","M","R","E","R","BOSS","M","M","?","?","M","R","E","R","T","R","M","M","M","E","R","BOSS","M","$","M","?","?","R","E","R","T","E","M","?","R","E","R","BOSS","R","$","E","BOSS"],"items_purchased_type":["Card","Card","Potion","Card","Card","Potion","Potion","Card","Potion","Potion","Card"],"build_version":"2020-12-22","purchased_purges":3,"victory":true,"max_hp_per_floor":[70,70,70,70,70,70,70,70,70,70,70,70,70,70,70,70,70,70,70,70,70,70,70,70,70,70,70,70,70,70,70,70,70,70,70,70,70,70,70,70,70,70,70,70,70,70,70,70,70,70,70,70,70,70,70],"card_choices":[{"not_picked":["Dagger Throw","Deflect"],"picked":"Dagger Spray","floor":1},{"not_picked":["Underhanded Strike","ReplayTheSpireMod:Shiv Toss"],"picked":"Tactician","floor":2},{"not_picked":["Poisoned Stab","Sucker Punch"],"picked":"Blade Dance","floor":3},{"not_picked":["Catalyst","Acrobatics"],"picked":"Infinite Blades","floor":4},{"not_picked":["Outmaneuver","Sucker Punch"],"picked":"Venomology","floor":5},{"not_picked":["Dagger Spray","Catalyst"],"picked":"Infinite Blades","floor":6},{"not_picked":["Bane","Crippling Poison"],"picked":"Slice","floor":8},{"not_picked":["Dagger Spray","Sucker Punch"],"picked":"Infinite Blades","floor":11},{"not_picked":["Replay:Poison Smokescreen","Draining Mist"],"picked":"Cloak And Dagger","floor":12},{"not_picked":["Underhanded Strike","Dash"],"picked":"Tactician","floor":14},{"not_picked":["Atom Bomb","Corpse Explosion"],"picked":"Phantasmal Killer","floor":16},{"not_picked":["Calculated Gamble","Setup"],"picked":"Slice","floor":18},{"not_picked":["Backflip","Slice"],"picked":"Footwork+1","floor":19},{"not_picked":["Quick Slash","Deadly Poison"],"picked":"Predator+1","floor":22},{"not_picked":["Skewer","Tactician"],"picked":"Slice","floor":24},{"not_picked":["Cloak And Dagger","Sucker Punch+1"],"picked":"Well Laid Plans","floor":28},{"not_picked":["Riddle With Holes","Deadly Poison+1"],"picked":"Storm of Steel","floor":29},{"not_picked":["Prepared","PiercingWail"],"picked":"Outmaneuver+1","floor":30},{"not_picked":["Noxious Fumes","Acrobatics+1"],"picked":"Blade Dance","floor":31},{"not_picked":["Night Terror","Atom Bomb"],"picked":"Adrenaline","floor":33},{"not_picked":["Bane+1","Bouncing Flask"],"picked":"Slice","floor":35},{"not_picked":["Draining Mist+1","Quick Slash+1"],"picked":"Prepared","floor":37},{"not_picked":["Blade Dance","Atom Bomb"],"picked":"ReplayTheSpireMod:Tripwire","floor":38},{"not_picked":["Sucker Punch","Bane"],"picked":"Dagger Spray+1","floor":39},{"not_picked":["Sucker Punch","Bane"],"picked":"Dagger Spray+1","floor":41},{"not_picked":["Flying Knee+1","Expertise+1"],"picked":"Caltrops+1","floor":44},{"not_picked":["Bane","Predator+1"],"picked":"Slice","floor":45},{"not_picked":["Crippling Poison+1","Malaise"],"picked":"Finisher+1","floor":48},{"not_picked":["Distraction+1","Hidden Blade"],"picked":"Underhanded Strike+1","floor":54}],"player_experience":659922,"relics_obtained":[{"floor":6,"key":"Shovel"},{"floor":8,"key":"Snack Pack"},{"floor":9,"key":"Bag of Marbles"},{"floor":11,"key":"ReplayTheSpireMod:Lightbulb"},{"floor":14,"key":"Bottled Tornado"},{"floor":24,"key":"Potion Belt"},{"floor":25,"key":"Garlic"},{"floor":31,"key":"Happy Flower"},{"floor":41,"key":"Boot"},{"floor":43,"key":"Blood Vial"},{"floor":44,"key":"Blue Doll"},{"floor":48,"key":"Letter Opener"},{"floor":54,"key":"StrikeDummy"}],"event_choices":[{"damage_healed":0,"gold_gain":175,"player_choice":"AGREE","damage_taken":0,"max_hp_gain":0,"max_hp_loss":0,"event_name":"Liars Game","floor":7,"gold_loss":0,"cards_obtained":["Doubt"]},{"damage_healed":0,"gold_gain":0,"player_choice":"Obtained Relic","damage_taken":0,"relics_obtained":["ReplayTheSpireMod:Ninjato"],"max_hp_gain":0,"max_hp_loss":0,"event_name":"Addict","floor":20,"gold_loss":85},{"damage_healed":0,"gold_gain":0,"player_choice":"Opened","damage_taken":0,"relics_obtained":["Pet Ghost"],"max_hp_gain":0,"max_hp_loss":0,"event_name":"The Mausoleum","floor":21,"gold_loss":0,"cards_obtained":["Writhe"]}],"is_beta":false,"boss_relics":[{"not_picked":["Calling Bell","Velvet Choker"],"picked":"SacredBark"},{"not_picked":["Snecko Scales","Runic Pyramid"],"picked":"Cursed Key"}],"items_purged_floors":[10,36,46],"is_endless":false,"potions_floor_spawned":[2,5,6,11,14,16,22,24,28,30,33,38,41,48,54],"ascension_level":6}}