{"host":"yvb207ks1sg3cxef","time":1611403767,"event":{"mods":["2.2 Compatiblity","BaseMod","Bestiary","Colored Powertips","Minty Spire (QoL Compilation)","Permanent Neow","Quick Restart","Relic Stats","StSLib"],"gold_per_floor":[367,39,39,53,53,53,53,96,122,155,170,170,170,191,191,284,284,284,284,284,284,29,29,29],"floor_reached":23,"language":"ENG","playtime":769,"items_purged":[],"score":394,"play_id":"b78b079e-16ac-47a1-8b5d-7319263c44a6","local_time":"20210123173927","is_ascension_mode":true,"campfire_choices":[{"data":"Poisoned Stab","floor":6,"key":"SMITH"},{"data":"Footwork","floor":13,"key":"SMITH"},{"data":"Neutralize","floor":15,"key":"SMITH"}],"circlet_count":0,"master_deck":["AscendersBane","Strike_G+1","Strike_G","Strike_G","Strike_G","Defend_G","Defend_G+1","Defend_G","Defend_G","Defend_G","Survivor","Neutralize+1","Flying Knee","Poisoned Stab+1","Backflip","Dash","Footwork+1","Backflip","Deflect","Bullet Time","Leg Sweep","Deflect","Ghostly","Ghostly","Ghostly","RitualDagger","Noxious Fumes"],"relics":["Ring of the Snake","Eternal Feather","Golden Idol","Lizard Tail","Pen Nib","Lantern","Ectoplasm","OrangePellets"],"acts_visited":["Exordium","TheCity"],"potions_floor_usage":[19],"damage_taken":[{"damage":1,"enemies":"Small Slimes","floor":1,"turns":4},{"damage":1,"enemies":"2 Louse","floor":4,"turns":4},{"damage":31,"enemies":"Gremlin Nob","floor":8,"turns":4},{"damage":35,"enemies":"Lagavulin","floor":10,"turns":10},{"damage":0,"enemies":"Cultist","floor":11,"turns":3},{"damage":1,"enemies":"Large Slime","floor":14,"turns":7},{"damage":2,"enemies":"The Guardian","floor":16,"turns":16},{"damage":0,"enemies":"Spheric Guardian","floor":18,"turns":4},{"damage":0,"enemies":"Shell Parasite","floor":19,"turns":5},{"damage":23,"enemies":"Book of Stabbing","floor":23,"turns":6}],"seed_played":"2569717737612789454","potions_obtained":[{"floor":10,"key":"Fire Potion"},{"floor":11,"key":"ColorlessPotion"},{"floor":14,"key":"SkillPotion"},{"floor":16,"key":"Strength Potion"}],"is_trial":false,"path_per_floor":["M","$","?","M","?","R","?","E","T","E","M","?","R","M","R","B",null,"M","M","?","?","$","E"],"character_chosen":"THE_SILENT","items_purchased":["Eternal Feather","Poisoned Stab","OrangePellets","Noxious Fumes"],"campfire_rested":0,"item_purchase_floors":[2,2,22,22],"current_hp_per_floor":[58,58,51,50,50,54,38,7,7,7,7,7,16,15,24,22,46,46,46,27,21,21,0,0],"gold":29,"neow_bonus":"TWO_FIFTY_GOLD","is_daily":false,"chose_seed":false,"campfire_upgraded":3,"win_rate":0.0,"timestamp":1611403767,"path_taken":["M","$","?","M","?","R","?","E","T","E","M","?","R","M","R","BOSS","M","?","?","?","$","E"],"items_purchased_type":["Relic","Card","Relic","Card"],"build_version":"2020-12-22","purchased_purges":0,"victory":false,"max_hp_per_floor":[60,60,60,60,54,54,54,54,54,54,54,54,54,54,54,54,54,54,54,27,27,27,27,27],"relic_stats":{"OrangePellets":[0],"Lizard Tail":27,"counters":[10,63],"Golden Idol":49,"Eternal Feather":22,"Pen Nib":[9],"Ectoplasm":34,"obtain_stats":[{"OrangePellets":22,"Lizard Tail":8,"Lantern":10,"Golden Idol":5,"Eternal Feather":2,"Pen Nib":9,"Ectoplasm":17,"Ring of the Snake":0},{"OrangePellets":9,"Lizard Tail":3,"Lantern":4,"Golden Idol":2,"Eternal Feather":1,"Pen Nib":3,"Ectoplasm":7,"Ring of the Snake":0},{"OrangePellets":57,"Lizard Tail":12,"Lantern":22,"Golden Idol":8,"Eternal Feather":4,"Pen Nib":12,"Ectoplasm":48,"Ring of the Snake":0}],"Ring of the Snake":[20]},"card_choices":[{"not_picked":["Accuracy","Calculated Gamble"],"picked":"Flying Knee","floor":1},{"not_picked":["Calculated Gamble","Deadly Poison"],"picked":"Backflip","floor":4},{"not_picked":["Endless Agony","Infinite Blades"],"picked":"Dash","floor":8},{"not_picked":["Outmaneuver","Flechettes","Skewer"],"picked":"SKIP","floor":10},{"not_picked":["Catalyst","Crippling Poison"],"picked":"Footwork","floor":11},{"not_picked":["Finisher","Heel Hook"],"picked":"Deflect","floor":14},{"not_picked":["Venomology","Envenom"],"picked":"Bullet Time","floor":16},{"not_picked":["Prepared","Underhanded Strike"],"picked":"Leg Sweep","floor":18},{"not_picked":["Outmaneuver","Accuracy"],"picked":"Deflect","floor":19}],"player_experience":418283,"relics_obtained":[{"floor":8,"key":"Lizard Tail"},{"floor":9,"key":"Pen Nib"},{"floor":10,"key":"Lantern"}],"event_choices":[{"cards_removed":["Strike_G"],"damage_healed":0,"gold_gain":0,"player_choice":"Card Removal","damage_taken":7,"max_hp_gain":0,"max_hp_loss":0,"event_name":"Golden Wing","floor":3,"gold_loss":0},{"damage_healed":0,"gold_gain":0,"player_choice":"Lose Max HP","damage_taken":0,"relics_obtained":["Golden Idol"],"max_hp_gain":0,"max_hp_loss":6,"event_name":"Golden Idol","floor":5,"gold_loss":0},{"damage_healed":0,"gold_gain":0,"player_choice":"Entered Light","damage_taken":16,"max_hp_gain":0,"max_hp_loss":0,"event_name":"Shining Light","floor":7,"gold_loss":0,"cards_upgraded":["Defend_G","Strike_G"]},{"damage_healed":0,"gold_gain":0,"player_choice":"1 cards matched","damage_taken":0,"max_hp_gain":0,"max_hp_loss":0,"event_name":"Match and Keep!","floor":12,"gold_loss":0,"cards_obtained":["Backflip"]},{"damage_healed":0,"gold_gain":0,"player_choice":"Became a Ghost","damage_taken":0,"max_hp_gain":0,"max_hp_loss":27,"event_name":"Ghosts","floor":20,"gold_loss":0,"cards_obtained":["Ghostly","Ghostly","Ghostly"]},{"damage_healed":0,"gold_gain":0,"player_choice":"Joined the Cult","damage_taken":6,"max_hp_gain":0,"max_hp_loss":0,"event_name":"Nest","floor":21,"gold_loss":0,"cards_obtained":["RitualDagger"]}],"is_beta":false,"boss_relics":[{"not_picked":["WristBlade","Velvet Choker"],"picked":"Ectoplasm"}],"items_purged_floors":[],"is_endless":false,"potions_floor_spawned":[10,11,14,16],"killed_by":"Book of Stabbing","ascension_level":20}}