{"host":"8tgyo6jwzgmjsiz5","time":1611378064,"event":{"mods":["AchievementEnabler","BaseMod","Best Route Mod","Colored Map","Highlight Path","Minty Spire (QoL Compilation)","Permanent Neow","Quick Restart","StSLib","SuperFastMode","everything is the same but u backflip on backflip"],"gold_per_floor":[111,111,130,130,130,174,174,213,236,265,309,143,74,115,115,228,228,251,265,265,290,290],"floor_reached":21,"language":"ENG","playtime":1104,"items_purged":[],"score":332,"play_id":"b80c6201-8891-43e8-813d-b44d844f061d","local_time":"20210123020104","is_ascension_mode":true,"campfire_choices":[{"data":"Eruption","floor":7,"key":"SMITH"},{"floor":15,"key":"REST"}],"circlet_count":0,"master_deck":["AscendersBane","Strike_P","Strike_P","Strike_P","Strike_P","Defend_P","Defend_P","Eruption+1","Vigilance","BattleHymn","Establishment","Perseverance","FlyingSleeves","EmptyFist","InnerPeace","FollowUp","BattleHymn","HandOfGreed+1","TalkToTheHand","CarveReality","SpiritShield","Halt","Evaluate"],"relics":["PureWater","Golden Idol","Anchor","Bottled Flame","Juzu Bracelet","Odd Mushroom","Toy Ornithopter","Black Star"],"acts_visited":["Exordium","TheCity"],"potions_floor_usage":[6,11],"damage_taken":[{"damage":3.0,"enemies":"Cultist","floor":1.0,"turns":3.0},{"damage":6.0,"enemies":"Jaw Worm","floor":3.0,"turns":4.0},{"damage":18,"enemies":"Gremlin Nob","floor":6,"turns":4},{"damage":12,"enemies":"3 Sentries","floor":8,"turns":6},{"damage":11,"enemies":"The Mushroom Lair","floor":10,"turns":4},{"damage":3,"enemies":"Gremlin Nob","floor":11,"turns":3},{"damage":8,"enemies":"Small Slimes","floor":14,"turns":4},{"damage":6,"enemies":"The Guardian","floor":16,"turns":7},{"damage":7,"enemies":"Spheric Guardian","floor":18,"turns":4},{"damage":6,"enemies":"2 Thieves","floor":19,"turns":4},{"damage":44,"enemies":"Sentry and Sphere","floor":21,"turns":5}],"seed_played":"5361181503233632438","potions_obtained":[{"floor":1.0,"key":"GamblersBrew"},{"floor":3.0,"key":"FearPotion"},{"floor":8,"key":"Block Potion"}],"is_trial":false,"path_per_floor":["M","?","M","?","?","E","R","E","T","?","E","$","$","M","R","B",null,"M","M","?","M"],"character_chosen":"WATCHER","items_purchased":["HandOfGreed","TalkToTheHand"],"campfire_rested":1,"item_purchase_floors":[12,13],"current_hp_per_floor":[58,41,35,57,57,39,39,27,27,16,13,13,13,5,25,19,56,49,43,43,0,0],"gold":290,"neow_bonus":"TRANSFORM_TWO_CARDS","is_daily":false,"chose_seed":false,"campfire_upgraded":1,"win_rate":0.0,"timestamp":1611378064,"path_taken":["M","?","M","?","?","E","R","E","T","?","E","?","$","M","R","BOSS","M","M","?","M"],"items_purchased_type":["Card","Card"],"build_version":"2020-12-22","purchased_purges":0,"victory":false,"max_hp_per_floor":[68,68,68,68,68,68,68,68,68,68,68,68,68,68,68,68,68,68,68,68,68,68],"card_choices":[{"not_picked":["EmptyBody","FlurryOfBlows"],"picked":"Perseverance","floor":1.0},{"not_picked":["Evaluate","EmptyBody"],"picked":"FlyingSleeves","floor":3.0},{"not_picked":["InnerPeace","WheelKick"],"picked":"EmptyFist","floor":6},{"not_picked":["SashWhip","Establishment"],"picked":"InnerPeace","floor":8},{"not_picked":["Fasting2","EmptyBody"],"picked":"FollowUp","floor":10},{"not_picked":["Tantrum","Crescendo"],"picked":"BattleHymn","floor":11},{"not_picked":["FlyingSleeves","BowlingBash"],"picked":"CarveReality","floor":14},{"not_picked":["Vault","MasterReality"],"picked":"SpiritShield","floor":16},{"not_picked":["SashWhip","FlyingSleeves"],"picked":"Halt","floor":18},{"not_picked":["PathToVictory","Crescendo"],"picked":"Evaluate","floor":19}],"player_experience":1930040,"relics_obtained":[{"floor":6,"key":"Anchor"},{"floor":8,"key":"Bottled Flame"},{"floor":9,"key":"Juzu Bracelet"},{"floor":10,"key":"Odd Mushroom"},{"floor":11,"key":"Toy Ornithopter"}],"event_choices":[{"damage_healed":0.0,"max_hp_gain":0.0,"max_hp_loss":0.0,"gold_gain":0.0,"event_name":"Golden Idol","player_choice":"Take Damage","floor":2.0,"gold_loss":0.0,"damage_taken":17.0,"relics_obtained":["Golden Idol"]},{"damage_healed":22.0,"max_hp_gain":0.0,"max_hp_loss":0.0,"gold_gain":0.0,"event_name":"Big Fish","player_choice":"Banana","floor":4.0,"gold_loss":0.0,"damage_taken":0.0},{"cards_removed":["Shame"],"damage_healed":0.0,"max_hp_gain":0.0,"max_hp_loss":0.0,"gold_gain":0.0,"event_name":"Living Wall","player_choice":"Forget","floor":5.0,"gold_loss":0.0,"damage_taken":0.0},{"damage_healed":0,"gold_gain":0,"player_choice":"Fought Mushrooms","damage_taken":0,"max_hp_gain":0,"max_hp_loss":0,"event_name":"Mushrooms","floor":10,"gold_loss":0},{"damage_healed":0,"gold_gain":0,"player_choice":"Upgraded","damage_taken":0,"max_hp_gain":0,"max_hp_loss":0,"event_name":"Upgrade Shrine","floor":20,"gold_loss":0,"cards_upgraded":["HandOfGreed"]}],"is_beta":false,"boss_relics":[{"not_picked":["Velvet Choker","Runic Dome"],"picked":"Black Star"}],"items_purged_floors":[],"is_endless":false,"potions_floor_spawned":[1,3,8],"killed_by":"Sentry and Sphere","ascension_level":14}}