{"host":"0mk07bycsqo1qk03","time":1611432220,"event":{"mods":["BaseMod","Downfall","Hermit","Hubris","Minty Spire (QoL Compilation)","StSLib","The Cursed"],"gold_per_floor":[99,119,139,124,144,159,211,244,262,280,180,198,198,230,241,339,339,339,358,376,476,491,516,516,536,536,536,571,571,596,581,593,695,745,745,758,0,14,14,29,84,84,116,139,159,177,177,191,202,202],"floor_reached":51,"language":"ENG","playtime":3808,"items_purged":[],"score":735,"play_id":"75949fb4-f4e9-4241-a08f-7d6ecfd18e58","local_time":"20210123210340","is_ascension_mode":false,"campfire_choices":[{"data":"bronze:Goto","floor":1.0,"key":"SMITH"},{"data":"bronze:Constructor","floor":11.0,"key":"SMITH"},{"floor":13.0,"key":"REST"},{"data":"bronze:HyperBeam","floor":18.0,"key":"SMITH"},{"floor":29.0,"key":"REST"},{"data":"bronze:AlphaBuild","floor":35,"key":"SMITH"},{"data":"bronze:Shell","floor":47,"key":"SMITH"}],"circlet_count":0,"master_deck":["bronze:Strike","bronze:Strike","bronze:Defend","bronze:Defend","bronze:Replicate+1","bronze:Goto+1","bronze:WhirlingStrike","bronze:ChildClass","bronze:Terminator","bronze:Constructor+1","bronze:Branch+1","bronze:HyperBeam+1","bronze:BronzeOrb","bronze:DelayedSlice+1","bronze:Invalidate","bronze:Separator","bronze:Format","bronze:CleanCode+1","bronze:BitShift+1","bronze:Fortify+1","bronze:Shell+1","bronze:Flail+1","bronze:BronzeArmor","bronze:DelayedGuard+1","bronze:AlphaBuild+1","bronze:FollowUp","bronze:DelayedSlice+1","bronze:ClassDefault+1","bronze:Optimize+1","bronze:Constructor+1","bronze:Iterate","bronze:Deprecate+1"],"relics":["bronze:BronzeCore","Tiny Chest","bronze:ProtectiveGoggles","downfall:HeartBlessingGreen","The Courier","Astrolabe","Potion Belt","hubris:Metronome","Shuriken","Question Card","Bronze Scales","Tiny House","Happy Flower","ClockworkSouvenir","Kunai","hubris:PeanutButter","Pantograph","Bag of Marbles","Vajra","hubris:Towel","Oddly Smooth Stone","hubris:ToyBattleship","Art of War"],"acts_visited":["Exordium","TheCity","TheBeyond"],"potions_floor_usage":[37,40,43,49,50,50,50],"damage_taken":[{"damage":1.0,"enemies":"Jaw Worm","floor":2.0,"turns":3.0},{"damage":0.0,"enemies":"Cultist","floor":3.0,"turns":2.0},{"damage":0.0,"enemies":"downfall:FleeingMerchant","floor":4.0,"turns":4.0},{"damage":0.0,"enemies":"Small Slimes","floor":5.0,"turns":3.0},{"damage":10.0,"enemies":"Exordium Thugs","floor":6.0,"turns":6.0},{"damage":20.0,"enemies":"Gremlin Nob","floor":8.0,"turns":6.0},{"damage":3.0,"enemies":"Red Slaver","floor":9.0,"turns":4.0},{"damage":5.0,"enemies":"Large Slime","floor":10.0,"turns":5.0},{"damage":0.0,"enemies":"3 Louse","floor":12.0,"turns":2.0},{"damage":0.0,"enemies":"Lagavulin","floor":14.0,"turns":6.0},{"damage":0.0,"enemies":"Exordium Wildlife","floor":15.0,"turns":3.0},{"damage":1.0,"enemies":"WA_ARCHETYPE_RETAIN","floor":16.0,"turns":7.0},{"damage":0.0,"enemies":"Shell Parasite","floor":19.0,"turns":5.0},{"damage":3.0,"enemies":"Chosen","floor":20.0,"turns":3.0},{"damage":17.0,"enemies":"Sentry and Sphere","floor":22.0,"turns":6.0},{"damage":24.0,"enemies":"Snake Plant","floor":25.0,"turns":4.0},{"damage":16.0,"enemies":"Gremlin Leader","floor":28.0,"turns":5.0},{"damage":20.0,"enemies":"Slavers","floor":30.0,"turns":3.0},{"damage":0.0,"enemies":"downfall:FleeingMerchant","floor":31.0,"turns":4.0},{"damage":0,"enemies":"Centurion and Healer","floor":32,"turns":7},{"damage":18,"enemies":"DF_ARCHETYPE_CLAW","floor":33,"turns":7},{"damage":0,"enemies":"Orb Walker","floor":36,"turns":2},{"damage":0,"enemies":"downfall:FleeingMerchant","floor":37,"turns":4},{"damage":0,"enemies":"3 Shapes","floor":38,"turns":3},{"damage":0,"enemies":"Transient","floor":40,"turns":5},{"damage":37,"enemies":"Nemesis","floor":43,"turns":5},{"damage":0,"enemies":"3 Darklings","floor":45,"turns":2},{"damage":0,"enemies":"Sphere and 2 Shapes","floor":46,"turns":3},{"damage":0,"enemies":"Transient","floor":48,"turns":5},{"damage":0,"enemies":"Spire Growth","floor":49,"turns":4},{"damage":11,"enemies":"SI_POISON_ARCHETYPE","floor":50,"turns":10}],"seed_played":"6440842015012151073","potions_obtained":[{"floor":3.0,"key":"bronze:FreeFunctionsPotion"},{"floor":6.0,"key":"sneckomod:MuddlingPotion"},{"floor":8.0,"key":"SpeedPotion"},{"floor":10.0,"key":"LiquidBronze"},{"floor":28.0,"key":"Ancient Potion"},{"floor":33,"key":"Swift Potion"},{"floor":34,"key":"EssenceOfSteel"},{"floor":36,"key":"Strength Potion"},{"floor":38,"key":"AttackPotion"},{"floor":45,"key":"Swift Potion"},{"floor":48,"key":"hexamod:SoulburnPotion"},{"floor":49,"key":"Guardian:BlockOnCardUsePotion"}],"is_trial":false,"path_per_floor":["R","M","M","$","M","M","T","E","M","M","R","M","R","E","M","B",null,"R","M","M","?","M","T","T","M","T","?","E","R","E","$","M","B",null,"R","M","$","M","?","M","T","?","E","T","M","M","R","M","M","B",null],"character_chosen":"THE_AUTOMATON","items_purchased":["Happy Flower","ClockworkSouvenir","Kunai","hubris:PeanutButter","Pantograph","Bag of Marbles","Vajra"],"campfire_rested":2,"item_purchase_floors":[37,37,37,37,37,37,37],"current_hp_per_floor":[70,69,69,69,69,59,59,39,36,31,31,31,52,52,52,51,70,70,70,67,67,50,50,50,26,26,49,33,54,34,34,34,16,75,75,75,75,75,75,75,75,67,30,30,30,30,30,30,30,44],"gold":202,"neow_bonus":"UPGRADE_CARD","is_daily":false,"chose_seed":false,"campfire_upgraded":5,"win_rate":0.0,"timestamp":1611432220,"path_taken":["R","M","M","$","M","M","T","E","M","M","R","M","R","E","M","BOSS","R","M","M","?","?","?","T","M","?","?","E","R","E","$","M","BOSS","R","M","$","M","?","M","T","?","E","?","M","M","R","M","M","BOSS"],"items_purchased_type":["Relic","Relic","Relic","Relic","Relic","Relic","Relic"],"build_version":"2020-12-22","purchased_purges":0,"victory":true,"max_hp_per_floor":[70,70,70,70,70,70,70,70,70,70,70,70,70,70,70,70,70,70,70,70,70,70,70,70,70,70,70,70,70,70,70,70,70,75,75,75,75,75,75,75,75,75,75,75,75,75,75,75,75,75],"card_choices":[{"not_picked":["bronze:OilSpill","bronze:Return"],"picked":"bronze:WhirlingStrike","floor":2.0},{"not_picked":["bronze:Shield","bronze:BuggyMess"],"picked":"bronze:ChildClass","floor":3.0},{"not_picked":["bronze:Turbo","bronze:BugBarrage"],"picked":"bronze:Terminator","floor":4.0},{"not_picked":["bronze:Shell","bronze:BitShift"],"picked":"bronze:Constructor","floor":5.0},{"not_picked":["bronze:Overheat","bronze:DigitalCarnage"],"picked":"bronze:Branch","floor":6.0},{"not_picked":["bronze:FineTuning","bronze:Shield"],"picked":"bronze:HyperBeam","floor":8.0},{"not_picked":["bronze:MaxOutput","bronze:BitShift"],"picked":"bronze:BronzeOrb","floor":9.0},{"not_picked":["bronze:Turbo","bronze:BronzeOrb"],"picked":"bronze:DelayedSlice","floor":10.0},{"not_picked":["bronze:Allocate","bronze:Return","bronze:Shield"],"picked":"SKIP","floor":12.0},{"not_picked":["bronze:MaxOutput","bronze:Safeguard"],"picked":"bronze:Invalidate","floor":14.0},{"not_picked":["bronze:WildBeam","bronze:OilSpill"],"picked":"bronze:Separator","floor":15.0},{"not_picked":["bronze:Verify","bronze:Assembly"],"picked":"bronze:Format","floor":16.0},{"not_picked":["bronze:Overheat","bronze:NullPointer"],"picked":"bronze:Shell","floor":19.0},{"not_picked":["bronze:Invalidate+1","bronze:ItsAFeature"],"picked":"bronze:Flail+1","floor":20.0},{"not_picked":["bronze:ForLoop+1","bronze:Separator+1"],"picked":"bronze:BronzeArmor","floor":22.0},{"not_picked":["bronze:WildBeam+1","bronze:Branch","bronze:OilSpill+1"],"picked":"SKIP","floor":25.0},{"not_picked":["bronze:Invalidate","bronze:Repulsor+1","bronze:NullPointer+1"],"picked":"SKIP","floor":28.0},{"not_picked":["bronze:Repair","bronze:Overheat","bronze:HardenedForm"],"picked":"bronze:DelayedGuard+1","floor":30.0},{"not_picked":["bronze:WhirlingStrike","bronze:ClassDefault","bronze:Separator+1","bronze:Branch"],"picked":"SKIP","floor":31},{"not_picked":["bronze:MaxOutput","bronze:BitShift","bronze:Optimize","bronze:Turbo+1"],"picked":"SKIP","floor":32},{"not_picked":["bronze:Virus","bronze:HardenedForm","bronze:Verify"],"picked":"bronze:AlphaBuild","floor":33},{"not_picked":["bronze:Constructor","bronze:CutThrough","bronze:Branch"],"picked":"bronze:FollowUp","floor":34},{"not_picked":["bronze:ItsAFeature","bronze:Safeguard+1","bronze:Deprecate","bronze:Boost+1"],"picked":"SKIP","floor":36},{"not_picked":["bronze:OilSpill+1","bronze:Break","bronze:BugBarrage+1"],"picked":"bronze:DelayedSlice+1","floor":37},{"not_picked":["bronze:BugBarrage","bronze:Allocate","bronze:DelayedGuard"],"picked":"bronze:ClassDefault+1","floor":38},{"not_picked":["bronze:NullPointer+1","bronze:DigitalCarnage+1","bronze:CutThrough+1","bronze:ChildClass+1"],"picked":"SKIP","floor":40},{"not_picked":["bronze:WildBeam+1","bronze:BitShift+1","bronze:Fortify+1"],"picked":"bronze:Optimize+1","floor":43},{"not_picked":["bronze:ClassDefault","bronze:DarkDash+1","bronze:Philosophize","bronze:Fortify+1"],"picked":"SKIP","floor":45},{"not_picked":["bronze:Deprecate","bronze:ChosenStrike+1","bronze:WhirlingStrike+1"],"picked":"bronze:Constructor+1","floor":46},{"not_picked":["bronze:Separator","bronze:DigitalCarnage+1","bronze:CutThrough+1"],"picked":"bronze:Iterate","floor":48},{"not_picked":["bronze:BuggyMess","bronze:ChildClass","bronze:RecursiveStrike"],"picked":"bronze:Deprecate+1","floor":49}],"player_experience":954633,"relics_obtained":[{"floor":7.0,"key":"Tiny Chest"},{"floor":8.0,"key":"bronze:ProtectiveGoggles"},{"floor":14.0,"key":"The Courier"},{"floor":23.0,"key":"Potion Belt"},{"floor":24.0,"key":"hubris:Metronome"},{"floor":26.0,"key":"Shuriken"},{"floor":28.0,"key":"Question Card"},{"floor":30.0,"key":"Bronze Scales"},{"floor":41,"key":"Oddly Smooth Stone"},{"floor":43,"key":"hubris:ToyBattleship"},{"floor":44,"key":"Art of War"}],"event_choices":[{"damage_healed":23.0,"max_hp_gain":0.0,"max_hp_loss":0.0,"gold_gain":0.0,"event_name":"The Library","player_choice":"Heal","floor":27.0,"gold_loss":0.0,"damage_taken":0.0}],"is_beta":false,"boss_relics":[{"not_picked":["Busted Crown","Snecko Eye"],"picked":"Astrolabe"},{"not_picked":["bronze:MakeshiftBattery","Coffee Dripper"],"picked":"Tiny House"}],"items_purged_floors":[],"is_endless":false,"potions_floor_spawned":[3,6,8,10,15,20,28,33,36,38,45,48,49],"ascension_level":0}}