{"host":"5tzvto3beate6p8b","time":1611441418,"event":{"mods":["BaseMod","Colored Map","Minty Spire (QoL Compilation)","StSLib","SuperFastMode"],"gold_per_floor":[119,119,219,239,252,252,262,262,262,262,262,282,5,48,48,139,139,155,173,173,188,56,56,81,81,81,81,114,114,142,166,166,266,266,298,298,322,322,349,349,389,389,441,486,819,844,844,262,262,262,262,262,262,17,61,61,61],"floor_reached":56,"language":"JPN","playtime":2681,"items_purged":["Strike_G","Strike_G"],"score":1864,"play_id":"16b5dc6a-7428-47e5-9cc7-7b9cc1e1a1e9","local_time":"20210124073658","is_ascension_mode":true,"campfire_choices":[{"data":"Neutralize","floor":6.0,"key":"SMITH"},{"data":"All Out Attack","floor":8.0,"key":"SMITH"},{"data":"Survivor","floor":11.0,"key":"SMITH"},{"data":"Catalyst","floor":15.0,"key":"SMITH"},{"data":"Night Terror","floor":23.0,"key":"SMITH"},{"data":"Footwork","floor":25.0,"key":"SMITH"},{"data":"Dash","floor":27.0,"key":"SMITH"},{"data":"Bouncing Flask","floor":29.0,"key":"SMITH"},{"floor":32.0,"key":"REST"},{"data":"Adrenaline","floor":40.0,"key":"SMITH"},{"data":"Deadly Poison","floor":42.0,"key":"SMITH"},{"floor":47.0,"key":"RECALL"},{"floor":49.0,"key":"REST"},{"floor":53.0,"key":"REST"}],"circlet_count":0,"master_deck":["AscendersBane","Defend_G","Defend_G","Defend_G","Defend_G","Defend_G","Survivor+1","Neutralize+1","PiercingWail","Catalyst+1","PiercingWail","All Out Attack+1","Deadly Poison+1","Footwork+1","Dodge and Roll","Deadly Poison","Night Terror+1","Corpse Explosion+1","Sucker Punch+1","Unload+1","Dash+1","PiercingWail","Bouncing Flask+1","Blur","Crippling Poison","Adrenaline+1","Well Laid Plans+1","Poisoned Stab","Dagger Throw","Dodge and Roll","Crippling Poison+1","Deadly Poison","Crippling Poison","Expertise","Footwork"],"relics":["Ring of the Snake","NeowsBlessing","CaptainsWheel","Letter Opener","TwistedFunnel","Boot","Astrolabe","CeramicFish","Velvet Choker","Regal Pillow","Darkstone Periapt","Snake Skull","ClockworkSouvenir","OrangePellets","Oddly Smooth Stone"],"acts_visited":["Exordium","TheCity","TheBeyond","TheEnding"],"potions_floor_usage":[],"damage_taken":[{"damage":0.0,"enemies":"Small Slimes","floor":1.0,"turns":1.0},{"damage":0.0,"enemies":"2 Louse","floor":4.0,"turns":1.0},{"damage":0.0,"enemies":"Cultist","floor":5.0,"turns":1.0},{"damage":3.0,"enemies":"Looter","floor":7.0,"turns":5.0},{"damage":0.0,"enemies":"3 Louse","floor":12.0,"turns":4.0},{"damage":5.0,"enemies":"3 Sentries","floor":14.0,"turns":9.0},{"damage":17.0,"enemies":"Hexaghost","floor":16.0,"turns":9.0},{"damage":0.0,"enemies":"Spheric Guardian","floor":18.0,"turns":4.0},{"damage":1.0,"enemies":"Shell Parasite","floor":19.0,"turns":6.0},{"damage":3.0,"enemies":"Snecko","floor":21.0,"turns":7.0},{"damage":22.0,"enemies":"Centurion and Healer","floor":24.0,"turns":8.0},{"damage":0.0,"enemies":"Cultist and Chosen","floor":28.0,"turns":4.0},{"damage":7.0,"enemies":"Snake Plant","floor":30.0,"turns":4.0},{"damage":0.0,"enemies":"Snecko","floor":31.0,"turns":4.0},{"damage":19.0,"enemies":"Champ","floor":33.0,"turns":10.0},{"damage":0.0,"enemies":"3 Shapes","floor":35.0,"turns":1.0},{"damage":1.0,"enemies":"3 Darklings","floor":37.0,"turns":2.0},{"damage":0.0,"enemies":"Maw","floor":39.0,"turns":4.0},{"damage":7.0,"enemies":"Giant Head","floor":41.0,"turns":3.0},{"damage":3.0,"enemies":"Nemesis","floor":44.0,"turns":5.0},{"damage":0.0,"enemies":"Jaw Worm Horde","floor":46.0,"turns":4.0},{"damage":34.0,"enemies":"Donu and Deca","floor":50.0,"turns":5.0},{"damage":18.0,"enemies":"Time Eater","floor":51.0,"turns":6.0},{"damage":25.0,"enemies":"Shield and Spear","floor":55.0,"turns":5.0},{"damage":54,"enemies":"The Heart","floor":56,"turns":5}],"seed_played":"-4355458968258954328","potions_obtained":[{"floor":5.0,"key":"Weak Potion"},{"floor":7.0,"key":"PowerPotion"},{"floor":14.0,"key":"ColorlessPotion"},{"floor":24.0,"key":"EntropicBrew"},{"floor":30.0,"key":"AttackPotion"},{"floor":37.0,"key":"LiquidMemories"},{"floor":39.0,"key":"SteroidPotion"},{"floor":41.0,"key":"CunningPotion"}],"is_trial":false,"path_per_floor":["M","?","?","M","M","R","M","R","T","?","R","M","$","E","R","B",null,"M","M","?","M","$","R","M","R","T","R","M","R","M","M","R","B",null,"M","?","M","?","M","R","E","R","T","E","?","M","R","$","R","B","B",null,"R","$","E","B"],"character_chosen":"THE_SILENT","items_purchased":["TwistedFunnel","Footwork","Dodge and Roll","Dexterity Potion","Snake Skull","Crippling Poison","ClockworkSouvenir","Expertise","GamblersBrew","OrangePellets"],"campfire_rested":3,"item_purchase_floors":[13,13,13,22,48,48,48,48,54,54],"current_hp_per_floor":[59,54,54,54,54,54,51,51,51,51,51,51,51,46,46,29,52,52,51,60,57,57,57,35,35,35,35,35,35,28,28,46,27,52,52,52,51,51,51,51,44,44,44,41,41,41,41,41,57,23,5,44,57,57,32,0,0],"gold":61,"neow_bonus":"THREE_ENEMY_KILL","is_daily":false,"chose_seed":false,"campfire_upgraded":10,"win_rate":0.0,"timestamp":1611441418,"path_taken":["M","?","?","M","?","R","M","R","T","?","R","M","$","E","R","BOSS","M","M","?","?","$","R","M","R","T","R","M","R","M","M","R","BOSS","M","?","M","?","M","R","E","R","T","E","?","M","R","$","R","BOSS","BOSS","R","$","E","BOSS"],"items_purchased_type":["Relic","Card","Card","Potion","Relic","Card","Relic","Card","Potion","Relic"],"build_version":"2020-12-22","purchased_purges":2,"victory":false,"max_hp_per_floor":[66,66,66,66,66,66,66,66,66,60,60,60,60,60,60,60,60,60,60,60,60,60,60,60,60,60,60,60,60,60,60,60,60,60,60,57,57,57,57,57,57,57,57,57,57,57,57,57,57,57,57,57,57,57,57,57,57],"card_choices":[{"not_picked":["Slice","Riddle With Holes"],"picked":"PiercingWail","floor":1.0},{"not_picked":["Concentrate","Blade Dance"],"picked":"Catalyst","floor":4.0},{"not_picked":["Well Laid Plans","Infinite Blades"],"picked":"PiercingWail","floor":5.0},{"not_picked":["Acrobatics","Expertise"],"picked":"All Out Attack","floor":7.0},{"not_picked":["Dagger Spray","Acrobatics"],"picked":"Deadly Poison","floor":12.0},{"not_picked":["Caltrops","Blade Dance"],"picked":"Deadly Poison","floor":14.0},{"not_picked":["Phantasmal Killer","Storm of Steel"],"picked":"Night Terror","floor":16.0},{"not_picked":["Cloak And Dagger","Deflect"],"picked":"Dash","floor":18.0},{"not_picked":["All Out Attack","Slice"],"picked":"PiercingWail","floor":19.0},{"not_picked":["Dagger Throw","Dagger Spray"],"picked":"Bouncing Flask","floor":21.0},{"not_picked":["Grand Finale","Distraction","Tactician"],"picked":"SKIP","floor":24.0},{"not_picked":["Underhanded Strike","Dagger Throw"],"picked":"Poisoned Stab","floor":28.0},{"not_picked":["Acrobatics","Outmaneuver"],"picked":"Blur","floor":30.0},{"not_picked":["Infinite Blades","Heel Hook"],"picked":"Crippling Poison","floor":31.0},{"not_picked":["Envenom","Die Die Die"],"picked":"Adrenaline","floor":33.0},{"not_picked":["Footwork","Outmaneuver"],"picked":"Well Laid Plans+1","floor":35.0},{"not_picked":["Prepared","Slice"],"picked":"Poisoned Stab","floor":37.0},{"not_picked":["Concentrate","Finisher+1"],"picked":"Dagger Throw","floor":39.0},{"not_picked":["Dagger Spray","A Thousand Cuts"],"picked":"Dodge and Roll","floor":41.0},{"not_picked":["Backstab+1","Concentrate"],"picked":"Crippling Poison+1","floor":44.0},{"not_picked":["Dodge and Roll+1","Backflip+1"],"picked":"Deadly Poison","floor":46.0},{"not_picked":["Sucker Punch","Quick Slash"],"picked":"Footwork","floor":55.0}],"player_experience":629287,"relics_obtained":[{"floor":9.0,"key":"Letter Opener"},{"floor":14.0,"key":"Boot"},{"floor":26.0,"key":"CeramicFish"},{"floor":41.0,"key":"Regal Pillow"},{"floor":44.0,"key":"Darkstone Periapt"},{"floor":55.0,"key":"Oddly Smooth Stone"}],"event_choices":[{"damage_healed":0.0,"max_hp_gain":0.0,"max_hp_loss":0.0,"gold_gain":0.0,"event_name":"Scrap Ooze","player_choice":"Success","floor":2.0,"gold_loss":0.0,"damage_taken":5.0,"relics_obtained":["CaptainsWheel"]},{"damage_healed":0.0,"max_hp_gain":0.0,"max_hp_loss":0.0,"gold_gain":100.0,"event_name":"Wheel of Change","player_choice":"Gold","floor":3.0,"gold_loss":0.0,"damage_taken":0.0},{"damage_healed":0.0,"max_hp_gain":0.0,"max_hp_loss":6.0,"gold_gain":0.0,"event_name":"Golden Idol","player_choice":"Lose Max HP","floor":10.0,"gold_loss":0.0,"damage_taken":0.0,"relics_obtained":["Golden Idol"]},{"damage_healed":9.0,"max_hp_gain":0.0,"max_hp_loss":0.0,"gold_gain":0.0,"event_name":"Wheel of Change","player_choice":"Full Heal","floor":20.0,"gold_loss":0.0,"damage_taken":0.0},{"damage_healed":0.0,"max_hp_gain":0.0,"max_hp_loss":3.0,"gold_gain":0.0,"event_name":"Winding Halls","player_choice":"Max HP","floor":36.0,"gold_loss":0.0,"damage_taken":0.0},{"cards_removed":["Poisoned Stab"],"damage_healed":0.0,"max_hp_gain":0.0,"max_hp_loss":0.0,"gold_gain":0.0,"event_name":"Falling","player_choice":"Removed Attack","floor":38.0,"gold_loss":0.0,"damage_taken":0.0},{"damage_healed":0.0,"max_hp_gain":0.0,"max_hp_loss":0.0,"gold_gain":333.0,"event_name":"The Moai Head","player_choice":"Gave Idol","floor":45.0,"relics_lost":["Golden Idol"],"gold_loss":0.0,"damage_taken":0.0}],"is_beta":false,"boss_relics":[{"not_picked":["Pandora\u0027s Box","Busted Crown"],"picked":"Astrolabe"},{"not_picked":["Empty Cage","WristBlade"],"picked":"Velvet Choker"}],"items_purged_floors":[22,48],"is_endless":false,"potions_floor_spawned":[5,7,12,14,24,30,37,39,41],"killed_by":"The Heart","ascension_level":20}}