{"host":"fiyb7gvx7tok3jeh","time":1611420803,"event":{"mods":["BaseMod","Colored Map","Colored Powertips","DeckTracker","Googly Eyes","Highlight Path","Minty Spire (QoL Compilation)"],"gold_per_floor":[113,31,47,47,122,122,151,151,228,244,244,257,257,273,273,375,375,392,392,405,29,41,41,41],"floor_reached":23,"language":"ENG","playtime":1036,"items_purged":["Regret"],"score":331,"play_id":"974f7a1a-20eb-4e0b-ae1b-cff4311195d3","local_time":"20210123185323","is_ascension_mode":true,"campfire_choices":[{"data":"Flame Barrier","floor":6,"key":"SMITH"},{"data":"Feed","floor":11,"key":"SMITH"},{"data":"Bash","floor":15,"key":"SMITH"}],"circlet_count":0,"master_deck":["Strike_R","Strike_R","Strike_R","Strike_R","Strike_R","Defend_R","Defend_R","Defend_R","Bash+1","Flame Barrier+1","Feed+1","Metallicize","Dropkick+1","Offering","Clothesline","Spot Weakness","Sword Boomerang"],"relics":["Burning Blood","NeowsBlessing","Sundial","StoneCalendar","Darkstone Periapt","Incense Burner","Black Star","Prayer Wheel"],"acts_visited":["Exordium","TheCity"],"potions_floor_usage":[16,22],"damage_taken":[{"damage":0,"enemies":"Cultist","floor":1,"turns":1},{"damage":0,"enemies":"Jaw Worm","floor":3,"turns":1},{"damage":0,"enemies":"3 Sentries","floor":7,"turns":1},{"damage":5,"enemies":"2 Louse","floor":10,"turns":3},{"damage":0,"enemies":"2 Fungi Beasts","floor":12,"turns":3},{"damage":12,"enemies":"3 Louse","floor":14,"turns":4},{"damage":17,"enemies":"The Guardian","floor":16,"turns":10},{"damage":3,"enemies":"3 Byrds","floor":18,"turns":1},{"damage":13,"enemies":"Chosen","floor":20,"turns":5},{"damage":19,"enemies":"Snake Plant","floor":22,"turns":4},{"damage":86,"enemies":"Slavers","floor":23,"turns":6}],"seed_played":"-1021604267037589219","potions_obtained":[{"floor":7,"key":"DistilledChaos"},{"floor":10,"key":"HeartOfIron"}],"is_trial":false,"path_per_floor":["M","$","M","?","?","R","E","?","T","M","R","M","?","M","R","B",null,"M","?","M","$","M","E"],"character_chosen":"IRONCLAD","items_purchased":["Flame Barrier","Prayer Wheel"],"campfire_rested":0,"item_purchase_floors":[2,21],"current_hp_per_floor":[78,78,80,80,69,69,75,63,63,64,64,74,80,78,78,71,91,94,94,91,91,82,0,0],"gold":41,"neow_bonus":"THREE_ENEMY_KILL","is_daily":false,"chose_seed":false,"campfire_upgraded":3,"win_rate":0.0,"timestamp":1611420803,"path_taken":["M","$","?","?","?","R","E","?","T","M","R","M","?","M","R","BOSS","M","?","M","$","M","E"],"items_purchased_type":["Card","Relic"],"build_version":"2020-12-22","purchased_purges":1,"victory":false,"max_hp_per_floor":[80,80,80,80,80,80,80,80,80,80,80,84,90,94,94,98,98,98,98,102,102,106,110,110],"card_choices":[{"not_picked":["Perfected Strike","Havoc","Intimidate"],"picked":"SKIP","floor":1},{"not_picked":["Flex","Pommel Strike","Dark Embrace"],"picked":"SKIP","floor":3},{"not_picked":["Pommel Strike","Twin Strike","Iron Wave"],"picked":"SKIP","floor":7},{"not_picked":["Cleave","Spot Weakness"],"picked":"Feed","floor":10},{"not_picked":["Havoc","Seeing Red"],"picked":"Metallicize","floor":12},{"not_picked":["Clothesline","Clash"],"picked":"Dropkick","floor":14},{"not_picked":["Brutality","Fiend Fire"],"picked":"Offering","floor":16},{"not_picked":["Wild Strike","Armaments+1","Clash"],"picked":"SKIP","floor":18},{"not_picked":["Cleave","Corruption"],"picked":"Clothesline","floor":20},{"not_picked":["Searing Blow","Ghostly Armor"],"picked":"Spot Weakness","floor":22},{"not_picked":["Warcry","Havoc"],"picked":"Sword Boomerang","floor":22}],"player_experience":271978,"relics_obtained":[{"floor":7,"key":"Sundial"},{"floor":9,"key":"Darkstone Periapt"}],"event_choices":[{"cards_removed":["Defend_R"],"damage_healed":0,"gold_gain":0,"player_choice":"Forget","damage_taken":0,"max_hp_gain":0,"max_hp_loss":0,"event_name":"Living Wall","floor":4,"gold_loss":0},{"damage_healed":0,"gold_gain":75,"player_choice":"Gather Gold","damage_taken":11,"max_hp_gain":0,"max_hp_loss":0,"event_name":"World of Goop","floor":5,"gold_loss":0},{"damage_healed":0,"gold_gain":0,"player_choice":"Success","damage_taken":12,"relics_obtained":["StoneCalendar"],"max_hp_gain":0,"max_hp_loss":0,"event_name":"Scrap Ooze","floor":8,"gold_loss":0},{"damage_healed":0,"gold_gain":0,"player_choice":"Box","damage_taken":0,"relics_obtained":["Incense Burner"],"max_hp_gain":0,"max_hp_loss":0,"event_name":"Big Fish","floor":13,"gold_loss":0,"cards_obtained":["Regret"]},{"damage_healed":0,"gold_gain":0,"player_choice":"Upgraded","damage_taken":0,"max_hp_gain":0,"max_hp_loss":0,"event_name":"Upgrade Shrine","floor":19,"gold_loss":0,"cards_upgraded":["Dropkick"]}],"is_beta":false,"boss_relics":[{"not_picked":["Philosopher\u0027s Stone","Mark of Pain"],"picked":"Black Star"}],"items_purged_floors":[21],"is_endless":false,"potions_floor_spawned":[7,10],"killed_by":"Slavers","ascension_level":6}}