{"host":"kabf61oc9jgfwufg","time":1611418913,"event":{"mods":["AchievementEnabler","Aspiration","BaseMod","Conspire","Defuse TimeMaze Blight","Energized Spire","GifTheSpireLib","Halation","HexUI Lib","Hubris","Hyrulean Relics","Infinite Spire","Melee Mod","Minty Spire (QoL Compilation)","Poor People Problems","Quick Restart","Rare Cards Sparkle","Replay The Spire","Shop Mod","Small Relic Pack","StSLib","Transform Curses"],"gold_per_floor":[113,124,49,49,49,83,83,83,95,108,189,189,189,216,216,244,244,369,369,393,393,393,424,447,447,481,481,481,481,481,526,526,526,526,699,699,777,864,952,1045,248,248,293,337,409,409,461,461,557,623,623,633],"floor_reached":53,"language":"ENG","playtime":1685,"items_purged":["Strike_R","Defend_R","True Grit"],"score":1066,"play_id":"3c727368-7004-4c4f-b2ee-56cbfce9ea47","local_time":"20210123162153","is_ascension_mode":true,"campfire_choices":[{"data":"Pommel Strike","floor":12.0,"key":"SMITH"},{"floor":17.0,"key":"REST"},{"floor":25.0,"key":"REST"},{"data":"Heavy Blade","floor":29,"key":"SMITH"},{"data":"conspire:Purge","floor":32,"key":"SMITH"},{"data":"hubris:DuctTapeCard","floor":42,"key":"SMITH"},{"data":"Inflame","floor":48,"key":"SMITH"},{"data":"Heavy Blade","floor":51,"key":"SMITH"}],"circlet_count":0,"master_deck":["Pommel Strike+1","Inflame+1","conspire:Purge+1","Heavy Blade+1","Bite+1","Heavy Blade+1","hubris:DuctTapeCard+2"],"relics":["Burning Blood","NeowsBlessing","Toy Ornithopter","halation:Toothbrush","halation:RedSoulGem","infinitespire:Midas Blood","hubris:Towel","Garlic","conspire:SlowCooker","Another Sword","aspiration:HummingbirdHeart","halation:PinkAlligatorPlush","Lee\u0027s Waffle","infinitespire:BottledMercury","conspire:GlowingRock","infinitespire:EvilPickle","Busted Crown","hubris:CuriousFeather","MerchantsRug","hubris:DuctTape","aspiration:SeaSaltIceCream","ReplayTheSpireMod:Ninjato","HornCleat"],"acts_visited":["Exordium","TheCity","TheBeyond"],"potions_floor_usage":[26,26,40,44],"damage_taken":[{"damage":0.0,"enemies":"Cultist","floor":1.0,"turns":1.0},{"damage":0.0,"enemies":"2 Louse","floor":2.0,"turns":1.0},{"damage":0.0,"enemies":"Gremlin Nob","floor":6.0,"turns":1.0},{"damage":7.0,"enemies":"Small Slimes","floor":9.0,"turns":3.0},{"damage":44.0,"enemies":"Gremlin Gang","floor":10.0,"turns":5.0},{"damage":27.0,"enemies":"3 Sentries","floor":14.0,"turns":5.0},{"damage":14.0,"enemies":"Gremlin Nob","floor":16.0,"turns":3.0},{"damage":37.0,"enemies":"Hexaghost","floor":18.0,"turns":7.0},{"damage":25.0,"enemies":"Shell Parasite","floor":20.0,"turns":4.0},{"damage":50.0,"enemies":"2 Thieves","floor":23.0,"turns":4.0},{"damage":39.0,"enemies":"Cultist and Chosen","floor":24.0,"turns":5.0},{"damage":26,"enemies":"Book of Stabbing","floor":26,"turns":4},{"damage":44,"enemies":"conspire:SneckoGhost","floor":31,"turns":5},{"damage":34,"enemies":"Pondfish","floor":35,"turns":6},{"damage":19,"enemies":"Orb Walker","floor":37,"turns":3},{"damage":28,"enemies":"3 Shapes","floor":38,"turns":3},{"damage":27,"enemies":"3 Darklings","floor":39,"turns":3},{"damage":16,"enemies":"Transient","floor":40,"turns":5},{"damage":15,"enemies":"Sphere and 2 Shapes","floor":43,"turns":3},{"damage":19,"enemies":"3 Darklings","floor":44,"turns":3},{"damage":10,"enemies":"Transient","floor":47,"turns":5},{"damage":54,"enemies":"R_Hoarder","floor":49,"turns":6},{"damage":13,"enemies":"Maw","floor":50,"turns":4},{"damage":16,"enemies":"hubris:GrandSnecko","floor":52,"turns":3}],"seed_played":"1434426324091805586","potions_obtained":[{"floor":14.0,"key":"ColorlessPotion"},{"floor":18.0,"key":"Strength Potion"},{"floor":22.0,"key":"Fire Potion"},{"floor":22.0,"key":"Elixir"},{"floor":22.0,"key":"PowerPotion"},{"floor":24.0,"key":"SpeedPotion"},{"floor":37,"key":"Strength Potion"},{"floor":40,"key":"Explosive Potion"},{"floor":47,"key":"Elixir"},{"floor":49,"key":"BlessingOfTheForge"}],"is_trial":false,"path_per_floor":["M","M","$","?","$","E","PTL","PTL","M","M","T","R","?","E","?","E","R","B",null,"M","?","?","M","M","R","E","?","T","R","AVR","E","R","T","R","B",null,"M","M","M","M","$","R","M","M","T","AVR","M","R","E","M","R","B",null],"character_chosen":"IRONCLAD","items_purchased":["hubris:CuriousFeather","MerchantsRug","hubris:DuctTape"],"campfire_rested":2,"item_purchase_floors":[41,41,41],"current_hp_per_floor":[80,80,80,80,80,80,80,80,79,41,41,41,41,20,20,12,36,10,80,61,68,68,37,16,37,31,31,31,31,78,55,55,55,79,65,84,83,66,53,66,69,69,69,79,79,82,99,99,54,86,86,94],"gold":633,"neow_bonus":"THREE_ENEMY_KILL","is_daily":false,"chose_seed":false,"campfire_upgraded":6,"win_rate":0.0,"timestamp":1611418913,"path_taken":["M","?","?","?","$","E","PTL","PTL","M","M","T","R","?","E","?","E","R","BOSS","M","?","?","M","?","R","E","?","T","R","AVR","E","R","?","R","BOSS","M","M","?","M","$","R","M","M","T","AVR","M","R","E","M","R","BOSS"],"items_purchased_type":["Relic","Relic","Relic"],"build_version":"2020-12-22","purchased_purges":3,"victory":true,"max_hp_per_floor":[80,80,80,80,80,80,80,80,80,80,80,80,80,80,80,80,80,80,80,80,68,68,71,71,71,71,71,71,71,78,81,81,81,81,84,84,87,87,90,90,93,93,93,96,96,99,99,99,102,105,105,105],"card_choices":[{"not_picked":["Run Through","Perfected Strike","Wild Strike"],"picked":"SKIP","floor":1.0},{"not_picked":["True Grit","Perfected Strike"],"picked":"Pommel Strike","floor":2.0},{"not_picked":["Perfected Strike","Run Through","Anger"],"picked":"SKIP","floor":6.0},{"not_picked":["Demonic Infusion","True Grit","Havoc"],"picked":"SKIP","floor":9.0},{"not_picked":["Havoc","Evolve","Warcry"],"picked":"SKIP","floor":10.0},{"not_picked":["Shrug It Off","Battle Trance"],"picked":"Inflame","floor":14.0},{"not_picked":["Eclipse","Feel No Pain","Perfected Strike"],"picked":"SKIP","floor":16.0},{"not_picked":["Offering","Immolate"],"picked":"conspire:Purge","floor":18.0},{"not_picked":["Pommel Strike","Perfected Strike"],"picked":"Heavy Blade","floor":20.0},{"not_picked":["Ghostly Armor+1","Rampage"],"picked":"Fiend Fire","floor":23.0},{"not_picked":["Spot Weakness+1","Uppercut"],"picked":"Heavy Blade","floor":24.0},{"not_picked":["Dual Wield+1","Cleave","Flex"],"picked":"SKIP","floor":26},{"not_picked":["Body Slam","Feel No Pain","Bloodletting"],"picked":"SKIP","floor":31},{"not_picked":["Exhume","Impervious"],"picked":"Limit Break","floor":35},{"not_picked":["Perfected Strike"],"picked":"SKIP","floor":37},{"not_picked":["Wild Strike+1"],"picked":"SKIP","floor":38},{"not_picked":["Ghostly Armor"],"picked":"SKIP","floor":39},{"not_picked":["True Grit"],"picked":"SKIP","floor":40},{"not_picked":["infinitespire:OneForAll+1"],"picked":"SKIP","floor":43},{"not_picked":[],"picked":"True Grit","floor":44},{"not_picked":["Thunderclap"],"picked":"SKIP","floor":47},{"not_picked":["Uppercut"],"picked":"SKIP","floor":49},{"not_picked":["hubris:SharpeningStone+1"],"picked":"SKIP","floor":50}],"player_experience":179374,"relics_obtained":[{"floor":6.0,"key":"Toy Ornithopter"},{"floor":11.0,"key":"halation:Toothbrush"},{"floor":14.0,"key":"infinitespire:Midas Blood"},{"floor":16.0,"key":"Garlic"},{"floor":26,"key":"Another Sword"},{"floor":28,"key":"aspiration:HummingbirdHeart"},{"floor":31,"key":"infinitespire:BottledMercury"},{"floor":33,"key":"conspire:GlowingRock"},{"floor":45,"key":"aspiration:SeaSaltIceCream"},{"floor":49,"key":"HornCleat"}],"event_choices":[{"damage_healed":0.0,"max_hp_gain":0.0,"max_hp_loss":24.0,"gold_gain":0.0,"event_name":"Vampires","player_choice":"Became a vampire","floor":21.0,"gold_loss":0.0,"damage_taken":0.0,"cards_obtained":["Bite","Bite","Bite","Bite","Bite"]},{"damage_healed":0.0,"max_hp_gain":0.0,"max_hp_loss":0.0,"gold_gain":0.0,"event_name":"Lab","player_choice":"Got Potions","floor":22.0,"gold_loss":0.0,"damage_taken":0.0}],"is_beta":false,"boss_relics":[{"not_picked":["Runic Pyramid","Snecko Eye"],"picked":"conspire:SlowCooker"},{"not_picked":["halation:CatFaceCupcake","Cursed Key"],"picked":"Busted Crown"}],"items_purged_floors":[3,41,46],"is_endless":false,"potions_floor_spawned":[10,14,18,24,26,37,40,47,49],"ascension_level":1}}