{"host":"lnt5dzsuhru0aonl","time":1611376684,"event":{"mods":["2.2 Compatiblity","BaseMod","Colored Map","Colored Powertips","DeckTracker","Keyboard Shortcuts","Minty Spire (QoL Compilation)","Permanent Neow","Rare Cards Sparkle","StSLib","SuperFastMode","everything is the same but u backflip on backflip"],"gold_per_floor":[119,119,194,211,7,7,36,55,55,55,55,88,107,139,139,139,139],"floor_reached":16,"language":"KOR","playtime":708,"items_purged":["Strike_B"],"score":286,"play_id":"4a39ee0a-3109-4ee2-a699-d70c1944e997","local_time":"20210123133804","is_ascension_mode":true,"campfire_choices":[{"data":"Glacier","floor":6.0,"key":"SMITH"},{"data":"Defragment","floor":11,"key":"SMITH"},{"data":"Dualcast","floor":15,"key":"SMITH"}],"circlet_count":0,"master_deck":["AscendersBane","Strike_B","Strike_B","Defend_B","Defend_B","Defend_B","Defend_B","Zap","Dualcast+1","Cold Snap+1","Sweeping Beam+1","Glacier+1","Coolheaded","Seek","Defragment+1","Hologram","Turbo"],"relics":["Cracked Core","NeowsBlessing","Bottled Lightning","Darkstone Periapt","Boot","Sundial"],"acts_visited":["Exordium"],"potions_floor_usage":[16],"damage_taken":[{"damage":0.0,"enemies":"2 Louse","floor":1.0,"turns":1.0},{"damage":0.0,"enemies":"Jaw Worm","floor":4.0,"turns":1.0},{"damage":0.0,"enemies":"Lagavulin","floor":7.0,"turns":2.0},{"damage":0,"enemies":"Cultist","floor":8,"turns":4},{"damage":2,"enemies":"3 Sentries","floor":12,"turns":8},{"damage":0,"enemies":"Blue Slaver","floor":13,"turns":4},{"damage":2,"enemies":"Lagavulin","floor":14,"turns":7},{"damage":64,"enemies":"Hexaghost","floor":16,"turns":19}],"seed_played":"6452664709605449990","potions_obtained":[{"floor":4.0,"key":"PowerPotion"},{"floor":7,"key":"AttackPotion"},{"floor":12,"key":"SteroidPotion"},{"floor":13,"key":"FairyPotion"}],"is_trial":false,"path_per_floor":["M","?","?","M","$","R","E","M","T","?","R","E","M","E","R","B"],"character_chosen":"DEFECT","items_purchased":["Glacier","Coolheaded"],"campfire_rested":0,"item_purchase_floors":[5,5],"current_hp_per_floor":[64,64,53,53,53,53,53,53,53,32,32,30,30,28,28,0,0],"gold":139,"neow_bonus":"THREE_ENEMY_KILL","is_daily":false,"chose_seed":false,"campfire_upgraded":3,"win_rate":0.0,"timestamp":1611376684,"path_taken":["M","?","?","?","?","R","E","M","T","?","R","E","M","E","R","BOSS"],"items_purchased_type":["Card","Card"],"build_version":"2020-12-22","purchased_purges":1,"victory":false,"max_hp_per_floor":[71,71,71,71,71,71,71,71,71,71,71,71,71,71,71,71,71],"card_choices":[{"not_picked":["Force Field","Hologram"],"picked":"Cold Snap","floor":1.0},{"not_picked":["Skim","Hello World"],"picked":"Sweeping Beam","floor":4.0},{"not_picked":["Recycle","Chaos"],"picked":"Seek","floor":7},{"not_picked":["Ball Lightning","Aggregate"],"picked":"Defragment","floor":8},{"not_picked":["FTL","Sweeping Beam","Streamline"],"picked":"SKIP","floor":12},{"not_picked":["Gash","Meteor Strike"],"picked":"Hologram","floor":13},{"not_picked":["Double Energy","Rebound"],"picked":"Turbo","floor":14}],"player_experience":734720,"relics_obtained":[{"floor":7,"key":"Bottled Lightning"},{"floor":9,"key":"Darkstone Periapt"},{"floor":12,"key":"Boot"},{"floor":14,"key":"Sundial"}],"event_choices":[{"cards_removed":["Strike_B"],"damage_healed":0.0,"max_hp_gain":0.0,"max_hp_loss":0.0,"gold_gain":0.0,"event_name":"Living Wall","player_choice":"Forget","floor":2.0,"gold_loss":0.0,"damage_taken":0.0},{"damage_healed":0.0,"max_hp_gain":0.0,"max_hp_loss":0.0,"gold_gain":75.0,"event_name":"World of Goop","player_choice":"Gather Gold","floor":3.0,"gold_loss":0.0,"damage_taken":11.0},{"damage_healed":0,"gold_gain":0,"player_choice":"Entered Light","damage_taken":21,"max_hp_gain":0,"max_hp_loss":0,"event_name":"Shining Light","floor":10,"gold_loss":0,"cards_upgraded":["Sweeping Beam","Cold Snap"]}],"is_beta":false,"boss_relics":[],"items_purged_floors":[5],"is_endless":false,"potions_floor_spawned":[4,7,12,13,14],"killed_by":"Hexaghost","ascension_level":20}}