{"host":"hfxahm4y1ssattqc","time":1611383011,"event":{"mods":["2.2 Compatiblity","Act Like it!","BaseMod","Beaked The Cultist","BetterRewards","Colored Map","Colored Powertips","Custom Start","Googly Eyes","Halation","Hallownest","Highlight Path","Hubris","Mimic Mod","Minty Spire (QoL Compilation)","Shop Mod","Spikes Relics","StSLib","The Bug Knight","The IronCluck","The Jungle","Unknown Chances","slay the spire mod where everything is the same but ironclad has a cowboy hat"],"gold_per_floor":[213,228,79,93,110,110,140,140,174,199,217,217,217,236,236,336,336,354,364,364,376,411,411,411,411],"floor_reached":24,"language":"ENG","playtime":910,"items_purged":[],"score":223,"play_id":"8bbfb110-fe00-4b0f-8897-43d077b09a48","local_time":"20210122222331","is_ascension_mode":false,"campfire_choices":[{"data":"Redo","floor":6.0,"key":"SMITH"},{"data":"Sunder","floor":8.0,"key":"SMITH"},{"floor":15.0,"key":"REST"},{"data":"DiskWipe","floor":23.0,"key":"SMITH"}],"circlet_count":0,"master_deck":["Strike_B","Strike_B","Strike_B","Strike_B","Defend_B","Defend_B","Defend_B","Defend_B","Zap","Dualcast","Redo+1","Core Surge","Conserve Battery","Conserve Battery","Sunder+1","DiskWipe+1","Echo Form"],"relics":["Cracked Core","halation:OrihimeAndHikoboshiSamaAndTears","DataDisk","hubris:Icosahedron","halation:StarCompass","Nuclear Battery","halation:TwoAmDonut"],"acts_visited":["Hallownest:Greenpath","Hallownest:Greenpath"],"potions_floor_usage":[24],"damage_taken":[{"damage":6.0,"enemies":"Hallownest:2_Baldur","floor":1.0,"turns":3.0},{"damage":4.0,"enemies":"2_ Uuma","floor":2.0,"turns":4.0},{"damage":5.0,"enemies":"Hallownest:2_Tiktiks_and_1_Crawlid","floor":4.0,"turns":3.0},{"damage":13.0,"enemies":"Hallownest:2_Tiktiks_1_Baldur_1_Crawlid","floor":5.0,"turns":4.0},{"damage":0.0,"enemies":"Hallownest:eliteVengeflyKing","floor":7.0,"turns":9.0},{"damage":0.0,"enemies":"Hallownest:MossCreep_and_Mosskin","floor":9.0,"turns":4.0},{"damage":1.0,"enemies":"Hallownest:MossCreep_and_Mosskin","floor":11.0,"turns":4.0},{"damage":3.0,"enemies":"Hallownest:1_Ooma_and_2_Uuma","floor":14.0,"turns":4.0},{"damage":18.0,"enemies":"Hallownest:BossFalseKnight","floor":16.0,"turns":10.0},{"damage":3.0,"enemies":"theJungle:5_Spyders","floor":18.0,"turns":6.0},{"damage":5.0,"enemies":"theJungle:MUSHROOMGANG","floor":19.0,"turns":4.0},{"damage":11.0,"enemies":"Snake Plant","floor":21.0,"turns":5.0},{"damage":8.0,"enemies":"theJungle:2_Flameangoes","floor":22.0,"turns":5.0},{"damage":48,"enemies":"theJungle:Cassacara","floor":24,"turns":5}],"seed_played":"2958072332487730429","potions_obtained":[{"floor":2.0,"key":"CultistPotion"},{"floor":11.0,"key":"BlessingOfTheForge"},{"floor":14.0,"key":"Dexterity Potion"}],"is_trial":false,"path_per_floor":["M","M","$","M","M","R","E","R","MIM","T","M","?","?","M","R","B",null,"M","M","?","M","MIM","R","E"],"character_chosen":"DEFECT","items_purchased":["Core Surge"],"campfire_rested":1,"item_purchase_floors":[3],"current_hp_per_floor":[69,65,65,60,47,47,47,47,47,47,46,46,46,43,65,47,75,72,67,67,56,48,48,0,0],"gold":411,"neow_bonus":"HUNDRED_GOLD","is_daily":false,"chose_seed":false,"campfire_upgraded":3,"win_rate":0.0,"timestamp":1611383011,"path_taken":["M","M","$","M","M","R","E","R","MIM","?","M","?","?","M","R","BOSS","M","M","?","M","?","R","E"],"items_purchased_type":["Card"],"build_version":"2020-12-22","purchased_purges":0,"victory":false,"max_hp_per_floor":[75,75,75,75,75,75,75,75,75,75,75,75,75,75,75,75,75,75,75,75,75,75,75,75,75],"card_choices":[{"not_picked":["Leap","Turbo"],"picked":"Redo","floor":1.0},{"not_picked":["Rip and Tear","Rebound","Compile Driver"],"picked":"SKIP","floor":2.0},{"not_picked":["Stack","hubris:SpecializedCircuitry"],"picked":"Conserve Battery","floor":4.0},{"not_picked":["Leap","Coolheaded"],"picked":"Conserve Battery","floor":5.0},{"not_picked":["Hyperbeam","Rebound"],"picked":"Sunder","floor":7.0},{"not_picked":["Undo","Beam Cell","Compile Driver"],"picked":"SKIP","floor":11.0},{"not_picked":["Hologram","Conserve Battery"],"picked":"DiskWipe","floor":14.0},{"not_picked":["Electrodynamics","Rainbow"],"picked":"Echo Form","floor":16.0},{"not_picked":["Cold Snap","Turbo","Barrage"],"picked":"SKIP","floor":18.0},{"not_picked":["Streamline","Fusion","Redo"],"picked":"SKIP","floor":19.0},{"not_picked":["Doom and Gloom","Steam","Force Field"],"picked":"SKIP","floor":21.0}],"player_experience":890250,"relics_obtained":[{"floor":7.0,"key":"halation:OrihimeAndHikoboshiSamaAndTears"},{"floor":9.0,"key":"DataDisk"},{"floor":22.0,"key":"halation:TwoAmDonut"}],"event_choices":[],"is_beta":false,"boss_relics":[{"not_picked":["Black Star","SlaversCollar"],"picked":"Nuclear Battery"}],"items_purged_floors":[],"is_endless":false,"potions_floor_spawned":[2,11,14,16],"killed_by":"theJungle:Cassacara","ascension_level":0}}