{"host":"sian7qp8a9pc9xwd","time":1611410824,"event":{"mods":["BaseMod","Minty Spire (QoL Compilation)","StSLib","SuperFastMode"],"gold_per_floor":[119,132,144,158,178,178,207,207,232,263,278,308,258,28,28,28,28],"floor_reached":16,"language":"ENG","playtime":515,"items_purged":["Strike_R"],"score":168,"play_id":"1a3dca37-a8f6-4998-8ee3-944ccf03ef10","local_time":"20210123090704","is_ascension_mode":true,"campfire_choices":[{"data":"Body Slam","floor":6,"key":"SMITH"},{"floor":8,"key":"REST"},{"floor":15,"key":"REST"}],"circlet_count":0,"master_deck":["AscendersBane","Strike_R","Strike_R+1","Strike_R","Defend_R","Defend_R","Defend_R","Defend_R","Bash+1","Body Slam+1","Clothesline","Body Slam","Disarm","Flame Barrier"],"relics":["Runic Dome","Bag of Preparation","Whetstone","Boot","Pen Nib","Anchor"],"acts_visited":["Exordium"],"potions_floor_usage":[3],"damage_taken":[{"damage":2,"enemies":"Jaw Worm","floor":1,"turns":3},{"damage":1,"enemies":"2 Louse","floor":2,"turns":3},{"damage":0,"enemies":"Cultist","floor":3,"turns":2},{"damage":19,"enemies":"Lots of Slimes","floor":4,"turns":4},{"damage":16,"enemies":"Exordium Wildlife","floor":5,"turns":3},{"damage":18,"enemies":"Lagavulin","floor":7,"turns":7},{"damage":18,"enemies":"Gremlin Nob","floor":10,"turns":4},{"damage":1,"enemies":"Blue Slaver","floor":11,"turns":2},{"damage":80,"enemies":"Slime Boss","floor":16,"turns":18}],"seed_played":"-6196621161479544411","potions_obtained":[{"floor":2,"key":"Swift Potion"},{"floor":5,"key":"FairyPotion"}],"is_trial":false,"path_per_floor":["M","M","M","M","M","R","E","R","T","E","M","?","?","$","R","B"],"character_chosen":"IRONCLAD","items_purchased":["Anchor"],"campfire_rested":2,"item_purchase_floors":[14],"current_hp_per_floor":[70,69,69,50,34,34,16,40,40,22,21,21,21,21,45,0,0],"gold":28,"neow_bonus":"BOSS_RELIC","is_daily":false,"chose_seed":false,"campfire_upgraded":1,"win_rate":0.0,"timestamp":1611410824,"path_taken":["M","M","M","M","M","R","E","R","T","E","M","?","?","$","R","BOSS"],"items_purchased_type":["Relic"],"build_version":"2020-12-22","purchased_purges":1,"victory":false,"max_hp_per_floor":[80,80,80,80,80,80,80,80,80,80,80,80,80,80,80,80,80],"card_choices":[{"not_picked":["Combust","Blood for Blood"],"picked":"Body Slam","floor":1},{"not_picked":["Cleave","Twin Strike"],"picked":"Clothesline","floor":2},{"not_picked":["Brutality","Searing Blow","Clothesline"],"picked":"SKIP","floor":3},{"not_picked":["Dropkick","Havoc","Twin Strike"],"picked":"SKIP","floor":4},{"not_picked":["Intimidate","Blood for Blood"],"picked":"Body Slam","floor":5},{"not_picked":["Heavy Blade","Wild Strike"],"picked":"Disarm","floor":7},{"not_picked":["Iron Wave","Armaments"],"picked":"Flame Barrier","floor":10},{"not_picked":["Heavy Blade","Barricade","Sentinel"],"picked":"SKIP","floor":11}],"player_experience":762672,"relics_obtained":[{"floor":7,"key":"Bag of Preparation"},{"floor":9,"key":"Whetstone"},{"floor":10,"key":"Boot"}],"event_choices":[{"damage_healed":0,"gold_gain":30,"player_choice":"Searched \u00272\u0027 times","damage_taken":0,"relics_obtained":["Pen Nib"],"max_hp_gain":0,"max_hp_loss":0,"event_name":"Dead Adventurer","floor":12,"gold_loss":0},{"cards_removed":["Strike_R"],"damage_healed":0,"gold_gain":0,"player_choice":"Card Removal","damage_taken":0,"max_hp_gain":0,"max_hp_loss":0,"event_name":"The Cleric","floor":13,"gold_loss":50}],"is_beta":false,"boss_relics":[],"items_purged_floors":[14],"is_endless":false,"potions_floor_spawned":[2,5],"killed_by":"Slime Boss","ascension_level":10}}