{"host":"hwrdjx5eod2cxh09","time":1611396355,"event":{"mods":["AchievementEnabler","BaseMod","Bestiary","Minty Spire (QoL Compilation)","Relic Stats"],"gold_per_floor":[115,65,80,255,129,129,154,154,205,222,238,73,89,117,117,216,216,228,8,23,39,138,173,173,248,274,294,324,335,335,354,354,458,458,473,484,112,124,138,169,187,221,221,236,269,269,269,281,281,281,281,281,34,69,69],"floor_reached":56,"language":"ENG","playtime":4448,"items_purged":["Doubt","Defend_P"],"score":1316,"play_id":"e4e5d95d-4808-4120-a84f-96fdde610d59","local_time":"20210123190555","is_ascension_mode":false,"campfire_choices":[{"data":"Eruption","floor":6.0,"key":"SMITH"},{"data":"SignatureMove","floor":8.0,"key":"SMITH"},{"data":"Apotheosis","floor":15.0,"key":"SMITH"},{"data":"TalkToTheHand","floor":24.0,"key":"SMITH"},{"floor":32.0,"key":"REST"},{"floor":47.0,"key":"REST"},{"floor":49.0,"key":"RECALL"},{"data":"Establishment","floor":52.0,"key":"SMITH"}],"circlet_count":0,"master_deck":["Defend_P","Defend_P","Defend_P","Eruption+1","Vigilance","SignatureMove+1","CutThroughFate","EmptyFist","Vengeance","Tantrum","Apotheosis+1","Protect","InnerPeace","TalkToTheHand+1","Establishment+1","FlurryOfBlows","WindmillStrike","FlurryOfBlows","ClearTheMind","ThirdEye+1","ThirdEye","Protect","MentalFortress","Blasphemy","MentalFortress","Evaluate+1"],"relics":["HolyWater","NeowsBlessing","The Courier","MealTicket","Bird Faced Urn","Empty Cage","Bag of Preparation","Regal Pillow","Omamori","InkBottle","Nunchaku","Centennial Puzzle","Smiling Mask","Ancient Tea Set","Lizard Tail","Ice Cream","Incense Burner"],"acts_visited":["Exordium","TheCity","TheBeyond","TheEnding"],"potions_floor_usage":[55,55],"damage_taken":[{"damage":0.0,"enemies":"Cultist","floor":1.0,"turns":1.0},{"damage":0.0,"enemies":"2 Louse","floor":3.0,"turns":1.0},{"damage":0.0,"enemies":"Lagavulin","floor":7.0,"turns":1.0},{"damage":0.0,"enemies":"Jaw Worm","floor":10.0,"turns":1.0},{"damage":8.0,"enemies":"Exordium Wildlife","floor":11.0,"turns":3.0},{"damage":2.0,"enemies":"Looter","floor":13.0,"turns":3.0},{"damage":13.0,"enemies":"Gremlin Nob","floor":14.0,"turns":3.0},{"damage":25.0,"enemies":"Hexaghost","floor":16.0,"turns":7.0},{"damage":0.0,"enemies":"Spheric Guardian","floor":18.0,"turns":3.0},{"damage":0.0,"enemies":"Shell Parasite","floor":20.0,"turns":4.0},{"damage":15.0,"enemies":"Snecko","floor":21.0,"turns":4.0},{"damage":4.0,"enemies":"Book of Stabbing","floor":23.0,"turns":4.0},{"damage":0.0,"enemies":"Snake Plant","floor":27.0,"turns":1.0},{"damage":6.0,"enemies":"Gremlin Leader","floor":28.0,"turns":5.0},{"damage":0.0,"enemies":"Sentry and Sphere","floor":29.0,"turns":3.0},{"damage":5.0,"enemies":"Centurion and Healer","floor":31.0,"turns":4.0},{"damage":9.0,"enemies":"Automaton","floor":33.0,"turns":8.0},{"damage":2.0,"enemies":"Orb Walker","floor":35.0,"turns":3.0},{"damage":18.0,"enemies":"3 Darklings","floor":36.0,"turns":4.0},{"damage":4.0,"enemies":"4 Shapes","floor":38.0,"turns":8.0},{"damage":16.0,"enemies":"Transient","floor":39.0,"turns":5.0},{"damage":30.0,"enemies":"Reptomancer","floor":40.0,"turns":6.0},{"damage":0.0,"enemies":"Writhing Mass","floor":41.0,"turns":4.0},{"damage":0.0,"enemies":"Nemesis","floor":42.0,"turns":5.0},{"damage":9.0,"enemies":"3 Darklings","floor":44.0,"turns":4.0},{"damage":2.0,"enemies":"Giant Head","floor":45.0,"turns":8.0},{"damage":18.0,"enemies":"4 Shapes","floor":48.0,"turns":10.0},{"damage":40.0,"enemies":"Awakened One","floor":50.0,"turns":11.0},{"damage":41.0,"enemies":"Shield and Spear","floor":54.0,"turns":5.0},{"damage":22,"enemies":"The Heart","floor":55,"turns":11}],"seed_played":"-8939611903495061380","potions_obtained":[{"floor":3.0,"key":"Energy Potion"},{"floor":7.0,"key":"AttackPotion"},{"floor":14.0,"key":"Weak Potion"},{"floor":18.0,"key":"Fruit Juice"},{"floor":28.0,"key":"Energy Potion"},{"floor":31.0,"key":"PowerPotion"},{"floor":33.0,"key":"BottledMiracle"},{"floor":38.0,"key":"SkillPotion"},{"floor":39.0,"key":"SmokeBomb"},{"floor":48.0,"key":"Block Potion"},{"floor":54.0,"key":"LiquidBronze"}],"is_trial":false,"path_per_floor":["M","?","M","?","$","R","E","R","T","M","M","$","M","E","R","B",null,"M","$","M","M","?","E","R","?","T","M","E","M","?","M","R","B",null,"M","M","$","M","M","E","M","E","T","M","E","?","R","M","R","B",null,"R","$","E","B",null],"character_chosen":"WATCHER","items_purchased":["EmptyFist","Apotheosis","Protect","WindmillStrike","Bag of Preparation","FlurryOfBlows","Nunchaku","Centennial Puzzle","MentalFortress","Ice Cream"],"campfire_rested":2,"item_purchase_floors":[5,12,12,19,19,19,37,37,37,53],"current_hp_per_floor":[72,72,72,72,72,72,72,72,72,72,64,72,70,57,57,32,72,72,72,72,57,57,55,55,48,48,48,49,49,49,48,77,68,77,75,59,74,76,63,39,41,47,47,42,46,46,77,59,59,25,77,77,77,38,22],"gold":69,"neow_bonus":"THREE_ENEMY_KILL","is_daily":false,"chose_seed":false,"campfire_upgraded":5,"win_rate":0.0,"timestamp":1611396355,"path_taken":["M","?","M","?","$","R","E","R","T","M","M","?","?","E","R","BOSS","M","$","M","M","?","E","R","?","T","?","E","M","?","M","R","BOSS","M","M","$","M","M","E","M","E","T","M","E","?","R","M","R","BOSS","R","$","E","BOSS"],"items_purchased_type":["Card","Card","Card","Card","Relic","Card","Relic","Relic","Card","Relic"],"build_version":"2020-12-22","purchased_purges":2,"victory":true,"max_hp_per_floor":[72,72,72,72,72,72,72,72,72,72,72,72,72,72,72,72,72,72,72,72,72,72,72,72,72,72,72,77,77,77,77,77,77,77,77,77,77,77,77,77,77,77,77,77,77,77,77,77,77,77,77,77,77,77,77],"relic_stats":{"Regal Pillow":14,"Nunchaku":[25],"Centennial Puzzle":[23],"Lizard Tail":0,"counters":[30,140],"Bird Faced Urn":[57],"MealTicket":23,"Bag of Preparation":[42],"Smiling Mask":0,"obtain_stats":[{"Ice Cream":53,"Regal Pillow":23,"NeowsBlessing":0,"The Courier":7,"Bag of Preparation":19,"Omamori":26,"Incense Burner":54,"Empty Cage":17,"Smiling Mask":40,"Ancient Tea Set":42,"Nunchaku":37,"Centennial Puzzle":37,"Lizard Tail":45,"Bird Faced Urn":14,"HolyWater":34,"MealTicket":9,"PureWater":0,"InkBottle":28},{"Ice Cream":28,"Regal Pillow":12,"NeowsBlessing":0,"The Courier":3,"Bag of Preparation":9,"Omamori":12,"Incense Burner":29,"Empty Cage":8,"Smiling Mask":22,"Ancient Tea Set":24,"Nunchaku":19,"Centennial Puzzle":19,"Lizard Tail":26,"Bird Faced Urn":7,"HolyWater":17,"MealTicket":3,"PureWater":0,"InkBottle":14},{"Ice Cream":124,"Regal Pillow":35,"NeowsBlessing":0,"The Courier":3,"Bag of Preparation":23,"Omamori":35,"Incense Burner":129,"Empty Cage":20,"Smiling Mask":82,"Ancient Tea Set":91,"Nunchaku":63,"Centennial Puzzle":63,"Lizard Tail":103,"Bird Faced Urn":13,"HolyWater":56,"MealTicket":3,"PureWater":0,"InkBottle":41}],"InkBottle":[61]},"card_choices":[{"not_picked":["Halt","FlyingSleeves"],"picked":"SignatureMove","floor":1.0},{"not_picked":["BowlingBash","SandsOfTime"],"picked":"CutThroughFate","floor":3.0},{"not_picked":["ReachHeaven","Evaluate","DeceiveReality"],"picked":"SKIP","floor":7.0},{"not_picked":["SashWhip","WreathOfFlame"],"picked":"Vengeance","floor":10.0},{"not_picked":["Prostrate","EmptyBody"],"picked":"Tantrum","floor":11.0},{"not_picked":["CarveReality","PathToVictory"],"picked":"InnerPeace","floor":13.0},{"not_picked":["EmptyBody","EmptyFist"],"picked":"TalkToTheHand","floor":14.0},{"not_picked":["Ragnarok","Vault"],"picked":"Establishment","floor":16.0},{"not_picked":["ForeignInfluence+1","PathToVictory+1"],"picked":"FlurryOfBlows","floor":18.0},{"not_picked":["FollowUp","CrushJoints","Pray"],"picked":"SKIP","floor":20.0},{"not_picked":["Indignation","CrushJoints+1"],"picked":"ClearTheMind","floor":21.0},{"not_picked":["Fasting2","EmptyFist"],"picked":"ThirdEye+1","floor":23.0},{"not_picked":["JustLucky","FearNoEvil"],"picked":"ThirdEye","floor":27.0},{"not_picked":["Establishment","FlurryOfBlows"],"picked":"Protect","floor":28.0},{"not_picked":["SashWhip","JustLucky+1"],"picked":"MentalFortress","floor":29.0},{"not_picked":["WindmillStrike","Halt","FollowUp"],"picked":"SKIP","floor":31.0},{"not_picked":["DevaForm","Scrawl"],"picked":"Blasphemy","floor":33.0},{"not_picked":["Consecrate+1","CarveReality+1","SashWhip"],"picked":"SKIP","floor":35.0},{"not_picked":["ThirdEye+1","Crescendo","JustLucky+1"],"picked":"SKIP","floor":36.0},{"not_picked":["BattleHymn+1","CutThroughFate+1","Consecrate+1"],"picked":"SKIP","floor":38.0},{"not_picked":["Consecrate","WreathOfFlame","FollowUp+1"],"picked":"SKIP","floor":39.0},{"not_picked":["Omniscience","Consecrate+1","ClearTheMind"],"picked":"SKIP","floor":40.0},{"not_picked":["CarveReality","EmptyBody","FlyingSleeves"],"picked":"SKIP","floor":41.0},{"not_picked":["JustLucky","BowlingBash+1"],"picked":"Evaluate+1","floor":42.0},{"not_picked":["Prostrate","InnerPeace","FearNoEvil"],"picked":"SKIP","floor":44.0},{"not_picked":["Prostrate","InnerPeace","FearNoEvil"],"picked":"SKIP","floor":44.0},{"not_picked":["Tantrum","SandsOfTime","EmptyFist+1"],"picked":"SKIP","floor":45.0},{"not_picked":["EmptyBody","SignatureMove+1","CutThroughFate"],"picked":"SKIP","floor":48.0},{"not_picked":["EmptyMind","Ragnarok","ThirdEye+1"],"picked":"SKIP","floor":54.0}],"player_experience":253116,"relics_obtained":[{"floor":7.0,"key":"The Courier"},{"floor":9.0,"key":"MealTicket"},{"floor":14.0,"key":"Bird Faced Urn"},{"floor":23.0,"key":"Regal Pillow"},{"floor":26.0,"key":"Omamori"},{"floor":28.0,"key":"InkBottle"},{"floor":40.0,"key":"Smiling Mask"},{"floor":42.0,"key":"Ancient Tea Set"},{"floor":45.0,"key":"Lizard Tail"},{"floor":54.0,"key":"Incense Burner"}],"event_choices":[{"cards_removed":["Strike_P"],"damage_healed":0.0,"max_hp_gain":0.0,"max_hp_loss":0.0,"gold_gain":0.0,"event_name":"The Cleric","player_choice":"Card Removal","floor":2.0,"gold_loss":50.0,"damage_taken":0.0},{"damage_healed":0.0,"max_hp_gain":0.0,"max_hp_loss":0.0,"gold_gain":175.0,"event_name":"Liars Game","player_choice":"AGREE","floor":4.0,"gold_loss":0.0,"damage_taken":0.0,"cards_obtained":["Doubt"]},{"damage_healed":0.0,"max_hp_gain":0.0,"max_hp_loss":0.0,"gold_gain":99.0,"event_name":"Nest","player_choice":"Stole From Cult","floor":22.0,"gold_loss":0.0,"damage_taken":0.0},{"damage_healed":0.0,"max_hp_gain":0.0,"max_hp_loss":0.0,"gold_gain":75.0,"event_name":"FaceTrader","player_choice":"Touch","floor":25.0,"gold_loss":0.0,"damage_taken":7.0},{"cards_removed":["Strike_P"],"damage_healed":0.0,"max_hp_gain":0.0,"max_hp_loss":0.0,"gold_gain":0.0,"event_name":"Back to Basics","player_choice":"Elegance","floor":30.0,"gold_loss":0.0,"damage_taken":0.0},{"damage_healed":0.0,"max_hp_gain":0.0,"max_hp_loss":0.0,"gold_gain":0.0,"event_name":"Tomb of Lord Red Mask","player_choice":"Ignored","floor":46.0,"gold_loss":0.0,"damage_taken":0.0}],"is_beta":false,"boss_relics":[{"not_picked":["Philosopher\u0027s Stone","Runic Pyramid"],"picked":"Empty Cage"},{"not_picked":["Tiny House","Black Star"],"picked":"HolyWater"}],"items_purged_floors":[5,37],"is_endless":false,"potions_floor_spawned":[3,7,14,16,18,28,31,33,38,39,42,44,48,54],"ascension_level":0}}