{"host":"ci7ivtocgfxh0ueo","time":1611370915,"event":{"mods":["BaseMod","GifTheSpireLib","Minty Spire (QoL Compilation)","StSLib"],"gold_per_floor":[110,110,127,127,60,94,110,110,188,214,226,226,246,139,139,210,210,220,234,177,177,177,177,177,177],"floor_reached":24,"language":"ZHT","playtime":581,"items_purged":[],"score":388,"play_id":"39273305-59d8-4bba-a531-5091279dd328","local_time":"20210123110155","is_ascension_mode":true,"campfire_choices":[{"floor":8,"key":"REST"},{"floor":12,"key":"REST"},{"floor":15,"key":"REST"},{"data":"Seeing Red","floor":23,"key":"SMITH"}],"circlet_count":0,"master_deck":["AscendersBane","Strike_R","Strike_R","Strike_R","Strike_R","Strike_R","Defend_R","Defend_R","Defend_R","Defend_R","Bash","Havoc","Sever Soul","Demon Form","Seeing Red+1","Seeing Red","Metallicize","Cleave+1","Trip","Offering","Heavy Blade+1","Blood for Blood+1"],"relics":["Black Blood","Dead Branch","Ancient Tea Set","Happy Flower","Molten Egg 2","Mercury Hourglass"],"acts_visited":["Exordium","TheCity"],"potions_floor_usage":[6,16,16,18,24],"damage_taken":[{"damage":4,"enemies":"2 Louse","floor":1,"turns":3},{"damage":13,"enemies":"Cultist","floor":3,"turns":5},{"damage":41,"enemies":"Gremlin Nob","floor":6,"turns":4},{"damage":15,"enemies":"Small Slimes","floor":7,"turns":3},{"damage":20,"enemies":"3 Sentries","floor":10,"turns":6},{"damage":13,"enemies":"Blue Slaver","floor":11,"turns":3},{"damage":9,"enemies":"Red Slaver","floor":13,"turns":2},{"damage":31,"enemies":"The Guardian","floor":16,"turns":9},{"damage":17,"enemies":"2 Thieves","floor":18,"turns":3},{"damage":39,"enemies":"Shell Parasite","floor":19,"turns":5},{"damage":35,"enemies":"Snake Plant","floor":24,"turns":2}],"seed_played":"-2838346282247084303","potions_obtained":[{"floor":3,"key":"DuplicationPotion"},{"floor":10,"key":"Dexterity Potion"},{"floor":11,"key":"BlessingOfTheForge"},{"floor":16,"key":"Explosive Potion"},{"floor":19,"key":"DistilledChaos"}],"is_trial":false,"path_per_floor":["M","?","M","?","?","E","M","R","T","E","M","R","M","$","R","B",null,"M","M","$","?","?","R","M"],"character_chosen":"IRONCLAD","items_purchased":["Trip","SteroidPotion"],"campfire_rested":3,"item_purchase_floors":[14,20],"current_hp_per_floor":[68,68,61,66,66,31,22,43,43,29,22,43,40,40,61,36,64,59,32,32,32,32,32,0,0],"gold":177,"neow_bonus":"ONE_RARE_RELIC","is_daily":false,"chose_seed":false,"campfire_upgraded":1,"win_rate":0.0,"timestamp":1611370915,"path_taken":["M","?","?","?","?","E","?","R","T","E","M","R","M","$","R","BOSS","M","M","$","?","?","R","M"],"items_purchased_type":["Card","Potion"],"build_version":"2020-12-22","purchased_purges":0,"victory":false,"max_hp_per_floor":[68,68,68,73,73,73,73,73,73,73,73,73,73,73,73,73,73,73,73,73,73,73,73,73,73],"card_choices":[{"not_picked":["Heavy Blade","Warcry"],"picked":"Havoc","floor":1},{"not_picked":["Rupture","Shrug It Off"],"picked":"Sever Soul","floor":3},{"not_picked":["Thunderclap","Wild Strike"],"picked":"Demon Form","floor":6},{"not_picked":["Intimidate","Cleave"],"picked":"Seeing Red","floor":7},{"not_picked":["Body Slam+1","Flex"],"picked":"Seeing Red","floor":10},{"not_picked":["Combust","Shrug It Off"],"picked":"Metallicize","floor":11},{"not_picked":["Perfected Strike+1","Clothesline+1"],"picked":"Cleave+1","floor":13},{"not_picked":["Berserk","Fiend Fire+1"],"picked":"Offering","floor":16},{"not_picked":["Reckless Charge+1","Cleave+1"],"picked":"Heavy Blade+1","floor":18},{"not_picked":["Rampage+1","Body Slam+1"],"picked":"Blood for Blood+1","floor":19}],"player_experience":1350364,"relics_obtained":[{"floor":6,"key":"Happy Flower"},{"floor":9,"key":"Molten Egg 2"},{"floor":10,"key":"Mercury Hourglass"}],"event_choices":[{"damage_healed":0,"gold_gain":0,"player_choice":"0 cards matched","damage_taken":0,"max_hp_gain":0,"max_hp_loss":0,"event_name":"Match and Keep!","floor":2,"gold_loss":0,"cards_obtained":[]},{"damage_healed":0,"gold_gain":0,"player_choice":"Donut","damage_taken":0,"max_hp_gain":5,"max_hp_loss":0,"event_name":"Big Fish","floor":4,"gold_loss":0},{"damage_healed":0,"gold_gain":0,"player_choice":"Paid Gold","damage_taken":0,"relics_obtained":["Ancient Tea Set"],"max_hp_gain":0,"max_hp_loss":0,"event_name":"WeMeetAgain","floor":5,"gold_loss":67},{"damage_healed":0,"gold_gain":0,"player_choice":"Ignored","damage_taken":0,"max_hp_gain":0,"max_hp_loss":0,"event_name":"Beggar","floor":21,"gold_loss":0},{"damage_healed":0,"gold_gain":0,"player_choice":"Ignored","damage_taken":0,"max_hp_gain":0,"max_hp_loss":0,"event_name":"Cursed Tome","floor":22,"gold_loss":0}],"is_beta":false,"boss_relics":[{"not_picked":["Runic Dome","Fusion Hammer"],"picked":"Black Blood"}],"items_purged_floors":[],"is_endless":false,"potions_floor_spawned":[3,10,11,16,19],"killed_by":"Snake Plant","ascension_level":18}}