{"host":"q0qnzbgdx8oqogg9","time":1611389622,"event":{"mods":["BaseMod","Minty Spire (QoL Compilation)","StSLib"],"gold_per_floor":[115,190,200,218,61,61,78,103,151,176,176,196,196,215,215,312,312,327,327,52,151,202,202,234,234,261,261,261,294,314,229,229,324,324,337,337,437,447,459,485,506,521,548,569,569,569,569,569,569,569,569,569,62,97,97,97],"floor_reached":55,"language":"ENG","playtime":2825,"items_purged":["Strike_B"],"score":1048,"play_id":"e57bfd6b-1995-47c9-a2c6-6fcfedcb37d7","local_time":"20210123031342","is_ascension_mode":true,"campfire_choices":[{"data":"Sweeping Beam","floor":6.0,"key":"SMITH"},{"floor":11.0,"key":"REST"},{"data":"Machine Learning","floor":13.0,"key":"SMITH"},{"data":"Zap","floor":15.0,"key":"SMITH"},{"data":"Strike_B","floor":23.0,"key":"PURGE"},{"data":"Strike_B","floor":25.0,"key":"PURGE"},{"data":"Strike_B","floor":27.0,"key":"PURGE"},{"data":"Machine Learning+1","floor":32.0,"key":"PURGE"},{"data":"Seek","floor":45.0,"key":"SMITH"},{"data":"Coolheaded","floor":47.0,"key":"SMITH"},{"floor":49.0,"key":"RECALL"},{"data":"Buffer","floor":52.0,"key":"SMITH"}],"circlet_count":0,"master_deck":["Defend_B","Defend_B","Defend_B","Defend_B","Beam Cell+1","Sweeping Beam+1","Gash+1","Rebound","Gash","Go for the Eyes","Gash","Beam Cell","Machine Learning+1","Glacier","Gash","CurseOfTheBell","Ghostly","Ghostly","Ghostly","Ghostly","Ghostly","Coolheaded+1","FTL","Buffer+1","FTL+1","Seek+1","Coolheaded+1"],"relics":["Cracked Core","NeowsBlessing","Orrery","Kunai","MealTicket","Calling Bell","Blood Vial","HornCleat","Peace Pipe","DollysMirror","Bag of Marbles","Eternal Feather","Boot","Dream Catcher","Lantern","Empty Cage","CeramicFish","Akabeko","Torii","Cauldron","Whetstone"],"acts_visited":["Exordium","TheCity","TheBeyond","TheEnding"],"potions_floor_usage":[55,55,55],"damage_taken":[{"damage":0.0,"enemies":"2 Louse","floor":1.0,"turns":1.0},{"damage":0.0,"enemies":"Cultist","floor":3.0,"turns":1.0},{"damage":0.0,"enemies":"Jaw Worm","floor":4.0,"turns":1.0},{"damage":11.0,"enemies":"3 Louse","floor":7.0,"turns":3.0},{"damage":12.0,"enemies":"Gremlin Nob","floor":8.0,"turns":3.0},{"damage":10.0,"enemies":"3 Sentries","floor":10.0,"turns":6.0},{"damage":0.0,"enemies":"Blue Slaver","floor":12.0,"turns":3.0},{"damage":0.0,"enemies":"Red Slaver","floor":14.0,"turns":2.0},{"damage":19.0,"enemies":"Slime Boss","floor":16.0,"turns":9.0},{"damage":17.0,"enemies":"Chosen","floor":18.0,"turns":4.0},{"damage":17.0,"enemies":"Book of Stabbing","floor":24.0,"turns":6.0},{"damage":0.0,"enemies":"2 Thieves","floor":28.0,"turns":1.0},{"damage":2.0,"enemies":"Gremlin Leader","floor":29.0,"turns":5.0},{"damage":15.0,"enemies":"Chosen and Byrds","floor":30.0,"turns":6.0},{"damage":22.0,"enemies":"Collector","floor":33.0,"turns":8.0},{"damage":0.0,"enemies":"3 Darklings","floor":35.0,"turns":7.0},{"damage":1.0,"enemies":"Orb Walker","floor":38.0,"turns":4.0},{"damage":2.0,"enemies":"3 Darklings","floor":39.0,"turns":6.0},{"damage":20.0,"enemies":"Nemesis","floor":40.0,"turns":7.0},{"damage":0.0,"enemies":"Spire Growth","floor":41.0,"turns":6.0},{"damage":0.0,"enemies":"Maw","floor":42.0,"turns":7.0},{"damage":20.0,"enemies":"Jaw Worm Horde","floor":44.0,"turns":5.0},{"damage":32.0,"enemies":"Donu and Deca","floor":50.0,"turns":10.0},{"damage":13,"enemies":"Shield and Spear","floor":54,"turns":8},{"damage":47,"enemies":"The Heart","floor":55,"turns":6}],"seed_played":"-5794746974349693355","potions_obtained":[{"floor":3.0,"key":"FocusPotion"},{"floor":7.0,"key":"BlessingOfTheForge"},{"floor":10.0,"key":"Block Potion"},{"floor":14.0,"key":"SmokeBomb"},{"floor":29.0,"key":"EssenceOfSteel"},{"floor":40.0,"key":"AttackPotion"},{"floor":44.0,"key":"PowerPotion"},{"floor":53.0,"key":"LiquidMemories"},{"floor":53.0,"key":"CultistPotion"},{"floor":53.0,"key":"GamblersBrew"}],"is_trial":false,"path_per_floor":["M","?","M","M","$","R","M","E","T","E","R","M","R","M","R","B",null,"M","?","$","?","T","R","E","R","T","R","M","E","M","?","R","B",null,"M","?","?","M","M","E","M","M","T","M","R","?","R","?","R","B",null,"R","$","E","B"],"character_chosen":"DEFECT","items_purchased":["Orrery","DollysMirror","Coolheaded","Torii","SpeedPotion","Cauldron"],"campfire_rested":1,"item_purchase_floors":[5,20,20,53,53,53],"current_hp_per_floor":[68,61,61,61,61,61,50,38,38,28,50,50,50,50,50,31,64,49,37,37,37,37,37,20,35,35,37,37,35,22,22,37,15,32,34,34,34,35,35,17,19,21,21,3,18,18,33,33,35,3,27,35,35,22,0,0],"gold":97,"neow_bonus":"THREE_ENEMY_KILL","is_daily":false,"chose_seed":false,"campfire_upgraded":6,"win_rate":0.0,"timestamp":1611389622,"path_taken":["M","?","M","M","$","R","M","E","T","E","R","?","R","M","R","BOSS","M","?","$","?","?","R","E","R","T","R","M","E","?","?","R","BOSS","M","?","?","M","?","E","M","M","T","M","R","?","R","?","R","BOSS","R","$","E","BOSS"],"items_purchased_type":["Relic","Relic","Card","Relic","Potion","Relic"],"build_version":"2020-12-22","purchased_purges":1,"victory":false,"max_hp_per_floor":[75,75,75,75,75,75,75,75,75,75,75,75,75,75,75,75,75,75,37,37,37,37,37,37,37,37,37,37,37,37,37,37,37,37,37,37,37,37,37,37,37,37,37,37,37,35,35,35,35,35,35,35,35,35,35,35],"card_choices":[{"not_picked":["Leap","Steam Power"],"picked":"Beam Cell","floor":1.0},{"not_picked":["Storm","White Noise"],"picked":"Sweeping Beam","floor":3.0},{"not_picked":["Blizzard","Streamline"],"picked":"Gash","floor":4.0},{"not_picked":["Hologram","Steam"],"picked":"Rebound","floor":5.0},{"not_picked":["Biased Cognition","Barrage"],"picked":"Gash","floor":5.0},{"not_picked":["Leap","Double Energy"],"picked":"Go for the Eyes","floor":5.0},{"not_picked":["Redo","Sweeping Beam"],"picked":"Gash","floor":5.0},{"not_picked":["Barrage","Conserve Battery"],"picked":"Beam Cell","floor":5.0},{"not_picked":["Barrage","Sweeping Beam"],"picked":"Machine Learning","floor":7.0},{"not_picked":["Thunder Strike","Reboot"],"picked":"Glacier","floor":8.0},{"not_picked":["Darkness","Compile Driver","Sweeping Beam"],"picked":"SKIP","floor":10.0},{"not_picked":["Turbo","Conserve Battery","Double Energy"],"picked":"SKIP","floor":12.0},{"not_picked":["Ball Lightning","Streamline"],"picked":"Gash","floor":14.0},{"not_picked":["Streamline","Chill+1","Compile Driver"],"picked":"SKIP","floor":18.0},{"not_picked":["BootSequence","Self Repair"],"picked":"FTL","floor":24.0},{"not_picked":["Fusion","Self Repair","Streamline"],"picked":"SKIP","floor":29.0},{"not_picked":["Heatsinks","Go for the Eyes","Beam Cell"],"picked":"SKIP","floor":30.0},{"not_picked":["Reboot","Core Surge"],"picked":"Buffer","floor":33.0},{"not_picked":["Leap","Turbo+1"],"picked":"FTL+1","floor":35.0},{"not_picked":["Ball Lightning","Streamline","BootSequence+1"],"picked":"SKIP","floor":38.0},{"not_picked":["Auto Shields+1","Storm+1","Steam+1"],"picked":"SKIP","floor":39.0},{"not_picked":["Steam","Streamline+1","Cold Snap"],"picked":"SKIP","floor":40.0},{"not_picked":["Capacitor","Streamline"],"picked":"Seek","floor":41.0},{"not_picked":["Beam Cell+1","Turbo+1","Self Repair+1"],"picked":"SKIP","floor":42.0},{"not_picked":["Chaos+1","Turbo+1"],"picked":"Coolheaded+1","floor":44.0},{"not_picked":["Ball Lightning+1","Heatsinks","Lockon+1"],"picked":"SKIP","floor":54}],"player_experience":275497,"relics_obtained":[{"floor":8.0,"key":"Kunai"},{"floor":10.0,"key":"MealTicket"},{"floor":17.0,"key":"Blood Vial"},{"floor":17.0,"key":"HornCleat"},{"floor":17.0,"key":"Peace Pipe"},{"floor":22.0,"key":"Bag of Marbles"},{"floor":24.0,"key":"Eternal Feather"},{"floor":26.0,"key":"Boot"},{"floor":29.0,"key":"Dream Catcher"},{"floor":40.0,"key":"CeramicFish"},{"floor":43.0,"key":"Akabeko"},{"floor":54,"key":"Whetstone"}],"event_choices":[{"damage_healed":0.0,"max_hp_gain":0.0,"max_hp_loss":0.0,"gold_gain":75.0,"event_name":"FaceTrader","player_choice":"Touch","floor":2.0,"gold_loss":0.0,"damage_taken":7.0},{"damage_healed":0.0,"max_hp_gain":0.0,"max_hp_loss":38.0,"gold_gain":0.0,"event_name":"Ghosts","player_choice":"Became a Ghost","floor":19.0,"gold_loss":0.0,"damage_taken":0.0,"cards_obtained":["Ghostly","Ghostly","Ghostly","Ghostly","Ghostly"]},{"damage_healed":0.0,"max_hp_gain":0.0,"max_hp_loss":0.0,"gold_gain":99.0,"event_name":"Nest","player_choice":"Stole From Cult","floor":21.0,"gold_loss":0.0,"damage_taken":0.0},{"damage_healed":0.0,"max_hp_gain":0.0,"max_hp_loss":0.0,"gold_gain":0.0,"event_name":"Addict","player_choice":"Obtained Relic","floor":31.0,"gold_loss":85.0,"damage_taken":0.0,"relics_obtained":["Lantern"]},{"damage_healed":0.0,"max_hp_gain":0.0,"max_hp_loss":0.0,"gold_gain":0.0,"event_name":"SensoryStone","player_choice":"Memory 1","floor":36.0,"gold_loss":0.0,"damage_taken":0.0},{"damage_healed":0.0,"max_hp_gain":0.0,"max_hp_loss":0.0,"gold_gain":100.0,"event_name":"Golden Shrine","player_choice":"Pray","floor":37.0,"gold_loss":0.0,"damage_taken":0.0},{"damage_healed":0.0,"max_hp_gain":0.0,"max_hp_loss":2.0,"gold_gain":0.0,"event_name":"Winding Halls","player_choice":"Max HP","floor":46.0,"gold_loss":0.0,"damage_taken":0.0},{"damage_healed":0.0,"max_hp_gain":0.0,"max_hp_loss":0.0,"gold_gain":0.0,"event_name":"Tomb of Lord Red Mask","player_choice":"Ignored","floor":48.0,"gold_loss":0.0,"damage_taken":0.0}],"is_beta":false,"boss_relics":[{"not_picked":["Pandora\u0027s Box","Sozu"],"picked":"Calling Bell"},{"not_picked":["Philosopher\u0027s Stone","Runic Pyramid"],"picked":"Empty Cage"}],"items_purged_floors":[20],"is_endless":false,"potions_floor_spawned":[3,7,10,14,28,29,40,42,44],"killed_by":"The Heart","ascension_level":8}}