{"host":"ibckqdmmf9y74ymf","time":1611404816,"event":{"mods":["2.2 Compatiblity","BaseMod","Colored Map","Curses Come First","Highlight Path","Minty Spire (QoL Compilation)","Quick Restart","Rare Cards Sparkle","Relic Stats","StSLib"],"gold_per_floor":[115,127,202,219,52,52,69,97,120,120,140,171,9,29,29,103,103,119,119,73,73,73],"floor_reached":21,"language":"ENG","playtime":825,"items_purged":[],"score":507,"play_id":"dfc895a0-eb22-4406-a814-978d174730fe","local_time":"20210123132656","is_ascension_mode":true,"campfire_choices":[{"floor":6,"key":"REST"},{"floor":10,"key":"REST"},{"floor":15,"key":"REST"}],"circlet_count":0,"master_deck":["AscendersBane","Defend_P","Defend_P","Defend_P","Defend_P","Eruption","Vigilance","CurseOfTheBell","FlyingSleeves","Meditate","Halt","CrushJoints","CarveReality","Brilliance","ThirdEye","Blasphemy","MentalFortress","Vengeance","Protect","Wallop","Omniscience","TalkToTheHand","Bite","Bite","Bite","Bite","Bite","FlurryOfBlows","DevaForm"],"relics":["Calling Bell","Centennial Puzzle","White Beast Statue","Prayer Wheel","Damaru","Oddly Smooth Stone","Potion Belt","PreservedInsect","Regal Pillow","Philosopher\u0027s Stone"],"acts_visited":["Exordium","TheCity"],"potions_floor_usage":[4,8,11,12,14,16,16,20],"damage_taken":[{"damage":13,"enemies":"Small Slimes","floor":1,"turns":6},{"damage":14,"enemies":"2 Louse","floor":2,"turns":4},{"damage":0,"enemies":"Cultist","floor":4,"turns":2},{"damage":7,"enemies":"Red Slaver","floor":7,"turns":3},{"damage":32,"enemies":"3 Sentries","floor":8,"turns":9},{"damage":1,"enemies":"Gremlin Gang","floor":11,"turns":5},{"damage":17,"enemies":"Lagavulin","floor":12,"turns":5},{"damage":5,"enemies":"Blue Slaver","floor":14,"turns":3},{"damage":0,"enemies":"Slime Boss","floor":16,"turns":6},{"damage":0,"enemies":"Chosen","floor":18,"turns":2},{"damage":38,"enemies":"2 Thieves","floor":20,"turns":5},{"damage":7,"enemies":"Cultist and Chosen","floor":21,"turns":3}],"seed_played":"1871237367473107528","potions_obtained":[{"floor":1,"key":"SneckoOil"},{"floor":2,"key":"Dexterity Potion"},{"floor":4,"key":"SpeedPotion"},{"floor":7,"key":"Strength Potion"},{"floor":8,"key":"AttackPotion"},{"floor":11,"key":"Dexterity Potion"},{"floor":12,"key":"Swift Potion"},{"floor":14,"key":"CultistPotion"},{"floor":16,"key":"LiquidBronze"},{"floor":18,"key":"EssenceOfSteel"},{"floor":20,"key":"FearPotion"}],"is_trial":false,"path_per_floor":["M","M","?","M","$","R","M","E","T","R","M","E","$","M","R","B",null,"M","?","M","M"],"character_chosen":"WATCHER","items_purchased":["Damaru","Regal Pillow"],"campfire_rested":3,"item_purchase_floors":[5,13],"current_hp_per_floor":[48,34,23,23,23,43,36,4,4,24,23,6,6,1,36,36,60,60,47,21,16,16],"gold":73,"neow_bonus":"BOSS_RELIC","is_daily":false,"chose_seed":false,"campfire_upgraded":0,"win_rate":0.0,"timestamp":1611404816,"path_taken":["M","M","?","M","$","R","M","E","T","R","M","E","$","M","R","BOSS","M","?","M","M"],"items_purchased_type":["Relic","Relic"],"build_version":"2020-12-22","purchased_purges":0,"victory":false,"max_hp_per_floor":[68,68,68,68,68,68,68,68,68,68,68,68,68,68,68,68,68,68,47,47,47,47],"relic_stats":{"Centennial Puzzle":[27],"Regal Pillow":15,"counters":[12,53],"Prayer Wheel":8,"PreservedInsect":0,"obtain_stats":[{"Calling Bell":0,"Potion Belt":9,"Centennial Puzzle":0,"Regal Pillow":13,"Damaru":5,"Oddly Smooth Stone":8,"Prayer Wheel":0,"Philosopher\u0027s Stone":17,"PreservedInsect":12,"PureWater":0,"White Beast Statue":0},{"Calling Bell":0,"Potion Belt":5,"Centennial Puzzle":0,"Regal Pillow":7,"Damaru":3,"Oddly Smooth Stone":5,"Prayer Wheel":0,"Philosopher\u0027s Stone":9,"PreservedInsect":7,"PureWater":0,"White Beast Statue":0},{"Calling Bell":0,"Potion Belt":24,"Centennial Puzzle":0,"Regal Pillow":34,"Damaru":12,"Oddly Smooth Stone":24,"Prayer Wheel":0,"Philosopher\u0027s Stone":43,"PreservedInsect":34,"PureWater":0,"White Beast Statue":0}]},"card_choices":[{"not_picked":["EmptyBody","Evaluate"],"picked":"FlyingSleeves","floor":1},{"not_picked":["FlyingSleeves","Wireheading"],"picked":"Meditate","floor":1},{"not_picked":["Perseverance","PathToVictory"],"picked":"Halt","floor":2},{"not_picked":["WaveOfTheHand","JustLucky"],"picked":"CrushJoints","floor":2},{"not_picked":["FollowUp","Sanctity"],"picked":"CarveReality","floor":4},{"not_picked":["Prostrate","Nirvana"],"picked":"Brilliance","floor":4},{"not_picked":["CutThroughFate","SashWhip"],"picked":"ThirdEye","floor":7},{"not_picked":["Crescendo","Evaluate"],"picked":"Blasphemy","floor":7},{"not_picked":["JustLucky","LikeWater"],"picked":"MentalFortress","floor":8},{"not_picked":["WaveOfTheHand","Halt"],"picked":"Vengeance","floor":11},{"not_picked":["ThirdEye","SashWhip"],"picked":"Protect","floor":11},{"not_picked":["Halt","Crescendo","WreathOfFlame"],"picked":"SKIP","floor":12},{"not_picked":["WreathOfFlame","WheelKick"],"picked":"Wallop","floor":14},{"not_picked":["Judgement","ThirdEye","Evaluate"],"picked":"SKIP","floor":14},{"not_picked":["Judgement","SpiritShield"],"picked":"Omniscience","floor":16},{"not_picked":["Consecrate","CutThroughFate"],"picked":"TalkToTheHand","floor":18},{"not_picked":["CarveReality","PathToVictory","FollowUp"],"picked":"SKIP","floor":18},{"not_picked":["EmptyFist","Halt"],"picked":"FlurryOfBlows","floor":20},{"not_picked":["FlurryOfBlows","Consecrate"],"picked":"DevaForm","floor":20}],"player_experience":651849,"relics_obtained":[{"floor":0,"key":"Centennial Puzzle"},{"floor":0,"key":"White Beast Statue"},{"floor":0,"key":"Prayer Wheel"},{"floor":8,"key":"Oddly Smooth Stone"},{"floor":9,"key":"Potion Belt"},{"floor":12,"key":"PreservedInsect"}],"event_choices":[{"damage_healed":0,"gold_gain":75,"player_choice":"Gather Gold","damage_taken":11,"max_hp_gain":0,"max_hp_loss":0,"event_name":"World of Goop","floor":3,"gold_loss":0},{"damage_healed":0,"gold_gain":0,"player_choice":"Became a vampire","damage_taken":0,"max_hp_gain":0,"max_hp_loss":21,"event_name":"Vampires","floor":19,"gold_loss":0,"cards_obtained":["Bite","Bite","Bite","Bite","Bite"]}],"is_beta":false,"boss_relics":[{"not_picked":["Ectoplasm","Busted Crown"],"picked":"Philosopher\u0027s Stone"}],"items_purged_floors":[],"is_endless":false,"potions_floor_spawned":[1,2,4,7,8,11,12,14,16,18,20],"killed_by":"Cultist and Chosen","ascension_level":20}}