{"host":"vrsxkkch9ccrec7k","time":1611375897,"event":{"mods":["Act Like it!","BaseMod","Bestiary","Better Altar","Better Match","Better Note","Better Sensory Stone","Better Skull","Better Third Choice","Better Vampires","Downfall","Minty Spire (QoL Compilation)","Permanent Neow","Relic Stats","Spicy Shops","StSLib"],"gold_per_floor":[99,118,118,118,118,145,145,160,160,179,179,194,207,232,242,242,242,242],"floor_reached":16,"language":"ENG","playtime":1049,"items_purged":[],"score":162,"play_id":"88b6b6f1-ec53-4722-82cd-c3cd0decafae","local_time":"20210122232457","is_ascension_mode":true,"campfire_choices":[{"data":"champ:Execute","floor":1,"key":"SMITH"},{"data":"champ:TornadoPunch","floor":9,"key":"SMITH"}],"circlet_count":0,"master_deck":["champ:Strike","champ:Strike+1","champ:Strike","champ:Strike","champ:Defend","champ:Defend","champ:Defend","champ:Defend+1","champ:Execute+1","champ:Taunt+1","champ:DancingMaster","champ:TornadoPunch+1","downfall:Malfunctioning","champ:Circumvent","champ:ViciousMockery","champ:FocusedDefense","champ:DefensiveStyle","champ:SwordSigil","champ:FalseCounter"],"relics":["champ:ChampionCrown","downfall:BrokenWingStatue","Tiny Chest","InkBottle","Letter Opener"],"acts_visited":["Exordium"],"potions_floor_usage":[13,14,16],"damage_taken":[{"damage":10,"enemies":"Small Slimes","floor":2,"turns":5},{"damage":35,"enemies":"3 Sentries","floor":6,"turns":7},{"damage":0,"enemies":"2 Louse","floor":8,"turns":2},{"damage":10,"enemies":"Jaw Worm","floor":10,"turns":4},{"damage":0,"enemies":"3 Louse","floor":12,"turns":2},{"damage":10,"enemies":"Blue Slaver","floor":13,"turns":4},{"damage":45,"enemies":"Lagavulin","floor":14,"turns":10},{"damage":22,"enemies":"Exordium Thugs","floor":15,"turns":5},{"damage":44,"enemies":"SI_SHIV_ARCHETYPE","floor":16,"turns":7}],"seed_played":"7917640232772744574","potions_obtained":[{"floor":6,"key":"Energy Potion"},{"floor":8,"key":"AttackPotion"},{"floor":14,"key":"Fruit Juice"}],"is_trial":false,"path_per_floor":["R","M","?","?","?","E","T","M","R","M","T","M","M","E","M","B"],"character_chosen":"THE_CHAMP","items_purchased":[],"campfire_rested":0,"item_purchase_floors":[],"current_hp_per_floor":[81,81,81,81,81,66,66,66,66,66,66,66,66,51,39,0,0,0],"gold":242,"neow_bonus":"ONE_RANDOM_RARE_CARD","is_daily":false,"chose_seed":false,"campfire_upgraded":2,"win_rate":0.0,"timestamp":1611375897,"path_taken":["R","M","?","?","?","E","T","M","R","M","?","M","?","E","M","BOSS"],"items_purchased_type":[],"build_version":"2020-12-22","purchased_purges":0,"victory":false,"max_hp_per_floor":[90,90,90,90,90,90,90,90,90,90,90,90,90,90,90,95,95,95],"relic_stats":{"counters":[9,46],"Tiny Chest":0,"Letter Opener":[7],"obtain_stats":[{"downfall:BrokenWingStatue":3,"champ:ChampionCrown":0,"Tiny Chest":6,"Letter Opener":14,"InkBottle":7},{"downfall:BrokenWingStatue":1,"champ:ChampionCrown":0,"Tiny Chest":2,"Letter Opener":7,"InkBottle":2},{"downfall:BrokenWingStatue":5,"champ:ChampionCrown":0,"Tiny Chest":12,"Letter Opener":34,"InkBottle":12}],"InkBottle":[10]},"card_choices":[{"not_picked":["champ:EnGarde","champ:EndlessRage"],"picked":"champ:TornadoPunch","floor":2},{"not_picked":["champ:ShieldSigil","champ:CalledShot"],"picked":"champ:Circumvent","floor":6},{"not_picked":["champ:FanOfKnives","champ:StanceDance"],"picked":"champ:ViciousMockery","floor":8},{"not_picked":["champ:BerserkersShout","champ:SwordSigil"],"picked":"champ:FocusedDefense","floor":10},{"not_picked":["champ:Circumvent","champ:TornadoPunch","champ:HeavySlash"],"picked":"SKIP","floor":12},{"not_picked":["champ:FocusedDefense","champ:BerserkersShout"],"picked":"champ:DefensiveStyle","floor":13},{"not_picked":["champ:RecklessLeap","champ:Circumvent"],"picked":"champ:SwordSigil","floor":14},{"not_picked":["champ:SwordSigil","champ:AdrenalArmor"],"picked":"champ:FalseCounter","floor":15}],"player_experience":1696850,"relics_obtained":[{"floor":6,"key":"Tiny Chest"},{"floor":7,"key":"InkBottle"},{"floor":14,"key":"Letter Opener"}],"event_choices":[],"is_beta":false,"boss_relics":[],"items_purged_floors":[],"is_endless":false,"potions_floor_spawned":[6,8,14],"killed_by":"SI_SHIV_ARCHETYPE","ascension_level":9}}