{"host":"vpaavrwbmey593fx","time":1611365021,"event":{"mods":["AchievementEnabler","BaseMod","Bestiary","Colored Map","Colored Powertips","DeckTracker","Minty Spire (QoL Compilation)","Relic Sorter"],"gold_per_floor":[118,135,150,167,180,205,205,225,273,286,286,286,301,153,153,248,248,258,274,290,14,26,60,60,80,80,113,113,127,127,159,159,254,254,268,285,149,149,149,149,165,165,165,190,190,224,235,262,262,262,262,262,16,42,42],"floor_reached":56,"language":"ENG","playtime":5100,"items_purged":[],"score":1526,"play_id":"482a5b40-8834-4f4a-820d-dd932a14c631","local_time":"20210122172341","is_ascension_mode":true,"campfire_choices":[{"data":"Uppercut","floor":7.0,"key":"SMITH"},{"data":"Inflame","floor":11.0,"key":"SMITH"},{"data":"Flame Barrier","floor":15.0,"key":"SMITH"},{"floor":24.0,"key":"RECALL"},{"data":"Strike_R","floor":30.0,"key":"PURGE"},{"floor":32.0,"key":"REST"},{"floor":40.0,"key":"DIG"},{"floor":42.0,"key":"DIG"},{"floor":45.0,"key":"REST"},{"floor":49,"key":"REST"},{"floor":52,"key":"DIG"}],"circlet_count":0,"master_deck":["Strike_R","Strike_R","Strike_R","Defend_R","Defend_R","Defend_R","Defend_R","Bash","Uppercut+1","Inflame+1","Shrug It Off","Cleave","Flame Barrier+1","Disarm","Shrug It Off","Corruption","Whirlwind","Exhume","Shrug It Off","Barricade","Battle Trance","True Grit+1","Power Through","Dual Wield","Limit Break","CurseOfTheBell","Shrug It Off","Headbutt+1","Impervious","Body Slam+1","Feel No Pain+1"],"relics":["Burning Blood","Kunai","Nunchaku","Peace Pipe","Anchor","Fusion Hammer","Chemical X","Red Skull","Meat on the Bone","Enchiridion","Orichalcum","Calling Bell","Shovel","Bag of Preparation","Molten Egg 2","Dream Catcher","Bottled Tornado","Ancient Tea Set","Art of War","Bag of Marbles","Bottled Flame","Strange Spoon","Bronze Scales"],"acts_visited":["Exordium","TheCity","TheBeyond","TheEnding"],"potions_floor_usage":[46,50,50,55,55],"damage_taken":[{"damage":0.0,"enemies":"Small Slimes","floor":1.0,"turns":3.0},{"damage":4.0,"enemies":"Cultist","floor":2.0,"turns":3.0},{"damage":7.0,"enemies":"Jaw Worm","floor":3.0,"turns":4.0},{"damage":4.0,"enemies":"Looter","floor":4.0,"turns":4.0},{"damage":6.0,"enemies":"Blue Slaver","floor":5.0,"turns":4.0},{"damage":26.0,"enemies":"Lagavulin","floor":6.0,"turns":7.0},{"damage":6.0,"enemies":"2 Fungi Beasts","floor":8.0,"turns":2.0},{"damage":7.0,"enemies":"Looter","floor":10.0,"turns":5.0},{"damage":4.0,"enemies":"Exordium Wildlife","floor":13.0,"turns":3.0},{"damage":33.0,"enemies":"The Guardian","floor":16.0,"turns":14.0},{"damage":2.0,"enemies":"Chosen","floor":18.0,"turns":4.0},{"damage":13.0,"enemies":"Spheric Guardian","floor":19.0,"turns":4.0},{"damage":10.0,"enemies":"Snake Plant","floor":20.0,"turns":4.0},{"damage":14.0,"enemies":"Sentry and Sphere","floor":22.0,"turns":5.0},{"damage":10.0,"enemies":"Gremlin Leader","floor":23.0,"turns":7.0},{"damage":3.0,"enemies":"Cultist and Chosen","floor":25.0,"turns":6.0},{"damage":11.0,"enemies":"Slavers","floor":27.0,"turns":5.0},{"damage":2.0,"enemies":"Shelled Parasite and Fungi","floor":29.0,"turns":5.0},{"damage":10.0,"enemies":"Gremlin Leader","floor":31.0,"turns":5.0},{"damage":17.0,"enemies":"Automaton","floor":33.0,"turns":13.0},{"damage":0.0,"enemies":"3 Shapes","floor":35.0,"turns":3.0},{"damage":6.0,"enemies":"3 Darklings","floor":36.0,"turns":3.0},{"damage":44.0,"enemies":"Transient","floor":41.0,"turns":5.0},{"damage":25.0,"enemies":"Nemesis","floor":44.0,"turns":7.0},{"damage":46,"enemies":"Reptomancer","floor":46,"turns":6},{"damage":17,"enemies":"Writhing Mass","floor":47,"turns":5},{"damage":20,"enemies":"Giant Head","floor":48,"turns":7},{"damage":33,"enemies":"Donu and Deca","floor":50,"turns":9},{"damage":30,"enemies":"Shield and Spear","floor":54,"turns":5},{"damage":44,"enemies":"The Heart","floor":55,"turns":8}],"seed_played":"546057528881432606","potions_obtained":[{"floor":4.0,"key":"Fruit Juice"},{"floor":5.0,"key":"Explosive Potion"},{"floor":8.0,"key":"FearPotion"},{"floor":16.0,"key":"SkillPotion"},{"floor":19.0,"key":"FearPotion"},{"floor":20.0,"key":"BlessingOfTheForge"},{"floor":23.0,"key":"Block Potion"},{"floor":33.0,"key":"Dexterity Potion"},{"floor":41.0,"key":"Strength Potion"},{"floor":48,"key":"AttackPotion"}],"is_trial":false,"path_per_floor":["M","M","M","M","M","E","R","M","T","M","R","?","M","$","R","B",null,"M","M","M","$","M","E","R","M","T","E","?","M","R","E","R","B",null,"M","M","$","?","?","R","M","R","T","E","R","E","M","E","R","B",null,"R","$","E","B",null],"character_chosen":"IRONCLAD","items_purchased":["Anchor","Chemical X","Exhume","Shrug It Off","Impervious","Strange Spoon","PowerPotion","PowerPotion"],"campfire_rested":3,"item_purchase_floors":[14,21,21,21,37,53,53,53],"current_hp_per_floor":[80,80,79,85,85,65,65,65,65,64,64,64,66,66,66,39,74,78,71,67,67,59,55,55,58,58,53,37,53,53,49,74,63,80,85,85,85,85,81,81,55,55,55,48,72,44,45,43,67,52,74,74,74,50,24],"gold":42,"neow_bonus":"TRANSFORM_CARD","is_daily":false,"chose_seed":false,"campfire_upgraded":3,"win_rate":0.0,"timestamp":1611365021,"path_taken":["M","M","M","M","M","E","R","M","T","M","R","?","M","$","R","BOSS","M","M","M","?","M","E","R","M","T","E","?","M","R","E","R","BOSS","M","M","$","?","?","R","M","R","T","E","R","E","M","E","R","BOSS","R","$","E","BOSS"],"items_purchased_type":["Relic","Relic","Card","Card","Card","Relic","Potion","Potion"],"build_version":"2020-12-22","purchased_purges":0,"victory":true,"max_hp_per_floor":[80,80,80,85,85,85,85,85,85,85,85,85,85,85,85,85,85,85,85,85,85,85,85,85,85,85,85,85,85,85,85,85,85,85,85,85,85,85,81,81,81,81,81,81,81,81,81,81,81,81,81,81,81,81,81],"card_choices":[{"not_picked":["Armaments","Clothesline","Thunderclap"],"picked":"SKIP","floor":1.0},{"not_picked":["True Grit","Uppercut"],"picked":"Inflame","floor":2.0},{"not_picked":["Twin Strike","Pommel Strike"],"picked":"Shrug It Off","floor":3.0},{"not_picked":["Clash","Wild Strike"],"picked":"Cleave","floor":4.0},{"not_picked":["Sentinel","Iron Wave"],"picked":"Flame Barrier","floor":5.0},{"not_picked":["Sentinel","Intimidate","Blood for Blood"],"picked":"SKIP","floor":6.0},{"not_picked":["Brutality","Warcry"],"picked":"Disarm","floor":8.0},{"not_picked":["Body Slam","Anger","Clothesline"],"picked":"SKIP","floor":10.0},{"not_picked":["Rupture","Exhume"],"picked":"Shrug It Off","floor":13.0},{"not_picked":["Reaper","Fiend Fire"],"picked":"Corruption","floor":16.0},{"not_picked":["Twin Strike","Sword Boomerang"],"picked":"Whirlwind","floor":18.0},{"not_picked":["Thunderclap","Clash","Whirlwind"],"picked":"SKIP","floor":19.0},{"not_picked":["Pommel Strike","Searing Blow+1","Flex+1"],"picked":"SKIP","floor":20.0},{"not_picked":["Dropkick","Heavy Blade","Reckless Charge+1"],"picked":"SKIP","floor":22.0},{"not_picked":["Iron Wave+1","Metallicize+1"],"picked":"Barricade","floor":23.0},{"not_picked":["Wild Strike+1","Warcry"],"picked":"Battle Trance","floor":25.0},{"not_picked":["Sever Soul+1","Clash"],"picked":"True Grit+1","floor":27.0},{"not_picked":["Rampage","Havoc"],"picked":"Power Through","floor":29.0},{"not_picked":["Thunderclap","Shrug It Off+1"],"picked":"Dual Wield","floor":31.0},{"not_picked":["Juggernaut","Reaper"],"picked":"Limit Break","floor":33.0},{"not_picked":["Dark Embrace","Thunderclap+1"],"picked":"Shrug It Off","floor":35.0},{"not_picked":["Shrug It Off+1","Sentinel"],"picked":"Headbutt+1","floor":36.0},{"not_picked":["Clothesline+1","Spot Weakness"],"picked":"Body Slam+1","floor":41.0},{"not_picked":["Anger+1","True Grit+1","Spot Weakness"],"picked":"SKIP","floor":44.0},{"not_picked":["Immolate+1","Second Wind+1","Heavy Blade+1"],"picked":"SKIP","floor":46},{"not_picked":["Metallicize+1","Second Wind"],"picked":"Feel No Pain+1","floor":47},{"not_picked":["Armaments","Iron Wave+1","Dark Embrace+1"],"picked":"SKIP","floor":48},{"not_picked":["Spot Weakness+1","Wild Strike+1","Iron Wave+1"],"picked":"SKIP","floor":54}],"player_experience":254836,"relics_obtained":[{"floor":6.0,"key":"Peace Pipe"},{"floor":9.0,"key":"Nunchaku"},{"floor":23.0,"key":"Red Skull"},{"floor":27.0,"key":"Meat on the Bone"},{"floor":28.0,"key":"Enchiridion"},{"floor":31.0,"key":"Orichalcum"},{"floor":34.0,"key":"Shovel"},{"floor":34.0,"key":"Bag of Preparation"},{"floor":34.0,"key":"Molten Egg 2"},{"floor":40.0,"key":"Kunai"},{"floor":42.0,"key":"Dream Catcher"},{"floor":43.0,"key":"Bottled Tornado"},{"floor":44.0,"key":"Ancient Tea Set"},{"floor":46,"key":"Art of War"},{"floor":48,"key":"Bag of Marbles"},{"floor":52,"key":"Bottled Flame"},{"floor":54,"key":"Bronze Scales"}],"event_choices":[{"damage_healed":0.0,"max_hp_gain":0.0,"max_hp_loss":0.0,"gold_gain":0.0,"event_name":"The Woman in Blue","player_choice":"Bought 0 Potions","floor":12.0,"gold_loss":0.0,"damage_taken":0.0},{"damage_healed":0.0,"max_hp_gain":0.0,"max_hp_loss":0.0,"gold_gain":0.0,"event_name":"Cursed Tome","player_choice":"Obtained Book","floor":28.0,"gold_loss":0.0,"damage_taken":16.0},{"damage_healed":0.0,"max_hp_gain":0.0,"max_hp_loss":0.0,"gold_gain":0.0,"event_name":"SensoryStone","player_choice":"Memory 1","floor":38.0,"gold_loss":0.0,"damage_taken":0.0},{"damage_healed":0.0,"max_hp_gain":0.0,"max_hp_loss":4.0,"gold_gain":0.0,"event_name":"Winding Halls","player_choice":"Max HP","floor":39.0,"gold_loss":0.0,"damage_taken":0.0}],"is_beta":false,"boss_relics":[{"not_picked":["Runic Cube","Black Blood"],"picked":"Fusion Hammer"},{"not_picked":["SlaversCollar","Cursed Key"],"picked":"Calling Bell"}],"items_purged_floors":[],"is_endless":false,"potions_floor_spawned":[4,5,8,16,19,20,23,29,33,41,48],"ascension_level":5}}