{"host":"test","time":1611411706,"event":{"mods":["BaseMod","Colored Map","Colored Powertips","Minty Spire (QoL Compilation)","Relic Stats","Slay the Relics Exporter","SpireBot","StSLib","ojb\u0027s Better Paths Mod","ojb\u0027s Info Mod"],"gold_per_floor":[118,134,150,17,17,50,50,64,89,89,100,100,100,117,117,191,191,191],"floor_reached":17,"language":"JPN","playtime":791,"items_purged":[],"score":314,"play_id":"bc66e608-e7ad-498a-a06d-df3d3128b18a","local_time":"20210123232146","is_ascension_mode":true,"campfire_choices":[{"data":"Dash","floor":7.0,"key":"SMITH"},{"data":"Dagger Spray","floor":10.0,"key":"SMITH"},{"data":"Footwork","floor":12,"key":"SMITH"},{"data":"Night Terror","floor":15,"key":"SMITH"}],"circlet_count":0,"master_deck":["AscendersBane","Strike_G","Strike_G+1","Strike_G","Strike_G+1","Defend_G","Defend_G","Defend_G","Defend_G","Defend_G","Survivor","Neutralize","Blade Dance","Leg Sweep","Footwork+1","Dash+1","Backflip","Dagger Spray+1","Night Terror+1","Corpse Explosion"],"relics":["Ring of the Snake","Juzu Bracelet","Tiny Chest","Whetstone","Boot","Busted Crown"],"acts_visited":["Exordium","TheCity"],"potions_floor_usage":[16,16],"damage_taken":[{"damage":4.0,"enemies":"Cultist","floor":1.0,"turns":5.0},{"damage":4.0,"enemies":"Jaw Worm","floor":2.0,"turns":4.0},{"damage":0.0,"enemies":"2 Louse","floor":3.0,"turns":4.0},{"damage":16.0,"enemies":"3 Sentries","floor":6.0,"turns":13.0},{"damage":2.0,"enemies":"2 Fungi Beasts","floor":8.0,"turns":4.0},{"damage":0,"enemies":"Blue Slaver","floor":11,"turns":3},{"damage":1,"enemies":"Looter","floor":14,"turns":3},{"damage":19,"enemies":"The Guardian","floor":16,"turns":15}],"seed_played":"-5682930489372044740","potions_obtained":[{"floor":1.0,"key":"Fruit Juice"},{"floor":2.0,"key":"CunningPotion"},{"floor":8.0,"key":"Strength Potion"},{"floor":14,"key":"PowerPotion"}],"is_trial":false,"path_per_floor":["M","M","M","$","?","E","R","M","T","R","M","R","?","M","R","B",null],"character_chosen":"THE_SILENT","items_purchased":["Dash","Poison Potion"],"campfire_rested":0,"item_purchase_floors":[4,4],"current_hp_per_floor":[55,51,51,56,49,33,33,31,31,31,31,31,31,30,30,11,56,56],"gold":191,"neow_bonus":"RANDOM_COMMON_RELIC","is_daily":false,"chose_seed":true,"campfire_upgraded":4,"win_rate":0.0,"timestamp":1611411706,"path_taken":["M","M","M","?","?","E","R","M","T","R","M","R","?","M","R","BOSS"],"items_purchased_type":["Card","Potion"],"build_version":"2020-12-18","purchased_purges":0,"victory":false,"max_hp_per_floor":[66,66,66,71,71,71,71,71,71,71,71,71,71,71,71,71,71,71],"relic_stats":{"Busted Crown":0,"counters":[8,51],"Tiny Chest":0,"Juzu Bracelet":1,"Whetstone":["Strike_G","Strike_G"],"Boot":[7],"obtain_stats":[{"Busted Crown":17,"Tiny Chest":6,"Juzu Bracelet":0,"Whetstone":9,"Boot":13,"Ring of the Snake":0},{"Busted Crown":8,"Tiny Chest":4,"Juzu Bracelet":0,"Whetstone":5,"Boot":6,"Ring of the Snake":0},{"Busted Crown":51,"Tiny Chest":26,"Juzu Bracelet":0,"Whetstone":30,"Boot":33,"Ring of the Snake":0}],"Ring of the Snake":[16]},"card_choices":[{"not_picked":["Accuracy","Quick Slash"],"picked":"Blade Dance","floor":1.0},{"not_picked":["Skewer","PiercingWail"],"picked":"Leg Sweep","floor":2.0},{"not_picked":["Cloak And Dagger","Blade Dance"],"picked":"Footwork","floor":3.0},{"not_picked":["Acrobatics","PiercingWail"],"picked":"Backflip","floor":6.0},{"not_picked":["Dodge and Roll","Crippling Poison"],"picked":"Dagger Spray","floor":8.0},{"not_picked":["Flying Knee","Outmaneuver","Backflip"],"picked":"SKIP","floor":11},{"not_picked":["Choke","Masterful Stab"],"picked":"Night Terror","floor":14},{"not_picked":["Doppelganger","Venomology"],"picked":"Corpse Explosion","floor":16}],"player_experience":1951796,"relics_obtained":[{"floor":6.0,"key":"Tiny Chest"},{"floor":9.0,"key":"Whetstone"}],"event_choices":[{"cards_removed":["Strike_G"],"damage_healed":0.0,"max_hp_gain":0.0,"max_hp_loss":0.0,"gold_gain":0.0,"event_name":"Golden Wing","player_choice":"Card Removal","floor":5.0,"gold_loss":0.0,"damage_taken":7.0},{"damage_healed":0,"gold_gain":0,"player_choice":"Searched \u00271\u0027 times","damage_taken":0,"relics_obtained":["Boot"],"max_hp_gain":0,"max_hp_loss":0,"event_name":"Dead Adventurer","floor":13,"gold_loss":0}],"is_beta":true,"boss_relics":[{"not_picked":["Velvet Choker","WristBlade"],"picked":"Busted Crown"}],"items_purged_floors":[],"is_endless":false,"potions_floor_spawned":[1,2,8,14],"ascension_level":20}}