{"host":"ctlqibkg0sskiu65","time":1611371424,"event":{"mods":["AchievementEnabler","Aspiration","BaseMod","BetterRewards","Colored Map","Colored Powertips","Conspire","Fiend Mod","Infinite Spire","Minty Spire (QoL Compilation)","Quick Restart","Replay The Spire","Shop Mod","StSLib","The Bladedancer","The Cursed","The Hierophant","The Jungle","The Kombatant","The Servant 0.9.4","TheBandit"],"gold_per_floor":[112,112,131,131,148,148,173,173,200,33,44,44,79,97,97,171,171,183,11,11,24,24,24,51,66,92,92,92,108,108,141,141,215,215,239,274,300,300,336,336,336],"floor_reached":40,"language":"ENG","playtime":2989,"items_purged":[],"score":828,"play_id":"6532d49b-4eb9-44e8-8ce4-33861acdef12","local_time":"20210122211024","is_ascension_mode":true,"campfire_choices":[{"data":"infinitespire:Fortify","floor":6.0,"key":"SMITH"},{"data":"Dodge and Roll","floor":12.0,"key":"SMITH"},{"floor":15.0,"key":"REST"},{"data":"Survivor","floor":23.0,"key":"SMITH"},{"data":"Burst","floor":27.0,"key":"SMITH"},{"floor":32.0,"key":"REST"}],"circlet_count":0,"master_deck":["AscendersBane","Strike_G","Strike_G","Strike_G","Strike_G","Defend_G","Defend_G","Defend_G","Defend_G","Defend_G","Survivor+1","Neutralize","Fluid Movement+1","Deflect","infinitespire:Fortify+1","Dodge and Roll+1","Crippling Poison","Cloak And Dagger","PiercingWail","Adrenaline","Deadly Poison+1","Burst+1","Cloak And Dagger","ReplayTheSpireMod:Speed Training","AbeCurse","After Image","Catalyst+1"],"relics":["Ring of the Snake","Calipers","Tingsha","Replay:Kaleidoscope","aspiration:ChemicalBlood","infinitespire:Beetle Shell","Replay:Ringing Soul","aspiration:WatcherSkillbook","Blood Vial","Prayer Wheel","Tiny Chest","MutagenicStrength","Eternal Feather","infinitespire:EvilPickle","aspiration:RunicSpoon","Potion Belt"],"acts_visited":["Exordium","TheCity","TheBeyond"],"potions_floor_usage":[40,40,40],"damage_taken":[{"damage":0.0,"enemies":"conspire:RoseBush","floor":1.0,"turns":6.0},{"damage":0.0,"enemies":"Cultist","floor":3.0,"turns":5.0},{"damage":2.0,"enemies":"Jaw Worm","floor":5.0,"turns":7.0},{"damage":5.0,"enemies":"Replay:BlueRogue","floor":7.0,"turns":9.0},{"damage":2.0,"enemies":"3 Louse","floor":11.0,"turns":5.0},{"damage":40.0,"enemies":"Lagavulin","floor":13.0,"turns":16.0},{"damage":0.0,"enemies":"Red Slaver","floor":14.0,"turns":5.0},{"damage":35.0,"enemies":"Fading Forest","floor":16.0,"turns":11.0},{"damage":0.0,"enemies":"3 Byrds","floor":18.0,"turns":5.0},{"damage":20.0,"enemies":"Chosen","floor":21.0,"turns":9.0},{"damage":12.0,"enemies":"conspire:Head Lice","floor":24.0,"turns":15.0},{"damage":8.0,"enemies":"Snecko","floor":25.0,"turns":8.0},{"damage":6.0,"enemies":"Centurion and Healer","floor":29.0,"turns":12.0},{"damage":12.0,"enemies":"Book of Stabbing","floor":31.0,"turns":8.0},{"damage":83.0,"enemies":"Pondfish","floor":33.0,"turns":17.0},{"damage":0.0,"enemies":"3 Shapes","floor":35.0,"turns":11.0},{"damage":19.0,"enemies":"3 Darklings","floor":36.0,"turns":16.0},{"damage":64.0,"enemies":"Spire Growth","floor":39.0,"turns":10.0},{"damage":28,"enemies":"Reptomancer","floor":40,"turns":7}],"seed_played":"7442218398735516351","potions_obtained":[{"floor":3.0,"key":"CultistPotion"},{"floor":7.0,"key":"FearPotion"},{"floor":11.0,"key":"Ancient Potion"},{"floor":13.0,"key":"Strength Potion"},{"floor":21.0,"key":"FairyPotion"},{"floor":24.0,"key":"SpeedPotion"},{"floor":29.0,"key":"Energy Potion"},{"floor":31.0,"key":"Languid Potion"},{"floor":33.0,"key":"PowerPotion"},{"floor":39.0,"key":"Energy Potion"}],"is_trial":false,"path_per_floor":["M","?","M","AVR","M","R","E","?","T","$","M","R","E","M","R","B",null,"M","$","?","M","$","R","E","M","T","R","?","M","?","E","R","B",null,"M","M","T","?","M","E"],"character_chosen":"THE_SILENT","items_purchased":["Calipers","infinitespire:Beetle Shell","Blood Vial"],"campfire_rested":2,"item_purchase_floors":[0,10,19],"current_hp_per_floor":[59,59,59,59,57,57,52,52,52,52,50,50,13,16,37,13,60,60,60,60,42,42,42,35,32,32,32,32,28,16,9,46,18,70,72,58,58,58,21,0,0],"gold":336,"neow_bonus":"","is_daily":false,"chose_seed":false,"campfire_upgraded":4,"win_rate":0.0,"timestamp":1611371424,"path_taken":["M","?","?","AVR","M","R","E","?","T","?","M","R","E","M","R","BOSS","M","$","?","M","$","R","E","?","T","R","?","M","?","E","R","BOSS","M","?","?","?","M","E"],"items_purchased_type":["Relic","Relic","Relic"],"build_version":"2020-12-22","purchased_purges":0,"victory":false,"max_hp_per_floor":[66,66,66,66,66,66,66,66,66,66,66,66,69,72,72,75,75,75,75,75,75,75,75,78,81,81,81,81,81,81,84,84,87,87,87,90,90,85,85,85,85],"card_choices":[{"not_picked":["Hidden Blade","Dagger Throw"],"picked":"Fluid Movement","floor":1.0},{"not_picked":["Heel Hook","Sucker Punch"],"picked":"Deflect","floor":3.0},{"not_picked":["Sucker Punch","Dagger Throw","Bane"],"picked":"SKIP","floor":5.0},{"not_picked":["Quick Slash","Prepared"],"picked":"Dodge and Roll","floor":7.0},{"not_picked":["Dagger Throw","Prepared"],"picked":"Crippling Poison","floor":11.0},{"not_picked":["infinitespire:Neurotoxin","Bouncing Flask"],"picked":"Cloak And Dagger","floor":13.0},{"not_picked":["Dagger Spray","Deadly Poison"],"picked":"PiercingWail","floor":14.0},{"not_picked":["Doppelganger","infinitespire:Neurotoxin"],"picked":"Adrenaline","floor":16.0},{"not_picked":["Acrobatics","PathToVictory","Masterful Stab+1","EmptyBody"],"picked":"SKIP","floor":18.0},{"not_picked":["Hidden Blade","PathToVictory","Protect","Nirvana"],"picked":"SKIP","floor":21.0},{"not_picked":["Acrobatics","Bane","Conclude"],"picked":"Deadly Poison+1","floor":24.0},{"not_picked":["CutThroughFate","Blade Dance+1","Toxin Wave"],"picked":"Burst","floor":25.0},{"not_picked":["Calculated Gamble","Quick Slash","Prostrate+1"],"picked":"Cloak And Dagger","floor":25.0},{"not_picked":["InnerPeace","WindmillStrike","FlurryOfBlows","conspire:DoublingDagger"],"picked":"SKIP","floor":29.0},{"not_picked":["Conclude","ReplayTheSpireMod:Scrap Shanks","PathToVictory","Deflect"],"picked":"SKIP","floor":29.0},{"not_picked":["Backflip","Replay:ManipulateFuture","Pray+1"],"picked":"ReplayTheSpireMod:Speed Training","floor":31.0},{"not_picked":["Grand Finale","Wraith Form v2","Tools of the Trade"],"picked":"After Image","floor":33.0},{"not_picked":["Crescendo+1","Blade Dance","ReplayTheSpireMod:Shiv Toss","CutThroughFate+1"],"picked":"SKIP","floor":35.0},{"not_picked":["FlurryOfBlows+1","ReplayTheSpireMod:Tripwire+1","ThirdEye","Dagger Spray"],"picked":"SKIP","floor":35.0},{"not_picked":["Bane","Tantrum+1","Backflip+1"],"picked":"Catalyst+1","floor":36.0},{"not_picked":["FearNoEvil+1","SashWhip","Blade Dance","ReachHeaven"],"picked":"SKIP","floor":36.0},{"not_picked":["PiercingWail","Sucker Punch+1","TalkToTheHand","Toxin Wave"],"picked":"SKIP","floor":39.0},{"not_picked":["Blade Dance+1","FearNoEvil+1","CrushJoints","Prepared+1"],"picked":"SKIP","floor":39.0}],"player_experience":229387,"relics_obtained":[{"floor":7.0,"key":"aspiration:ChemicalBlood"},{"floor":13.0,"key":"Replay:Ringing Soul"},{"floor":24.0,"key":"Prayer Wheel"},{"floor":26.0,"key":"Tiny Chest"},{"floor":31.0,"key":"Eternal Feather"},{"floor":37.0,"key":"Potion Belt"}],"event_choices":[{"cards_removed":["Strike_G"],"damage_healed":0.0,"max_hp_gain":0.0,"max_hp_loss":0.0,"gold_gain":0.0,"event_name":"Purifier","player_choice":"Purged","floor":2.0,"gold_loss":0.0,"damage_taken":0.0},{"damage_healed":0.0,"max_hp_gain":0.0,"max_hp_loss":0.0,"gold_gain":0.0,"event_name":"Liars Game","player_choice":"Ignored","floor":8.0,"gold_loss":0.0,"damage_taken":0.0},{"damage_healed":0.0,"max_hp_gain":0.0,"max_hp_loss":0.0,"gold_gain":0.0,"event_name":"Accursed Blacksmith","player_choice":"Forge","floor":20.0,"gold_loss":0.0,"damage_taken":0.0,"cards_upgraded":["Fluid Movement"]},{"damage_healed":0.0,"max_hp_gain":0.0,"max_hp_loss":0.0,"gold_gain":0.0,"event_name":"Drug Dealer","player_choice":"Inject Mutagens","floor":28.0,"gold_loss":0.0,"damage_taken":0.0,"relics_obtained":["MutagenicStrength"]},{"damage_healed":0.0,"max_hp_gain":0.0,"max_hp_loss":0.0,"gold_gain":0.0,"event_name":"Wheel of Change","player_choice":"Damaged","floor":30.0,"gold_loss":0.0,"damage_taken":12.0},{"damage_healed":0.0,"max_hp_gain":0.0,"max_hp_loss":5.0,"gold_gain":0.0,"event_name":"Winding Halls","player_choice":"Max HP","floor":38.0,"gold_loss":0.0,"damage_taken":0.0}],"is_beta":false,"boss_relics":[{"not_picked":["Runic Dome","Replay:Ancient Bell"],"picked":"aspiration:WatcherSkillbook"},{"not_picked":["Honey Jar","Runic Pyramid"],"picked":"aspiration:RunicSpoon"}],"items_purged_floors":[],"is_endless":false,"potions_floor_spawned":[3,7,11,13,21,29,31,36,39],"killed_by":"Reptomancer","ascension_level":17}}