{"host":"qgrlfjrqk9z96gfi","time":1611373000,"event":{"mods":["BaseMod","Block Reminder","Colored Map","Custom Start","DeckTracker","Minty Spire (QoL Compilation)"],"gold_per_floor":[114,264,264,264,282,312,326,344,395,21,21,47,64,94,94,173,173,185,219,219,219],"floor_reached":20,"language":"ENG","playtime":678,"items_purged":["Strike_G"],"score":434,"play_id":"a0a79fb9-94fc-4b07-bfdb-4b52b08196e4","local_time":"20210122173640","is_ascension_mode":true,"campfire_choices":[{"data":"Envenom","floor":11,"key":"SMITH"},{"data":"Footwork","floor":15,"key":"SMITH"}],"circlet_count":0,"master_deck":["AscendersBane","Strike_G","Defend_G","Defend_G","Defend_G","Defend_G","Defend_G","Survivor","Neutralize","Flying Knee","Cloak And Dagger","Dagger Spray","Envenom+1","Blade Dance","Predator","Footwork+1","Crippling Poison","Blur","Die Die Die","Reflex+1","Leg Sweep+1","Bane+1","Heel Hook"],"relics":["Ring of the Snake","NeowsBlessing","Bottled Lightning","Potion Belt","Omamori","Art of War","PreservedInsect","Astrolabe","Red Mask"],"acts_visited":["Exordium","TheCity"],"potions_floor_usage":[12,14,16,19,20],"damage_taken":[{"damage":0,"enemies":"Small Slimes","floor":1,"turns":1},{"damage":0,"enemies":"Jaw Worm","floor":5,"turns":1},{"damage":0,"enemies":"3 Sentries","floor":6,"turns":1},{"damage":2,"enemies":"2 Louse","floor":7,"turns":2},{"damage":4,"enemies":"Looter","floor":8,"turns":4},{"damage":8,"enemies":"Gremlin Nob","floor":12,"turns":3},{"damage":10,"enemies":"Large Slime","floor":13,"turns":5},{"damage":10,"enemies":"3 Sentries","floor":14,"turns":6},{"damage":15,"enemies":"Hexaghost","floor":16,"turns":10},{"damage":12,"enemies":"Spheric Guardian","floor":18,"turns":16},{"damage":37,"enemies":"Masked Bandits","floor":19,"turns":5},{"damage":12,"enemies":"3 Byrds","floor":20,"turns":2}],"seed_played":"-8913376053625595391","potions_obtained":[{"floor":5,"key":"SteroidPotion"},{"floor":6,"key":"CultistPotion"},{"floor":13,"key":"CultistPotion"},{"floor":16,"key":"FearPotion"},{"floor":18,"key":"Swift Potion"}],"is_trial":false,"path_per_floor":["M","?","?","?","M","E","M","M","T","$","R","E","M","E","R","B",null,"M","?","M"],"character_chosen":"THE_SILENT","items_purchased":["Predator","Footwork","Omamori"],"campfire_rested":0,"item_purchase_floors":[10,10,10],"current_hp_per_floor":[59,59,52,57,57,57,55,51,51,51,51,43,33,23,23,8,55,43,6,0,0],"gold":219,"neow_bonus":"THREE_ENEMY_KILL","is_daily":false,"chose_seed":false,"campfire_upgraded":2,"win_rate":0.0,"timestamp":1611373000,"path_taken":["M","?","?","?","M","E","M","M","T","?","R","E","M","E","R","BOSS","M","?","M"],"items_purchased_type":["Card","Card","Relic"],"build_version":"2020-12-22","purchased_purges":1,"victory":false,"max_hp_per_floor":[66,66,66,71,71,71,71,71,71,71,71,71,71,71,71,71,71,71,71,71,71],"card_choices":[{"not_picked":["Flechettes","Catalyst"],"picked":"Flying Knee","floor":1},{"not_picked":["Underhanded Strike","Slice"],"picked":"Cloak And Dagger","floor":5},{"not_picked":["Distraction","Cloak And Dagger"],"picked":"Dagger Spray","floor":6},{"not_picked":["Concentrate","Choke"],"picked":"Envenom","floor":7},{"not_picked":["Concentrate","Bane"],"picked":"Blade Dance","floor":8},{"not_picked":["Choke","Reflex"],"picked":"Crippling Poison","floor":12},{"not_picked":["Flying Knee","Outmaneuver"],"picked":"Blur","floor":13},{"not_picked":["Underhanded Strike","Poisoned Stab","Deadly Poison"],"picked":"SKIP","floor":14},{"not_picked":["Unload","Tools of the Trade"],"picked":"Die Die Die","floor":16},{"not_picked":["Acrobatics","Quick Slash","Slice"],"picked":"SKIP","floor":18},{"not_picked":["Eviscerate","Bane"],"picked":"Heel Hook","floor":19}],"player_experience":1045694,"relics_obtained":[{"floor":6,"key":"Bottled Lightning"},{"floor":9,"key":"Potion Belt"},{"floor":12,"key":"Art of War"},{"floor":14,"key":"PreservedInsect"},{"floor":19,"key":"Red Mask"}],"event_choices":[{"damage_healed":0,"gold_gain":150,"player_choice":"AGREE","damage_taken":0,"max_hp_gain":0,"max_hp_loss":0,"event_name":"Liars Game","floor":2,"gold_loss":0,"cards_obtained":["Doubt"]},{"cards_removed":["Doubt"],"damage_healed":0,"gold_gain":0,"player_choice":"Card Removal","damage_taken":7,"max_hp_gain":0,"max_hp_loss":0,"event_name":"Golden Wing","floor":3,"gold_loss":0},{"damage_healed":0,"gold_gain":0,"player_choice":"Donut","damage_taken":0,"max_hp_gain":5,"max_hp_loss":0,"event_name":"Big Fish","floor":4,"gold_loss":0},{"damage_healed":0,"gold_gain":0,"player_choice":"Fought Bandits","damage_taken":0,"max_hp_gain":0,"max_hp_loss":0,"event_name":"Masked Bandits","floor":19,"gold_loss":0}],"is_beta":false,"boss_relics":[{"not_picked":["Tiny House","HoveringKite"],"picked":"Astrolabe"}],"items_purged_floors":[10],"is_endless":false,"potions_floor_spawned":[5,6,13,16,18],"killed_by":"3 Byrds","ascension_level":20}}