{"host":"nwd160me4iqdtr8u","time":1611375201,"event":{"mods":["AchievementEnabler","Act Like it!","BaseMod","Colored Map","DeckTracker","Minty Spire (QoL Compilation)","Rare Cards Sparkle","StSLib","SuperFastMode","everything is the same but u backflip on backflip"],"gold_per_floor":[111,128,138,149,165,165,175,192,192,202,232,36,36,48,48,152,152,166,185,199,124,137,156,255,285,356,356,375,391,420,335,335,436,436,450,466,114,164,191,223,445,445,523,543,178,189,263,293,293,293],"floor_reached":51,"language":"KOR","playtime":3128,"items_purged":["Strike_G","Strike_G","Defend_G"],"score":874,"play_id":"38162bf8-19b2-44df-bd19-66a235e6c685","local_time":"20210123131321","is_ascension_mode":true,"campfire_choices":[{"data":"Neutralize","floor":6.0,"key":"SMITH"},{"data":"Dagger Spray","floor":15.0,"key":"SMITH"},{"floor":32.0,"key":"REST"},{"data":"1","floor":49,"key":"LIFT"}],"circlet_count":0,"master_deck":["Strike_G","Strike_G","Strike_G","Defend_G","Defend_G","Defend_G","Defend_G","Survivor","Neutralize+1","Cloak And Dagger","Blade Dance","Slice","Dagger Spray+1","Quick Slash","Backflip","Burst","Infinite Blades+1","Backstab","Backstab+1","Escape Plan","Well Laid Plans+1","PiercingWail+1","Malaise","Blade Dance+1","Phantasmal Killer","Dagger Spray+1","Dramatic Entrance"],"relics":["Ring of the Snake","Pen Nib","Tiny Chest","Lantern","Fusion Hammer","Red Mask","Ninja Scroll","Shuriken","Girya","Bag of Marbles","WristBlade","Ornamental Fan","Mango","Regal Pillow","Letter Opener","Bottled Lightning","Kunai","Sundial","Boot"],"acts_visited":["Exordium","TheCity","TheBeyond"],"potions_floor_usage":[44],"damage_taken":[{"damage":0.0,"enemies":"Cultist","floor":1.0,"turns":4.0},{"damage":0.0,"enemies":"2 Louse","floor":2.0,"turns":3.0},{"damage":0.0,"enemies":"Small Slimes","floor":3.0,"turns":3.0},{"damage":8.0,"enemies":"2 Fungi Beasts","floor":4.0,"turns":4.0},{"damage":1.0,"enemies":"Exordium Wildlife","floor":5.0,"turns":3.0},{"damage":3.0,"enemies":"Large Slime","floor":7.0,"turns":4.0},{"damage":0.0,"enemies":"2 Fungi Beasts","floor":8.0,"turns":2.0},{"damage":0.0,"enemies":"3 Louse","floor":10.0,"turns":2.0},{"damage":8.0,"enemies":"Lagavulin","floor":11.0,"turns":3.0},{"damage":1.0,"enemies":"Looter","floor":14.0,"turns":2.0},{"damage":0.0,"enemies":"Slime Boss","floor":16.0,"turns":4.0},{"damage":0.0,"enemies":"Shell Parasite","floor":18.0,"turns":4.0},{"damage":0.0,"enemies":"3 Byrds","floor":19.0,"turns":4.0},{"damage":2.0,"enemies":"Snecko","floor":20.0,"turns":5.0},{"damage":12.0,"enemies":"Snake Plant","floor":22.0,"turns":4.0},{"damage":8.0,"enemies":"Shelled Parasite and Fungi","floor":23.0,"turns":2.0},{"damage":6.0,"enemies":"Masked Bandits","floor":25.0,"turns":4.0},{"damage":6.0,"enemies":"Snecko","floor":28.0,"turns":3.0},{"damage":1.0,"enemies":"3 Cultists","floor":29.0,"turns":4.0},{"damage":0.0,"enemies":"Book of Stabbing","floor":30.0,"turns":3.0},{"damage":17.0,"enemies":"Champ","floor":33.0,"turns":7.0},{"damage":0.0,"enemies":"Orb Walker","floor":35.0,"turns":2.0},{"damage":0.0,"enemies":"3 Darklings","floor":36.0,"turns":2.0},{"damage":0.0,"enemies":"Mind Bloom Boss Battle","floor":38.0,"turns":2.0},{"damage":0.0,"enemies":"Nemesis","floor":40.0,"turns":1.0},{"damage":0,"enemies":"Transient","floor":44,"turns":5},{"damage":0,"enemies":"Writhing Mass","floor":46,"turns":4},{"damage":6,"enemies":"Reptomancer","floor":48,"turns":3},{"damage":14,"enemies":"Awakened One","floor":50,"turns":8}],"seed_played":"-5356152884126514107","potions_obtained":[{"floor":3.0,"key":"FearPotion"},{"floor":5.0,"key":"SteroidPotion"},{"floor":8.0,"key":"PowerPotion"},{"floor":14.0,"key":"BlessingOfTheForge"},{"floor":19.0,"key":"Fire Potion"},{"floor":20.0,"key":"SteroidPotion"},{"floor":28.0,"key":"SpeedPotion"},{"floor":30.0,"key":"Swift Potion"},{"floor":33.0,"key":"AttackPotion"},{"floor":35.0,"key":"Explosive Potion"},{"floor":44,"key":"Block Potion"},{"floor":48,"key":"CunningPotion"}],"is_trial":false,"path_per_floor":["M","M","M","M","M","R","M","M","T","M","E","$","?","M","R","B",null,"M","M","M","$","M","M","?","?","T","T","M","M","E","?","R","B",null,"M","M","$","?","T","E","?","?","T","M","$","M","T","E","R","B",null],"character_chosen":"THE_SILENT","items_purchased":["Infinite Blades","Lantern","Ornamental Fan","Kunai"],"campfire_rested":1,"item_purchase_floors":[12,12,37,45],"current_hp_per_floor":[70,70,70,62,61,61,58,58,58,58,50,50,50,49,49,49,70,70,70,68,68,56,48,48,42,42,42,36,35,35,35,56,39,70,70,70,70,84,84,84,84,79,79,79,79,79,79,73,73,59],"gold":293,"neow_bonus":"THREE_CARDS","is_daily":false,"chose_seed":false,"campfire_upgraded":2,"win_rate":0.0,"timestamp":1611375201,"path_taken":["M","?","M","M","?","R","M","M","T","M","E","$","?","M","R","BOSS","M","M","M","$","M","M","?","?","T","?","?","M","E","?","R","BOSS","M","M","$","?","?","E","?","?","T","M","?","M","?","E","R","BOSS"],"items_purchased_type":["Card","Relic","Relic","Relic"],"build_version":"2020-12-22","purchased_purges":3,"victory":true,"max_hp_per_floor":[70,70,70,70,70,70,70,70,70,70,70,70,70,70,70,70,70,70,70,70,70,70,70,70,70,70,70,70,70,70,70,70,70,70,70,70,70,84,84,84,84,84,84,84,84,84,84,84,84,84],"card_choices":[{"not_picked":["Dodge and Roll","Terror"],"picked":"Cloak And Dagger","floor":0.0},{"not_picked":["Backstab","Skewer"],"picked":"Blade Dance","floor":1.0},{"not_picked":["Terror","Underhanded Strike","Flechettes"],"picked":"SKIP","floor":2.0},{"not_picked":["Masterful Stab","Cloak And Dagger"],"picked":"Slice","floor":3.0},{"not_picked":["Distraction","Backflip"],"picked":"Dagger Spray","floor":4.0},{"not_picked":["Deadly Poison","Poisoned Stab"],"picked":"Quick Slash","floor":5.0},{"not_picked":["Dodge and Roll","Predator"],"picked":"Backflip","floor":7.0},{"not_picked":["Backflip","Prepared","Dodge and Roll"],"picked":"SKIP","floor":8.0},{"not_picked":["Dagger Spray","Dodge and Roll"],"picked":"Burst","floor":10.0},{"not_picked":["Flechettes","Masterful Stab","Bouncing Flask"],"picked":"SKIP","floor":11.0},{"not_picked":["Flying Knee","Deflect","Tactician"],"picked":"SKIP","floor":14.0},{"not_picked":["Poisoned Stab","Dagger Throw","Slice+1"],"picked":"SKIP","floor":18.0},{"not_picked":["Poisoned Stab+1","Catalyst"],"picked":"Backstab","floor":19.0},{"not_picked":["Cloak And Dagger+1","Skewer"],"picked":"Backstab+1","floor":20.0},{"not_picked":["Poisoned Stab","Backflip"],"picked":"Escape Plan","floor":22.0},{"not_picked":["Slice","Tactician+1"],"picked":"Well Laid Plans+1","floor":23.0},{"not_picked":["Catalyst","Deadly Poison"],"picked":"PiercingWail+1","floor":25.0},{"not_picked":["Sucker Punch","Poisoned Stab+1"],"picked":"Malaise","floor":28.0},{"not_picked":["Concentrate","Flying Knee+1"],"picked":"Blade Dance+1","floor":29.0},{"not_picked":["Sucker Punch","Cloak And Dagger","Blade Dance+1"],"picked":"SKIP","floor":30.0},{"not_picked":["Tools of the Trade","Doppelganger"],"picked":"Phantasmal Killer","floor":33.0},{"not_picked":["Reflex+1","Eviscerate","Acrobatics"],"picked":"SKIP","floor":35.0},{"not_picked":["Caltrops+1","Dodge and Roll","Dagger Throw"],"picked":"SKIP","floor":36.0},{"not_picked":["Poisoned Stab","Quick Slash+1"],"picked":"Dagger Spray+1","floor":38.0},{"not_picked":["Quick Slash","Underhanded Strike+1","Slice"],"picked":"SKIP","floor":40.0},{"not_picked":["Metamorphosis","Dark Shackles"],"picked":"Dramatic Entrance","floor":42.0},{"not_picked":["Quick Slash+1","Sucker Punch","Bane"],"picked":"SKIP","floor":44},{"not_picked":["Dagger Throw+1","Dodge and Roll+1","Backstab"],"picked":"SKIP","floor":46},{"not_picked":["Unload","Outmaneuver+1","Dagger Spray+1"],"picked":"SKIP","floor":48}],"player_experience":203797,"relics_obtained":[{"floor":9.0,"key":"Pen Nib"},{"floor":11.0,"key":"Tiny Chest"},{"floor":25.0,"key":"Red Mask"},{"floor":26.0,"key":"Ninja Scroll"},{"floor":27.0,"key":"Shuriken"},{"floor":30.0,"key":"Girya"},{"floor":38.0,"key":"Mango"},{"floor":39.0,"key":"Regal Pillow"},{"floor":40.0,"key":"Letter Opener"},{"floor":43.0,"key":"Bottled Lightning"},{"floor":47,"key":"Sundial"},{"floor":48,"key":"Boot"}],"event_choices":[{"damage_healed":0.0,"max_hp_gain":0.0,"max_hp_loss":0.0,"gold_gain":0.0,"event_name":"Accursed Blacksmith","player_choice":"Forge","floor":13.0,"gold_loss":0.0,"damage_taken":0.0,"cards_upgraded":["Infinite Blades"]},{"damage_healed":0.0,"max_hp_gain":0.0,"max_hp_loss":0.0,"gold_gain":99.0,"event_name":"Nest","player_choice":"Stole From Cult","floor":24.0,"gold_loss":0.0,"damage_taken":0.0},{"damage_healed":0.0,"max_hp_gain":0.0,"max_hp_loss":0.0,"gold_gain":0.0,"event_name":"Masked Bandits","player_choice":"Fought Bandits","floor":25.0,"gold_loss":0.0,"damage_taken":0.0},{"damage_healed":0.0,"max_hp_gain":0.0,"max_hp_loss":0.0,"gold_gain":0.0,"event_name":"Addict","player_choice":"Obtained Relic","floor":31.0,"gold_loss":85.0,"damage_taken":0.0,"relics_obtained":["Bag of Marbles"]},{"damage_healed":0.0,"max_hp_gain":0.0,"max_hp_loss":0.0,"gold_gain":0.0,"event_name":"MindBloom","player_choice":"Fight","floor":38.0,"gold_loss":0.0,"damage_taken":0.0},{"damage_healed":0.0,"max_hp_gain":0.0,"max_hp_loss":0.0,"gold_gain":222.0,"event_name":"Tomb of Lord Red Mask","player_choice":"Wore Mask","floor":41.0,"gold_loss":0.0,"damage_taken":0.0},{"damage_healed":0.0,"max_hp_gain":0.0,"max_hp_loss":0.0,"gold_gain":0.0,"event_name":"SensoryStone","player_choice":"Memory 2","floor":42.0,"gold_loss":0.0,"damage_taken":5.0}],"is_beta":false,"boss_relics":[{"not_picked":["Pandora\u0027s Box","Snecko Eye"],"picked":"Fusion Hammer"},{"not_picked":["Philosopher\u0027s Stone","SlaversCollar"],"picked":"WristBlade"}],"items_purged_floors":[21,37,45],"is_endless":false,"potions_floor_spawned":[3,5,8,10,14,19,20,28,29,30,33,35,38,44,48],"ascension_level":1}}