{"host":"ppir7fmwqxhicm8z","time":1611405232,"event":{"mods":["Act Like it!","BaseMod","Colored Map","Gensokyo","Minty Spire (QoL Compilation)","Quick Restart","StSLib"],"gold_per_floor":[116,41,8,22,22,22,58,58,84,118,144,50,0,29,29,29,29],"floor_reached":16,"language":"ZHS","playtime":1013,"items_purged":["Defend_P","Defend_P"],"score":139,"play_id":"af87d782-6fdd-4490-b369-00dd0d16ff2c","local_time":"20210123203352","is_ascension_mode":true,"campfire_choices":[{"data":"Eruption","floor":6.0,"key":"SMITH"},{"data":"Vigilance","floor":8.0,"key":"SMITH"},{"data":"Crescendo","floor":15,"key":"SMITH"}],"circlet_count":0,"master_deck":["Strike_P","Strike_P","Strike_P","Strike_P","Defend_P","Defend_P","Eruption+1","Vigilance+1","Sanctity","Wallop","Protect","EmptyBody","FlurryOfBlows","Crescendo+1"],"relics":["PureWater","NeowsBlessing","Happy Flower","CeramicFish","Smiling Mask","Pen Nib"],"acts_visited":["Exordium"],"potions_floor_usage":[],"damage_taken":[{"damage":0.0,"enemies":"Gensokyo:Gryphon","floor":1.0,"turns":1.0},{"damage":0.0,"enemies":"Gensokyo:3_Fairies","floor":4.0,"turns":2.0},{"damage":0.0,"enemies":"Gensokyo:Mamizou","floor":7.0,"turns":2.0},{"damage":49,"enemies":"Gensokyo:Cirno","floor":10,"turns":7},{"damage":0,"enemies":"Gensokyo:2_Kodama","floor":11,"turns":2},{"damage":0,"enemies":"Gensokyo:LivingMonolith","floor":14,"turns":3},{"damage":54,"enemies":"Gensokyo:Reimu","floor":16,"turns":3}],"seed_played":"-8696540664916357392","potions_obtained":[{"floor":1.0,"key":"SkillPotion"},{"floor":14,"key":"SteroidPotion"}],"is_trial":false,"path_per_floor":["M","$","COS","M","?","R","E","R","T","E","M","$","?","M","R","B"],"character_chosen":"WATCHER","items_purchased":["FlurryOfBlows"],"campfire_rested":0,"item_purchase_floors":[12],"current_hp_per_floor":[72,72,72,72,72,72,72,72,72,23,23,23,48,48,48,0,0],"gold":29,"neow_bonus":"THREE_ENEMY_KILL","is_daily":false,"chose_seed":false,"campfire_upgraded":3,"win_rate":0.0,"timestamp":1611405232,"path_taken":["M","?","COS","M","?","R","E","R","T","E","?","$","?","?","R","BOSS"],"items_purchased_type":["Card"],"build_version":"2020-12-22","purchased_purges":2,"victory":false,"max_hp_per_floor":[72,72,72,72,72,72,72,72,72,72,72,72,72,72,72,72,72],"card_choices":[{"not_picked":["MentalFortress","BowlingBash"],"picked":"Sanctity","floor":1.0},{"not_picked":["SashWhip+1","ClearTheMind+1"],"picked":"CrushJoints+1","floor":4.0},{"not_picked":["Halt","MentalFortress"],"picked":"Wallop","floor":4.0},{"not_picked":["BowlingBash","SignatureMove"],"picked":"Protect","floor":7.0},{"not_picked":["MasterReality","ClearTheMind","Fasting2"],"picked":"SKIP","floor":10},{"not_picked":["ThirdEye","Worship"],"picked":"EmptyBody","floor":11},{"not_picked":["SignatureMove","Swivel"],"picked":"Crescendo","floor":14}],"player_experience":391953,"relics_obtained":[{"floor":7.0,"key":"CeramicFish"},{"floor":9.0,"key":"Smiling Mask"},{"floor":10,"key":"Pen Nib"}],"event_choices":[],"is_beta":false,"boss_relics":[],"items_purged_floors":[2,12],"is_endless":false,"potions_floor_spawned":[1,14],"killed_by":"Gensokyo:Reimu","ascension_level":1}}