{"host":"f7rb14kzcw8hx1r1","time":1611410073,"event":{"mods":["BaseMod","Better Note","Better Third Choice","Colored Map","Highlight Path","Hubris","Minty Spire (QoL Compilation)","Replay The Spire","StSLib","The Forsaken"],"gold_per_floor":[113,113,129,142,42,67,67,95,122,137,137,137,37,56,56,160,160,171,171,171,46,62,90,90,90,90,90,108,6,36,47,47,151,151,164,182,202,214,64,64,78,78,78,78,95,106,206,216,216,216],"floor_reached":51,"language":"ENG","playtime":1657,"items_purged":["Strike_G","Strike_G","Strike_G","Parasite"],"score":849,"play_id":"573a979e-8dbb-4f89-8a55-5b0e3338511f","local_time":"20210123145433","is_ascension_mode":false,"campfire_choices":[{"data":"Dagger Spray","floor":7,"key":"SMITH"},{"data":"Survivor","floor":11,"key":"SMITH"},{"data":"Blade Dance","floor":15,"key":"SMITH"},{"data":"Leg Sweep","floor":25,"key":"SMITH"},{"data":"Infinite Blades","floor":32,"key":"SMITH"},{"data":"Cloak And Dagger","floor":40,"key":"SMITH"},{"data":"Accuracy","floor":42,"key":"SMITH"},{"data":"Burst","floor":49,"key":"SMITH"}],"circlet_count":0,"master_deck":["Strike_G","Defend_G","Defend_G","Defend_G","Defend_G","Defend_G","Survivor+1","Neutralize+1","Blade Dance+1","Dagger Spray+1","PiercingWail","Dagger Throw","Underhanded Strike","ReplayTheSpireMod:From All Sides","Acrobatics","Zap+1","Leg Sweep+1","ReplayTheSpireMod:Scrap Shanks","Cloak And Dagger+1","Accuracy+1","Adrenaline","Infinite Blades+1","Burst+1","Hidden Blade"],"relics":["Runic Dome","Snack Pack","Tough Bandages","Vajra","theForsaken:ScaryMask","WristBlade","Blood Vial","hubris:Icosahedron","Ancient Tea Set","White Beast Statue","Busted Crown","Happy Flower"],"acts_visited":["Exordium","TheCity","TheBeyond"],"potions_floor_usage":[6,16,16,50,50,50,50,50],"damage_taken":[{"damage":1,"enemies":"Small Slimes","floor":1,"turns":4},{"damage":0,"enemies":"Cultist","floor":3,"turns":4},{"damage":1,"enemies":"Jaw Worm","floor":4,"turns":3},{"damage":12,"enemies":"3 Sentries","floor":6,"turns":6},{"damage":13,"enemies":"Replay:BlueRogue","floor":8,"turns":7},{"damage":0,"enemies":"Looter","floor":10,"turns":2},{"damage":0,"enemies":"Lots of Slimes","floor":14,"turns":3},{"damage":2,"enemies":"Slime Boss","floor":16,"turns":7},{"damage":0,"enemies":"2 Thieves","floor":18,"turns":4},{"damage":0,"enemies":"Shell Parasite","floor":22,"turns":3},{"damage":10,"enemies":"Book of Stabbing","floor":23,"turns":5},{"damage":0,"enemies":"Snecko","floor":28,"turns":5},{"damage":1,"enemies":"Replay:Snechameleon","floor":30,"turns":3},{"damage":0,"enemies":"Snake Plant","floor":31,"turns":3},{"damage":30,"enemies":"Champ","floor":33,"turns":8},{"damage":0,"enemies":"Orb Walker","floor":35,"turns":3},{"damage":6,"enemies":"3 Shapes","floor":36,"turns":4},{"damage":11,"enemies":"Spire Growth","floor":37,"turns":4},{"damage":7,"enemies":"Writhing Mass","floor":38,"turns":6},{"damage":6,"enemies":"4 Shapes","floor":41,"turns":4},{"damage":0,"enemies":"Spire Growth","floor":45,"turns":3},{"damage":13,"enemies":"Writhing Mass","floor":46,"turns":5},{"damage":0,"enemies":"Transient","floor":48,"turns":5},{"damage":10,"enemies":"Awakened One","floor":50,"turns":7}],"seed_played":"281283596003989423","potions_obtained":[{"floor":4,"key":"Death Potion"},{"floor":6,"key":"Doom Potion"},{"floor":8,"key":"Swift Potion"},{"floor":10,"key":"FearPotion"},{"floor":14,"key":"Weak Potion"},{"floor":22,"key":"Cursed Concoction"},{"floor":28,"key":"FearPotion"},{"floor":31,"key":"SkillPotion"},{"floor":33,"key":"Strength Potion"},{"floor":37,"key":"Adrenaline Potion"},{"floor":38,"key":"EntropicBrew"}],"is_trial":false,"path_per_floor":["M","?","M","M","$","E","R","E","T","M","R","?","$","M","R","B",null,"M","?","?","$","M","E","?","R","T","?","M","$","E","M","R","B",null,"M","M","M","M","$","R","M","R","T","$","M","M","?","M","R","B",null],"character_chosen":"THE_SILENT","items_purchased":["PiercingWail","Cloak And Dagger","Accuracy"],"campfire_rested":0,"item_purchase_floors":[5,29,29],"current_hp_per_floor":[69,69,69,68,68,56,56,53,53,57,57,57,57,59,59,70,70,70,70,70,70,70,60,60,60,60,60,64,64,69,70,70,44,70,70,68,61,66,66,66,65,65,65,65,67,56,56,67,67,66],"gold":216,"neow_bonus":"BOSS_RELIC","is_daily":false,"chose_seed":false,"campfire_upgraded":8,"win_rate":0.0,"timestamp":1611410073,"path_taken":["M","?","M","M","?","E","R","E","T","M","R","?","$","?","R","BOSS","M","?","?","$","M","E","?","R","T","?","M","$","E","M","R","BOSS","M","M","M","M","$","R","M","R","T","$","M","?","?","?","R","BOSS"],"items_purchased_type":["Card","Card","Card"],"build_version":"2020-12-22","purchased_purges":4,"victory":true,"max_hp_per_floor":[70,70,70,70,70,70,70,70,70,70,70,70,70,70,70,70,70,70,70,70,70,70,70,70,70,70,70,70,70,70,70,70,70,70,70,70,70,70,67,67,67,67,67,67,67,67,67,67,67,67],"card_choices":[{"not_picked":["Backflip","Prepared"],"picked":"Blade Dance","floor":1},{"not_picked":["Bane","Deadly Poison"],"picked":"Dagger Spray","floor":3},{"not_picked":["Flying Knee","Draining Mist","Calculated Gamble"],"picked":"SKIP","floor":4},{"not_picked":["Underhanded Strike","Prepared"],"picked":"Dagger Throw","floor":6},{"not_picked":["Draining Mist","ReplayTheSpireMod:Shiv Toss","Replay:Poison Smokescreen"],"picked":"SKIP","floor":8},{"not_picked":["Deadly Poison","ReplayTheSpireMod:Exploit Weakness"],"picked":"Underhanded Strike","floor":10},{"not_picked":["ReplayTheSpireMod:Tripwire","hubris:SlightOfHand","PiercingWail"],"picked":"SKIP","floor":14},{"not_picked":["ReplayTheSpireMod:Necrosis","Poison Darts"],"picked":"ReplayTheSpireMod:From All Sides","floor":16},{"not_picked":["Skewer","Underhanded Strike"],"picked":"Acrobatics","floor":18},{"not_picked":["Deadly Poison+1","hubris:SlightOfHand","Outmaneuver"],"picked":"SKIP","floor":22},{"not_picked":["hubris:SlightOfHand","ReplayTheSpireMod:Tripwire+1"],"picked":"Leg Sweep","floor":23},{"not_picked":["ReplayTheSpireMod:Tripwire","Acrobatics"],"picked":"ReplayTheSpireMod:Scrap Shanks","floor":28},{"not_picked":["Reflex","Expertise+1"],"picked":"Adrenaline","floor":30},{"not_picked":["Cloak And Dagger","Dagger Throw"],"picked":"Infinite Blades","floor":31},{"not_picked":["Die Die Die","Atom Bomb"],"picked":"Burst","floor":33},{"not_picked":["Sucker Punch+1"],"picked":"SKIP","floor":35},{"not_picked":["Flying Knee+1"],"picked":"SKIP","floor":36},{"not_picked":["Catalyst+1"],"picked":"SKIP","floor":37},{"not_picked":["Deadly Poison"],"picked":"SKIP","floor":38},{"not_picked":["Deadly Poison"],"picked":"SKIP","floor":41},{"not_picked":["hubris:SlightOfHand"],"picked":"SKIP","floor":45},{"not_picked":[],"picked":"Hidden Blade","floor":46},{"not_picked":["Noxious Fumes+1"],"picked":"SKIP","floor":48}],"player_experience":935365,"relics_obtained":[{"floor":6,"key":"Snack Pack"},{"floor":8,"key":"Tough Bandages"},{"floor":9,"key":"Vajra"},{"floor":12,"key":"theForsaken:ScaryMask"},{"floor":23,"key":"Blood Vial"},{"floor":26,"key":"Ancient Tea Set"},{"floor":30,"key":"White Beast Statue"},{"floor":43,"key":"Happy Flower"}],"event_choices":[{"damage_healed":0,"gold_gain":0,"player_choice":"Forge","damage_taken":0,"max_hp_gain":0,"max_hp_loss":0,"event_name":"Accursed Blacksmith","floor":2,"gold_loss":0,"cards_upgraded":["Neutralize"]},{"damage_healed":0,"gold_gain":0,"player_choice":"Relic","damage_taken":0,"max_hp_gain":0,"max_hp_loss":0,"event_name":"Wheel of Change","floor":12,"gold_loss":0},{"cards_removed":["Survivor"],"damage_healed":0,"gold_gain":0,"player_choice":"Take \u0026 Give","damage_taken":0,"max_hp_gain":0,"max_hp_loss":0,"event_name":"betterNote:BetterNote","floor":19,"gold_loss":0,"cards_obtained":["Zap"]},{"damage_healed":0,"gold_gain":0,"player_choice":"Ignored","damage_taken":0,"max_hp_gain":0,"max_hp_loss":0,"event_name":"Vampires","floor":20,"gold_loss":0},{"cards_removed":["Strike_G"],"damage_healed":0,"gold_gain":0,"player_choice":"Purged","damage_taken":0,"max_hp_gain":0,"max_hp_loss":0,"event_name":"Purifier","floor":27,"gold_loss":0},{"damage_healed":0,"gold_gain":100,"player_choice":"Pray","damage_taken":0,"max_hp_gain":0,"max_hp_loss":0,"event_name":"Golden Shrine","floor":47,"gold_loss":0}],"is_beta":false,"boss_relics":[{"not_picked":["hubris:HollowSoul","Ectoplasm"],"picked":"WristBlade"},{"not_picked":["hubris:RunicObelisk","Replay:Drink Me"],"picked":"Busted Crown"}],"items_purged_floors":[5,13,21,39],"is_endless":false,"potions_floor_spawned":[4,6,8,10,14,22,28,31,33,35,36,37,38,41,45,46,48],"ascension_level":0}}