{"host":"k2qahyfnbpqixgl3","time":1611417401,"event":{"mods":["Act Like it!","BaseMod","Card Forge","Colored Powertips","Highlight Path","HololiveMod","KinomotoSakuraMod(木之本?)","Minty Spire (QoL Compilation)","Pale of the Ancients","Prisma Mod","Remilia（蕾米莉?）","Replay The Spire","StSLib","The Jungle","Unceasing Turn Reminder","Youmu（魂魄妖?）","【角色mod】十八桐人"],"gold_per_floor":[141,141,192,225,801,888,979,1086,1109,1215,1304,1304,1419,1474,1474,1698,1698,1762,1864,1300,1015,1015,1147,1267,1419,1458,1592,1712,1878,2011,2153,2165,2405,2417,2417],"floor_reached":34,"language":"ZHS","playtime":2477,"items_purged":["PrismaMod:IllyaUberChannel+1"],"score":1900,"play_id":"cf3fbaa9-2ba2-4225-9427-125bd22cba5b","local_time":"20210123235641","daily_mods":["Draft","Heirloom","Time Dilation","Flight","DeadlyEvents","Elite Swarm","Midas"],"is_ascension_mode":true,"campfire_choices":[{"floor":12,"key":"REST"},{"data":"1","floor":32,"key":"LIFT"}],"circlet_count":0,"master_deck":["AscendersBane","PrismaMod:IllyaBlindPoisonToss","PrismaMod:IllyaStunPoison","PrismaMod:IllyaBoysLove","PrismaMod:IllyaCheapDefend+1","PrismaMod:IllyaFriendMaker","PrismaMod:IllyaHassanGift","PrismaMod:IllyaBerserCAR","PrismaMod:IllyaPoisonTippedWeapons+1","PrismaMod:IllyaHassanGift+1","PrismaMod:IllyaCheapChannelDefend","PrismaMod:IllyaFeed+1","PrismaMod:IllyaFriendMaker+1","PrismaMod:IllyaCommandSeal+1","PrismaMod:IllyaStunPoison+1","PrismaMod:IllyaCommandSeal+1","PrismaMod:IllyaUberPoisonChannel+1","PrismaMod:IllyaInstallCaster","PrismaMod:IllyaCarnivalPrismaAstolfo+1","PrismaMod:IllyaCheapChannelDefend+1","PrismaMod:IllyaStunPoison+1","PrismaMod:IllyaAOECommonAttack+1","Capacitor+1","Echo Form+1","Creative AI+1","Force Field+1","Buffer+1","Hololive_Yoholoon","Hololive_BeCareful+1","PrismaMod:IllyaInstallAlterEgo","PrismaMod:IllyaCarnivalPrismaAstolfo+1","PrismaMod:IllyaCarnivalDefend+1"],"relics":["PrismaMod:PrismaRuby","Hammer of Thor","Seething Fire","Anvil of the Gods","Dead Branch","Replay:Bandana","Smiling Mask","Bag of Preparation","Hololive_LightStick","Onion Ring","Singing Bowl","Boot","Astrolabe","Red Mask","ReplayTheSpireMod:TigerMarble","OrangePellets","Akabeko","Golden Egg","Bottled Tornado","Prayer Wheel","MawBank","PreservedInsect","Unceasing Top","CeramicFish","Orichalcum","Girya","Gremlin Food","Snack Pack","StoneCalendar","Busted Crown"],"acts_visited":["Exordium","TheCity"],"potions_floor_usage":[6,16,23,24,30,33,33],"damage_taken":[{"damage":2,"enemies":"Cultist","floor":1,"turns":3},{"damage":0,"enemies":"2 Louse","floor":3,"turns":3},{"damage":1,"enemies":"Jaw Worm","floor":4,"turns":4},{"damage":8,"enemies":"3 Sentries","floor":6,"turns":6},{"damage":5,"enemies":"Gremlin Nob","floor":7,"turns":4},{"damage":0,"enemies":"Lagavulin","floor":8,"turns":6},{"damage":0,"enemies":"Gremlin Nob","floor":10,"turns":3},{"damage":6,"enemies":"Replay:BlueRogue","floor":11,"turns":3},{"damage":22,"enemies":"Lagavulin","floor":13,"turns":4},{"damage":4,"enemies":"2 Fungi Beasts","floor":14,"turns":2},{"damage":0,"enemies":"Slime Boss","floor":16,"turns":7},{"damage":0,"enemies":"Spheric Guardian","floor":18,"turns":4},{"damage":20,"enemies":"Masked Bandits","floor":19,"turns":4},{"damage":3,"enemies":"Slavers","floor":23,"turns":7},{"damage":0,"enemies":"Replay:Snechameleon","floor":24,"turns":6},{"damage":7,"enemies":"Gremlin Leader","floor":25,"turns":4},{"damage":4,"enemies":"Slavers","floor":27,"turns":4},{"damage":6,"enemies":"Replay:Snechameleon","floor":28,"turns":6},{"damage":19,"enemies":"Book of Stabbing","floor":29,"turns":6},{"damage":11,"enemies":"Slavers","floor":30,"turns":5},{"damage":1,"enemies":"Replay:Snechameleon","floor":31,"turns":7},{"damage":0,"enemies":"Collector","floor":33,"turns":7}],"seed_played":"8671687143734082369","potions_obtained":[{"floor":1,"key":"Weak Potion"},{"floor":6,"key":"BlessingOfTheForge"},{"floor":8,"key":"Regen Potion"},{"floor":13,"key":"Venom Potion"},{"floor":23,"key":"Block Potion"},{"floor":29,"key":"SkillPotion"},{"floor":30,"key":"Adrenaline Potion"},{"floor":31,"key":"SkillPotion"},{"floor":33,"key":"ColorlessPotion"}],"is_trial":true,"path_per_floor":["M","?","M","M","?","E","E","E","T","E","E","R","E","M","R","B",null,"M","?","$","$","T","E","E","E","T","E","E","E","E","E","R","B",null],"character_chosen":"ILLYA","items_purchased":["ReplayTheSpireMod:TigerMarble","OrangePellets","Akabeko","Golden Egg"],"campfire_rested":1,"item_purchase_floors":[20,20,20,21],"current_hp_per_floor":[71,71,71,70,47,42,69,71,71,71,65,71,51,58,75,75,75,77,64,64,64,64,81,83,81,81,85,81,68,72,91,91,102,102,102],"gold":2417,"neow_bonus":"","is_daily":false,"chose_seed":false,"campfire_upgraded":0,"win_rate":0.0,"timestamp":1611417401,"path_taken":["M","?","M","M","?","E","E","E","T","E","E","R","?","?","R","BOSS","M","?","?","$","?","E","E","E","T","?","E","E","E","E","R","BOSS"],"items_purchased_type":["Relic","Relic","Relic","Relic"],"build_version":"2020-12-22","purchased_purges":1,"victory":false,"max_hp_per_floor":[71,71,71,71,71,71,71,71,71,71,71,71,73,75,75,75,75,77,79,79,79,79,81,83,83,83,85,87,90,95,100,100,102,102,102],"card_choices":[{"not_picked":["PrismaMod:IllyaAlice","PrismaMod:IllyaCheapChannelDefend"],"picked":"PrismaMod:IllyaPoisonBlock","floor":0},{"not_picked":["PrismaMod:IllyaCheapDefend","PrismaMod:IllyaMinorRapidFire"],"picked":"PrismaMod:IllyaBlindPoisonToss","floor":0},{"not_picked":["PrismaMod:IllyaUberChannel","PrismaMod:IllyaGrail"],"picked":"PrismaMod:IllyaPoisonTippedWeapons","floor":0},{"not_picked":["PrismaMod:IllyaEvokeAll","PrismaMod:IllyaDetonatingBlow"],"picked":"PrismaMod:IllyaStunPoison","floor":0},{"not_picked":["PrismaMod:IllyaDetonatingBlow","PrismaMod:IllyaMinorRapidFire"],"picked":"PrismaMod:IllyaBoysLove","floor":0},{"not_picked":["PrismaMod:IllyaPoisonTippedWeapons","PrismaMod:IllyaAOECommonAttack"],"picked":"PrismaMod:IllyaCheapDefend","floor":0},{"not_picked":["PrismaMod:IllyaRapidFire","PrismaMod:IllyaRubysPotion"],"picked":"PrismaMod:IllyaFriendMaker","floor":0},{"not_picked":["PrismaMod:IllyaCheapChannelDefend","PrismaMod:IllyaDevil"],"picked":"PrismaMod:IllyaHassanGift","floor":0},{"not_picked":["PrismaMod:IllyaFeed","PrismaMod:IllyaDetonatingBlow"],"picked":"PrismaMod:IllyaBerserCAR","floor":0},{"not_picked":["PrismaMod:IllyaReinForce","PrismaMod:IllyaEvokeAll"],"picked":"PrismaMod:IllyaPoisonTippedWeapons","floor":0},{"not_picked":["PrismaMod:IllyaDualEvoke","PrismaMod:IllyaRubysPotion"],"picked":"PrismaMod:IllyaHassanGift","floor":0},{"not_picked":["PrismaMod:IllyaGun","PrismaMod:IllyaMaid"],"picked":"PrismaMod:IllyaCheapChannelDefend","floor":0},{"not_picked":["PrismaMod:IllyaUpgradeOrbs","PrismaMod:IllyaUncommonAOEAttack"],"picked":"PrismaMod:IllyaUberChannel","floor":0},{"not_picked":["PrismaMod:IllyaGun","PrismaMod:IllyaEvokeAll"],"picked":"PrismaMod:IllyaFeed","floor":0},{"not_picked":["PrismaMod:IllyaPartialInstallAssassin","PrismaMod:IllyaMaid"],"picked":"PrismaMod:IllyaBoysLove","floor":0},{"not_picked":["PrismaMod:IllyaRubysPotion","PrismaMod:IllyaUncommonAttack"],"picked":"PrismaMod:IllyaFriendMaker","floor":1},{"not_picked":["PrismaMod:IllyaAOECommonAttack","PrismaMod:IllyaPartialInstallAssassin"],"picked":"PrismaMod:IllyaCommandSeal","floor":3},{"not_picked":["PrismaMod:IllyaUpgradeOrbs","PrismaMod:IllyaBride"],"picked":"PrismaMod:IllyaStunPoison","floor":4},{"not_picked":["PrismaMod:IllyaPoisonTippedWeapons","PrismaMod:IllyaUncommonAOEAttack"],"picked":"PrismaMod:IllyaCommandSeal","floor":5},{"not_picked":["PrismaMod:IllyaCarnivalOrbs","PrismaMod:IllyaCarnivalAttack"],"picked":"PrismaMod:IllyaUberPoisonChannel","floor":6},{"not_picked":["PrismaMod:IllyaCarnivalAttack","PrismaMod:IllyaInstallLancer"],"picked":"PrismaMod:IllyaInstallRider","floor":7},{"not_picked":["PrismaMod:IllyaZwei","PrismaMod:IllyaInstallAvenger","PrismaMod:IllyaUberDefendChannel"],"picked":"SKIP","floor":8},{"not_picked":["PrismaMod:IllyaZwei","PrismaMod:IllyaUberDefendChannel"],"picked":"PrismaMod:IllyaInstallRuler","floor":10},{"not_picked":["PrismaMod:IllyaUberPoisonChannel","PrismaMod:IllyaCarnivalOrbs"],"picked":"PrismaMod:IllyaInstallCaster","floor":11},{"not_picked":["PrismaMod:IllyaUberAttackChannel","PrismaMod:IllyaUberPoisonChannel","PrismaMod:IllyaInstallRuler"],"picked":"Singing Bowl","floor":13},{"not_picked":["PrismaMod:IllyaSaphire","PrismaMod:IllyaGun","PrismaMod:IllyaAOECommonAttack"],"picked":"Singing Bowl","floor":14},{"not_picked":["PrismaMod:IllyaInstallForeigner","PrismaMod:IllyaCarnivalOrbs"],"picked":"PrismaMod:IllyaCarnivalPrismaAstolfo","floor":16},{"not_picked":["PrismaMod:IllyaFriendMaker","PrismaMod:IllyaUpgradeOrbs","PrismaMod:IllyaPartialInstallAssassin"],"picked":"Singing Bowl","floor":18},{"not_picked":["PrismaMod:IllyaUberChannel","PrismaMod:IllyaCommonEvoke","PrismaMod:IllyaInstallAvenger"],"picked":"Singing Bowl","floor":19},{"not_picked":["PrismaMod:IllyaUberAttackChannel","PrismaMod:IllyaCarnivalDefend","PrismaMod:IllyaCarnivalAttack"],"picked":"Singing Bowl","floor":23},{"not_picked":["PrismaMod:IllyaInstallShielder","PrismaMod:IllyaInstallCaster","PrismaMod:IllyaCarnivalDefend"],"picked":"Singing Bowl","floor":24},{"not_picked":["PrismaMod:IllyaInstallArcher","PrismaMod:IllyaUberDefendChannel"],"picked":"PrismaMod:IllyaInstallAlterEgo","floor":25},{"not_picked":["PrismaMod:IllyaUberPoisonChannel","PrismaMod:IllyaZwei"],"picked":"PrismaMod:IllyaCarnivalPrismaAstolfo","floor":27},{"not_picked":["PrismaMod:IllyaCarnivalAttack","PrismaMod:IllyaCarnivalOrbs","PrismaMod:IllyaInstallAlterEgo"],"picked":"Singing Bowl","floor":28},{"not_picked":["PrismaMod:IllyaInstallAvenger","PrismaMod:IllyaInstallRider"],"picked":"PrismaMod:IllyaCarnivalDefend","floor":29},{"not_picked":["PrismaMod:IllyaInstallArcher","PrismaMod:IllyaInstallRuler","PrismaMod:IllyaInstallMoonCancer"],"picked":"Singing Bowl","floor":30},{"not_picked":["PrismaMod:IllyaCarnivalAttack","PrismaMod:IllyaUberPoisonChannel","PrismaMod:IllyaInstallAvenger"],"picked":"Singing Bowl","floor":31},{"not_picked":["PrismaMod:IllyaInstallSaber","PrismaMod:IllyaUberAttackChannel","PrismaMod:IllyaCarnivalOrbs"],"picked":"Singing Bowl","floor":33}],"player_experience":561443,"relics_obtained":[{"floor":6,"key":"Replay:Bandana"},{"floor":7,"key":"Smiling Mask"},{"floor":8,"key":"Bag of Preparation"},{"floor":9,"key":"Hololive_LightStick"},{"floor":10,"key":"Onion Ring"},{"floor":11,"key":"Singing Bowl"},{"floor":13,"key":"Boot"},{"floor":19,"key":"Red Mask"},{"floor":22,"key":"Bottled Tornado"},{"floor":23,"key":"MawBank"},{"floor":24,"key":"PreservedInsect"},{"floor":25,"key":"Unceasing Top"},{"floor":26,"key":"CeramicFish"},{"floor":27,"key":"Orichalcum"},{"floor":28,"key":"Girya"},{"floor":29,"key":"Gremlin Food"},{"floor":30,"key":"Snack Pack"},{"floor":31,"key":"StoneCalendar"}],"event_choices":[{"damage_healed":0,"gold_gain":0,"player_choice":"Fought Bandits","damage_taken":0,"max_hp_gain":0,"max_hp_loss":0,"event_name":"Masked Bandits","floor":19,"gold_loss":0}],"is_beta":false,"boss_relics":[{"not_picked":["Hololive_Finger","Runic Dome"],"picked":"Astrolabe"},{"not_picked":["Runic Pyramid","Empty Cage"],"picked":"Busted Crown"}],"items_purged_floors":[20],"is_endless":true,"potions_floor_spawned":[1,6,8,13,23,29,30,31,33],"ascension_level":20}}