{"host":"mlczotyo8j5fj6lt","time":1611404384,"event":{"mods":["AchievementEnabler","Aspiration","BaseMod","Bestiary","Better Third Choice","BetterRewards","Colored Powertips","Defective Defect","Good Game Mod","Googly Eyes","Highlight Path","Minty Spire (QoL Compilation)","Quick Restart","StSLib","everything is the same but u backflip on backflip"],"gold_per_floor":[112,124,140,140,140,140,27,50,50,50,69,46,146,179,179,304,367,388,388,388,388,412,412,448,448,448,448,473,473,473,473],"floor_reached":30,"language":"ENG","playtime":1145,"items_purged":[],"score":273,"play_id":"d49787da-2ad3-4076-8f96-e72383c33539","local_time":"20210123131944","is_ascension_mode":false,"campfire_choices":[{"floor":6,"key":"REST"},{"data":"Zap","floor":10,"key":"SMITH"},{"data":"Defragment","floor":15,"key":"SMITH"},{"floor":23,"key":"REST"},{"floor":27,"key":"REST"},{"floor":29,"key":"REST"}],"circlet_count":0,"master_deck":["Strike_B","Strike_B","Defend_B+1","Defend_B","Defend_B","Defend_B","Zap+1","Dualcast","Decay","Sweeping Beam","Tempest","Steam","BootSequence","Aggregate","Apotheosis+1","Chill","Self Repair","aspiration:Polymerization","Redo","Go for the Eyes","Defragment+1","Electrodynamics","Beam Cell","Skim","Ghostly","Ghostly","Ghostly","Ghostly","Ghostly","Defragment","Gash","Ball Lightning","Judgement"],"relics":["Cracked Core","REME:ComplimentaryCards","Golden Idol","aspiration:FetidBarrel","TungstenRod","Tiny House","aspiration:RitualStick","betterThird:NestCultRelic","Centennial Puzzle","DataDisk"],"acts_visited":["Exordium","TheCity"],"potions_floor_usage":[16,16,25],"damage_taken":[{"damage":12,"enemies":"Small Slimes","floor":1,"turns":4},{"damage":5,"enemies":"2 Louse","floor":2,"turns":3},{"damage":0,"enemies":"Jaw Worm","floor":3,"turns":3},{"damage":3,"enemies":"Large Slime","floor":8,"turns":5},{"damage":0,"enemies":"Red Slaver","floor":11,"turns":3},{"damage":7,"enemies":"3 Sentries","floor":14,"turns":5},{"damage":44,"enemies":"Hexaghost","floor":16,"turns":10},{"damage":16,"enemies":"3 Byrds","floor":18,"turns":4},{"damage":20,"enemies":"Shell Parasite","floor":22,"turns":4},{"damage":32,"enemies":"Gremlin Leader","floor":24,"turns":6},{"damage":0,"enemies":"Centurion and Healer","floor":25,"turns":1},{"damage":8,"enemies":"Cultist and Chosen","floor":28,"turns":4},{"damage":0,"enemies":"Slavers","floor":30,"turns":1}],"seed_played":"7952240716683610312","potions_obtained":[{"floor":1,"key":"Regen Potion"},{"floor":8,"key":"ColorlessPotion"},{"floor":14,"key":"PotionOfCapacity"},{"floor":16,"key":"SmokeBomb"},{"floor":17,"key":"PotionOfCapacity"}],"is_trial":false,"path_per_floor":["M","M","M","?","?","R","$","M","T","R","M","$","?","E","R","B",null,"M","?","?","?","M","R","E","M","T","R","M","R","E"],"character_chosen":"DEFECT","items_purchased":["Chill","Self Repair","Go for the Eyes"],"campfire_rested":4,"item_purchase_floors":[7,7,12],"current_hp_per_floor":[63,58,58,58,58,69,69,69,69,69,69,69,69,62,62,40,74,68,54,37,37,24,35,10,10,10,21,13,24,24,24],"gold":473,"neow_bonus":"TRANSFORM_TWO_CARDS","is_daily":false,"chose_seed":false,"campfire_upgraded":2,"win_rate":0.0,"timestamp":1611404384,"path_taken":["M","M","M","?","?","R","?","M","T","R","M","$","?","E","R","BOSS","M","?","?","?","M","R","E","M","T","R","M","R","E"],"items_purchased_type":["Card","Card","Card"],"build_version":"2020-12-22","purchased_purges":0,"victory":false,"max_hp_per_floor":[75,75,75,69,69,69,69,69,69,69,69,69,69,69,69,69,74,74,74,37,37,37,37,37,37,37,37,37,37,37,37],"card_choices":[{"not_picked":["Turbo","Streamline"],"picked":"Steam","floor":1},{"not_picked":["Turbo","Heatsinks"],"picked":"BootSequence","floor":2},{"not_picked":["Turbo","Go for the Eyes"],"picked":"Aggregate","floor":3},{"not_picked":["Chaos","Storm"],"picked":"aspiration:Polymerization","floor":8},{"not_picked":["FTL","Rebound"],"picked":"Redo","floor":11},{"not_picked":["Hyperbeam","Chill"],"picked":"Defragment","floor":14},{"not_picked":["Reboot","Thunder Strike"],"picked":"Electrodynamics","floor":16},{"not_picked":["Redo","Self Repair"],"picked":"Beam Cell","floor":17},{"not_picked":["Redo","Conserve Battery+1"],"picked":"Skim","floor":18},{"not_picked":["Darkness","Streamline"],"picked":"Defragment","floor":22},{"not_picked":["Genetic Algorithm+1","Core Surge"],"picked":"Gash","floor":24},{"not_picked":["Compile Driver","Force Field"],"picked":"Ball Lightning","floor":28}],"player_experience":234192,"relics_obtained":[{"floor":9,"key":"aspiration:FetidBarrel"},{"floor":14,"key":"TungstenRod"},{"floor":24,"key":"Centennial Puzzle"},{"floor":26,"key":"DataDisk"}],"event_choices":[{"damage_healed":0,"gold_gain":0,"player_choice":"Lose Max HP","damage_taken":0,"relics_obtained":["Golden Idol"],"max_hp_gain":0,"max_hp_loss":6,"event_name":"Golden Idol","floor":4,"gold_loss":0},{"damage_healed":58,"gold_gain":0,"player_choice":"Embrace","damage_taken":0,"max_hp_gain":0,"max_hp_loss":69,"event_name":"betterThird:BetterShining","floor":5,"gold_loss":0},{"damage_healed":0,"gold_gain":100,"player_choice":"Pray","damage_taken":0,"max_hp_gain":0,"max_hp_loss":0,"event_name":"Golden Shrine","floor":13,"gold_loss":0},{"damage_healed":0,"gold_gain":0,"player_choice":"Became a Ghost","damage_taken":0,"max_hp_gain":0,"max_hp_loss":37,"event_name":"Ghosts","floor":20,"gold_loss":0,"cards_obtained":["Ghostly","Ghostly","Ghostly","Ghostly","Ghostly"]},{"damage_healed":0,"gold_gain":0,"player_choice":"Madness","damage_taken":0,"relics_obtained":["betterThird:NestCultRelic"],"max_hp_gain":0,"max_hp_loss":0,"event_name":"betterThird:BetterNest","floor":21,"gold_loss":0}],"is_beta":false,"boss_relics":[{"not_picked":["Ectoplasm","SacredBark"],"picked":"Tiny House"}],"items_purged_floors":[],"is_endless":false,"potions_floor_spawned":[1,8,14,16,22,25],"killed_by":"Slavers","ascension_level":0}}