{"host":"w11d5xug8ost5klq","time":1611369055,"event":{"mods":["2.2 Compatiblity","BaseMod","Better Third Choice","Emptier Cage","Highlight Path","Minty Spire (QoL Compilation)","Prisma Mod","Quick Restart","Spicy Shops","StSLib"],"gold_per_floor":[109,109,109,109,123,150,150,176,176,195,195,195,195,195,195,290,290,302,302,290,308,308,308,341,341,394,394,394],"floor_reached":27,"language":"ENG","playtime":970,"items_purged":[],"score":328,"play_id":"ff2c8fc8-2fae-4ece-b9f7-e1a80efa40b9","local_time":"20210122203055","is_ascension_mode":true,"campfire_choices":[{"data":"PrismaMod:ChloeCheapDefend","floor":7,"key":"SMITH"},{"data":"PrismaMod:ChloeCheapAttack","floor":13,"key":"SMITH"},{"floor":15,"key":"REST"},{"data":"PrismaMod:ChloeDoubleRelicSpeed","floor":23,"key":"SMITH"}],"circlet_count":0,"master_deck":["PrismaMod:ChloeCommonAttack","PrismaMod:ChloeCommonAttack","PrismaMod:ChloeCommonAttack","PrismaMod:ChloeCommonAttack","PrismaMod:ChloeCommonAttack","PrismaMod:ChloeCommonDefend","PrismaMod:ChloeCommonDefend","PrismaMod:ChloeCommonDefend","PrismaMod:ChloeCommonDefend","PrismaMod:ChloeCommonDefend","PrismaMod:ChloeCheapAttack+1","PrismaMod:ChloeCheapDefend+1","Parasite","PrismaMod:ChloeDoubleRelicSpeed+1","PrismaMod:ChloeExhaustTwo+1","PrismaMod:ChloeCheapAttack+1","PrismaMod:ChloeCarnivalAttack"],"relics":["PrismaMod:PrismaTraceOn","NeowsBlessing","Lizard Tail","Thread and Needle","Shovel","Potion Belt","Toy Ornithopter","Black Star","MutagenicStrength","Pear","White Beast Statue","Regal Pillow"],"acts_visited":["Exordium","TheCity"],"potions_floor_usage":[24,24,24],"damage_taken":[{"damage":0,"enemies":"Small Slimes","floor":1,"turns":1},{"damage":0,"enemies":"Cultist","floor":5,"turns":1},{"damage":0,"enemies":"3 Sentries","floor":6,"turns":1},{"damage":31,"enemies":"Lagavulin","floor":8,"turns":8},{"damage":0,"enemies":"2 Louse","floor":10,"turns":3},{"damage":62,"enemies":"Slime Boss","floor":16,"turns":13},{"damage":40,"enemies":"Chosen","floor":18,"turns":7},{"damage":19,"enemies":"2 Thieves","floor":20,"turns":4},{"damage":1,"enemies":"Centurion and Healer","floor":21,"turns":5},{"damage":18,"enemies":"Slavers","floor":24,"turns":7},{"damage":46,"enemies":"Book of Stabbing","floor":27,"turns":4}],"seed_played":"3169029412385017933","potions_obtained":[{"floor":5,"key":"SpeedPotion"},{"floor":6,"key":"Strength Potion"},{"floor":16,"key":"LiquidBronze"},{"floor":21,"key":"Energy Potion"}],"is_trial":false,"path_per_floor":["M","$","?","$","M","E","R","E","T","M","T","?","R","?","R","B",null,"M","?","M","M","?","R","E","?","T","E"],"character_chosen":"CHLOE","items_purchased":[],"campfire_rested":1,"item_purchase_floors":[],"current_hp_per_floor":[75,75,75,75,75,75,75,44,44,44,44,32,32,50,72,10,59,19,19,37,36,36,36,43,43,43,0,0],"gold":394,"neow_bonus":"THREE_ENEMY_KILL","is_daily":false,"chose_seed":false,"campfire_upgraded":3,"win_rate":0.0,"timestamp":1611369055,"path_taken":["M","$","?","$","?","E","R","E","T","M","?","?","R","?","R","BOSS","M","?","M","M","?","R","E","?","T","E"],"items_purchased_type":[],"build_version":"2020-12-22","purchased_purges":0,"victory":false,"max_hp_per_floor":[75,75,75,75,75,75,75,75,75,75,75,75,75,75,75,75,75,75,75,75,75,75,75,85,85,85,85,85],"card_choices":[{"not_picked":["PrismaMod:ChloeCheapAttack","PrismaMod:ChloeUncommonDefend"],"picked":"PrismaMod:ChloeCheapDefend","floor":1},{"not_picked":["PrismaMod:ChloeCheapDefend","PrismaMod:ChloeCommonAOEAttack","PrismaMod:ChloeBetterTracePools"],"picked":"SKIP","floor":5},{"not_picked":["PrismaMod:ChloeExhaustTwo","PrismaMod:ChloeCommonAOEAttack","PrismaMod:ChloeCheapDefendTwo"],"picked":"SKIP","floor":6},{"not_picked":["PrismaMod:ChloeRhongomyniad","PrismaMod:ChloeCheapDefendTwo","PrismaMod:ChloeCommonAOEAttack"],"picked":"SKIP","floor":8},{"not_picked":["PrismaMod:ChloeMaid","PrismaMod:ChloeCheapDefendTwo","PrismaMod:ChloeEyeOfTheEuryale"],"picked":"SKIP","floor":10},{"not_picked":["PrismaMod:ChloeUnlimitedBladeWorks","PrismaMod:ChloeCarnivalAOEAttack"],"picked":"PrismaMod:ChloeDoubleRelicSpeed","floor":16},{"not_picked":["PrismaMod:ChloeCommonAOEAttack","PrismaMod:ChloeCheapDefend+1"],"picked":"PrismaMod:ChloeExhaustTwo","floor":18},{"not_picked":["PrismaMod:ChloeCheapAttackTwo","PrismaMod:ChloeCommonAOEAttack","PrismaMod:ChloeDiscardRecovery"],"picked":"SKIP","floor":20},{"not_picked":["PrismaMod:ChloeUncommonDefend","PrismaMod:ChloeDiscardRecovery"],"picked":"PrismaMod:ChloeCheapAttack+1","floor":21},{"not_picked":["PrismaMod:ChloeAnyCommonTrace","PrismaMod:ChloeExhaustTwo+1"],"picked":"PrismaMod:ChloeCarnivalAttack","floor":24}],"player_experience":135712,"relics_obtained":[{"floor":6,"key":"Lizard Tail"},{"floor":8,"key":"Thread and Needle"},{"floor":9,"key":"Shovel"},{"floor":11,"key":"Potion Belt"},{"floor":24,"key":"Pear"},{"floor":24,"key":"White Beast Statue"},{"floor":26,"key":"Regal Pillow"}],"event_choices":[{"cards_removed":["PrismaMod:ChloeCheapDefend"],"damage_healed":5,"gold_gain":0,"player_choice":"Offered Common","damage_taken":0,"max_hp_gain":0,"max_hp_loss":0,"event_name":"Bonfire Elementals","floor":3,"gold_loss":0},{"cards_removed":["PrismaMod:ChloeCheapDefend"],"damage_healed":5,"gold_gain":0,"player_choice":"Offered Special","damage_taken":0,"max_hp_gain":0,"max_hp_loss":0,"event_name":"Bonfire Elementals","floor":3,"gold_loss":0},{"damage_healed":0,"gold_gain":0,"player_choice":"Relic ","damage_taken":12,"max_hp_gain":0,"max_hp_loss":0,"event_name":"betterThird:BetterScrap","floor":12,"gold_loss":0,"cards_obtained":["Skim"]},{"damage_healed":18,"gold_gain":0,"player_choice":"Healed and dodged fight","damage_taken":0,"max_hp_gain":0,"max_hp_loss":0,"event_name":"Mushrooms","floor":14,"gold_loss":0,"cards_obtained":["Parasite"]},{"damage_healed":0,"gold_gain":0,"player_choice":"Inject Mutagens","damage_taken":0,"relics_obtained":["MutagenicStrength"],"max_hp_gain":0,"max_hp_loss":0,"event_name":"Drug Dealer","floor":19,"gold_loss":0},{"damage_healed":0,"gold_gain":0,"player_choice":"Ignored","damage_taken":0,"max_hp_gain":0,"max_hp_loss":0,"event_name":"Cursed Tome","floor":22,"gold_loss":0},{"damage_healed":0,"gold_gain":0,"player_choice":"Upgraded","damage_taken":0,"max_hp_gain":0,"max_hp_loss":0,"event_name":"Upgrade Shrine","floor":25,"gold_loss":0,"cards_upgraded":["PrismaMod:ChloeExhaustTwo"]}],"is_beta":false,"boss_relics":[{"not_picked":["Calling Bell","Ectoplasm"],"picked":"Black Star"}],"items_purged_floors":[],"is_endless":false,"potions_floor_spawned":[5,6,16,21],"killed_by":"Book of Stabbing","ascension_level":5}}