{"host":"88eug9pqmt5m979n","time":1611419902,"event":{"mods":["100% Spire Juice","Arknights The Spire","BaseMod","Downfall","Minty Spire (QoL Compilation)","MostiFishMod","Remilia（蕾米莉亚）","StSLib","WarShipGirlsR/战舰少女R mod","Yakumo Yukari mod","【遗物卡牌】REMEMod"],"gold_per_floor":[132,57,132,150,150,150,160,170,170,170,189,232,232,246,246,371,371,392,407,431,444,38,76,76,110,163,163,178,197,197,228,228,348,348,364,364,364,385,398,398,437,312,391,391,94,115,133,173,173,173],"floor_reached":51,"language":"ZHS","playtime":1913,"items_purged":["Defend_purpleEX","AT_purpleEX","AT_purpleEX","Defend_purpleEX"],"score":1219,"play_id":"5a10719a-3317-490b-9c6f-a42c31cf3ba9","local_time":"20210124003822","is_ascension_mode":false,"campfire_choices":[{"data":"Observe_purple_2","floor":6,"key":"SMITH"},{"data":"MostiFishMod:PathToVictory","floor":15,"key":"SMITH"},{"data":"Anti_communist_purple","floor":32,"key":"SMITH"},{"data":"LoveAcrossDimensions_purple","floor":40,"key":"SMITH"},{"data":"CommonSense_AntiCommonSense_purple","floor":44,"key":"SMITH"},{"data":"Boundary_LifeAndDeath_purple","floor":49,"key":"SMITH"}],"circlet_count":0,"master_deck":["AT_purpleEX","AT_purpleEX","Observe_purple_1","Observe_purple_2+1","MostiFishMod:PathToVictory+1","Anti_communist_purple+1","WorldDissolvedintheRealm_purple","Worldmountain_purple","Boundary_LifeAndDeath_purple+1","StateErode_purple+1","LoveAcrossDimensions_purple+1","Charmbait_purple+1","Photoelasticity_Doppler_Effect_purple+1","Umbrella_purple","ProofOfUnderstanding_purple","CommonSense_AntiCommonSense_purple+1"],"relics":["Boundary_crack","Memoryfragments_purpleEX","DaveBox","REME_ComplimentaryCards","PatriotShield","SynthV:TestCard","ImprovedEquipment","Golden Idol","Gambling Chip","Darkstone Periapt","GuanYuAspect","Vajra","Juzu Bracelet","Matryoshka","Pantograph","Bottled Tornado","Potion Belt","Ornamental Fan","Philosopher\u0027s Stone","REME_PuzzleBoxRelic","Happy Flower","Sundial","TheAbacus","Centennial Puzzle"],"acts_visited":["Exordium","TheCity","TheBeyond"],"potions_floor_usage":[33,33,50,50,50,50],"damage_taken":[{"damage":0,"enemies":"2 Louse","floor":1,"turns":1},{"damage":0,"enemies":"Small Slimes","floor":4,"turns":3},{"damage":0,"enemies":"Cultist","floor":7,"turns":1},{"damage":0,"enemies":"Gremlin Gang","floor":8,"turns":3},{"damage":0,"enemies":"Looter","floor":11,"turns":1},{"damage":17,"enemies":"3 Sentries","floor":12,"turns":1},{"damage":0,"enemies":"2 Fungi Beasts","floor":14,"turns":1},{"damage":0,"enemies":"Slime Boss","floor":16,"turns":2},{"damage":0,"enemies":"Shell Parasite","floor":18,"turns":1},{"damage":0,"enemies":"Spheric Guardian","floor":19,"turns":1},{"damage":0,"enemies":"3 Cultists","floor":20,"turns":1},{"damage":0,"enemies":"Cultist and Chosen","floor":21,"turns":1},{"damage":12,"enemies":"Gremlin Leader","floor":23,"turns":2},{"damage":12,"enemies":"Slavers","floor":25,"turns":1},{"damage":0,"enemies":"Snake Plant","floor":28,"turns":1},{"damage":0,"enemies":"Sentry and Sphere","floor":29,"turns":1},{"damage":12,"enemies":"Book of Stabbing","floor":31,"turns":1},{"damage":0,"enemies":"Automaton","floor":33,"turns":3},{"damage":0,"enemies":"3 Darklings","floor":35,"turns":1},{"damage":0,"enemies":"3 Shapes","floor":38,"turns":2},{"damage":0,"enemies":"Jaw Worm Horde","floor":39,"turns":1},{"damage":0,"enemies":"Giant Head","floor":41,"turns":3},{"damage":0,"enemies":"Writhing Mass","floor":46,"turns":2},{"damage":0,"enemies":"Spire Growth","floor":47,"turns":2},{"damage":0,"enemies":"Reptomancer","floor":48,"turns":2},{"damage":5,"enemies":"Awakened One","floor":50,"turns":3}],"seed_played":"-8275573390595167611","potions_obtained":[{"floor":1,"key":"Energy Potion"},{"floor":7,"key":"Weak Potion"},{"floor":14,"key":"LiquidMemories"},{"floor":16,"key":"PowerPotion"},{"floor":31,"key":"Weak Potion"},{"floor":35,"key":"Fire Potion"},{"floor":46,"key":"Weak Potion"},{"floor":47,"key":"Swift Potion"}],"is_trial":false,"path_per_floor":["M","$","?","M","?","R","M","M","T","?","M","E","T","M","R","B",null,"M","M","M","M","$","E","$","E","T","?","M","M","?","E","R","B",null,"M","?","?","M","M","R","E","$","T","R","$","M","M","E","R","B",null],"character_chosen":"Youkari","items_purchased":["Vajra","Juzu Bracelet","TheAbacus"],"campfire_rested":0,"item_purchase_floors":[22,22,45],"current_hp_per_floor":[77,77,66,68,68,68,70,74,74,55,55,38,38,40,40,40,39,39,39,39,39,39,27,27,27,27,27,37,39,39,27,27,39,39,39,39,39,39,39,39,39,39,39,39,39,39,39,39,39,39],"gold":173,"neow_bonus":"TEN_PERCENT_HP_BONUS","is_daily":false,"chose_seed":false,"campfire_upgraded":6,"win_rate":0.0,"timestamp":1611419902,"path_taken":["M","$","?","M","?","R","M","M","T","?","M","E","?","?","R","BOSS","M","?","M","M","$","E","$","E","T","?","M","M","?","E","R","BOSS","M","?","?","M","M","R","E","$","T","R","?","M","M","E","R","BOSS"],"items_purchased_type":["Relic","Relic","Relic"],"build_version":"2020-12-22","purchased_purges":4,"victory":true,"max_hp_per_floor":[77,77,77,77,77,77,77,77,77,77,77,77,77,77,77,77,39,39,39,39,39,39,39,39,39,39,39,39,39,39,39,39,39,39,39,39,39,39,39,39,39,39,39,39,39,39,39,39,39,39],"card_choices":[{"not_picked":["RuleDissolution_purple","Line_surface_state_purple","StateDuplicate_purple"],"picked":"SKIP","floor":1},{"not_picked":["SfantasyHide_purple","StateDuplicate_purple","Charmbait_purple","Umbrella_purple"],"picked":"Anti_communist_purple","floor":4},{"not_picked":["Boundary_DynamicStaticEquilibrium_purple","ExistenceContinue_purple","Realm_recovery_purpleEX","Boundary_of_Extermination_purpleEX","Mirror_FormAndEmptin_purple"],"picked":"SKIP","floor":7},{"not_picked":["DarkRealmRedLine_purple","RuleDissolution_purple","StretchesForeverDream_purple","OpenedBox_purple"],"picked":"WorldDissolvedintheRealm_purple","floor":8},{"not_picked":["Charmbait_purple","Shallow_ocean_purpleEX","SharpContractionReality_purple","SfantasyHide_purple"],"picked":"Worldmountain_purple","floor":11},{"not_picked":["Worldmountain_purple","SharpContractionReality_purple","StateDuplicate_purple","Realm_recovery_purpleEX","Mirror_FormAndEmptin_purple"],"picked":"SKIP","floor":12},{"not_picked":["WingOfChimera_purple","Worldmountain_purple","Line_surface_state_purple","Mirror_FormAndEmptin_purple","Mirror_Drifter_purple"],"picked":"SKIP","floor":14},{"not_picked":["BarrageBoundary_PipeDream_purple","Theboundaryofcreation_purpleEX","GluttonyofRealm_purpleEX","Monsters_DoubleDeathButterfly_purple"],"picked":"Boundary_LifeAndDeath_purple","floor":16},{"not_picked":["DimensionStaggered_purple","Anti_communist_purple","MeetDecomposer_purple","StateDuplicate_purple"],"picked":"StateErode_purple+1","floor":18},{"not_picked":["OmniscientAndOmnipotent_Monster_purple","Shallow_ocean_purpleEX","StretchesForeverDream_purple+1","Line_surface_state_purple","Mirror_FormAndEmptin_purple"],"picked":"SKIP","floor":19},{"not_picked":["AdvanceAttack_purple","WeekHit_purple","PurpleNeedle_purple+1","StateDuplicate_purple"],"picked":"LoveAcrossDimensions_purple","floor":20},{"not_picked":["StateErode_purple+1","Anti_communist_purple+1","Line_surface_state_purple+1","PositiveMatter_Antimatter_Universe_purple","ExistenceContinue_purple+1"],"picked":"SKIP","floor":21},{"not_picked":["Boundary_DynamicStaticEquilibrium_purple","Realm_recovery_purpleEX","Mirror_FormAndEmptin_purple","StateDuplicate_purple"],"picked":"Charmbait_purple+1","floor":23},{"not_picked":["Boundary_DreamRealityDamnation_purple","RuleDissolution_purple","RealityDreamConfluencek_purple","Mirror_FormAndEmptin_purple+1"],"picked":"Photoelasticity_Doppler_Effect_purple+1","floor":25},{"not_picked":["StateErode_purple+1","WeekHit_purple","AdvanceAttack_purple","Shallow_ocean_purpleEX","DarkRealmRedLine_purple"],"picked":"SKIP","floor":28},{"not_picked":["LoveAcrossDimensions_purple","Boundary_DreamRealityDamnation_purple","AdvanceAttack_purple","Realm_recovery_purpleEX"],"picked":"Umbrella_purple","floor":29},{"not_picked":["Umbrella_purple+1","StateErode_purple","SfantasyHide_purple","ContainerChange_purple","Charmbait_purple"],"picked":"SKIP","floor":31},{"not_picked":["Fancifulhole_purple","Mirror_TwoAndThreeElementRealm_purple","UniverseChoice_purple","WangLiang_LineAndCurveDreams_purple"],"picked":"ProofOfUnderstanding_purple","floor":33},{"not_picked":["DarkRealmRedLine_purple+1","SharpContractionReality_purple+1","Shallow_ocean_purpleEX","StateErode_purple+1","StateDuplicate_purple"],"picked":"SKIP","floor":35},{"not_picked":["EighthInstrument_OneDividesIntoTwo_purple","DarkRealmRedLine_purple","Mirror_FormAndEmptin_purple+1","Fantasy_PerpetualMotionMachine_purple"],"picked":"CommonSense_AntiCommonSense_purple","floor":38},{"not_picked":["StateDuplicate_purple+1","Realm_recovery_purpleEX+1","RuleDissolution_purple+1","Line_surface_state_purple+1","DimensionStaggered_purple"],"picked":"SKIP","floor":39},{"not_picked":["Boundary_DynamicStaticEquilibrium_purple","Nest_LightFlightworm_purple","Boundary_of_Extermination_purpleEX","Boundary_DreamRealityDamnation_purple+1","Erosivefilter_purple"],"picked":"SKIP","floor":41},{"not_picked":["SharpContractionReality_purple","ExistenceContinue_purple+1","Boundary_DreamRealityDamnation_purple+1","Realm_recovery_purpleEX+1","MeetDecomposer_purple+1"],"picked":"SKIP","floor":46},{"not_picked":["Mirror_FormAndEmptin_purple+1","EighthInstrument_OneDividesIntoTwo_purple+1","Line_surface_state_purple+1","StateErode_purple+1","WangLiang_OokamiKakushi_purple"],"picked":"SKIP","floor":47},{"not_picked":["EighthInstrument_OneDividesIntoTwo_purple+1","SharpContractionReality_purple+1","Realm_recovery_purpleEX","WorldDissolvedintheRealm_purple+1","Nest_LightFlightworm_purple"],"picked":"SKIP","floor":48}],"player_experience":338200,"relics_obtained":[{"floor":1,"key":"SynthV:TestCard"},{"floor":9,"key":"ImprovedEquipment"},{"floor":12,"key":"Gambling Chip"},{"floor":13,"key":"Darkstone Periapt"},{"floor":23,"key":"Matryoshka"},{"floor":25,"key":"Pantograph"},{"floor":26,"key":"Bottled Tornado"},{"floor":26,"key":"Potion Belt"},{"floor":31,"key":"Ornamental Fan"},{"floor":41,"key":"REME_PuzzleBoxRelic"},{"floor":43,"key":"Happy Flower"},{"floor":43,"key":"Sundial"},{"floor":48,"key":"Centennial Puzzle"}],"event_choices":[{"damage_healed":0,"gold_gain":75,"player_choice":"Gather Gold","damage_taken":11,"max_hp_gain":0,"max_hp_loss":0,"event_name":"World of Goop","floor":3,"gold_loss":0},{"cards_removed":["Defend_purpleEX"],"damage_healed":0,"gold_gain":0,"player_choice":"Forget","damage_taken":0,"max_hp_gain":0,"max_hp_loss":0,"event_name":"Living Wall","floor":5,"gold_loss":0},{"damage_healed":0,"gold_gain":0,"player_choice":"Take Damage","damage_taken":19,"relics_obtained":["Golden Idol"],"max_hp_gain":0,"max_hp_loss":0,"event_name":"Golden Idol","floor":10,"gold_loss":0},{"cards_removed":["Defend_purpleEX"],"damage_healed":0,"gold_gain":0,"player_choice":"Removed Skill","damage_taken":0,"max_hp_gain":0,"max_hp_loss":0,"event_name":"Falling","floor":36,"gold_loss":0},{"damage_healed":0,"gold_gain":0,"player_choice":"Ignored","damage_taken":0,"max_hp_gain":0,"max_hp_loss":0,"event_name":"Tomb of Lord Red Mask","floor":37,"gold_loss":0}],"is_beta":false,"boss_relics":[{"not_picked":["RhineCircuit","Snecko Eye"],"picked":"GuanYuAspect"},{"not_picked":["Empty Cage","REME_DuelDisc"],"picked":"Philosopher\u0027s Stone"}],"items_purged_floors":[2,22,42,45],"is_endless":false,"potions_floor_spawned":[1,7,14,16,18,20,21,31,35,46,47,48],"ascension_level":0}}