{"host":"hwrdjx5eod2cxh09","time":1611428284,"event":{"mods":["AchievementEnabler","BaseMod","Bestiary","Minty Spire (QoL Compilation)","Relic Stats"],"gold_per_floor":[364,381,391,76,93,93,123,123,123,140,173,183,210,224,224,325,325,338,352,99,99,99],"floor_reached":21,"language":"ENG","playtime":1088,"items_purged":["Strike_R","Strike_R"],"score":215,"play_id":"87dca36d-ed0b-4701-acb3-e7ea591eddc2","local_time":"20210124035804","is_ascension_mode":true,"campfire_choices":[{"data":"True Grit","floor":6.0,"key":"SMITH"},{"data":"Bash","floor":8.0,"key":"SMITH"},{"data":"Sword Boomerang","floor":15.0,"key":"SMITH"}],"circlet_count":0,"master_deck":["Strike_R","Strike_R","Strike_R","Defend_R","Defend_R","Defend_R","Defend_R","Bash+1","Sword Boomerang+1","True Grit+1","Thunderclap","Shrug It Off","Metallicize","Pommel Strike","Fiend Fire","Shrug It Off","Dropkick","Feed","Flame Barrier+1","Dark Embrace","Fire Breathing"],"relics":["Burning Blood","HornCleat","Question Card","The Courier","Pear","Bag of Preparation","SacredBark","ClockworkSouvenir"],"acts_visited":["Exordium","TheCity"],"potions_floor_usage":[],"damage_taken":[{"damage":5.0,"enemies":"Cultist","floor":1.0,"turns":4.0},{"damage":4.0,"enemies":"2 Louse","floor":2.0,"turns":3.0},{"damage":8.0,"enemies":"Small Slimes","floor":3.0,"turns":5.0},{"damage":6.0,"enemies":"Exordium Wildlife","floor":5.0,"turns":6.0},{"damage":6.0,"enemies":"Gremlin Nob","floor":7.0,"turns":4.0},{"damage":2.0,"enemies":"3 Louse","floor":10.0,"turns":4.0},{"damage":4.0,"enemies":"3 Sentries","floor":11.0,"turns":12.0},{"damage":2.0,"enemies":"Blue Slaver","floor":12.0,"turns":4.0},{"damage":3.0,"enemies":"Gremlin Nob","floor":13.0,"turns":4.0},{"damage":4.0,"enemies":"Exordium Wildlife","floor":14.0,"turns":4.0},{"damage":25.0,"enemies":"The Guardian","floor":16.0,"turns":13.0},{"damage":17.0,"enemies":"Shell Parasite","floor":18.0,"turns":8.0},{"damage":29.0,"enemies":"Chosen","floor":19.0,"turns":10.0},{"damage":28.0,"enemies":"Snake Plant","floor":21.0,"turns":5.0}],"seed_played":"-8623045212874933654","potions_obtained":[{"floor":2.0,"key":"Fire Potion"},{"floor":3.0,"key":"SkillPotion"},{"floor":11.0,"key":"Explosive Potion"},{"floor":13.0,"key":"Weak Potion"},{"floor":14.0,"key":"LiquidMemories"},{"floor":19.0,"key":"Block Potion"}],"is_trial":false,"path_per_floor":["M","M","M","$","M","R","E","R","T","M","E","M","E","M","R","B",null,"M","M","$","M"],"character_chosen":"IRONCLAD","items_purchased":["HornCleat","ClockworkSouvenir","Fire Breathing"],"campfire_rested":0,"item_purchase_floors":[4,20,20],"current_hp_per_floor":[72,72,70,70,70,70,70,70,70,72,82,82,82,82,82,63,82,74,54,54,32,32],"gold":99,"neow_bonus":"TWO_FIFTY_GOLD","is_daily":false,"chose_seed":false,"campfire_upgraded":3,"win_rate":0.0,"timestamp":1611428284,"path_taken":["M","M","?","$","M","R","E","R","T","M","E","M","E","?","R","BOSS","M","M","$","M"],"items_purchased_type":["Relic","Relic","Card"],"build_version":"2020-12-22","purchased_purges":2,"victory":false,"max_hp_per_floor":[72,72,72,72,72,72,72,72,72,72,82,82,82,82,82,82,82,85,88,88,88,88],"relic_stats":{"counters":[14,86],"Bag of Preparation":[10],"Question Card":10,"obtain_stats":[{"HornCleat":4,"Pear":11,"SacredBark":17,"The Courier":9,"Bag of Preparation":13,"Question Card":7,"Burning Blood":0,"ClockworkSouvenir":20},{"HornCleat":3,"Pear":7,"SacredBark":11,"The Courier":5,"Bag of Preparation":9,"Question Card":5,"Burning Blood":0,"ClockworkSouvenir":13},{"HornCleat":12,"Pear":38,"SacredBark":63,"The Courier":22,"Bag of Preparation":46,"Question Card":22,"Burning Blood":0,"ClockworkSouvenir":81}],"Burning Blood":68},"card_choices":[{"not_picked":["Rupture","Dropkick"],"picked":"Sword Boomerang","floor":1.0},{"not_picked":["Warcry","Sword Boomerang"],"picked":"True Grit","floor":2.0},{"not_picked":["Second Wind","Anger"],"picked":"Thunderclap","floor":3.0},{"not_picked":["Armaments","Heavy Blade"],"picked":"Shrug It Off","floor":5.0},{"not_picked":["Shrug It Off","Bloodletting"],"picked":"Metallicize","floor":7.0},{"not_picked":["Iron Wave","Entrench","Havoc"],"picked":"Pommel Strike","floor":10.0},{"not_picked":["Combust","Body Slam","Entrench","Sword Boomerang"],"picked":"SKIP","floor":11.0},{"not_picked":["Clothesline","Burning Pact","Pummel"],"picked":"Fiend Fire","floor":12.0},{"not_picked":["Flex","Clash","Ghostly Armor"],"picked":"Shrug It Off","floor":13.0},{"not_picked":["Headbutt","Clothesline","Pommel Strike"],"picked":"Dropkick","floor":14.0},{"not_picked":["Double Tap","Impervious","Exhume"],"picked":"Feed","floor":16.0},{"not_picked":["Cleave+1","Flex","Wild Strike"],"picked":"Flame Barrier+1","floor":18.0},{"not_picked":["Warcry","Flex","Rampage"],"picked":"Dark Embrace","floor":19.0}],"player_experience":270387,"relics_obtained":[{"floor":7.0,"key":"Question Card"},{"floor":9.0,"key":"The Courier"},{"floor":11.0,"key":"Pear"},{"floor":13.0,"key":"Bag of Preparation"}],"event_choices":[],"is_beta":false,"boss_relics":[{"not_picked":["Runic Dome","Calling Bell"],"picked":"SacredBark"}],"items_purged_floors":[4,20],"is_endless":false,"potions_floor_spawned":[2,3,11,13,14,19,21],"killed_by":"Snake Plant","ascension_level":1}}