{"host":"9l4mw5jqza9qz9hr","time":1611409323,"event":{"mods":["AchievementEnabler","Always Whale","BaseMod","Colored Map","Minty Spire (QoL Compilation)","StSLib","SuperFastMode"],"gold_per_floor":[115,115,115,126,137,137,166,53,53,53,86,86,86,86,86,163,163,180,54,153,180,180,180,180],"floor_reached":23,"language":"KOR","playtime":537,"items_purged":["Strike_B"],"score":353,"play_id":"ae1fb030-19c9-4613-be79-35d925571465","local_time":"20210123224203","is_ascension_mode":true,"campfire_choices":[{"data":"Lockon","floor":6.0,"key":"SMITH"},{"floor":10.0,"key":"REST"},{"floor":12.0,"key":"REST"},{"data":"Defragment","floor":15.0,"key":"SMITH"}],"circlet_count":0,"master_deck":["AscendersBane","Defend_B","Defend_B","Defend_B","Zap","Dualcast","Lockon+1","Redo","Self Repair","Go for the Eyes","Self Repair","Defragment+1","Force Field","Echo Form","CurseOfTheBell","Conserve Battery+1","Double Energy+1","Hologram+1"],"relics":["Cracked Core","The Courier","Letter Opener","Vajra","Pear","Calling Bell","MealTicket","Toxic Egg 2","Mango","Red Mask"],"acts_visited":["Exordium","TheCity"],"potions_floor_usage":[],"damage_taken":[{"damage":1.0,"enemies":"Cultist","floor":1.0,"turns":3.0},{"damage":16.0,"enemies":"Small Slimes","floor":4.0,"turns":3.0},{"damage":12.0,"enemies":"Jaw Worm","floor":5.0,"turns":3.0},{"damage":25.0,"enemies":"Lagavulin","floor":7.0,"turns":6.0},{"damage":36.0,"enemies":"Gremlin Nob","floor":11.0,"turns":5.0},{"damage":22.0,"enemies":"Hexaghost","floor":16.0,"turns":9.0},{"damage":27.0,"enemies":"Shell Parasite","floor":18.0,"turns":6.0},{"damage":87,"enemies":"Masked Bandits","floor":21,"turns":7},{"damage":0,"enemies":"Slavers","floor":23,"turns":1}],"seed_played":"3331222127173292340","potions_obtained":[{"floor":4.0,"key":"Dexterity Potion"},{"floor":5.0,"key":"Ancient Potion"}],"is_trial":false,"path_per_floor":["M","?","?","M","M","R","E","$","T","R","E","R","?","T","R","B",null,"M","$","?","?","?","E"],"character_chosen":"DEFECT","items_purchased":["Self Repair","Defragment","Double Energy+1","Hologram+1"],"campfire_rested":2,"item_purchase_floors":[8,8,19,19],"current_hp_per_floor":[63,68,68,52,40,40,22,22,22,42,20,40,33,43,43,35,82,76,91,91,18,18,18,18],"gold":180,"neow_bonus":"REMOVE_TWO","is_daily":false,"chose_seed":false,"campfire_upgraded":2,"win_rate":0.0,"timestamp":1611409323,"path_taken":["M","?","?","?","M","R","E","?","T","R","E","R","?","?","R","BOSS","M","$","?","?","?","E"],"items_purchased_type":["Card","Card","Card","Card"],"build_version":"2020-12-22","purchased_purges":1,"victory":false,"max_hp_per_floor":[64,69,69,69,69,69,69,69,69,69,69,69,69,79,79,79,93,93,93,93,93,93,93,93],"card_choices":[{"not_picked":["Turbo","Rebound"],"picked":"Lockon","floor":1.0},{"not_picked":["Blizzard","Chaos"],"picked":"Redo","floor":4.0},{"not_picked":["Conserve Battery","Steam"],"picked":"Self Repair","floor":5.0},{"not_picked":["Meteor Strike","Leap"],"picked":"Go for the Eyes","floor":7.0},{"not_picked":["Loop","Steam Power"],"picked":"Force Field","floor":11.0},{"not_picked":["Multi-Cast","Reboot"],"picked":"Echo Form","floor":16.0},{"not_picked":["Double Energy+1","Turbo+1"],"picked":"Conserve Battery+1","floor":18}],"player_experience":237247,"relics_obtained":[{"floor":7.0,"key":"The Courier"},{"floor":9.0,"key":"Letter Opener"},{"floor":11.0,"key":"Vajra"},{"floor":14.0,"key":"Pear"},{"floor":17.0,"key":"MealTicket"},{"floor":17.0,"key":"Toxic Egg 2"},{"floor":17.0,"key":"Mango"},{"floor":21,"key":"Red Mask"}],"event_choices":[{"damage_healed":0.0,"max_hp_gain":5.0,"max_hp_loss":0.0,"gold_gain":0.0,"event_name":"Big Fish","player_choice":"Donut","floor":2.0,"gold_loss":0.0,"damage_taken":0.0},{"cards_removed":["Defend_B"],"damage_healed":0.0,"max_hp_gain":0.0,"max_hp_loss":0.0,"gold_gain":0.0,"event_name":"Bonfire Elementals","player_choice":"Offered Basic","floor":3.0,"gold_loss":0.0,"damage_taken":0.0},{"cards_removed":["Strike_B"],"damage_healed":0.0,"max_hp_gain":0.0,"max_hp_loss":0.0,"gold_gain":0.0,"event_name":"Golden Wing","player_choice":"Card Removal","floor":13.0,"gold_loss":0.0,"damage_taken":7.0},{"damage_healed":0,"gold_gain":99,"player_choice":"Stole From Cult","damage_taken":0,"max_hp_gain":0,"max_hp_loss":0,"event_name":"Nest","floor":20,"gold_loss":0},{"damage_healed":0,"gold_gain":0,"player_choice":"Fought Bandits","damage_taken":0,"max_hp_gain":0,"max_hp_loss":0,"event_name":"Masked Bandits","floor":21,"gold_loss":0},{"damage_healed":0,"gold_gain":0,"player_choice":"Ignored","damage_taken":0,"max_hp_gain":0,"max_hp_loss":0,"event_name":"Cursed Tome","floor":22,"gold_loss":0}],"is_beta":false,"boss_relics":[{"not_picked":["Fusion Hammer","Cursed Key"],"picked":"Calling Bell"}],"items_purged_floors":[19],"is_endless":false,"potions_floor_spawned":[4,5],"killed_by":"Slavers","ascension_level":14}}