{"host":"wjyw75lb8j8cz20i","time":1611419145,"event":{"mods":["Act Like it!","Arknights The Spire","BaseMod","Colored Powertips","Friendly Minions","KinomotoSakuraMod(木之本樱)","Kiyohime（清姬）","Koishi","Marisa（F雨　魔理沙）","Minty Spire (QoL Compilation)","Quick Restart","Remilia（蕾米莉亚）","Replay The Spire","StSLib","WarShipGirlsR/战舰少女R mod"],"gold_per_floor":[110,124,138,150,167,167,167],"floor_reached":6,"language":"ZHS","playtime":569,"items_purged":[],"score":40,"play_id":"ac6bf284-22b3-4865-8a95-8a1b6eaafa36","local_time":"20210124002545","is_ascension_mode":false,"campfire_choices":[],"circlet_count":0,"master_deck":["ClowCardTheSword","ClowCardTheSword","ClowCardTheSword","ClowCardTheSword","ClowCardTheShield","ClowCardTheShield","ClowCardTheShield","ClowCardTheShield","SpellCardSeal","SpellCardRelease","ClowCardTheDream","ClowCardTheLight","ClowCardTheWatery","ClowCardTheSilent","ClowCardTheSong"],"relics":["KSMOD_SealedBook","KSMOD_SealedWand","NeowsBlessing"],"acts_visited":["Exordium"],"potions_floor_usage":[],"damage_taken":[{"damage":0,"enemies":"Cultist","floor":1,"turns":1},{"damage":0,"enemies":"Small Slimes","floor":2,"turns":1},{"damage":0,"enemies":"Jaw Worm","floor":3,"turns":1},{"damage":21,"enemies":"Exordium Thugs","floor":4,"turns":7},{"damage":14,"enemies":"Blue Slaver","floor":5,"turns":4},{"damage":35,"enemies":"Replay:BlueRogue","floor":6,"turns":21}],"seed_played":"5959933056318537497","potions_obtained":[{"floor":1,"key":"Milkshake"},{"floor":4,"key":"Energy Potion"}],"is_trial":false,"path_per_floor":["M","M","M","M","M","E"],"character_chosen":"KINOMOTOSAKURA","items_purchased":[],"campfire_rested":0,"item_purchase_floors":[],"current_hp_per_floor":[70,70,70,49,35,0,0],"gold":167,"neow_bonus":"THREE_ENEMY_KILL","is_daily":false,"chose_seed":false,"campfire_upgraded":0,"win_rate":0.0,"timestamp":1611419145,"path_taken":["M","M","M","M","M","E"],"items_purchased_type":[],"build_version":"2020-12-22","purchased_purges":0,"victory":false,"max_hp_per_floor":[70,70,70,70,70,70,70],"card_choices":[{"not_picked":["ClowCardTheSleep","ClowCardTheRain"],"picked":"ClowCardTheDream","floor":1},{"not_picked":["ClowCardTheMirror","ClowCardTheLittle"],"picked":"ClowCardTheLight","floor":2},{"not_picked":["ClowCardTheVoice","ClowCardTheSand"],"picked":"ClowCardTheWatery","floor":3},{"not_picked":["ClowCardTheLibra","ClowCardTheMirror"],"picked":"ClowCardTheSilent","floor":4},{"not_picked":["ClowCardTheMaze","ClowCardTheFly"],"picked":"ClowCardTheSong","floor":5}],"player_experience":77253,"relics_obtained":[],"event_choices":[],"is_beta":false,"boss_relics":[],"items_purged_floors":[],"is_endless":false,"potions_floor_spawned":[1,4],"killed_by":"Replay:BlueRogue","ascension_level":0}}