{"host":"drkpql2ocxl3f5d4","time":1611394677,"event":{"mods":["BaseMod","Colored Map","Downfall","Energized Spire","Friendly Minions","Googly Eyes","Infinite Spire","Minty Spire (QoL Compilation)","StSLib"],"gold_per_floor":[99,117,131,14,25,54,78,13,13,30,40,140,40,40,54,158,158,158,169,169,169,169,182,182,198,210,250,280,140,140,55,75,173,173,173,190,205,224,29,43,69,69,69,82,82,82,82,98,110,110],"floor_reached":51,"language":"ENG","playtime":3065,"items_purged":["Writhe","bronze:Strike"],"score":723,"play_id":"1f72779a-e695-4e2e-8533-14064320b43a","local_time":"20210123103757","is_ascension_mode":false,"campfire_choices":[{"data":"Discovery","floor":1,"key":"SMITH"},{"data":"bronze:Iterate","floor":9,"key":"SMITH"},{"data":"bronze:Allocate","floor":13,"key":"SMITH"},{"data":"infinitespire:Collect","floor":18,"key":"SMITH"},{"floor":30,"key":"REST"},{"floor":35,"key":"RECALL"},{"data":"bronze:Philosophize","floor":42,"key":"SMITH"},{"data":"expansioncontent:Chronoboost","floor":45,"key":"SMITH"},{"data":"bronze:Boost","floor":47,"key":"SMITH"}],"circlet_count":0,"master_deck":["bronze:Strike","bronze:Defend","bronze:Defend","bronze:Defend","bronze:Defend","bronze:Replicate","bronze:Goto","Discovery+1","bronze:WhirlingStrike","bronze:DarkDash","bronze:OilSpill","bronze:OilSpill","bronze:InfiniteBeams","bronze:OilSpill","bronze:Iterate+1","bronze:Repair","bronze:Branch","bronze:Allocate+1","infinitespire:Collect+1","bronze:Constructor","bronze:Assembly","bronze:Frontload","bronze:Invalidate+1","bronze:Constructor+1","bronze:WhirlingStrike+1","bronze:OilSpill","bronze:Boost+1","bronze:ThunderWave","bronze:Assembly","bronze:DelayedGuard+1","bronze:DarkDash","bronze:Philosophize+1","Master of Strategy","bronze:FollowUp+1","expansioncontent:Chronoboost+1","bronze:WhirlingStrike+1"],"relics":["bronze:BronzeCore","Strawberry","infinitespire:PuzzleCube","downfall:HeartBlessingGreen","energizedSpire:NeverEndingSparkler","Gambling Chip","infinitespire:BottledMercury","Anchor","Coffee Dripper","TheAbacus","Juzu Bracelet"],"acts_visited":["Exordium","TheCity","TheBeyond"],"potions_floor_usage":[15,16,16,27,28,33,40,40,50],"damage_taken":[{"damage":1,"enemies":"Cultist","floor":2,"turns":4},{"damage":1,"enemies":"Jaw Worm","floor":3,"turns":3},{"damage":0,"enemies":"downfall:FleeingMerchant","floor":4,"turns":4},{"damage":0,"enemies":"Small Slimes","floor":5,"turns":2},{"damage":7,"enemies":"3 Sentries","floor":6,"turns":6},{"damage":0,"enemies":"downfall:FleeingMerchant","floor":8,"turns":4},{"damage":5,"enemies":"Exordium Wildlife","floor":10,"turns":3},{"damage":4,"enemies":"Blue Slaver","floor":11,"turns":2},{"damage":0,"enemies":"Exordium Thugs","floor":15,"turns":3},{"damage":22,"enemies":"WA_ARCHETYPE_RETAIN","floor":16,"turns":6},{"damage":12,"enemies":"Shell Parasite","floor":19,"turns":5},{"damage":4,"enemies":"Spheric Guardian","floor":23,"turns":3},{"damage":0,"enemies":"Cultist and Chosen","floor":25,"turns":6},{"damage":4,"enemies":"Centurion and Healer","floor":26,"turns":6},{"damage":11,"enemies":"3 Cultists","floor":27,"turns":6},{"damage":52,"enemies":"Slavers","floor":28,"turns":8},{"damage":14,"enemies":"downfall:FleeingMerchant","floor":29,"turns":4},{"damage":3,"enemies":"downfall:FleeingMerchant","floor":31,"turns":4},{"damage":0,"enemies":"Chosen and Byrds","floor":32,"turns":4},{"damage":45,"enemies":"DF_ARCHETYPE_CLAW","floor":33,"turns":10},{"damage":0,"enemies":"3 Shapes","floor":36,"turns":1},{"damage":2,"enemies":"3 Darklings","floor":37,"turns":4},{"damage":7,"enemies":"4 Shapes","floor":38,"turns":5},{"damage":0,"enemies":"downfall:FleeingMerchant","floor":39,"turns":3},{"damage":0,"enemies":"Transient","floor":40,"turns":5},{"damage":0,"enemies":"Jaw Worm Horde","floor":44,"turns":6},{"damage":8,"enemies":"3 Darklings","floor":48,"turns":8},{"damage":9,"enemies":"Maw","floor":49,"turns":7},{"damage":64,"enemies":"IC_BLOCK_ARCHETYPE","floor":50,"turns":10}],"seed_played":"-8520807877471838729","potions_obtained":[{"floor":3,"key":"DistilledChaos"},{"floor":5,"key":"PowerPotion"},{"floor":15,"key":"Regen Potion"},{"floor":19,"key":"ColorlessPotion"},{"floor":26,"key":"GamblersBrew"},{"floor":28,"key":"GamblersBrew"},{"floor":32,"key":"Fire Potion"},{"floor":40,"key":"DuplicationPotion"},{"floor":48,"key":"Energy Potion"}],"is_trial":false,"path_per_floor":["R","M","M","$","M","E","T","$","R","M","M","?","R","?","M","B",null,"R","M","?","?","?","M","T","M","M","M","E","$","R","$","M","B",null,"R","M","M","M","$","M","T","R","?","M","R","?","R","M","M","B",null],"character_chosen":"THE_AUTOMATON","items_purchased":["bronze:OilSpill","bronze:InfiniteBeams","Dexterity Potion","ColorlessPotion","bronze:Boost","bronze:Philosophize","TheAbacus","Master of Strategy","DistilledChaos"],"campfire_rested":1,"item_purchase_floors":[4,4,8,29,31,39,39,39,39],"current_hp_per_floor":[70,69,68,68,68,68,68,68,68,63,59,59,59,40,50,50,77,77,65,65,65,65,61,61,68,71,66,21,14,37,41,48,10,77,77,77,77,70,77,77,77,77,77,77,77,77,77,75,73,16],"gold":110,"neow_bonus":"RANDOM_COLORLESS","is_daily":false,"chose_seed":false,"campfire_upgraded":7,"win_rate":0.0,"timestamp":1611394677,"path_taken":["R","M","M","$","M","E","T","?","R","M","M","?","R","?","M","BOSS","R","M","?","?","?","M","T","?","M","M","E","$","R","?","M","BOSS","R","M","M","M","$","?","T","R","?","M","R","?","R","M","M","BOSS"],"items_purchased_type":["Card","Card","Potion","Potion","Card","Card","Relic","Card","Potion"],"build_version":"2020-12-22","purchased_purges":2,"victory":true,"max_hp_per_floor":[70,70,70,70,70,77,77,77,77,77,77,77,77,77,77,77,77,77,77,77,77,77,77,77,77,77,77,77,77,77,77,77,77,77,77,77,77,77,77,77,77,77,77,77,77,77,77,77,77,77],"card_choices":[{"not_picked":["Finesse","PanicButton"],"picked":"Discovery","floor":0},{"not_picked":["bronze:BugBarrage","bronze:Branch"],"picked":"bronze:WhirlingStrike","floor":2},{"not_picked":["bronze:Overload","bronze:Shield"],"picked":"bronze:DarkDash","floor":3},{"not_picked":["bronze:Assembly","bronze:InfiniteLoop"],"picked":"bronze:OilSpill","floor":4},{"not_picked":["bronze:Refactor","bronze:Iterate"],"picked":"bronze:OilSpill","floor":5},{"not_picked":["bronze:CutThrough","bronze:Separator"],"picked":"bronze:Iterate","floor":6},{"not_picked":["bronze:DelayedGuard","bronze:Philosophize"],"picked":"bronze:Repair","floor":8},{"not_picked":["bronze:Frontload","bronze:WhirlingStrike"],"picked":"bronze:Branch","floor":10},{"not_picked":["bronze:ChosenStrike","bronze:FineTuning"],"picked":"bronze:Allocate","floor":11},{"not_picked":["infinitespire:NeuralNetwork","infinitespire:Menacing"],"picked":"infinitespire:Collect","floor":14},{"not_picked":["bronze:InfiniteBeams","bronze:BugBarrage"],"picked":"bronze:Constructor","floor":15},{"not_picked":["bronze:AlphaBuild","bronze:BurnOut"],"picked":"bronze:Assembly","floor":16},{"not_picked":["bronze:ForLoop+1","bronze:FineTuning","bronze:ForceShield"],"picked":"SKIP","floor":19},{"not_picked":["bronze:DelayedGuard","bronze:Shield","bronze:ChildClass+1"],"picked":"SKIP","floor":23},{"not_picked":["bronze:Frontload+1","bronze:BitShift"],"picked":"bronze:Invalidate+1","floor":25},{"not_picked":["bronze:DelayedSlice+1","bronze:Overheat","bronze:Fortify"],"picked":"SKIP","floor":26},{"not_picked":["bronze:ShipIt","bronze:BronzeArmor","bronze:Turbo+1"],"picked":"SKIP","floor":27},{"not_picked":["bronze:BronzeArmor","bronze:Flail"],"picked":"bronze:Constructor+1","floor":28},{"not_picked":["bronze:Philosophize","bronze:Backtrace"],"picked":"bronze:WhirlingStrike+1","floor":29},{"not_picked":["bronze:FineTuning","bronze:Turbo+1"],"picked":"bronze:OilSpill","floor":31},{"not_picked":["bronze:Shield","bronze:Deprecate"],"picked":"bronze:ThunderWave","floor":32},{"not_picked":["bronze:BurnOut","bronze:HyperBeam"],"picked":"bronze:Assembly","floor":33},{"not_picked":["bronze:Backtrace","bronze:Shell+1","bronze:ChosenStrike+1"],"picked":"SKIP","floor":36},{"not_picked":["bronze:Turbo","bronze:WildBeam+1"],"picked":"bronze:DelayedGuard+1","floor":37},{"not_picked":["bronze:ForceShield","bronze:ChildClass+1","bronze:GetLatest+1"],"picked":"SKIP","floor":38},{"not_picked":["bronze:Iterate+1","bronze:Safeguard"],"picked":"bronze:DarkDash","floor":39},{"not_picked":["bronze:DelayedGuard+1","bronze:ChildClass+1"],"picked":"bronze:FollowUp+1","floor":40},{"not_picked":["expansioncontent:YouAreMine","expansioncontent:AwakenDeath"],"picked":"expansioncontent:Chronoboost","floor":43},{"not_picked":["bronze:Repair","bronze:BugBarrage+1","bronze:Philosophize"],"picked":"SKIP","floor":44},{"not_picked":["bronze:FineTuning","bronze:BitShift","bronze:Constructor+1"],"picked":"SKIP","floor":48},{"not_picked":["bronze:Repulsor","bronze:Separator+1"],"picked":"bronze:WhirlingStrike+1","floor":49}],"player_experience":678737,"relics_obtained":[{"floor":6,"key":"Strawberry"},{"floor":7,"key":"infinitespire:PuzzleCube"},{"floor":24,"key":"infinitespire:BottledMercury"},{"floor":28,"key":"Anchor"},{"floor":41,"key":"Juzu Bracelet"}],"event_choices":[{"damage_healed":0,"gold_gain":0,"player_choice":"Ignored","damage_taken":0,"max_hp_gain":0,"max_hp_loss":0,"event_name":"Vampires","floor":21,"gold_loss":0},{"cards_removed":["bronze:Strike"],"damage_healed":0,"gold_gain":0,"player_choice":"Offered Basic","damage_taken":0,"max_hp_gain":0,"max_hp_loss":0,"event_name":"Bonfire Elementals","floor":46,"gold_loss":0}],"is_beta":false,"boss_relics":[{"not_picked":["energizedSpire:RedRose","bronze:PlatinumCore"],"picked":"energizedSpire:NeverEndingSparkler"},{"not_picked":["Velvet Choker","Runic Pyramid"],"picked":"Coffee Dripper"}],"items_purged_floors":[29,39],"is_endless":false,"potions_floor_spawned":[3,5,10,11,15,19,26,28,32,40,48],"ascension_level":0}}