{"host":"vhvm1b4sel61ztfv","time":1611432764,"event":{"mods":["BaseMod","BetterRewards","Displayed Cursed Tome","Gold Saver","Minty Spire (QoL Compilation)","StSLib"],"gold_per_floor":[1962,1596,1596,1607,1622,1648,1648,1665,1665,1371,1371,1391,1391,1406,1406,1510,1510,1525,1525,1525,1140,1159,1171,1188,1188,1188,941,955,955,589,619,619,721,721,739,739,759,609,619,648,695,449,449,449,118,118,144,154,154,154,154,154,6,34,34],"floor_reached":56,"language":"ENG","playtime":2580,"items_purged":["Strike_G","Strike_G","Strike_G","Strike_G","Strike_G"],"score":1625,"play_id":"d8072077-d1c4-40bd-8ab0-a5431292c800","local_time":"20210123151244","is_ascension_mode":false,"campfire_choices":[{"data":"Noxious Fumes","floor":7,"key":"SMITH"},{"data":"Crippling Poison","floor":15,"key":"SMITH"},{"data":"Envenom","floor":29,"key":"SMITH"},{"data":"Adrenaline","floor":32,"key":"SMITH"},{"floor":44,"key":"RECALL"},{"data":"Envenom","floor":46,"key":"SMITH"},{"data":"Deadly Poison","floor":49,"key":"SMITH"},{"data":"PiercingWail","floor":52,"key":"SMITH"}],"circlet_count":0,"master_deck":["Defend_G","Defend_G","Defend_G+1","Defend_G","Defend_G","Survivor+1","Neutralize+1","Poisoned Stab+1","Noxious Fumes+1","Deadly Poison","Crippling Poison+1","Deadly Poison+1","Noxious Fumes+1","Poisoned Stab+1","Bane+1","Noxious Fumes+1","Poisoned Stab+1","Terror","Adrenaline+1","Bane+1","Envenom+1","Bane+1","Envenom+1","Choke+1","Backstab+1","PiercingWail+1","Envenom+1"],"relics":["Ring of the Snake","Frozen Eye","Pear","Molten Egg 2","TwistedFunnel","Pantograph","Regal Pillow","Lizard Tail","Ice Cream","Mummified Hand","ClockworkSouvenir","HandDrill","Lee\u0027s Waffle","Ninja Scroll","Thread and Needle","Anchor","Membership Card","Bronze Scales","Toy Ornithopter","Black Star","Letter Opener","The Specimen","Meat on the Bone","Shuriken","Singing Bowl","Ornamental Fan","Prayer Wheel","Ancient Tea Set","Orrery","Bag of Marbles","Paper Crane","Philosopher\u0027s Stone","Bottled Tornado","Strawberry","Tingsha","HornCleat","Turnip","Snake Skull","War Paint","StrikeDummy","Juzu Bracelet","Kunai","Sling","Potion Belt","Whetstone","DollysMirror","Mercury Hourglass","Bottled Flame"],"acts_visited":["Exordium","TheCity","TheBeyond","TheEnding"],"potions_floor_usage":[6,16,18,33,55,55,55,55],"damage_taken":[{"damage":0,"enemies":"2 Louse","floor":1,"turns":1},{"damage":0,"enemies":"Cultist","floor":4,"turns":2},{"damage":2,"enemies":"Jaw Worm","floor":5,"turns":2},{"damage":9,"enemies":"Lagavulin","floor":6,"turns":3},{"damage":0,"enemies":"3 Louse","floor":8,"turns":1},{"damage":0,"enemies":"Large Slime","floor":12,"turns":2},{"damage":0,"enemies":"Gremlin Gang","floor":14,"turns":2},{"damage":12,"enemies":"Slime Boss","floor":16,"turns":7},{"damage":4,"enemies":"Shell Parasite","floor":18,"turns":3},{"damage":0,"enemies":"Chosen","floor":22,"turns":3},{"damage":1,"enemies":"Snake Plant","floor":23,"turns":2},{"damage":0,"enemies":"3 Cultists","floor":24,"turns":3},{"damage":0,"enemies":"Cultist and Chosen","floor":28,"turns":3},{"damage":10,"enemies":"Gremlin Leader","floor":31,"turns":4},{"damage":9,"enemies":"Collector","floor":33,"turns":5},{"damage":0,"enemies":"Orb Walker","floor":35,"turns":2},{"damage":0,"enemies":"3 Darklings","floor":37,"turns":4},{"damage":5,"enemies":"Writhing Mass","floor":39,"turns":3},{"damage":10,"enemies":"Giant Head","floor":40,"turns":6},{"damage":0,"enemies":"2 Orb Walkers","floor":41,"turns":1},{"damage":0,"enemies":"Reptomancer","floor":47,"turns":3},{"damage":0,"enemies":"Spire Growth","floor":48,"turns":2},{"damage":35,"enemies":"Donu and Deca","floor":50,"turns":6},{"damage":0,"enemies":"Shield and Spear","floor":54,"turns":3},{"damage":82,"enemies":"The Heart","floor":55,"turns":6}],"seed_played":"4262818603402567505","potions_obtained":[{"floor":4,"key":"Swift Potion"},{"floor":8,"key":"PowerPotion"},{"floor":16,"key":"Strength Potion"},{"floor":24,"key":"Energy Potion"},{"floor":28,"key":"CunningPotion"},{"floor":33,"key":"Ancient Potion"},{"floor":47,"key":"Explosive Potion"}],"is_trial":false,"path_per_floor":["M","$","?","M","M","E","R","M","T","$","?","M","?","M","R","B",null,"M","?","?","$","M","M","M","?","T","$","M","R","$","E","R","B",null,"M","T","M","$","M","E","?","$","T","R","$","R","E","M","R","B",null,"R","$","E","B",null],"character_chosen":"THE_SILENT","items_purchased":["Frozen Eye","Pear","Molten Egg 2","CunningPotion","Poisoned Stab+1","Noxious Fumes","Deadly Poison","TwistedFunnel","Crippling Poison","Pantograph","CultistPotion","Regal Pillow","Lizard Tail","Deadly Poison","Mummified Hand","Noxious Fumes","Poisoned Stab+1","ClockworkSouvenir","Bane+1","Noxious Fumes","HandDrill","Lee\u0027s Waffle","Ninja Scroll","Thread and Needle","Membership Card","Bronze Scales","Toy Ornithopter","The Specimen","Meat on the Bone","GhostInAJar","Singing Bowl","Ornamental Fan","Prayer Wheel","Ancient Tea Set","Orrery","Strawberry","Snake Skull","War Paint","Juzu Bracelet","Kunai","Sling","CultistPotion","Whetstone","DollysMirror"],"campfire_rested":0,"item_purchase_floors":[0,0,0,0,0,0,0,0,0,0,0,0,0,0,0,0,0,0,0,0,0,0,0,2,10,10,10,21,21,21,27,27,30,30,30,38,42,42,45,45,45,45,53,53],"current_hp_per_floor":[87,87,87,87,85,76,76,76,76,76,76,76,76,76,76,75,87,83,83,83,83,83,82,82,76,76,76,78,78,86,78,78,90,99,103,103,105,112,111,101,103,103,103,103,103,103,103,107,107,87,122,122,122,124,64],"gold":34,"neow_bonus":"","is_daily":false,"chose_seed":false,"campfire_upgraded":7,"win_rate":0.0,"timestamp":1611432764,"path_taken":["M","$","?","M","M","E","R","?","T","$","?","M","?","M","R","BOSS","M","?","?","$","M","M","M","?","T","$","M","R","$","E","R","BOSS","M","?","M","$","M","E","?","$","T","R","$","R","E","M","R","BOSS","R","$","E","BOSS"],"items_purchased_type":["Relic","Relic","Relic","Potion","Card","Card","Card","Relic","Card","Relic","Potion","Relic","Relic","Card","Relic","Card","Card","Relic","Card","Card","Relic","Relic","Relic","Relic","Relic","Relic","Relic","Relic","Relic","Potion","Relic","Relic","Relic","Relic","Relic","Relic","Relic","Relic","Relic","Relic","Relic","Potion","Relic","Relic"],"build_version":"2020-12-22","purchased_purges":5,"victory":true,"max_hp_per_floor":[87,87,87,87,87,87,87,87,87,87,87,87,87,87,87,87,87,87,87,87,87,87,87,87,87,87,87,89,89,97,99,99,99,99,103,103,105,112,116,116,118,118,118,118,118,118,118,122,122,122,122,122,122,124,124],"card_choices":[{"not_picked":["Deadly Poison","Endless Agony+1"],"picked":"Poisoned Stab+1","floor":1},{"not_picked":["Eviscerate+1","Deadly Poison"],"picked":"Terror","floor":4},{"not_picked":["Setup","Dagger Throw+1","Expertise"],"picked":"SKIP","floor":5},{"not_picked":["Quick Slash+1","PiercingWail","Acrobatics"],"picked":"SKIP","floor":6},{"not_picked":["Dodge and Roll","Blade Dance","Deadly Poison"],"picked":"SKIP","floor":8},{"not_picked":["Riddle With Holes+1","Quick Slash+1","Acrobatics"],"picked":"SKIP","floor":12},{"not_picked":["Outmaneuver","Unload+1","Footwork"],"picked":"SKIP","floor":14},{"not_picked":["Night Terror","Grand Finale+1"],"picked":"Adrenaline","floor":16},{"not_picked":["Calculated Gamble","Sucker Punch+1"],"picked":"Bane+1","floor":18},{"not_picked":["Prepared","Blade Dance","Leg Sweep"],"picked":"SKIP","floor":22},{"not_picked":["PiercingWail","Cloak And Dagger","Footwork+1"],"picked":"SKIP","floor":23},{"not_picked":["Concentrate","Dagger Throw+1"],"picked":"Envenom","floor":24},{"not_picked":["Underhanded Strike+1","Crippling Poison","Sucker Punch+1"],"picked":"Singing Bowl","floor":28},{"not_picked":["Blade Dance+1","Flechettes+1","Dagger Throw+1"],"picked":"Singing Bowl","floor":30},{"not_picked":["After Image","Underhanded Strike+1"],"picked":"Bane+1","floor":30},{"not_picked":["Blade Dance","Finisher+1","Dash+1"],"picked":"Singing Bowl","floor":30},{"not_picked":["Bane+1","Deadly Poison","Infinite Blades"],"picked":"Singing Bowl","floor":30},{"not_picked":["PiercingWail","Burst","Blade Dance+1"],"picked":"Singing Bowl","floor":30},{"not_picked":["Infinite Blades","Dagger Spray+1","Endless Agony+1"],"picked":"Singing Bowl","floor":31},{"not_picked":["Die Die Die+1","Grand Finale+1"],"picked":"Envenom","floor":33},{"not_picked":["Cloak And Dagger+1","Blade Dance+1","Footwork"],"picked":"Singing Bowl","floor":35},{"not_picked":["Prepared","Cloak And Dagger+1","Dodge and Roll+1"],"picked":"Singing Bowl","floor":35},{"not_picked":["Concentrate+1","Finisher+1"],"picked":"Choke+1","floor":37},{"not_picked":["Footwork+1","Slice+1","Deflect"],"picked":"Singing Bowl","floor":37},{"not_picked":["Accuracy","Quick Slash+1","Underhanded Strike+1"],"picked":"Singing Bowl","floor":39},{"not_picked":["Quick Slash+1","Flying Knee+1","Poisoned Stab+1"],"picked":"Singing Bowl","floor":39},{"not_picked":["Glass Knife+1","Phantasmal Killer"],"picked":"Backstab+1","floor":40},{"not_picked":["Bane+1","Calculated Gamble+1","Dagger Spray+1"],"picked":"Singing Bowl","floor":41},{"not_picked":["Cloak And Dagger","Footwork+1"],"picked":"PiercingWail","floor":47},{"not_picked":["Dagger Throw+1","Bane+1","Flying Knee+1"],"picked":"Singing Bowl","floor":48},{"not_picked":["Caltrops","Sucker Punch+1","Deflect+1"],"picked":"Singing Bowl","floor":48},{"not_picked":["Phantasmal Killer","Tactician+1","Concentrate"],"picked":"Singing Bowl","floor":54}],"player_experience":165638,"relics_obtained":[{"floor":6,"key":"Anchor"},{"floor":26,"key":"Shuriken"},{"floor":31,"key":"Bag of Marbles"},{"floor":31,"key":"Paper Crane"},{"floor":36,"key":"Bottled Tornado"},{"floor":40,"key":"Tingsha"},{"floor":40,"key":"HornCleat"},{"floor":41,"key":"Turnip"},{"floor":43,"key":"StrikeDummy"},{"floor":47,"key":"Potion Belt"},{"floor":54,"key":"Mercury Hourglass"},{"floor":54,"key":"Bottled Flame"}],"event_choices":[{"damage_healed":0,"gold_gain":0,"player_choice":"Upgraded","damage_taken":0,"max_hp_gain":0,"max_hp_loss":0,"event_name":"Upgrade Shrine","floor":3,"gold_loss":0,"cards_upgraded":["Noxious Fumes"]},{"damage_healed":0,"gold_gain":0,"player_choice":"Grow","damage_taken":0,"max_hp_gain":0,"max_hp_loss":0,"event_name":"Living Wall","floor":11,"gold_loss":0,"cards_upgraded":["Noxious Fumes"]},{"damage_healed":0,"gold_gain":0,"player_choice":"Ignored","damage_taken":0,"max_hp_gain":0,"max_hp_loss":0,"event_name":"Transmorgrifier","floor":13,"gold_loss":0},{"damage_healed":0,"gold_gain":0,"player_choice":"Ignored","damage_taken":0,"max_hp_gain":0,"max_hp_loss":0,"event_name":"Vampires","floor":19,"gold_loss":0},{"damage_healed":0,"gold_gain":0,"player_choice":"Opened","damage_taken":0,"relics_obtained":["Letter Opener"],"max_hp_gain":0,"max_hp_loss":0,"event_name":"The Mausoleum","floor":20,"gold_loss":0},{"damage_healed":0,"gold_gain":0,"player_choice":"","damage_taken":6,"max_hp_gain":0,"max_hp_loss":0,"event_name":"Knowing Skull","floor":25,"potions_obtained":[],"gold_loss":0,"cards_obtained":[]},{"damage_healed":0,"gold_gain":0,"player_choice":"Fight","damage_taken":0,"max_hp_gain":0,"max_hp_loss":0,"event_name":"Mysterious Sphere","floor":41,"gold_loss":0}],"is_beta":false,"boss_relics":[{"not_picked":["Velvet Choker","Coffee Dripper"],"picked":"Black Star"},{"not_picked":["Cursed Key","Fusion Hammer"],"picked":"Philosopher\u0027s Stone"}],"items_purged_floors":[2,21,30,38,42],"is_endless":false,"potions_floor_spawned":[4,8,14,16,24,28,33,39,41,47],"ascension_level":0}}