{"host":"zk6vb2npgw3pu6j2","time":1611365856,"event":{"mods":["Act Like it!","Aspiration","Bard","BaseMod","Beaked The Cultist","Bestiary","Better Note","Better Sensory Stone","CapriCore","Conspire","Downfall","Friendly Minions","Gensokyo","GifTheSpireLib","Hallownest","Hermit","Hubris","Koishi","Marisa????????","Marked Mod","Minty Spire (QoL Compilation)","Quarter Circle Forward PUNCH!","Reimu??????","Replay The Spire","Retaliation","StSLib","The Administrix","The Alterego","The Blue Laboratory","The Bug Knight","The Construct","The Exalted","The Hierophant","The Immortal","The Marked","The Runesmith","The Senshi","The Servant 0.9.4","The Wild Card","TheVacant","Wandering Minibosses","yUi"],"gold_per_floor":[110,110,110,128,145,180,110,137,164,201,201,260,306,355,355,482,482,525,141,184,225,225,225,266,322,369,369,84,126,126,167,167,301,301,349,390,390,390,390,390],"floor_reached":39,"language":"ENG","playtime":3530,"items_purged":["alterego_mod:Defend"],"score":615,"play_id":"0f3cfdf9-291e-4ba3-8787-9ff9881e5040","local_time":"20210122203736","is_ascension_mode":false,"campfire_choices":[{"floor":15,"key":"REST"},{"data":"alterego_mod:Tantrum","floor":23,"key":"SMITH"},{"floor":27,"key":"REST"},{"floor":32,"key":"REST"}],"circlet_count":0,"master_deck":["alterego_mod:Strike","alterego_mod:Strike","alterego_mod:Strike","alterego_mod:Strike","alterego_mod:Defend","alterego_mod:Defend","alterego_mod:Defend+1","alterego_mod:Impale","alterego_mod:BigMeatyClaws","alterego_mod:BrynhildrsRune","alterego_mod:Crossover+1","alterego_mod:BeGentle+1","hubris:Greed","alterego_mod:TrashNCrash","alterego_mod:Pet+1","hubris:Greed","alterego_mod:ChallengeComplete","hubris:Greed","hubris:Greed","alterego_mod:BiFurious","Pain","hubris:Greed","Pride","Pride","alterego_mod:IndependentAction","hubris:Greed","alterego_mod:DeftHands","alterego_mod:Nekomimi","alterego_mod:Tantrum+1","alterego_mod:Jiggle","alterego_mod:BiFurious","alterego_mod:Birthday+1","alterego_mod:TrashNCrash","alterego_mod:ClassAdvantage","alterego_mod:TrickOrTreatment"],"relics":["alterego_mod:MasochisticConstitution","Ring of Misfortune","Snack Pack","HollowMod:PaleOreRelic","Oddly Smooth Stone","Gensokyo:LunaticRedEyes","CaptainsWheel","Runic Pyramid","Replay:Wax Seal","beaked:ShinyBauble","Gensokyo:ConquerorOfFear","hubris:ToyBattleship","Guide Book","ClockworkSouvenir","SacredBark"],"acts_visited":["Gensokyo:Gensokyo","Gensokyo:Gensokyoer","Gensokyo:Gensokyoest"],"potions_floor_usage":[12],"damage_taken":[{"damage":16,"enemies":"Gensokyo:Gryphon","floor":1,"turns":5},{"damage":7,"enemies":"Gensokyo:3_Fairies","floor":4,"turns":5},{"damage":4,"enemies":"Gensokyo:2_Kodama","floor":5,"turns":6},{"damage":19,"enemies":"Gensokyo:Mamizou","floor":6,"turns":8},{"damage":12,"enemies":"Gensokyo:VengefulSpirit","floor":8,"turns":5},{"damage":17,"enemies":"Gensokyo:2_Rabbits","floor":10,"turns":6},{"damage":42,"enemies":"Gensokyo:Aya","floor":12,"turns":6},{"damage":0,"enemies":"Gensokyo:CorruptedTreant","floor":13,"turns":5},{"damage":9,"enemies":"Gensokyo:Python_and_Kodama","floor":14,"turns":7},{"damage":20,"enemies":"Gensokyo:Reimu","floor":16,"turns":14},{"damage":8,"enemies":"Gensokyo:AngelMirror","floor":18,"turns":7},{"damage":0,"enemies":"Gensokyo:CosmicMonolith","floor":20,"turns":8},{"damage":47,"enemies":"Gensokyo:Swordslinger","floor":21,"turns":6},{"damage":24,"enemies":"Gensokyo:Wraith","floor":24,"turns":6},{"damage":26,"enemies":"Gensokyo:Koishi","floor":25,"turns":11},{"damage":25,"enemies":"Gensokyo:Chomper_and_Gloop","floor":29,"turns":6},{"damage":0,"enemies":"Gensokyo:Swordslinger","floor":31,"turns":6},{"damage":9,"enemies":"Gensokyo:Eternal_Rivals","floor":33,"turns":10},{"damage":0,"enemies":"Gensokyo:3_Bats","floor":35,"turns":7},{"damage":6,"enemies":"Gensokyo:AncientGuardian","floor":36,"turns":10},{"damage":81,"enemies":"Gensokyo:AncientGuardian","floor":37,"turns":5},{"damage":105,"enemies":"Gensokyo:4_Bats","floor":39,"turns":7}],"seed_played":"4288620187577543439","potions_obtained":[{"floor":1,"key":"CultistPotion"},{"floor":5,"key":"blueLaboratory:ExaltedPotion"},{"floor":8,"key":"blueLaboratory:Moonshine"},{"floor":13,"key":"champ:CounterPotion"}],"is_trial":false,"path_per_floor":["M","?","T","M","M","E","?","M","T","M","?","E","M","M","R","B",null,"M","$","M","M","?","R","M","E","T","R","COS","M","?","M","R","B",null,"M","M","?","?","M"],"character_chosen":"The_Alterego","items_purchased":["Replay:Wax Seal","alterego_mod:BiFurious","beaked:ShinyBauble"],"campfire_rested":3,"item_purchase_floors":[19,19,19],"current_hp_per_floor":[62,62,62,62,70,58,58,55,55,43,43,8,12,14,39,36,86,83,83,83,47,47,47,26,14,14,41,41,28,28,31,58,70,92,92,90,90,93,0,0],"gold":390,"neow_bonus":"TEN_PERCENT_HP_BONUS","is_daily":false,"chose_seed":false,"campfire_upgraded":1,"win_rate":0.0,"timestamp":1611365856,"path_taken":["M","?","?","M","M","E","?","M","T","M","?","E","M","M","R","BOSS","M","$","M","M","?","R","M","E","T","R","COS","M","?","M","R","BOSS","M","M","?","?","?"],"items_purchased_type":["Relic","Card","Relic"],"build_version":"2020-12-22","purchased_purges":1,"victory":false,"max_hp_per_floor":[78,78,78,79,80,81,81,82,82,83,83,84,84,85,85,86,86,87,87,87,88,88,88,89,90,90,90,90,91,91,91,91,92,92,92,93,93,93,93,93],"card_choices":[{"not_picked":["alterego_mod:Cycle","alterego_mod:Rip"],"picked":"alterego_mod:Crossover","floor":1},{"not_picked":["alterego_mod:BusterCard","alterego_mod:Birthday"],"picked":"alterego_mod:BeGentle","floor":4},{"not_picked":["alterego_mod:HighServant","alterego_mod:BusterCard"],"picked":"alterego_mod:TrashNCrash","floor":5},{"not_picked":["alterego_mod:SakuraLabyrinth","alterego_mod:1TonWallop"],"picked":"alterego_mod:Pet","floor":6},{"not_picked":["alterego_mod:InsideBaseball","alterego_mod:PerceptionDisorder"],"picked":"alterego_mod:ChallengeComplete","floor":8},{"not_picked":["alterego_mod:MagicResistance","alterego_mod:1TonWallop"],"picked":"alterego_mod:BiFurious","floor":10},{"not_picked":["alterego_mod:TrashNCrash","alterego_mod:Skirt"],"picked":"alterego_mod:IndependentAction","floor":12},{"not_picked":["alterego_mod:Mirror","alterego_mod:Bounce"],"picked":"alterego_mod:DeftHands","floor":13},{"not_picked":["alterego_mod:Alter","alterego_mod:Bunnysuit"],"picked":"alterego_mod:Nekomimi","floor":14},{"not_picked":["alterego_mod:GIGAMILK","alterego_mod:TrickOrTreatment"],"picked":"alterego_mod:Tantrum","floor":16},{"not_picked":["alterego_mod:BusterCard+1","alterego_mod:PerceptionDisorder"],"picked":"alterego_mod:Jiggle","floor":18},{"not_picked":["alterego_mod:Rip","alterego_mod:TrashNCrash","alterego_mod:Bounce"],"picked":"SKIP","floor":20},{"not_picked":["alterego_mod:MaintainEyeContact","alterego_mod:1TonWallop","alterego_mod:Clones"],"picked":"SKIP","floor":21},{"not_picked":["alterego_mod:DiscoLights","alterego_mod:Smother"],"picked":"alterego_mod:Birthday+1","floor":24},{"not_picked":["alterego_mod:GIGAMILK","alterego_mod:HighServant+1"],"picked":"alterego_mod:TrashNCrash","floor":25},{"not_picked":["alterego_mod:MagicResistance","alterego_mod:Nekomimi","alterego_mod:PerceptionDisorder"],"picked":"SKIP","floor":29},{"not_picked":["alterego_mod:Punishment","alterego_mod:GoddessCore+1"],"picked":"alterego_mod:ClassAdvantage","floor":31},{"not_picked":["alterego_mod:Weigh","alterego_mod:GIGAMILK"],"picked":"alterego_mod:TrickOrTreatment","floor":33},{"not_picked":["alterego_mod:SuperDuperMasochism+1","alterego_mod:HighServant+1","alterego_mod:DiscoLights+1"],"picked":"SKIP","floor":35},{"not_picked":["alterego_mod:GoddessCore+1","alterego_mod:Mirror+1","alterego_mod:Birthday"],"picked":"SKIP","floor":36}],"player_experience":259503,"relics_obtained":[{"floor":2,"key":"Ring of Misfortune"},{"floor":3,"key":"Snack Pack"},{"floor":6,"key":"HollowMod:PaleOreRelic"},{"floor":9,"key":"Oddly Smooth Stone"},{"floor":12,"key":"CaptainsWheel"},{"floor":24,"key":"Gensokyo:ConquerorOfFear"},{"floor":25,"key":"hubris:ToyBattleship"}],"event_choices":[],"is_beta":false,"boss_relics":[{"not_picked":["Pandora\u0027s Box","Replay:Grab Bag"],"picked":"Runic Pyramid"},{"not_picked":["qcfpunch:Killian_Engine_Alpha","Cursed Key"],"picked":"SacredBark"}],"items_purged_floors":[19],"is_endless":false,"potions_floor_spawned":[1,5,8,10,13,18,24,25,29,36],"killed_by":"Gensokyo:4_Bats","ascension_level":0}}