{"host":"vyjryxuuuxkt43k4","time":1611392385,"event":{"mods":["AchievementEnabler","BaseMod","Colored Map","DeckTracker","Keyboard Shortcuts","Minty Spire (QoL Compilation)","Permanent Neow","Quick Restart","StSLib","SuperFastMode","everything is the same but u backflip on backflip"],"gold_per_floor":[119,132,57,77,77,88,119,119,144,144,157,157,184,197,197,273,273,286,297,19,19,29,29,29,60,60,79,79,29,29,45,45,45,45],"floor_reached":33,"language":"KOR","playtime":1591,"items_purged":["Strike_R","Metallicize+1"],"score":540,"play_id":"112014a0-309e-4397-9ab1-828b987c7a87","local_time":"20210123175945","is_ascension_mode":true,"campfire_choices":[{"data":"Exhume","floor":8.0,"key":"SMITH"},{"data":"Body Slam","floor":10.0,"key":"SMITH"},{"data":"Bludgeon","floor":12.0,"key":"SMITH"},{"data":"Dark Embrace","floor":15.0,"key":"SMITH"},{"floor":23.0,"key":"REST"},{"floor":28.0,"key":"REST"},{"data":"Immolate","floor":30.0,"key":"SMITH"},{"data":"Master of Strategy","floor":32,"key":"SMITH"}],"circlet_count":0,"master_deck":["AscendersBane","Defend_R","Defend_R","Defend_R","Defend_R","Bash","Master of Strategy+1","Anger","Body Slam+1","Bludgeon+1","Exhume+1","Pommel Strike","Dark Embrace+1","Immolate+1","Twin Strike+1","Carnage+1","Battle Trance","Ghostly Armor","Second Wind"],"relics":["Burning Blood","Dead Branch","Orichalcum","PreservedInsect","Pen Nib","Astrolabe","Membership Card","Vajra","Dream Catcher","FossilizedHelix"],"acts_visited":["Exordium","TheCity"],"potions_floor_usage":[33],"damage_taken":[{"damage":7.0,"enemies":"Small Slimes","floor":1.0,"turns":4.0},{"damage":2.0,"enemies":"Jaw Worm","floor":2.0,"turns":5.0},{"damage":1.0,"enemies":"Cultist","floor":4.0,"turns":3.0},{"damage":17.0,"enemies":"Blue Slaver","floor":6.0,"turns":5.0},{"damage":8.0,"enemies":"Gremlin Nob","floor":7.0,"turns":3.0},{"damage":7.0,"enemies":"Looter","floor":11.0,"turns":3.0},{"damage":10.0,"enemies":"3 Sentries","floor":13.0,"turns":4.0},{"damage":14.0,"enemies":"3 Louse","floor":14.0,"turns":4.0},{"damage":33.0,"enemies":"Slime Boss","floor":16.0,"turns":7.0},{"damage":15.0,"enemies":"3 Byrds","floor":18.0,"turns":4.0},{"damage":32.0,"enemies":"Spheric Guardian","floor":19.0,"turns":4.0},{"damage":14.0,"enemies":"Snake Plant","floor":22.0,"turns":3.0},{"damage":18.0,"enemies":"Slavers","floor":25.0,"turns":2.0},{"damage":10.0,"enemies":"Shelled Parasite and Fungi","floor":27.0,"turns":3.0},{"damage":0.0,"enemies":"Cultist and Chosen","floor":31.0,"turns":5.0},{"damage":75,"enemies":"Champ","floor":33,"turns":9}],"seed_played":"1873501999078648374","potions_obtained":[{"floor":4.0,"key":"EssenceOfSteel"},{"floor":6.0,"key":"ColorlessPotion"},{"floor":7.0,"key":"Fruit Juice"},{"floor":13.0,"key":"Swift Potion"},{"floor":22.0,"key":"Block Potion"},{"floor":25.0,"key":"Energy Potion"},{"floor":27.0,"key":"Explosive Potion"}],"is_trial":false,"path_per_floor":["M","M","?","M","T","M","E","R","T","R","M","R","E","M","R","B",null,"M","M","$","?","M","R","?","E","T","M","R","$","R","M","R","B"],"character_chosen":"IRONCLAD","items_purchased":["Membership Card","Vajra"],"campfire_rested":2,"item_purchase_floors":[20,20],"current_hp_per_floor":[67,68,68,68,68,57,55,55,55,55,54,54,50,42,42,20,60,51,25,25,25,17,38,38,26,26,22,43,43,43,49,49,0,0],"gold":45,"neow_bonus":"RANDOM_COLORLESS_2","is_daily":false,"chose_seed":false,"campfire_upgraded":6,"win_rate":0.0,"timestamp":1611392385,"path_taken":["M","M","?","M","?","?","E","R","T","R","M","R","E","M","R","BOSS","M","M","$","?","M","R","?","E","T","M","R","$","R","M","R","BOSS"],"items_purchased_type":["Relic","Relic"],"build_version":"2020-12-22","purchased_purges":2,"victory":false,"max_hp_per_floor":[68,68,68,68,68,68,68,68,68,68,68,68,68,68,68,73,73,73,73,73,73,73,73,73,73,73,73,73,73,73,73,73,73,73],"card_choices":[{"not_picked":["Violence","Secret Weapon"],"picked":"Master of Strategy","floor":0.0},{"not_picked":["Headbutt","Thunderclap"],"picked":"Anger","floor":1.0},{"not_picked":["Clothesline","Bloodletting"],"picked":"Sword Boomerang","floor":2.0},{"not_picked":["Spot Weakness","Wild Strike"],"picked":"Body Slam","floor":4.0},{"not_picked":["Cleave","Thunderclap"],"picked":"Bludgeon","floor":6.0},{"not_picked":["Flex","Clash"],"picked":"Exhume","floor":7.0},{"not_picked":["Headbutt","Bloodletting"],"picked":"Pommel Strike","floor":11.0},{"not_picked":["Headbutt","Sword Boomerang"],"picked":"Dark Embrace","floor":13.0},{"not_picked":["Wild Strike","Clash","Pommel Strike"],"picked":"SKIP","floor":14.0},{"not_picked":["Reaper","Limit Break"],"picked":"Immolate","floor":16.0},{"not_picked":["Shrug It Off","Fire Breathing"],"picked":"Battle Trance","floor":18.0},{"not_picked":["Havoc","Searing Blow+1","Wild Strike"],"picked":"SKIP","floor":19.0},{"not_picked":["Body Slam","Sword Boomerang","Cleave"],"picked":"SKIP","floor":22.0},{"not_picked":["Bludgeon","Pommel Strike+1","True Grit"],"picked":"SKIP","floor":25.0},{"not_picked":["Havoc","Heavy Blade"],"picked":"Ghostly Armor","floor":27.0},{"not_picked":["Cleave","Heavy Blade"],"picked":"Second Wind","floor":31.0}],"player_experience":258085,"relics_obtained":[{"floor":5.0,"key":"Dead Branch"},{"floor":7.0,"key":"Orichalcum"},{"floor":9.0,"key":"PreservedInsect"},{"floor":13.0,"key":"Pen Nib"},{"floor":25.0,"key":"Dream Catcher"},{"floor":26.0,"key":"FossilizedHelix"}],"event_choices":[{"cards_removed":["Strike_R"],"damage_healed":0.0,"max_hp_gain":0.0,"max_hp_loss":0.0,"gold_gain":0.0,"event_name":"The Cleric","player_choice":"Card Removal","floor":3.0,"gold_loss":75.0,"damage_taken":0.0},{"cards_removed":["Sword Boomerang"],"damage_healed":0.0,"max_hp_gain":0.0,"max_hp_loss":0.0,"gold_gain":0.0,"event_name":"Back to Basics","player_choice":"Elegance","floor":21.0,"gold_loss":0.0,"damage_taken":0.0}],"is_beta":false,"boss_relics":[{"not_picked":["Mark of Pain","Calling Bell"],"picked":"Astrolabe"}],"items_purged_floors":[20,29],"is_endless":false,"potions_floor_spawned":[4,6,7,13,22,25,27],"killed_by":"Champ","ascension_level":19}}