{"host":"urvvf8749ekcxo1a","time":1611367843,"event":{"mods":["AchievementEnabler","BaseMod","Better Sensory Stone","BetterRewards","Colored Powertips","Evolution","Gold Saver","Marisa????????","Minty Spire (QoL Compilation)","Quick Restart","StSLib","SuperFastMode","The Cursed","The Hierophant","The Saiyan","The Servant 0.9.4","The Wild Card"],"gold_per_floor":[135,52,52,52,91,169,268,355,355,46,130,232,232,310,310,625,625,682,635,231,327,252,336,336,429,483,588,663,759,798,882,882,1173,1173,1206,1206,758,392,244,319,418,505,582,657,657,795,831,909,909,909,909,909,798,888,888],"floor_reached":56,"language":"ENG","playtime":989,"items_purged":[],"score":2367,"play_id":"41f67fcc-4d8e-4611-a10a-5c6fde68cbf4","local_time":"20210122211043","daily_mods":["SealedDeck","Hoarder","Vintage","Diverse","Colorless Cards","Heirloom","Time Dilation","Flight","DeadlyEvents","Elite Swarm","Lethality","Midas"],"is_ascension_mode":false,"campfire_choices":[{"floor":15,"key":"RECALL"},{"floor":32,"key":"REST"},{"floor":45,"key":"REST"},{"floor":49,"key":"DIG"},{"floor":52,"key":"DIG"}],"circlet_count":0,"master_deck":["Saiyan:Furor","Saiyan:Furor","Saiyan:Furor","Saiyan:Teleport","Saiyan:SaiyanHubris","Saiyan:SaiyanHubris","Saiyan:SaiyanHubris","Beam Cell","Beam Cell","Beam Cell","TimeWarp","TimeWarp","TimeWarp","Dramatic Entrance","Dramatic Entrance+1","Dramatic Entrance","Prepared","Prepared","Prepared","Flex","Flex","Flex","Flash of Steel","Flash of Steel","Flash of Steel","Turbo","Turbo","Turbo","Flash of Steel+1","Flash of Steel","Flash of Steel","TheCursedMod:OutForBlood","TheCursedMod:OutForBlood","TheCursedMod:OutForBlood","Offering","Offering","Offering","Violence","Violence","Violence","Gash","Gash","Gash","MasterReality+1","MasterReality+1","MasterReality+1","CasketOfStar+1","CasketOfStar+1","CasketOfStar+1","Saiyan:PlotArmor+1","Saiyan:PlotArmor+1","Saiyan:PlotArmor+1","MurderousAura+1","MurderousAura+1","MurderousAura+1","Backstab+1","Backstab+1","Backstab+1","Apotheosis","Apotheosis","Apotheosis","Echo Form+1","Echo Form+1","Echo Form+1","Saiyan:RemoveWeights","Saiyan:RemoveWeights","Saiyan:RemoveWeights","Flash of Steel+1","Flash of Steel+1","Flash of Steel+1","theWildCard:Lucifer","theWildCard:Lucifer","theWildCard:Lucifer"],"relics":["Unceasing Top","EVO:Axolotl","StoneCalendar","Bronze Scales","InkBottle","Blood Vial","Boot","Mummified Hand","Mango","Darkstone Periapt","Oddly Smooth Stone","Whetstone","SacredBark","Blue Candle","Molten Egg 2","Medical Kit","Frozen Egg 2","PreservedInsect","Shuriken","Mercury Hourglass","Toy Ornithopter","Nunchaku","White Beast Statue","Art of War","Vajra","Symbiotic Virus","Nuclear Battery","Happy Flower","Calipers","Bag of Marbles","Lizard Tail","Membership Card","HornCleat","Bottled Lightning","Sundial","Question Card","Pen Nib","Shovel","Lantern","TungstenRod","Centennial Puzzle","Cables","Pear"],"acts_visited":["Exordium","TheCity","TheBeyond","TheEnding"],"potions_floor_usage":[16,50,50],"damage_taken":[{"damage":0,"enemies":"2 Louse","floor":1,"turns":1},{"damage":0,"enemies":"Cultist","floor":5,"turns":1},{"damage":0,"enemies":"3 Sentries","floor":6,"turns":1},{"damage":0,"enemies":"Lagavulin","floor":7,"turns":1},{"damage":0,"enemies":"Gremlin Nob","floor":8,"turns":1},{"damage":0,"enemies":"3 Sentries","floor":11,"turns":1},{"damage":0,"enemies":"Gremlin Nob","floor":12,"turns":1},{"damage":0,"enemies":"Lagavulin","floor":14,"turns":1},{"damage":18,"enemies":"Slime Boss","floor":16,"turns":2},{"damage":0,"enemies":"Spheric Guardian","floor":18,"turns":1},{"damage":30,"enemies":"Book of Stabbing","floor":21,"turns":2},{"damage":0,"enemies":"Slavers","floor":23,"turns":1},{"damage":6,"enemies":"Gremlin Leader","floor":25,"turns":1},{"damage":0,"enemies":"Book of Stabbing","floor":27,"turns":1},{"damage":0,"enemies":"Slavers","floor":28,"turns":1},{"damage":6,"enemies":"Book of Stabbing","floor":29,"turns":1},{"damage":9,"enemies":"Shell Parasite","floor":30,"turns":1},{"damage":0,"enemies":"Slavers","floor":31,"turns":1},{"damage":0,"enemies":"Collector","floor":33,"turns":1},{"damage":0,"enemies":"Orb Walker","floor":35,"turns":1},{"damage":0,"enemies":"Nemesis","floor":40,"turns":1},{"damage":0,"enemies":"Reptomancer","floor":41,"turns":1},{"damage":12,"enemies":"Giant Head","floor":42,"turns":1},{"damage":0,"enemies":"Reptomancer","floor":44,"turns":1},{"damage":0,"enemies":"2 Orb Walkers","floor":46,"turns":1},{"damage":3,"enemies":"3 Shapes","floor":47,"turns":1},{"damage":0,"enemies":"Giant Head","floor":48,"turns":1},{"damage":5,"enemies":"Time Eater","floor":50,"turns":3},{"damage":0,"enemies":"Shield and Spear","floor":54,"turns":1},{"damage":10,"enemies":"The Heart","floor":55,"turns":3}],"seed_played":"5779315327353696755","potions_obtained":[{"floor":1,"key":"DistilledChaos"},{"floor":3,"key":"EssenceOfSteel"},{"floor":3,"key":"SpeedPotion"},{"floor":16,"key":"GamblersBrew"},{"floor":54,"key":"EssenceOfDarkness"}],"is_trial":true,"path_per_floor":["M","$","?","$","M","E","E","E","T","$","E","E","?","E","R","B",null,"M","$","$","E","?","E","T","E","T","E","E","E","M","E","R","B",null,"M","?","$","$","$","E","E","E","T","E","R","?","M","E","R","B",null,"R","$","E","B",null],"character_chosen":"DEFECT","items_purchased":["Flash of Steel","Mango","Gash","Molten Egg 2","Medical Kit","Calipers","Bag of Marbles","Lizard Tail","Saiyan:PlotArmor+1","Membership Card","Echo Form+1","Saiyan:RemoveWeights","Flash of Steel+1"],"campfire_rested":2,"item_purchase_floors":[2,10,19,20,20,37,37,38,38,39,53,53,53],"current_hp_per_floor":[91,91,91,91,91,91,91,91,91,105,105,105,105,105,105,87,105,105,105,105,75,75,77,77,73,73,75,77,73,66,68,99,101,105,105,105,105,105,105,105,105,93,93,95,105,105,102,104,104,100,105,105,105,115,105],"gold":888,"neow_bonus":"","is_daily":false,"chose_seed":false,"campfire_upgraded":0,"win_rate":0.0,"timestamp":1611367843,"path_taken":["M","$","?","$","?","E","E","E","T","?","?","E","?","E","R","BOSS","M","?","$","?","?","E","?","E","T","E","E","?","M","E","R","BOSS","M","?","$","$","$","E","E","E","T","E","R","?","?","E","R","BOSS","R","$","E","BOSS"],"items_purchased_type":["Card","Relic","Card","Relic","Relic","Relic","Relic","Relic","Card","Relic","Card","Card","Card"],"build_version":"2020-12-22","purchased_purges":0,"victory":true,"max_hp_per_floor":[91,91,91,91,91,91,91,91,91,105,105,105,105,105,105,105,105,105,105,105,105,105,105,105,105,105,105,105,105,105,105,105,105,105,105,105,105,105,105,105,105,105,105,105,105,105,105,105,105,105,105,105,105,115,115],"card_choices":[{"not_picked":["theWildCard:Overwhelm","Saiyan:GenkiDama"],"picked":"TheCursedMod:OutForBlood","floor":6},{"not_picked":["Transmutation","TheCursedMod:ForbiddenAlchemy","hierophant:WrathOfGod"],"picked":"SKIP","floor":7},{"not_picked":["The Bomb","Bludgeon","theWildCard:Overwhelm"],"picked":"SKIP","floor":8},{"not_picked":["TheCursedMod:NeowsMight","SatelliteIllusion","TheCursedMod:StunningStrike"],"picked":"SKIP","floor":11},{"not_picked":["DeusExMachina","theWildCard:Caesar"],"picked":"Offering","floor":12},{"not_picked":["theWildCard:Satanael","Amplify","TheCursedMod:ShockAndAwe"],"picked":"SKIP","floor":14},{"not_picked":["SuperNova","MillisecondPulsars"],"picked":"Violence","floor":16},{"not_picked":["hierophant:Levitation","hierophant:Generosity+1","Feed+1"],"picked":"SKIP","floor":21},{"not_picked":["TreasureHunter+1","hierophant:Kindle","Doppelganger"],"picked":"SKIP","floor":23},{"not_picked":["hierophant:DeathKnell","Duplication","hierophant:BulkyChest"],"picked":"SKIP","floor":25},{"not_picked":["TheCursedMod:OutForBlood+1","CasketOfStar+1"],"picked":"MasterReality+1","floor":27},{"not_picked":["TheCursedMod:DarkBarrier","Offering","hierophant:Generosity+1"],"picked":"SKIP","floor":28},{"not_picked":["theWildCard:TheArcanaUnleashed+1","MasterReality+1","PendulumOfEternity+1"],"picked":"SKIP","floor":29},{"not_picked":["Barricade+1","MasterReality+1","TheCursedMod:Neurasthenia"],"picked":"SKIP","floor":31},{"not_picked":["Seek","Night Terror"],"picked":"CasketOfStar+1","floor":33},{"not_picked":["LessonLearned+1","TheCursedMod:ForbiddenAlchemy","TheWorld"],"picked":"SKIP","floor":40},{"not_picked":["Amplify","Transmutation","hierophant:LocustPlague+1"],"picked":"SKIP","floor":41},{"not_picked":["Storm of Steel","Establishment+1"],"picked":"MurderousAura+1","floor":42},{"not_picked":["theWildCard:TheArcanaUnleashed+1","Meteor Strike+1","TheCursedMod:DemonSword+1","TheCursedMod:OutForBlood+1"],"picked":"SKIP","floor":44},{"not_picked":["Deadly Poison","theWildCard:ArcaneArts+1","Go for the Eyes+1"],"picked":"Backstab+1","floor":46},{"not_picked":["Saiyan:SenzuBean","TheCursedMod:ShockAndAwe+1","Rainbow"],"picked":"Apotheosis","floor":48},{"not_picked":["PendulumOfEternity+1","TreasureHunter+1","Meteor Strike+1"],"picked":"theWildCard:Lucifer","floor":54}],"player_experience":148088,"relics_obtained":[{"floor":1,"key":"Bronze Scales"},{"floor":5,"key":"InkBottle"},{"floor":6,"key":"Blood Vial"},{"floor":7,"key":"Boot"},{"floor":8,"key":"Mummified Hand"},{"floor":11,"key":"Darkstone Periapt"},{"floor":12,"key":"Oddly Smooth Stone"},{"floor":14,"key":"Whetstone"},{"floor":18,"key":"Blue Candle"},{"floor":21,"key":"Frozen Egg 2"},{"floor":23,"key":"PreservedInsect"},{"floor":24,"key":"Shuriken"},{"floor":25,"key":"Mercury Hourglass"},{"floor":26,"key":"Toy Ornithopter"},{"floor":27,"key":"Nunchaku"},{"floor":28,"key":"White Beast Statue"},{"floor":29,"key":"Art of War"},{"floor":30,"key":"Vajra"},{"floor":31,"key":"Symbiotic Virus"},{"floor":35,"key":"Happy Flower"},{"floor":40,"key":"HornCleat"},{"floor":41,"key":"Bottled Lightning"},{"floor":42,"key":"Sundial"},{"floor":43,"key":"Question Card"},{"floor":44,"key":"Pen Nib"},{"floor":46,"key":"Shovel"},{"floor":47,"key":"Lantern"},{"floor":48,"key":"TungstenRod"},{"floor":49,"key":"Centennial Puzzle"},{"floor":52,"key":"Cables"},{"floor":54,"key":"Pear"}],"event_choices":[{"damage_healed":0,"gold_gain":0,"player_choice":"Got Potions","damage_taken":0,"max_hp_gain":0,"max_hp_loss":0,"event_name":"Lab","floor":3,"gold_loss":0},{"cards_removed":["Saiyan:Teleport"],"damage_healed":0,"gold_gain":0,"player_choice":"Purged","damage_taken":0,"max_hp_gain":0,"max_hp_loss":0,"event_name":"Purifier","floor":13,"gold_loss":0},{"cards_removed":["Saiyan:Teleport"],"damage_healed":0,"gold_gain":0,"player_choice":"Gave Gold","damage_taken":0,"max_hp_gain":0,"max_hp_loss":0,"event_name":"Beggar","floor":22,"gold_loss":75},{"damage_healed":0,"gold_gain":0,"player_choice":"Ignored","damage_taken":0,"max_hp_gain":0,"max_hp_loss":0,"event_name":"Tomb of Lord Red Mask","floor":36,"gold_loss":0},{"damage_healed":0,"gold_gain":0,"player_choice":"Fight","damage_taken":0,"max_hp_gain":0,"max_hp_loss":0,"event_name":"Mysterious Sphere","floor":46,"gold_loss":0}],"is_beta":false,"boss_relics":[{"not_picked":["Velvet Choker","Inserter"],"picked":"SacredBark"},{"not_picked":["Runic Dome","Runic Pyramid"],"picked":"Nuclear Battery"}],"items_purged_floors":[],"is_endless":false,"potions_floor_spawned":[1,8,12,16,18,23,29,30,31,33,35,40,41,42,44,46,47,48,54],"ascension_level":0}}