{"host":"6p0attdrtjqaih7v","time":1611437344,"event":{"mods":["2.2 Compatiblity","AchievementEnabler","Bard","BaseMod","Better Skull","Better Third Choice","Colored Powertips","Hermit","Highlight Path","Jorbs\u0027s Wanderer Trilogy","Key Reminder","Minty Spire (QoL Compilation)","Permanent Neow","Quick Restart","Random Character Button","Relic Stats","Replay The Spire","Robot Space Explorer","StSLib"],"gold_per_floor":[112,130,100,115,127,127,156,156,156,156,99,110,121,121,121,121,121],"floor_reached":16,"language":"ENG","playtime":521,"items_purged":[],"score":204,"play_id":"4eed0f9f-b935-4b58-a44d-126a4f1447d4","local_time":"20210123162904","is_ascension_mode":true,"campfire_choices":[{"data":"Whirlwind","floor":6,"key":"SMITH"},{"data":"Searing Blow","floor":8,"key":"SMITH"},{"data":"Searing Blow+1","floor":10,"key":"SMITH"},{"data":"Searing Blow+2","floor":15,"key":"SMITH"}],"circlet_count":0,"master_deck":["AscendersBane","Strike_R","Strike_R","Strike_R","Defend_R","Defend_R","Defend_R","Defend_R","Bash","Whirlwind+1","Searing Blow+3","Burning Pact","Flame Barrier","True Grit","Life Link","Impervious","Feel No Pain+1","Anger"],"relics":["Burning Blood","Potion Belt","Red Skull"],"acts_visited":["Exordium"],"potions_floor_usage":[5,7,13,16],"damage_taken":[{"damage":7,"enemies":"Jaw Worm","floor":1,"turns":5},{"damage":13,"enemies":"Cultist","floor":2,"turns":5},{"damage":11,"enemies":"Small Slimes","floor":4,"turns":5},{"damage":11,"enemies":"Gremlin Gang","floor":5,"turns":2},{"damage":38,"enemies":"Lagavulin","floor":7,"turns":9},{"damage":1,"enemies":"Blue Slaver","floor":12,"turns":2},{"damage":12,"enemies":"Large Slime","floor":13,"turns":7},{"damage":21,"enemies":"Hexaghost","floor":16,"turns":7}],"seed_played":"3221398283421743537","potions_obtained":[{"floor":2,"key":"Strength Potion"},{"floor":3,"key":"Milkshake"},{"floor":7,"key":"Reflective Coating"}],"is_trial":false,"path_per_floor":["M","M","?","M","M","R","E","R","T","R","$","M","M","?","R","B"],"character_chosen":"IRONCLAD","items_purchased":["Adrenaline Potion"],"campfire_rested":0,"item_purchase_floors":[11],"current_hp_per_floor":[67,60,60,55,50,50,18,18,18,18,18,23,17,17,17,0,0],"gold":121,"neow_bonus":"TRANSFORM_TWO_CARDS","is_daily":false,"chose_seed":false,"campfire_upgraded":4,"win_rate":0.0,"timestamp":1611437344,"path_taken":["M","M","?","?","M","R","E","R","T","R","$","M","M","?","R","BOSS"],"items_purchased_type":["Potion"],"build_version":"2020-12-22","purchased_purges":0,"victory":false,"max_hp_per_floor":[68,68,68,68,68,68,68,68,68,68,68,68,68,68,68,68,68],"relic_stats":{"counters":[8,42],"obtain_stats":[{"Potion Belt":7,"Burning Blood":0,"Red Skull":9},{"Potion Belt":5,"Burning Blood":0,"Red Skull":5},{"Potion Belt":26,"Burning Blood":0,"Red Skull":26}],"Burning Blood":42},"card_choices":[{"not_picked":["Clash","Heavy Blade"],"picked":"Burning Pact","floor":1},{"not_picked":["Anger","Replay:Undeath\u0027s Touch"],"picked":"Flame Barrier","floor":2},{"not_picked":["Headbutt","ReplayTheSpireMod:Limb From Limb"],"picked":"True Grit","floor":4},{"not_picked":["Rupture","Sever Soul"],"picked":"Life Link","floor":5},{"not_picked":["Barricade","Infernal Blade"],"picked":"Impervious","floor":7},{"not_picked":["Bloodletting","Body Slam"],"picked":"Feel No Pain","floor":12},{"not_picked":["Pommel Strike","Heavy Blade"],"picked":"Anger","floor":13}],"player_experience":926336,"relics_obtained":[{"floor":7,"key":"Potion Belt"},{"floor":9,"key":"Red Skull"}],"event_choices":[{"damage_healed":0,"gold_gain":0,"player_choice":"Bought 2 Potions","damage_taken":0,"max_hp_gain":0,"max_hp_loss":0,"event_name":"The Woman in Blue","floor":3,"gold_loss":0},{"damage_healed":0,"gold_gain":0,"player_choice":"Upgraded","damage_taken":0,"max_hp_gain":0,"max_hp_loss":0,"event_name":"Upgrade Shrine","floor":14,"gold_loss":0,"cards_upgraded":["Feel No Pain"]}],"is_beta":false,"boss_relics":[],"items_purged_floors":[],"is_endless":false,"potions_floor_spawned":[2,7],"killed_by":"Hexaghost","ascension_level":20}}