{"host":"y24pqu7jih1n8m3t","time":1611377196,"event":{"mods":["AchievementEnabler","BaseMod","Bestiary","Block Reminder","Colored Map","Colored Powertips","DeckTracker","Highlight Path","Minty Spire (QoL Compilation)","Permanent Neow","Quick Restart","Rare Cards Sparkle","Relic Stats"],"gold_per_floor":[367,387,55,66,12,12,41,41,41,41,67,77,87,87,87,184,184,202,178,24,41,56,56,56],"floor_reached":23,"language":"ENG","playtime":1814,"items_purged":["Defend_R"],"score":221,"play_id":"24480b67-9372-429c-b558-76f8a6e3372f","local_time":"20210122234636","is_ascension_mode":true,"campfire_choices":[{"data":"Uppercut","floor":6,"key":"SMITH"},{"floor":10,"key":"REST"},{"floor":15,"key":"REST"}],"circlet_count":0,"master_deck":["Strike_R","Strike_R","Strike_R","Strike_R","Strike_R","Defend_R","Defend_R","Bash","Perfected Strike","Uppercut+1","Perfected Strike","Demon Form","Shrug It Off","Shrug It Off","Whirlwind","Burning Pact","Flame Barrier","Berserk","CurseOfTheBell","Cleave","Iron Wave","Battle Trance","Perfected Strike"],"relics":["Burning Blood","Ice Cream","Ornamental Fan","Mummified Hand","Sundial","Calling Bell","Bag of Marbles","Mercury Hourglass","WingedGreaves"],"acts_visited":["Exordium","TheCity"],"potions_floor_usage":[16],"damage_taken":[{"damage":1,"enemies":"Cultist","floor":1,"turns":4},{"damage":12,"enemies":"Small Slimes","floor":2,"turns":4},{"damage":7,"enemies":"2 Louse","floor":4,"turns":2},{"damage":29,"enemies":"3 Sentries","floor":7,"turns":9},{"damage":14,"enemies":"Gremlin Nob","floor":11,"turns":4},{"damage":7,"enemies":"2 Fungi Beasts","floor":12,"turns":4},{"damage":4,"enemies":"Blue Slaver","floor":13,"turns":3},{"damage":34,"enemies":"Hexaghost","floor":16,"turns":10},{"damage":0,"enemies":"Chosen","floor":18,"turns":4},{"damage":11,"enemies":"2 Thieves","floor":21,"turns":4},{"damage":18,"enemies":"Snecko","floor":22,"turns":4},{"damage":64,"enemies":"Gremlin Leader","floor":23,"turns":7}],"seed_played":"-6788374713608296249","potions_obtained":[{"floor":2,"key":"SmokeBomb"},{"floor":13,"key":"SpeedPotion"},{"floor":22,"key":"LiquidBronze"}],"is_trial":false,"path_per_floor":["M","M","$","M","$","R","E","?","T","R","E","M","M","?","R","B",null,"M","$","$","M","M","E"],"character_chosen":"IRONCLAD","items_purchased":["Perfected Strike","Ice Cream","Shrug It Off","Iron Wave","Battle Trance"],"campfire_rested":2,"item_purchase_floors":[3,3,5,19,20],"current_hp_per_floor":[61,55,55,54,54,54,31,24,24,48,40,39,41,29,53,25,80,80,80,80,75,63,0,0],"gold":56,"neow_bonus":"TWO_FIFTY_GOLD","is_daily":false,"chose_seed":false,"campfire_upgraded":1,"win_rate":0.0,"timestamp":1611377196,"path_taken":["M","M","$","?","$","R","E","?","T","R","E","M","M","?","R","BOSS","M","$","$","M","M","E"],"items_purchased_type":["Card","Relic","Card","Card","Card"],"build_version":"2020-12-22","purchased_purges":1,"victory":false,"max_hp_per_floor":[80,80,80,80,80,80,80,80,80,80,80,80,80,80,80,80,80,80,80,80,80,80,80,80],"relic_stats":{"counters":[12,59],"Ornamental Fan":[12],"Mummified Hand":[13],"Sundial":[2],"obtain_stats":[{"Ice Cream":3,"Calling Bell":17,"Ornamental Fan":7,"Mummified Hand":11,"Sundial":14,"WingedGreaves":17,"Bag of Marbles":17,"Burning Blood":0,"Mercury Hourglass":17},{"Ice Cream":2,"Calling Bell":8,"Ornamental Fan":4,"Mummified Hand":5,"Sundial":7,"WingedGreaves":8,"Bag of Marbles":8,"Burning Blood":0,"Mercury Hourglass":8},{"Ice Cream":8,"Calling Bell":40,"Ornamental Fan":19,"Mummified Hand":23,"Sundial":30,"WingedGreaves":40,"Bag of Marbles":40,"Burning Blood":0,"Mercury Hourglass":40}],"Burning Blood":60,"Mercury Hourglass":[81]},"card_choices":[{"not_picked":["Twin Strike","Heavy Blade"],"picked":"Perfected Strike","floor":1},{"not_picked":["Dropkick","Sword Boomerang"],"picked":"Uppercut","floor":2},{"not_picked":["Anger","Intimidate"],"picked":"Demon Form","floor":4},{"not_picked":["Warcry","Flex"],"picked":"Shrug It Off","floor":7},{"not_picked":["Rupture","Disarm"],"picked":"Whirlwind","floor":11},{"not_picked":["Cleave","Body Slam"],"picked":"Burning Pact","floor":12},{"not_picked":["Bloodletting","Whirlwind"],"picked":"Flame Barrier","floor":13},{"not_picked":["Juggernaut","Feed"],"picked":"Berserk","floor":16},{"not_picked":["Seeing Red+1","Havoc"],"picked":"Cleave","floor":18},{"not_picked":["Thunderclap","Heavy Blade","Barricade"],"picked":"SKIP","floor":21},{"not_picked":["Twin Strike","Flame Barrier"],"picked":"Perfected Strike","floor":22}],"player_experience":138027,"relics_obtained":[{"floor":7,"key":"Ornamental Fan"},{"floor":11,"key":"Mummified Hand"},{"floor":17,"key":"Bag of Marbles"},{"floor":17,"key":"Mercury Hourglass"},{"floor":17,"key":"WingedGreaves"}],"event_choices":[{"cards_removed":["Defend_R"],"damage_healed":0,"gold_gain":0,"player_choice":"Card Removal","damage_taken":7,"max_hp_gain":0,"max_hp_loss":0,"event_name":"Golden Wing","floor":8,"gold_loss":0},{"damage_healed":0,"gold_gain":0,"player_choice":"Success","damage_taken":12,"relics_obtained":["Sundial"],"max_hp_gain":0,"max_hp_loss":0,"event_name":"Scrap Ooze","floor":14,"gold_loss":0}],"is_beta":false,"boss_relics":[{"not_picked":["Coffee Dripper","Astrolabe"],"picked":"Calling Bell"}],"items_purged_floors":[20],"is_endless":false,"potions_floor_spawned":[2,13,22],"killed_by":"Gremlin Leader","ascension_level":2}}