{"host":"w6oy2nru13p3os12","time":1611421375,"event":{"mods":["AchievementEnabler","BaseMod","Better Third Choice","BetterRewards","Conspire","Energized Spire","GungeonMod","Halation","Hubris","Mimic Mod","Minty Spire (QoL Compilation)","Permanent Neow","Quick Restart","Replay The Spire","Reworked Bosses","Spikes Relics","StSLib","The Bug Knight","The Hierophant","Wandering Minibosses"],"gold_per_floor":[115,115,127,140,151,151,186,186,222,253,253,267,297,312,312,412,412,382,430,416,416,378,408,408,130,130,130,130,143,143,143,143,245,245,264,217,163,113,113,113,142,142,222,235,235,235,254,271,271,271],"floor_reached":51,"language":"ENG","playtime":2655,"items_purged":["Strike_G","Concentrate"],"score":1112,"play_id":"906e8d1b-cb97-4c5d-ad31-674d36d84466","local_time":"20210123120255","is_ascension_mode":true,"campfire_choices":[{"data":"Deadly Poison","floor":6,"key":"SMITH"},{"data":"Deflect","floor":8,"key":"SMITH"},{"floor":11,"key":"REST"},{"floor":24,"key":"REST"},{"data":"Footwork","floor":28,"key":"SMITH"},{"floor":32,"key":"REST"},{"data":"Night Terror","floor":40,"key":"SMITH"},{"data":"Deadly Poison","floor":45,"key":"SMITH"},{"data":"Bouncing Flask","floor":49,"key":"SMITH"}],"circlet_count":0,"master_deck":["Defend_G","Defend_G","Defend_G","Defend_G","Defend_G","Survivor","Neutralize","Deflect+1","Bouncing Flask+1","Deadly Poison+1","Night Terror+1","Deadly Poison+1","Dodge and Roll","Dagger Spray","Footwork+1","Adrenaline"],"relics":["Ring of the Snake","Tiny Chest","Pocketwatch","conspire:RoyalGoblet","hubris:PeanutButter","Smiling Mask","DemoMod:MeatBun","conspire:Flyswatter","halation:YellowSoulGem","DemoMod:GreenGuonStone","Replay:Drink Me","Pondfish Scales","LugNut","DemoMod:GlassGuonStoneRelic","Replay:Baseball"],"acts_visited":["Exordium","TheCity","TheBeyond"],"potions_floor_usage":[18,20,22,33,36,50,50],"damage_taken":[{"damage":0,"enemies":"conspire:RoseBush","floor":1,"turns":5},{"damage":2,"enemies":"Cultist","floor":3,"turns":4},{"damage":2,"enemies":"2 Louse","floor":4,"turns":3},{"damage":0,"enemies":"2 Fungi Beasts","floor":5,"turns":4},{"damage":1,"enemies":"Replay:BlueRogue","floor":7,"turns":6},{"damage":4,"enemies":"Red Slaver","floor":9,"turns":6},{"damage":15,"enemies":"Gremlin Nob","floor":10,"turns":4},{"damage":0,"enemies":"Red Slaver","floor":12,"turns":3},{"damage":0,"enemies":"Lagavulin","floor":13,"turns":5},{"damage":0,"enemies":"Gremlin Gang","floor":14,"turns":5},{"damage":0,"enemies":"The Guardian","floor":16,"turns":8},{"damage":0,"enemies":"Chosen","floor":18,"turns":7},{"damage":0,"enemies":"2 Thieves","floor":20,"turns":4},{"damage":11,"enemies":"Sentry and Sphere","floor":22,"turns":7},{"damage":39,"enemies":"Book of Stabbing","floor":23,"turns":6},{"damage":0,"enemies":"Snecko","floor":29,"turns":5},{"damage":17,"enemies":"bossMod:newChamp","floor":33,"turns":10},{"damage":0,"enemies":"Orb Walker","floor":35,"turns":5},{"damage":0,"enemies":"3 Darklings","floor":36,"turns":9},{"damage":7,"enemies":"Maw","floor":37,"turns":11},{"damage":0,"enemies":"HollowMod:StalkingDevout","floor":41,"turns":8},{"damage":0,"enemies":"Writhing Mass","floor":44,"turns":6},{"damage":0,"enemies":"Jaw Worm Horde","floor":47,"turns":6},{"damage":0,"enemies":"3 Darklings","floor":48,"turns":7},{"damage":0,"enemies":"hubris:GrandSnecko","floor":50,"turns":9}],"seed_played":"814968210995586028","potions_obtained":[{"floor":4,"key":"Fire Potion"},{"floor":5,"key":"Energy Potion"},{"floor":10,"key":"DemoMod:LeadSkinPotion"},{"floor":20,"key":"Strength Potion"},{"floor":29,"key":"AttackPotion"},{"floor":41,"key":"Cursed Concoction"},{"floor":48,"key":"AttackPotion"}],"is_trial":false,"path_per_floor":["M","?","M","M","M","R","E","R","MIM","E","R","M","E","M","R","B",null,"M","?","M","T","M","E","R","$","T","?","R","M","?","T","R","B",null,"M","M","M","$","?","R","E","?","T","M","R","T","M","M","R","B",null],"character_chosen":"THE_SILENT","items_purchased":["DemoMod:MeatBun","Footwork"],"campfire_rested":3,"item_purchase_floors":[25,25],"current_hp_per_floor":[59,59,57,55,55,55,54,54,50,35,60,60,60,60,60,60,78,78,57,57,57,46,7,32,46,46,46,46,46,46,46,71,60,62,62,62,55,55,55,55,55,55,55,55,55,55,55,55,55,55],"gold":271,"neow_bonus":"TWENTY_PERCENT_HP_BONUS","is_daily":false,"chose_seed":false,"campfire_upgraded":6,"win_rate":0.0,"timestamp":1611421375,"path_taken":["M","?","M","M","M","R","E","R","MIM","E","R","M","E","?","R","BOSS","M","?","?","?","?","E","R","$","T","?","R","M","?","?","R","BOSS","M","?","M","$","?","R","E","?","T","M","R","?","M","M","R","BOSS"],"items_purchased_type":["Relic","Card"],"build_version":"2020-12-22","purchased_purges":2,"victory":true,"max_hp_per_floor":[84,84,84,84,84,84,84,84,84,84,84,84,84,84,84,84,84,84,84,84,84,84,84,84,84,84,84,84,84,84,84,84,84,63,63,63,63,63,63,63,63,63,63,63,63,63,63,63,63,63],"card_choices":[{"not_picked":["Outmaneuver","PiercingWail"],"picked":"Deflect","floor":1},{"not_picked":["Bane","Dagger Throw"],"picked":"Bouncing Flask","floor":3},{"not_picked":["Toxin Wave","Dodge and Roll"],"picked":"Deadly Poison","floor":4},{"not_picked":["Endless Agony","Prepared","Deflect"],"picked":"SKIP","floor":5},{"not_picked":["Escape Plan","conspire:PoisonWeapons"],"picked":"Night Terror","floor":7},{"not_picked":["ShadowRift","Eviscerate"],"picked":"Deadly Poison","floor":10},{"not_picked":["Deadly Poison","Quick Slash"],"picked":"Dodge and Roll","floor":12},{"not_picked":["Deadly Poison","Predator","Cloak And Dagger"],"picked":"SKIP","floor":13},{"not_picked":["Deadly Poison","Expertise","Poisoned Stab"],"picked":"SKIP","floor":14},{"not_picked":["Underhanded Strike","Cloak And Dagger","hubris:SlightOfHand"],"picked":"SKIP","floor":18},{"not_picked":["Bane","Sucker Punch+1"],"picked":"Dagger Spray","floor":19},{"not_picked":["Underhanded Strike","Masterful Stab+1","Tactician"],"picked":"SKIP","floor":20},{"not_picked":["Acrobatics","ReplayTheSpireMod:Speed Training","Underhanded Strike+1"],"picked":"SKIP","floor":22},{"not_picked":["Acrobatics","Outmaneuver","Unload"],"picked":"SKIP","floor":23},{"not_picked":["Pace","Poisoned Stab+1","ReplayTheSpireMod:Tripwire"],"picked":"SKIP","floor":29},{"not_picked":["Poison Darts","Tools of the Trade"],"picked":"Adrenaline","floor":33},{"not_picked":["PiercingWail+1","Poisoned Stab","Sucker Punch"],"picked":"SKIP","floor":35},{"not_picked":["Expertise","Finisher","Replay:Poison Smokescreen"],"picked":"SKIP","floor":36},{"not_picked":["Flying Knee","Acrobatics+1","Sucker Punch+1"],"picked":"SKIP","floor":37},{"not_picked":["Venomology","Slice","hubris:SlightOfHand"],"picked":"SKIP","floor":41},{"not_picked":["ReplayTheSpireMod:Exploit Weakness+1","Toxin Wave","Slice+1"],"picked":"SKIP","floor":44},{"not_picked":["Cloak And Dagger","InfectiousVector","hubris:TrickCloak"],"picked":"SKIP","floor":47},{"not_picked":["Bane+1","Storm of Steel","Dagger Throw+1"],"picked":"SKIP","floor":48}],"player_experience":349329,"relics_obtained":[{"floor":7,"key":"Tiny Chest"},{"floor":9,"key":"SnailShell"},{"floor":10,"key":"Pocketwatch"},{"floor":13,"key":"Letter Opener"},{"floor":19,"key":"hubris:PeanutButter"},{"floor":21,"key":"Paper Crane"},{"floor":23,"key":"Smiling Mask"},{"floor":26,"key":"conspire:Flyswatter"},{"floor":31,"key":"DemoMod:GreenGuonStone"},{"floor":41,"key":"Pondfish Scales"},{"floor":43,"key":"LugNut"},{"floor":46,"key":"Replay:Baseball"}],"event_choices":[{"damage_healed":0,"gold_gain":0,"player_choice":"Bought 0 Potions","damage_taken":0,"max_hp_gain":0,"max_hp_loss":0,"event_name":"The Woman in Blue","floor":2,"gold_loss":0},{"damage_healed":0,"gold_gain":0,"player_choice":"Ignored","damage_taken":0,"max_hp_gain":0,"max_hp_loss":0,"event_name":"Mysterious Sphere","floor":39,"gold_loss":0},{"damage_healed":0,"gold_gain":0,"player_choice":"Ignored","damage_taken":0,"max_hp_gain":0,"max_hp_loss":0,"event_name":"Transmorgrifier","floor":42,"gold_loss":0}],"is_beta":false,"boss_relics":[{"not_picked":["Replay:Bronze Core","Fusion Hammer"],"picked":"conspire:RoyalGoblet"},{"not_picked":["ChewingGum","halation:CatFaceCupcake"],"picked":"Replay:Drink Me"}],"items_purged_floors":[25,38],"is_endless":false,"potions_floor_spawned":[4,5,10,14,20,29,41,48],"ascension_level":6}}