{"host":"sgwqwgbtco1nn2mb","time":1611423692,"event":{"mods":["ATMod(°¢èªMod)","Act Like it!","BaseMod","Downfall","Gensokyo","Hermit","KinomotoSakuraMod(Ä¾Ö®±¾Ó£)","Marisa£¨ìFÓê¡¡Ä§ÀíÉ³£©","Minty Spire (QoL Compilation)","MostiFishMod","Quick Restart","Replay The Spire","RumiaBox-Â¶Ã×æ«µÄÉñÃØºÐ×Ó","StSLib","The Marked","Waifu the Spire","vexMod","¡¾¹¦ÄÜMod¡¿»ìãçÖ®»·ÐÞ¸´²¹¶¡","¡¾ÒÅÎï¿¨ÅÆ¡¿REMEMod"],"gold_per_floor":[99,112,112,160,179,179,204,204,223,243,275,290,290,282,297,410,410,310,338,362,381,395,670,697,715,725,391,425,441,441,451,461,558,558,454,469,479,492,510,555,579,591,603,615,639,552,563,134,134,162,172,172,172,203,7,7,7,7],"floor_reached":59,"language":"ZHS","playtime":2962,"items_purged":["Regret","hexamod:Sear","hexamod:HexaLevel"],"score":1633,"play_id":"970a7604-9aeb-4820-8900-e577a606d935","local_time":"20210124014132","is_ascension_mode":true,"campfire_choices":[{"data":"sneckomod:UnknownBoss","floor":8,"key":"SMITH"},{"floor":13,"key":"RECALL"},{"floor":18,"key":"DIG"},{"data":"hexamod:CouncilsJustice","floor":49,"key":"SMITH"},{"data":"hexamod:SearingWound","floor":56,"key":"SMITH"}],"circlet_count":0,"master_deck":["hexamod:Float+1","sneckomod:UnknownBoss+1","hexamod:BacktrackSmack+1","hexamod:Hexaguard+1","hexamod:RadiantFlame+1","hexamod:NightmareStrike","hexamod:DynamicBlow+1","hexamod:UnlimitedPower+1","hexamod:SpectersWail+1","hexamod:ThermalTransfer+1","hexamod:HeatMetal+1","hexamod:PowerFromBeyond+1","hexamod:Rewind+1","hexamod:NightmareGuise+1","hexamod:SixthSeal","hexamod:HeatCrush","hexamod:CouncilsJustice+1","hexamod:CouncilsJustice+1","hexamod:CouncilsJustice","Ghostly+1","Ghostly+1","Ghostly+1","hexamod:SpectersWail+1","hexamod:ForkedFlame","hexamod:UnleashSpirits+1","hexamod:SoulSteal+1","hexamod:GhostShield+1","hexamod:RetreatToShadows+1","hexamod:FourthSeal","hexamod:SearingWound+1","hexamod:Haunt+1","hexamod:Haunt+1"],"relics":["hexamod:SpiritBrand","DaveBox","AT_ATBox","Nloth\u0027s Gift","Civilization","Strawberry","Oddly Smooth Stone","Omamori","Guardian:PocketSentry","RhineCircuit","downfall:HeartBlessingRed","Replay:Mystery Machine","hexamod:TheBrokenSeal","vexMod:Dragonfruit","Replay:Ringing Soul","ChiXiaoBlade","downfall:HeartBlessingGreen","downfall:HeartBlessingBlue","Replay:Towering Pillar of Hats","MawBank","hexamod:SoulConsumer","Toy Ornithopter","Sling","Replay:Multitool","ChaoDraw","War Paint"],"acts_visited":["Exordium","TheCity","TheBeyond","TheEnding"],"potions_floor_usage":[10,10,16,22,25,33,38,40,47,50,51,52,52,57,57,57],"damage_taken":[{"damage":0,"enemies":"Cultist","floor":2,"turns":3},{"damage":1,"enemies":"2 Louse","floor":5,"turns":2},{"damage":0,"enemies":"Jaw Worm","floor":9,"turns":2},{"damage":7,"enemies":"Lots of Slimes","floor":10,"turns":3},{"damage":5,"enemies":"Replay:BlueRogue","floor":11,"turns":4},{"damage":3,"enemies":"Large Slime","floor":12,"turns":4},{"damage":12,"enemies":"Blue Slaver","floor":15,"turns":4},{"damage":64,"enemies":"SI_SHIV_ARCHETYPE","floor":16,"turns":9},{"damage":1,"enemies":"Spheric Guardian","floor":19,"turns":4},{"damage":14,"enemies":"3 Cultists","floor":20,"turns":5},{"damage":11,"enemies":"Snecko","floor":21,"turns":4},{"damage":5,"enemies":"Centurion and Healer","floor":22,"turns":2},{"damage":17,"enemies":"Shelled Parasite and Fungi","floor":25,"turns":6},{"damage":3,"enemies":"Snecko","floor":26,"turns":3},{"damage":3,"enemies":"downfall:FleeingMerchant","floor":27,"turns":4},{"damage":39,"enemies":"REME_1_Revenger","floor":28,"turns":5},{"damage":7,"enemies":"Chosen and Byrds","floor":29,"turns":5},{"damage":33,"enemies":"Shelled Parasite and Fungi","floor":31,"turns":3},{"damage":9,"enemies":"Centurion and Healer","floor":32,"turns":4},{"damage":13,"enemies":"WA_ARCHETYPE_CALM","floor":33,"turns":5},{"damage":0,"enemies":"3 Darklings","floor":36,"turns":3},{"damage":13,"enemies":"Orb Walker","floor":37,"turns":3},{"damage":7,"enemies":"Sphere and 2 Shapes","floor":38,"turns":2},{"damage":0,"enemies":"Spire Growth","floor":39,"turns":3},{"damage":29,"enemies":"2 Orb Walkers","floor":40,"turns":3},{"damage":15,"enemies":"4 Shapes","floor":45,"turns":3},{"damage":10,"enemies":"downfall:FleeingMerchant","floor":46,"turns":3},{"damage":0,"enemies":"3 Darklings","floor":47,"turns":4},{"damage":28,"enemies":"Nemesis","floor":50,"turns":5},{"damage":0,"enemies":"Jaw Worm Horde","floor":51,"turns":3},{"damage":12,"enemies":"DF_ARCHETYPE_ORBS","floor":52,"turns":5},{"damage":43,"enemies":"downfall:CharBossMerchant","floor":54,"turns":7},{"damage":6,"enemies":"downfall:NeowBoss","floor":57,"turns":9},{"damage":171,"enemies":"downfall:NeowBossFinal","floor":58,"turns":9}],"seed_played":"-2113002791942318079","potions_obtained":[{"floor":9,"key":"Fire Potion"},{"floor":10,"key":"REME_GoldPotion"},{"floor":11,"key":"PowerPotion"},{"floor":15,"key":"Venom Potion"},{"floor":15,"key":"PowerPotion"},{"floor":16,"key":"Dexterity Potion"},{"floor":19,"key":"Elixir"},{"floor":20,"key":"Adrenaline Potion"},{"floor":21,"key":"bronze:BurnAndBuffPotion"},{"floor":22,"key":"Explosive Potion"},{"floor":25,"key":"Flashbang"},{"floor":31,"key":"Venom Potion"},{"floor":36,"key":"Weak Potion"},{"floor":40,"key":"Fire Potion"},{"floor":46,"key":"Swift Potion"},{"floor":47,"key":"Ancient Potion"},{"floor":50,"key":"Doom Potion"},{"floor":51,"key":"Explosive Potion"},{"floor":54,"key":"Venom Potion"},{"floor":54,"key":"Fire Potion"}],"is_trial":false,"path_per_floor":["R","M","?","T","M","?","T","R","M","M","E","M","R","?","M","B",null,"R","M","M","M","M","?","T","M","M","$","E","M","?","M","M","B",null,"R","M","M","M","M","?","T","PTL","PTL","?","M","$","M","$","R","E","M","B",null,"E","$","R","B","B",null],"character_chosen":"THE_SPIRIT","items_purchased":["vexMod:Dragonfruit","hexamod:SoulConsumer","Toy Ornithopter","Sling","hexamod:Haunt","War Paint"],"campfire_rested":0,"item_purchase_floors":[27,46,48,48,55,55],"current_hp_per_floor":[70,71,71,78,80,80,80,80,84,82,82,84,84,77,70,18,110,110,115,113,114,114,114,114,145,147,154,123,121,89,64,63,58,113,123,128,123,124,129,108,108,108,108,108,101,96,105,105,105,94,104,111,193,159,162,162,180,18],"gold":7,"neow_bonus":"UPGRADE_CARD","is_daily":false,"chose_seed":false,"campfire_upgraded":3,"win_rate":0.0,"timestamp":1611423692,"path_taken":["R","M","?","?","?","?","T","R","M","M","E","M","R","?","M","BOSS","R","M","M","M","M","?","T","M","?","$","E","M","?","M","M","BOSS","R","M","M","M","M","?","T","PTL","PTL","?","M","$","M","$","R","E","M","BOSS","E","$","R","BOSS","BOSS"],"items_purchased_type":["Relic","Relic","Relic","Relic","Card","Relic"],"build_version":"2020-12-22","purchased_purges":3,"victory":true,"max_hp_per_floor":[70,71,71,78,81,81,81,81,85,90,95,100,100,100,105,110,110,110,115,120,125,130,130,130,145,150,160,168,173,89,97,105,113,113,123,128,136,144,149,157,157,157,157,157,165,170,175,175,175,183,188,193,193,198,201,201,206,211],"card_choices":[{"not_picked":["hexamod:AdvancingGuard","hexamod:RetreatToShadows"],"picked":"hexamod:BacktrackSmack","floor":2},{"not_picked":["hexamod:BacktrackSmack","hexamod:EmpoweredFlame"],"picked":"hexamod:Hexaguard","floor":5},{"not_picked":["hexamod:NecessarySacrifice","hexamod:GhostShield"],"picked":"hexamod:RadiantFlame","floor":9},{"not_picked":["hexamod:HexaLevel","hexamod:StepThrough"],"picked":"hexamod:NightmareStrike","floor":10},{"not_picked":["hexamod:VolcanoVisage","hexamod:Rewind"],"picked":"hexamod:DynamicBlow","floor":11},{"not_picked":["hexamod:HeatShield","hexamod:Haunt"],"picked":"hexamod:FlamesFromBeyond","floor":12},{"not_picked":["hexamod:AdvancingGuard","hexamod:Haunt"],"picked":"hexamod:UnlimitedPower","floor":15},{"not_picked":["hexamod:ShieldOfDarkness","hexamod:GhostLash","hexamod:GhostflameBarrier"],"picked":"SKIP","floor":15},{"not_picked":["hexamod:ParanormalForm","hexamod:SearingWound"],"picked":"hexamod:HexaLevel","floor":16},{"not_picked":["hexamod:GiftsFromTheDead","hexamod:TurnItUp"],"picked":"hexamod:SixthSeal","floor":16},{"not_picked":["hexamod:Again","hexamod:Firestarter"],"picked":"hexamod:SpectersWail","floor":19},{"not_picked":["hexamod:Rewind","hexamod:GhostShield"],"picked":"hexamod:ThermalTransfer","floor":19},{"not_picked":["hexamod:SwordOfDarkness+1","hexamod:HauntingEcho+1"],"picked":"hexamod:HeatMetal+1","floor":20},{"not_picked":["hexamod:NightmareGuise","hexamod:ThermalTransfer"],"picked":"hexamod:PowerFromBeyond","floor":20},{"not_picked":["hexamod:GhostflameBarrier+1","hexamod:EtherealExpedition"],"picked":"hexamod:Rewind","floor":21},{"not_picked":["hexamod:ThermalTransfer","hexamod:HauntingEcho"],"picked":"hexamod:NightmareGuise+1","floor":21},{"not_picked":["hexamod:GhostLash","hexamod:Firestarter"],"picked":"hexamod:FifthSeal","floor":22},{"not_picked":["hexamod:BurningTouch","hexamod:BacktrackSmack","hexamod:FastForward"],"picked":"SKIP","floor":22},{"not_picked":["hexamod:ExtraCrispy+1","hexamod:SpectralAdrenaline"],"picked":"hexamod:SixthSeal","floor":25},{"not_picked":["hexamod:FlamesFromBeyond+1","hexamod:SwordOfDarkness","hexamod:AdvancingGuard"],"picked":"SKIP","floor":26},{"not_picked":["hexamod:FlamesFromBeyond+1","hexamod:ThermalTransfer+1","hexamod:Rewind"],"picked":"SKIP","floor":27},{"not_picked":["hexamod:HeatShield","hexamod:NightmareStrike+1"],"picked":"hexamod:HeatCrush","floor":28},{"not_picked":["hexamod:ThermalTransfer","hexamod:PhantomCloak","hexamod:FlamesFromBeyond"],"picked":"SKIP","floor":29},{"not_picked":["hexamod:DynamicBlow","hexamod:RadiantFlame+1"],"picked":"hexamod:SpectersWail+1","floor":31},{"not_picked":["hexamod:BurningTouch","hexamod:StepThrough+1"],"picked":"hexamod:ForkedFlame","floor":32},{"not_picked":["hexamod:WildfireWeapon","hexamod:GhostflameInferno"],"picked":"hexamod:UnleashSpirits","floor":33},{"not_picked":["hexamod:NightmareStrike+1","hexamod:GhostflameInferno","hexamod:BurningTouch+1"],"picked":"SKIP","floor":36},{"not_picked":["hexamod:ThermalTransfer","hexamod:BurningTouch+1"],"picked":"hexamod:SoulSteal+1","floor":37},{"not_picked":["hexamod:HauntingEcho","hexamod:BurningTouch"],"picked":"hexamod:GhostShield+1","floor":38},{"not_picked":["hexamod:ThermalTransfer+1","hexamod:SpectralAdrenaline","hexamod:AdvancingGuard"],"picked":"SKIP","floor":39},{"not_picked":["hexamod:NightmareGuise","hexamod:NightmareStrike+1"],"picked":"hexamod:RetreatToShadows","floor":40},{"not_picked":["hexamod:ShieldOfDarkness+1","hexamod:GhostflameBarrier"],"picked":"hexamod:FourthSeal","floor":45},{"not_picked":["hexamod:FastForward+1","hexamod:HauntingEcho+1","hexamod:HeatMetal+1"],"picked":"SKIP","floor":46},{"not_picked":["hexamod:ExtraCrispy","hexamod:BurningTouch","hexamod:GhostOfSpirePresent"],"picked":"SKIP","floor":47},{"not_picked":["hexamod:UnlimitedPower","hexamod:HeatShield"],"picked":"hexamod:SearingWound","floor":50},{"not_picked":["hexamod:HauntingEcho","hexamod:SwordOfDarkness+1","hexamod:FastForward+1"],"picked":"SKIP","floor":51},{"not_picked":["hexamod:FastForward","hexamod:GhostOfSpirePresent","hexamod:RainOfEmbers+1"],"picked":"SKIP","floor":54}],"player_experience":554249,"relics_obtained":[{"floor":4,"key":"Strawberry"},{"floor":7,"key":"Omamori"},{"floor":11,"key":"Guardian:PocketSentry"},{"floor":18,"key":"Replay:Mystery Machine"},{"floor":28,"key":"Replay:Ringing Soul"},{"floor":40,"key":"Replay:Towering Pillar of Hats"},{"floor":41,"key":"MawBank"},{"floor":50,"key":"Replay:Multitool"},{"floor":54,"key":"ChaoDraw"}],"event_choices":[{"damage_healed":0,"gold_gain":0,"player_choice":"Box","damage_taken":0,"relics_obtained":["Oddly Smooth Stone"],"max_hp_gain":0,"max_hp_loss":0,"event_name":"Big Fish","floor":6,"gold_loss":0,"cards_obtained":["Regret"]},{"damage_healed":0,"gold_gain":0,"player_choice":"Fight","damage_taken":0,"max_hp_gain":0,"max_hp_loss":0,"event_name":"Mysterious Sphere","floor":40,"gold_loss":0}],"is_beta":false,"boss_relics":[{"not_picked":["FixedStarFall","bronze:MakeshiftBattery"],"picked":"RhineCircuit"},{"not_picked":["Fusion Hammer","xbg"],"picked":"ChiXiaoBlade"}],"items_purged_floors":[27,46,48],"is_endless":false,"potions_floor_spawned":[9,10,11,15,19,20,21,22,31,32,36,37,40,54],"ascension_level":1}}