{"host":"75t5dw8c2tyw3fa7","time":1611404143,"event":{"mods":["BaseMod","Minty Spire (QoL Compilation)","Replay The Spire","StSLib"],"gold_per_floor":[119,132,148,148,148,183,183,215,286,300,111,111,143,156,156,257,257,277,277,287,287,302,302,329,339,339,351,380,330,179,199,199,295,295,311,327,327,149,165,190,190,209,260,278,306,321,321,321,321,321],"floor_reached":51,"language":"ENG","playtime":4295,"items_purged":["Normality","Defend_B"],"score":1043,"play_id":"33a67373-507e-439b-b564-d143a80b671b","local_time":"20210123041543","is_ascension_mode":true,"campfire_choices":[{"data":"Zap","floor":7.0,"key":"SMITH"},{"floor":12.0,"key":"REST"},{"data":"Genetic Algorithm","floor":15.0,"key":"SMITH"},{"data":"Mayhem","floor":23.0,"key":"SMITH"},{"data":"Creative AI","floor":41.0,"key":"SMITH"},{"data":"Barrage","floor":49,"key":"SMITH"}],"circlet_count":0,"master_deck":["Strike_B+1","Defend_B+1","Zap+1","Dualcast","Leap","Sweeping Beam","Genetic Algorithm+1","Chill+1","Fusion+1","Mayhem+1","White Noise+1","Beam Cell","Core Surge","Redo+1","ReplayTheSpireMod:System Scan+1","Seek+1","Chaos+1","Amplify+1","Melter","Go for the Eyes+1","Rebound+1","Fission+1","Barrage+1","Streamline","Core Surge","Creative AI+1","Sunder+1","Capacitor","Turbo+1","Sweeping Beam+1","Genetic Algorithm+1"],"relics":["Cracked Core","Bird Faced Urn","Simple Rune","Toxic Egg 2","ReplayTheSpireMod:CursedCoin","Boot","Runic Pyramid","Kunai","Solar Panel","MealTicket","Orrery","Nuclear Battery","Bag of Preparation","ReplayFunnel","Pantograph","Quantum Egg"],"acts_visited":["Exordium","TheCity","TheBeyond"],"potions_floor_usage":[45,45,50,50],"damage_taken":[{"damage":0.0,"enemies":"Small Slimes","floor":1.0,"turns":4.0},{"damage":0.0,"enemies":"2 Louse","floor":2.0,"turns":3.0},{"damage":0.0,"enemies":"Cultist","floor":3.0,"turns":4.0},{"damage":21.0,"enemies":"3 Sentries","floor":6.0,"turns":6.0},{"damage":16.0,"enemies":"Gremlin Nob","floor":8.0,"turns":5.0},{"damage":0.0,"enemies":"3 Louse","floor":10.0,"turns":3.0},{"damage":8.0,"enemies":"Lagavulin","floor":13.0,"turns":7.0},{"damage":0.0,"enemies":"Exordium Thugs","floor":14.0,"turns":5.0},{"damage":55.0,"enemies":"Hexaghost","floor":16.0,"turns":15.0},{"damage":0.0,"enemies":"Chosen","floor":18.0,"turns":4.0},{"damage":0.0,"enemies":"Spheric Guardian","floor":20.0,"turns":4.0},{"damage":11.0,"enemies":"Snake Plant","floor":22.0,"turns":4.0},{"damage":26.0,"enemies":"Slavers","floor":24.0,"turns":6.0},{"damage":18.0,"enemies":"Centurion and Healer","floor":25.0,"turns":9.0},{"damage":0.0,"enemies":"Chosen and Byrds","floor":27.0,"turns":3.0},{"damage":20.0,"enemies":"Gremlin Leader","floor":28.0,"turns":8.0},{"damage":8.0,"enemies":"Cultist and Chosen","floor":31.0,"turns":5.0},{"damage":27.0,"enemies":"Champ","floor":33.0,"turns":10.0},{"damage":4.0,"enemies":"3 Darklings","floor":35.0,"turns":7.0},{"damage":12.0,"enemies":"Orb Walker","floor":36.0,"turns":3.0},{"damage":25.0,"enemies":"Maw","floor":39.0,"turns":8.0},{"damage":25.0,"enemies":"Reptomancer","floor":40.0,"turns":5.0},{"damage":7.0,"enemies":"Spire Growth","floor":42.0,"turns":4.0},{"damage":8.0,"enemies":"Sphere and 2 Shapes","floor":44.0,"turns":5.0},{"damage":23,"enemies":"Giant Head","floor":45,"turns":7},{"damage":10,"enemies":"Writhing Mass","floor":46,"turns":6},{"damage":67,"enemies":"Awakened One","floor":50,"turns":12}],"seed_played":"-4385563691852080303","potions_obtained":[{"floor":2.0,"key":"SpeedPotion"},{"floor":3.0,"key":"PowerPotion"},{"floor":10.0,"key":"PotionOfCapacity"},{"floor":16.0,"key":"ColorlessPotion"},{"floor":25.0,"key":"Ancient Potion"},{"floor":27.0,"key":"Weak Potion"},{"floor":28.0,"key":"ColorlessPotion"},{"floor":39.0,"key":"FearPotion"},{"floor":40.0,"key":"FearPotion"},{"floor":42.0,"key":"Doom Potion"},{"floor":46,"key":"BlessingOfTheForge"}],"is_trial":false,"path_per_floor":["M","M","M","?","?","E","R","E","T","M","$","R","E","M","R","B",null,"M","?","M","?","M","R","E","M","T","M","E","?","$","M","R","B",null,"M","M","?","$","M","E","R","M","T","M","E","M","?","T","R","B",null],"character_chosen":"DEFECT","items_purchased":["ReplayTheSpireMod:CursedCoin","Fusion+1","Mayhem","Orrery","Capacitor"],"campfire_rested":1,"item_purchase_floors":[11,11,11,30,38],"current_hp_per_floor":[75,75,75,75,68,47,47,31,31,31,31,55,49,53,53,2,62,66,66,68,68,61,61,45,33,33,43,35,35,50,48,48,35,70,82,78,78,82,71,57,57,64,64,80,75,79,78,78,78,45],"gold":321,"neow_bonus":"TEN_PERCENT_HP_BONUS","is_daily":false,"chose_seed":false,"campfire_upgraded":5,"win_rate":0.0,"timestamp":1611404143,"path_taken":["M","M","M","?","?","E","R","E","T","M","$","R","E","M","R","BOSS","M","?","M","?","M","R","E","M","T","M","E","?","$","?","R","BOSS","M","M","?","?","M","E","R","M","T","M","E","M","?","?","R","BOSS"],"items_purchased_type":["Relic","Card","Card","Relic","Card"],"build_version":"2020-12-22","purchased_purges":2,"victory":true,"max_hp_per_floor":[82,82,82,82,82,82,82,82,82,82,82,82,82,82,82,82,82,82,82,82,82,82,82,82,82,82,82,82,82,82,82,82,82,82,82,82,82,82,82,82,82,82,82,82,82,82,78,78,78,78],"card_choices":[{"not_picked":["Barrage","Coolheaded"],"picked":"Leap","floor":1.0},{"not_picked":["BasicCrystalCard","Coolheaded","ReplayTheSpireMod:Repulse"],"picked":"SKIP","floor":2.0},{"not_picked":["Compile Driver","Conserve Battery"],"picked":"Sweeping Beam","floor":3.0},{"not_picked":["Coolheaded","Panic Button","Rebound"],"picked":"SKIP","floor":6.0},{"not_picked":["Streamline","Beam Cell"],"picked":"Genetic Algorithm","floor":8.0},{"not_picked":["Multi-Cast+1","Sweeping Beam"],"picked":"Chill+1","floor":10.0},{"not_picked":["Streamline","Skim+1"],"picked":"White Noise+1","floor":13.0},{"not_picked":["ReplayTheSpireMod:Repulse+1","Barrage"],"picked":"Beam Cell","floor":14.0},{"not_picked":["Buffer","Thunder Strike"],"picked":"Core Surge","floor":16.0},{"not_picked":["Steam+1","Stack+1"],"picked":"Redo+1","floor":18.0},{"not_picked":["Turbo+1","Go for the Eyes","Rebound"],"picked":"SKIP","floor":20.0},{"not_picked":["Tempest+1","Blizzard"],"picked":"Chaos+1","floor":22.0},{"not_picked":["Heatsinks","Time Bomb+1"],"picked":"Amplify+1","floor":24.0},{"not_picked":["Compile Driver+1","Rebound"],"picked":"Melter","floor":25.0},{"not_picked":["Reprogram+1","Undo+1","Aggregate+1"],"picked":"SKIP","floor":27.0},{"not_picked":["Turbo+1","Rebound","Beam Cell"],"picked":"SKIP","floor":28.0},{"not_picked":["Leap+1","Barrage"],"picked":"Go for the Eyes+1","floor":30.0},{"not_picked":["Coolheaded+1","Loop"],"picked":"Rebound+1","floor":30.0},{"not_picked":["Rip and Tear+1","Barrage"],"picked":"Fission+1","floor":30.0},{"not_picked":["Panic Button+1","Redo+1"],"picked":"Barrage","floor":30.0},{"not_picked":["Stack+1","Go for the Eyes+1"],"picked":"Streamline","floor":30.0},{"not_picked":["Gash","Fusion+1","Turbo+1"],"picked":"SKIP","floor":31.0},{"not_picked":["Machine Learning","ReplayTheSpireMod:Fabricate Wheel+1"],"picked":"Creative AI","floor":33.0},{"not_picked":["Hologram+1","Turbo+1","Panic Button+1"],"picked":"SKIP","floor":35.0},{"not_picked":["Turbo+1","Panic Button+1"],"picked":"Sunder+1","floor":36.0},{"not_picked":["Barrage","Hello World+1"],"picked":"Turbo+1","floor":39.0},{"not_picked":["Redo+1","Machine Learning","Blizzard"],"picked":"SKIP","floor":40.0},{"not_picked":["Turbo+1","Streamline"],"picked":"Sweeping Beam+1","floor":42.0},{"not_picked":["Rebound","FIFO Queue"],"picked":"Genetic Algorithm+1","floor":44.0},{"not_picked":["FIFO Queue","Steam+1","Crystallizer"],"picked":"SKIP","floor":45},{"not_picked":["Sunder","Beam Cell+1","Turbo+1"],"picked":"SKIP","floor":46}],"player_experience":455531,"relics_obtained":[{"floor":6.0,"key":"Bird Faced Urn"},{"floor":8.0,"key":"Simple Rune"},{"floor":9.0,"key":"Toxic Egg 2"},{"floor":13.0,"key":"Boot"},{"floor":24.0,"key":"Kunai"},{"floor":26.0,"key":"Solar Panel"},{"floor":28.0,"key":"MealTicket"},{"floor":40.0,"key":"Bag of Preparation"},{"floor":43.0,"key":"ReplayFunnel"},{"floor":45,"key":"Pantograph"},{"floor":48,"key":"Quantum Egg"}],"event_choices":[{"damage_healed":0.0,"max_hp_gain":0.0,"max_hp_loss":0.0,"gold_gain":0.0,"event_name":"Shining Light","player_choice":"Ignored","floor":4.0,"gold_loss":0.0,"damage_taken":0.0},{"cards_removed":["Strike_B"],"damage_healed":0.0,"max_hp_gain":0.0,"max_hp_loss":0.0,"gold_gain":0.0,"event_name":"Golden Wing","player_choice":"Card Removal","floor":5.0,"gold_loss":0.0,"damage_taken":7.0},{"damage_healed":0.0,"max_hp_gain":0.0,"max_hp_loss":0.0,"gold_gain":0.0,"cards_transformed":["Strike_B","Defend_B"],"event_name":"Drug Dealer","player_choice":"Became Test Subject","floor":19.0,"gold_loss":0.0,"damage_taken":0.0,"cards_obtained":["ReplayTheSpireMod:System Scan","Seek"]},{"cards_removed":["Strike_B"],"damage_healed":0.0,"max_hp_gain":0.0,"max_hp_loss":0.0,"gold_gain":0.0,"event_name":"Back to Basics","player_choice":"Elegance","floor":21.0,"gold_loss":0.0,"damage_taken":0.0},{"damage_healed":0.0,"max_hp_gain":0.0,"max_hp_loss":0.0,"gold_gain":0.0,"event_name":"The Joust","player_choice":"Bet on Owner","floor":29.0,"gold_loss":50.0,"damage_taken":0.0},{"damage_healed":0.0,"max_hp_gain":0.0,"max_hp_loss":0.0,"gold_gain":0.0,"event_name":"The Woman in Blue","player_choice":"Bought 0 Potions","floor":37.0,"gold_loss":0.0,"damage_taken":0.0},{"damage_healed":0,"gold_gain":0,"player_choice":"Max HP","damage_taken":0,"max_hp_gain":0,"max_hp_loss":4,"event_name":"Winding Halls","floor":47,"gold_loss":0}],"is_beta":false,"boss_relics":[{"not_picked":["Runic Dome","Kintsugi"],"picked":"Runic Pyramid"},{"not_picked":["Busted Crown","Ring of Chaos"],"picked":"Nuclear Battery"}],"items_purged_floors":[11,38],"is_endless":false,"potions_floor_spawned":[2,3,10,16,25,27,28,31,39,40,42,44,46],"ascension_level":9}}