{"host":"Rich","time":1611438449,"event":{"mods":["AchievementEnabler","BaseMod","Highlight Path","Minty Spire (QoL Compilation)","Relic Stats"],"gold_per_floor":[110,33,44,44,44,79,95,95,122,139,139,168,186,218,218,293,293,309,309,319,33,45,45,80,130,130,130,159,159,175,12,12,89,89,100,100,118,131,53,53,79,96,96,126,179,179,231,73,73,73,73,73,73,23,51,51,51],"floor_reached":56,"language":"ENG","playtime":2334,"items_purged":["Strike_B","Dualcast"],"score":1922,"play_id":"ffbe7464-6cea-4dd1-b57b-d6f98ad66d7d","local_time":"20210123164729","is_ascension_mode":true,"campfire_choices":[{"data":"Zap","floor":8.0,"key":"SMITH"},{"data":"Streamline","floor":15.0,"key":"SMITH"},{"data":"Seek","floor":23.0,"key":"SMITH"},{"data":"Chill","floor":27.0,"key":"SMITH"},{"data":"Beam Cell","floor":29.0,"key":"SMITH"},{"data":"Turbo","floor":32.0,"key":"SMITH"},{"floor":40.0,"key":"RECALL"},{"floor":49.0,"key":"REST"},{"data":"Chill","floor":53,"key":"SMITH"}],"circlet_count":0,"master_deck":["AscendersBane","Defend_B","Defend_B","Defend_B","Zap+1","Turbo+1","Defragment+1","Ball Lightning","Streamline+1","Self Repair+1","Ball Lightning","Echo Form+1","Chill+1","Cold Snap","Buffer+1","Beam Cell+1","Cold Snap","Thunder Strike","Leap","Seek+1","Static Discharge+1","Biased Cognition+1","Storm+1","Glacier","Electrodynamics+1","Undo","Loop+1","Chill+1","Coolheaded","Creative AI+1","Thinking Ahead","White Noise"],"relics":["Cracked Core","NeowsBlessing","Toy Ornithopter","Bronze Scales","Frozen Egg 2","Ancient Tea Set","Philosopher\u0027s Stone","Vajra","Cables","DataDisk","Empty Cage","Symbiotic Virus","Gremlin Horn","Dream Catcher","Girya","Smiling Mask","Runic Capacitor","Eternal Feather"],"acts_visited":["Exordium","TheCity","TheBeyond","TheEnding"],"potions_floor_usage":[50,56],"damage_taken":[{"damage":0.0,"enemies":"Cultist","floor":1.0,"turns":1.0},{"damage":0.0,"enemies":"2 Louse","floor":3.0,"turns":1.0},{"damage":0.0,"enemies":"Gremlin Nob","floor":6.0,"turns":1.0},{"damage":3.0,"enemies":"Small Slimes","floor":7.0,"turns":3.0},{"damage":4.0,"enemies":"2 Fungi Beasts","floor":10.0,"turns":3.0},{"damage":35.0,"enemies":"3 Sentries","floor":12.0,"turns":5.0},{"damage":20.0,"enemies":"Gremlin Gang","floor":13.0,"turns":3.0},{"damage":17.0,"enemies":"Lagavulin","floor":14.0,"turns":7.0},{"damage":20.0,"enemies":"Hexaghost","floor":16.0,"turns":9.0},{"damage":6.0,"enemies":"Spheric Guardian","floor":18.0,"turns":3.0},{"damage":0.0,"enemies":"Chosen","floor":20.0,"turns":3.0},{"damage":27.0,"enemies":"Sentry and Sphere","floor":22.0,"turns":4.0},{"damage":4.0,"enemies":"Gremlin Leader","floor":24.0,"turns":5.0},{"damage":15.0,"enemies":"Book of Stabbing","floor":28.0,"turns":4.0},{"damage":20.0,"enemies":"Shelled Parasite and Fungi","floor":30.0,"turns":4.0},{"damage":22.0,"enemies":"Collector","floor":33.0,"turns":5.0},{"damage":0.0,"enemies":"3 Darklings","floor":35.0,"turns":3.0},{"damage":5.0,"enemies":"Orb Walker","floor":37.0,"turns":3.0},{"damage":0.0,"enemies":"Maw","floor":38.0,"turns":5.0},{"damage":24.0,"enemies":"Reptomancer","floor":41.0,"turns":5.0},{"damage":0.0,"enemies":"Transient","floor":42.0,"turns":6.0},{"damage":1.0,"enemies":"Giant Head","floor":44.0,"turns":8.0},{"damage":22.0,"enemies":"2 Orb Walkers","floor":45.0,"turns":3.0},{"damage":43,"enemies":"Awakened One","floor":50,"turns":8},{"damage":6,"enemies":"Donu and Deca","floor":51,"turns":6},{"damage":57,"enemies":"Shield and Spear","floor":55,"turns":5},{"damage":39,"enemies":"The Heart","floor":56,"turns":2}],"seed_played":"-2547312137763167177","potions_obtained":[{"floor":1.0,"key":"LiquidMemories"},{"floor":3.0,"key":"PotionOfCapacity"},{"floor":14.0,"key":"GamblersBrew"},{"floor":18.0,"key":"Regen Potion"},{"floor":22.0,"key":"DuplicationPotion"},{"floor":24.0,"key":"DuplicationPotion"},{"floor":30.0,"key":"Fruit Juice"},{"floor":35.0,"key":"Ancient Potion"},{"floor":38.0,"key":"BlessingOfTheForge"},{"floor":55,"key":"Fire Potion"}],"is_trial":false,"path_per_floor":["M","$","M","?","?","E","M","R","T","M","?","E","M","E","R","B",null,"M","?","M","$","M","R","E","?","T","R","E","R","M","$","R","B",null,"M","?","M","M","$","R","E","M","T","E","?","?","T","$","R","B","B",null,"R","$","E","B"],"character_chosen":"DEFECT","items_purchased":["Defragment","Seek","Static Discharge+1","DataDisk","Chill","Runic Capacitor"],"campfire_rested":1,"item_purchase_floors":[2,21,21,31,39,48],"current_hp_per_floor":[64,64,64,64,64,64,61,61,61,69,69,44,34,32,32,37,63,57,57,57,57,50,50,71,71,71,71,66,66,66,66,66,69,71,71,67,71,76,76,76,62,72,72,76,54,54,54,54,76,58,52,70,70,70,33,0,0],"gold":51,"neow_bonus":"THREE_ENEMY_KILL","is_daily":false,"chose_seed":false,"campfire_upgraded":7,"win_rate":0.0,"timestamp":1611438449,"path_taken":["M","$","M","?","?","E","M","R","T","?","?","E","M","E","R","BOSS","M","?","M","$","M","R","E","?","T","R","E","R","M","$","R","BOSS","M","?","M","?","$","R","E","M","T","E","?","?","?","?","R","BOSS","BOSS","R","$","E","BOSS"],"items_purchased_type":["Card","Card","Card","Relic","Card","Relic"],"build_version":"2020-12-18","purchased_purges":2,"victory":false,"max_hp_per_floor":[71,71,71,71,71,71,71,71,71,71,71,71,71,71,71,71,71,71,71,71,71,71,71,71,71,71,71,71,71,71,71,71,71,71,71,71,71,76,76,76,76,76,76,76,76,76,76,76,76,76,76,76,76,76,76,76,76],"relic_stats":{"Dream Catcher":1,"Gremlin Horn":[5,5],"counters":[27,115],"Bronze Scales":[329],"Eternal Feather":0,"Smiling Mask":50,"obtain_stats":[{"Girya":45,"NeowsBlessing":0,"Gremlin Horn":43,"Vajra":24,"Eternal Feather":55,"Runic Capacitor":48,"Frozen Egg 2":12,"Ancient Tea Set":14,"Empty Cage":34,"Smiling Mask":47,"Cables":28,"DataDisk":31,"Dream Catcher":44,"Bronze Scales":9,"Philosopher\u0027s Stone":17,"Cracked Core":0,"Symbiotic Virus":41,"Toy Ornithopter":6},{"Girya":23,"NeowsBlessing":0,"Gremlin Horn":21,"Vajra":13,"Eternal Feather":26,"Runic Capacitor":23,"Frozen Egg 2":6,"Ancient Tea Set":8,"Empty Cage":16,"Smiling Mask":23,"Cables":14,"DataDisk":15,"Dream Catcher":22,"Bronze Scales":4,"Philosopher\u0027s Stone":9,"Cracked Core":0,"Symbiotic Virus":20,"Toy Ornithopter":3},{"Girya":94,"NeowsBlessing":0,"Gremlin Horn":83,"Vajra":48,"Eternal Feather":113,"Runic Capacitor":94,"Frozen Egg 2":14,"Ancient Tea Set":24,"Empty Cage":61,"Smiling Mask":94,"Cables":52,"DataDisk":56,"Dream Catcher":91,"Bronze Scales":6,"Philosopher\u0027s Stone":33,"Cracked Core":0,"Symbiotic Virus":77,"Toy Ornithopter":3}],"Toy Ornithopter":35,"Cables":[53,31,20,2,0]},"card_choices":[{"not_picked":["Force Field","Aggregate"],"picked":"Turbo","floor":1.0},{"not_picked":["Steam Power","Streamline"],"picked":"Ball Lightning","floor":3.0},{"not_picked":["Heatsinks","Beam Cell"],"picked":"Streamline","floor":6.0},{"not_picked":["Redo","Ball Lightning"],"picked":"Self Repair","floor":7.0},{"not_picked":["Coolheaded","Blizzard"],"picked":"Ball Lightning","floor":10.0},{"not_picked":["Doom and Gloom","Leap"],"picked":"Echo Form+1","floor":12.0},{"not_picked":["White Noise","Conserve Battery"],"picked":"Chill","floor":13.0},{"not_picked":["Turbo","Rip and Tear"],"picked":"Cold Snap","floor":14.0},{"not_picked":["Seek","Reboot"],"picked":"Buffer+1","floor":16.0},{"not_picked":["Turbo","Gash"],"picked":"Beam Cell","floor":18.0},{"not_picked":["Stack","Gash"],"picked":"Leap","floor":20.0},{"not_picked":["Aggregate","Cold Snap","Streamline"],"picked":"SKIP","floor":22.0},{"not_picked":["Beam Cell","Steam Power"],"picked":"Biased Cognition+1","floor":24.0},{"not_picked":["Barrage","Leap"],"picked":"Storm+1","floor":28.0},{"not_picked":["Cold Snap","Aggregate"],"picked":"Glacier","floor":30.0},{"not_picked":["All For One","Meteor Strike"],"picked":"Electrodynamics+1","floor":33.0},{"not_picked":["Auto Shields+1","Storm+1","Barrage"],"picked":"SKIP","floor":35.0},{"not_picked":["Barrage+1","Sweeping Beam"],"picked":"Undo","floor":37.0},{"not_picked":["Tempest","Coolheaded"],"picked":"Loop+1","floor":38.0},{"not_picked":["Leap","Doom and Gloom+1"],"picked":"Coolheaded","floor":41.0},{"not_picked":["Cold Snap","Beam Cell","Recycle+1"],"picked":"SKIP","floor":42.0},{"not_picked":["Rebound","Sweeping Beam","Steam+1"],"picked":"SKIP","floor":44.0},{"not_picked":["Stack","Hologram+1"],"picked":"Creative AI+1","floor":45.0},{"not_picked":["Purity","Sadistic Nature+1"],"picked":"Thinking Ahead","floor":46.0},{"not_picked":["Steam","Rebound+1"],"picked":"White Noise","floor":55}],"player_experience":2010648,"relics_obtained":[{"floor":6.0,"key":"Toy Ornithopter"},{"floor":9.0,"key":"Bronze Scales"},{"floor":12.0,"key":"Frozen Egg 2"},{"floor":14.0,"key":"Ancient Tea Set"},{"floor":24.0,"key":"Vajra"},{"floor":28.0,"key":"Cables"},{"floor":41.0,"key":"Symbiotic Virus"},{"floor":43.0,"key":"Gremlin Horn"},{"floor":44.0,"key":"Dream Catcher"},{"floor":45.0,"key":"Girya"},{"floor":47.0,"key":"Smiling Mask"},{"floor":55,"key":"Eternal Feather"}],"event_choices":[{"damage_healed":0.0,"max_hp_gain":0.0,"max_hp_loss":0.0,"gold_gain":0.0,"event_name":"Liars Game","player_choice":"Ignored","floor":4.0,"gold_loss":0.0,"damage_taken":0.0},{"damage_healed":0.0,"max_hp_gain":0.0,"max_hp_loss":0.0,"gold_gain":0.0,"event_name":"Accursed Blacksmith","player_choice":"Forge","floor":5.0,"gold_loss":0.0,"damage_taken":0.0,"cards_upgraded":["Defragment"]},{"damage_healed":0.0,"max_hp_gain":0.0,"max_hp_loss":0.0,"gold_gain":0.0,"event_name":"Upgrade Shrine","player_choice":"Upgraded","floor":11.0,"gold_loss":0.0,"damage_taken":0.0,"cards_upgraded":["Self Repair"]},{"damage_healed":0.0,"max_hp_gain":0.0,"max_hp_loss":0.0,"gold_gain":0.0,"cards_transformed":["Strike_B","Strike_B"],"event_name":"Drug Dealer","player_choice":"Became Test Subject","floor":19.0,"gold_loss":0.0,"damage_taken":0.0,"cards_obtained":["Cold Snap","Thunder Strike"]},{"damage_healed":0.0,"max_hp_gain":0.0,"max_hp_loss":0.0,"gold_gain":50.0,"event_name":"Nest","player_choice":"Stole From Cult","floor":25.0,"gold_loss":0.0,"damage_taken":0.0},{"damage_healed":0.0,"max_hp_gain":0.0,"max_hp_loss":0.0,"gold_gain":0.0,"event_name":"The Woman in Blue","player_choice":"Bought 0 Potions","floor":36.0,"gold_loss":0.0,"damage_taken":0.0},{"damage_healed":0.0,"max_hp_gain":0.0,"max_hp_loss":0.0,"gold_gain":0.0,"event_name":"Mysterious Sphere","player_choice":"Fight","floor":45.0,"gold_loss":0.0,"damage_taken":0.0},{"damage_healed":0.0,"max_hp_gain":0.0,"max_hp_loss":0.0,"gold_gain":0.0,"event_name":"SensoryStone","player_choice":"Memory 1","floor":46.0,"gold_loss":0.0,"damage_taken":0.0}],"is_beta":true,"boss_relics":[{"not_picked":["Runic Pyramid","Fusion Hammer"],"picked":"Philosopher\u0027s Stone"},{"not_picked":["FrozenCore","Runic Dome"],"picked":"Empty Cage"}],"items_purged_floors":[21,54],"is_endless":false,"potions_floor_spawned":[1,3,7,14,18,22,24,30,35,38,55],"killed_by":"The Heart","ascension_level":20}}