{"host":"vyjryxuuuxkt43k4","time":1611394583,"event":{"mods":["AchievementEnabler","BaseMod","Colored Map","DeckTracker","Keyboard Shortcuts","Minty Spire (QoL Compilation)","Permanent Neow","Quick Restart","StSLib","SuperFastMode","everything is the same but u backflip on backflip"],"gold_per_floor":[109,109,124,140,140,140,65,65,65,109,109,147,161,176,176,176,176],"floor_reached":16,"language":"KOR","playtime":925,"items_purged":["Strike_R"],"score":215,"play_id":"85cd53b0-99d3-4dbf-b8a8-18f23329a90d","local_time":"20210123183623","is_ascension_mode":true,"campfire_choices":[{"data":"Body Slam","floor":6,"key":"SMITH"},{"data":"Inflame","floor":8,"key":"SMITH"},{"floor":11,"key":"REST"},{"floor":15,"key":"REST"}],"circlet_count":0,"master_deck":["AscendersBane","Strike_R","Strike_R","Strike_R","Strike_R","Defend_R+1","Defend_R","Defend_R+1","Defend_R","Bash","Body Slam+1","Burning Pact","Inflame+1","Feel No Pain","Carnage","Fire Breathing","Pummel"],"relics":["Burning Blood","Centennial Puzzle","Golden Idol","Mummified Hand","War Paint","StrikeDummy"],"acts_visited":["Exordium"],"potions_floor_usage":[10,13,16],"damage_taken":[{"damage":4,"enemies":"2 Louse","floor":1,"turns":4},{"damage":4,"enemies":"Jaw Worm","floor":3,"turns":6},{"damage":15,"enemies":"Small Slimes","floor":4,"turns":5},{"damage":30,"enemies":"3 Sentries","floor":10,"turns":10},{"damage":29,"enemies":"Gremlin Nob","floor":12,"turns":4},{"damage":8,"enemies":"Exordium Wildlife","floor":13,"turns":4},{"damage":8,"enemies":"Large Slime","floor":14,"turns":5},{"damage":48,"enemies":"The Guardian","floor":16,"turns":11}],"seed_played":"462497654868124651","potions_obtained":[{"floor":1,"key":"PowerPotion"},{"floor":12,"key":"Dexterity Potion"},{"floor":14,"key":"LiquidMemories"}],"is_trial":false,"path_per_floor":["M","?","M","M","$","R","$","R","T","E","R","E","M","M","R","B"],"character_chosen":"IRONCLAD","items_purchased":[],"campfire_rested":2,"item_purchase_floors":[],"current_hp_per_floor":[70,44,46,37,37,37,37,37,37,13,35,12,10,8,30,0,0],"gold":176,"neow_bonus":"RANDOM_COMMON_RELIC","is_daily":false,"chose_seed":false,"campfire_upgraded":2,"win_rate":0.0,"timestamp":1611394583,"path_taken":["M","?","M","M","$","R","$","R","T","E","R","E","M","M","R","BOSS"],"items_purchased_type":[],"build_version":"2020-12-22","purchased_purges":1,"victory":false,"max_hp_per_floor":[75,75,75,75,75,75,75,75,75,75,75,75,75,75,75,75,75],"card_choices":[{"not_picked":["Burning Pact","Iron Wave"],"picked":"Body Slam","floor":1},{"not_picked":["Spot Weakness","Thunderclap"],"picked":"Burning Pact","floor":3},{"not_picked":["Pommel Strike","Dropkick"],"picked":"Inflame","floor":4},{"not_picked":["Sword Boomerang","Armaments"],"picked":"Feel No Pain","floor":10},{"not_picked":["Havoc","Rupture"],"picked":"Carnage","floor":12},{"not_picked":["Wild Strike","Dark Embrace"],"picked":"Fire Breathing","floor":13},{"not_picked":["Warcry","Cleave"],"picked":"Pummel","floor":14}],"player_experience":260764,"relics_obtained":[{"floor":9,"key":"Mummified Hand"},{"floor":10,"key":"War Paint"},{"floor":12,"key":"StrikeDummy"}],"event_choices":[{"damage_healed":0,"gold_gain":0,"player_choice":"Take Damage","damage_taken":26,"relics_obtained":["Golden Idol"],"max_hp_gain":0,"max_hp_loss":0,"event_name":"Golden Idol","floor":2,"gold_loss":0}],"is_beta":false,"boss_relics":[],"items_purged_floors":[7],"is_endless":false,"potions_floor_spawned":[1,12,14],"killed_by":"The Guardian","ascension_level":19}}