{"host":"hk3n60c9tb8azi3z","time":1611430587,"event":{"mods":["AchievementEnabler","BaseMod","Minty Spire (QoL Compilation)","Relic Sorter","Relic Stats"],"gold_per_floor":[114,114,2374,2374,2386,2421,1495,1523,1523,1537,1557,1571,1571,1590,1590,1669,1669,1669,1594,977,977,977,977,977,977,977,977,583,583,583,208,208,208,208,208,208,208,36,36,36,36,36,36,36,36,36,0,0,0,0,0,0,0,0,0,0],"floor_reached":57,"language":"ENG","playtime":4667,"items_purged":["Strike_R","Strike_R","Strike_R","Strike_R"],"score":3676,"play_id":"f640352c-3da9-477f-8ea9-22b90ebda126","local_time":"20210123203627","is_ascension_mode":true,"campfire_choices":[{"floor":15.0,"key":"REST"},{"floor":29.0,"key":"REST"},{"floor":32.0,"key":"REST"},{"floor":45.0,"key":"RECALL"},{"floor":49.0,"key":"REST"},{"floor":53,"key":"REST"}],"circlet_count":0,"master_deck":["AscendersBane","Defend_R+1","Defend_R+1","Defend_R+1","Bash+1","Metallicize+1","Headbutt+1","Fiend Fire+1","Bloodletting+1","Uppercut+1","Spot Weakness+1","Violence+1","Ghostly Armor+1","Shrug It Off+1","Armaments+1","Demon Form+1","Rupture+1","Inflame+1","Dark Embrace+1","Body Slam+1","Spot Weakness+1","Dark Shackles+1","Disarm+1","Offering+1","Feel No Pain+1","Barricade+1","Armaments+1","Corruption+1","Corruption+1","Juggernaut+1","Dark Embrace+1","Dual Wield+1","Limit Break","Shrug It Off","True Grit+1","Seeing Red","Entrench+1","Armaments+1","Metallicize"],"relics":["Fusion Hammer","Self Forming Clay","Centennial Puzzle","Matryoshka","Dead Branch","Medical Kit","Omamori","Orichalcum","Bottled Lightning","Red Skull","Ectoplasm","Orrery","Oddly Smooth Stone","Question Card","White Beast Statue","MawBank","Juzu Bracelet","Mummified Hand","Frozen Eye","Astrolabe","Mark of the Bloom","Pear","Akabeko","Ornamental Fan","Happy Flower","Shuriken","Red Mask","Pantograph"],"acts_visited":["Exordium","TheCity","TheBeyond","TheEnding"],"potions_floor_usage":[56],"damage_taken":[{"damage":8.0,"enemies":"2 Louse","floor":1.0,"turns":3.0},{"damage":7.0,"enemies":"Jaw Worm","floor":5.0,"turns":2.0},{"damage":12.0,"enemies":"Lagavulin","floor":6.0,"turns":5.0},{"damage":0.0,"enemies":"Gremlin Nob","floor":8.0,"turns":2.0},{"damage":0.0,"enemies":"Cultist","floor":10.0,"turns":1.0},{"damage":0.0,"enemies":"Blue Slaver","floor":11.0,"turns":1.0},{"damage":0.0,"enemies":"Exordium Wildlife","floor":12.0,"turns":2.0},{"damage":0.0,"enemies":"2 Fungi Beasts","floor":14.0,"turns":2.0},{"damage":9.0,"enemies":"Slime Boss","floor":16.0,"turns":3.0},{"damage":2.0,"enemies":"Spheric Guardian","floor":18.0,"turns":4.0},{"damage":9.0,"enemies":"Shell Parasite","floor":21.0,"turns":2.0},{"damage":3.0,"enemies":"Shelled Parasite and Fungi","floor":22.0,"turns":3.0},{"damage":9.0,"enemies":"Gremlin Leader","floor":23.0,"turns":5.0},{"damage":15.0,"enemies":"Centurion and Healer","floor":24.0,"turns":10.0},{"damage":6.0,"enemies":"Snecko","floor":25.0,"turns":3.0},{"damage":9.0,"enemies":"Slavers","floor":27.0,"turns":1.0},{"damage":6.0,"enemies":"Book of Stabbing","floor":30.0,"turns":1.0},{"damage":21.0,"enemies":"Champ","floor":33.0,"turns":8.0},{"damage":0.0,"enemies":"Orb Walker","floor":35.0,"turns":1.0},{"damage":0.0,"enemies":"3 Shapes","floor":39.0,"turns":3.0},{"damage":9.0,"enemies":"Reptomancer","floor":40.0,"turns":3.0},{"damage":6.0,"enemies":"3 Darklings","floor":41.0,"turns":2.0},{"damage":3.0,"enemies":"Giant Head","floor":42.0,"turns":1.0},{"damage":0.0,"enemies":"Nemesis","floor":44.0,"turns":1.0},{"damage":6.0,"enemies":"Giant Head","floor":46.0,"turns":3.0},{"damage":9.0,"enemies":"Donu and Deca","floor":50.0,"turns":2.0},{"damage":3,"enemies":"Time Eater","floor":51,"turns":5},{"damage":6,"enemies":"Shield and Spear","floor":55,"turns":4},{"damage":6,"enemies":"The Heart","floor":56,"turns":5}],"seed_played":"6826800757117355060","potions_obtained":[{"floor":5.0,"key":"SteroidPotion"},{"floor":8.0,"key":"Block Potion"},{"floor":21.0,"key":"Energy Potion"},{"floor":23.0,"key":"AttackPotion"},{"floor":27.0,"key":"BloodPotion"},{"floor":39.0,"key":"AttackPotion"},{"floor":40.0,"key":"AttackPotion"},{"floor":41.0,"key":"Block Potion"},{"floor":46.0,"key":"ElixirPotion"},{"floor":55,"key":"EssenceOfSteel"}],"is_trial":false,"path_per_floor":["M","?","$","?","M","E","$","E","T","M","M","M","?","M","R","B",null,"M","?","$","M","M","E","M","M","T","E","$","R","E","$","R","B",null,"M","?","?","$","M","E","M","E","T","E","R","E","?","$","R","B","B",null,"R","$","E","B",null],"character_chosen":"IRONCLAD","items_purchased":["Metallicize","Self Forming Clay","Centennial Puzzle","Headbutt","Block Potion","Weak Potion","Dead Branch","Medical Kit","Violence","LiquidMemories","Omamori","Orrery","Oddly Smooth Stone","Spot Weakness","Dark Shackles","Juzu Bracelet","FairyPotion","Frozen Eye","True Grit","Limit Break"],"campfire_rested":5,"item_purchase_floors":[3,3,3,3,3,3,7,7,7,7,7,20,20,20,20,28,28,31,31,38],"current_hp_per_floor":[60,65,65,65,58,46,46,46,46,46,46,46,46,46,70,61,75,73,73,73,64,61,52,37,31,31,22,22,46,40,40,64,43,71,71,71,80,80,80,71,65,62,62,62,62,56,56,56,56,47,44,44,44,44,38,32],"gold":0,"neow_bonus":"BOSS_RELIC","is_daily":false,"chose_seed":false,"campfire_upgraded":0,"win_rate":0.0,"timestamp":1611430587,"path_taken":["M","?","$","?","M","E","$","E","T","M","?","M","?","M","R","BOSS","M","?","$","M","M","E","M","M","T","E","$","R","E","$","R","BOSS","M","?","?","$","M","E","M","E","T","E","R","E","?","?","R","BOSS","BOSS","R","$","E","BOSS"],"items_purchased_type":["Card","Relic","Relic","Card","Potion","Potion","Relic","Relic","Card","Potion","Relic","Relic","Relic","Card","Card","Relic","Potion","Relic","Card","Card"],"build_version":"2020-12-22","purchased_purges":4,"victory":true,"max_hp_per_floor":[75,80,80,80,80,80,80,80,80,80,80,80,80,80,80,80,80,80,80,80,80,80,80,80,80,80,80,80,80,80,80,80,80,80,80,80,80,80,80,90,90,90,90,90,90,90,90,90,90,90,90,90,90,90,90,90],"relic_stats":{"Mark of the Bloom":124,"Happy Flower":[6],"counters":[29,88],"Self Forming Clay":[69],"Dead Branch":[462],"Astrolabe":["Corruption","Juggernaut","Dark Embrace"],"Juzu Bracelet":0,"Orichalcum":[48],"Medical Kit":[0],"Question Card":13,"MawBank":0,"Centennial Puzzle":[58],"Mummified Hand":[111],"Ornamental Fan":[36],"Shuriken":[8],"Pantograph":0,"Ectoplasm":3441,"obtain_stats":[{"Mark of the Bloom":37,"Juzu Bracelet":28,"Burning Blood":0,"Frozen Eye":31,"Centennial Puzzle":3,"Matryoshka":6,"Mummified Hand":30,"Pantograph":55,"Fusion Hammer":0,"Red Mask":47,"Red Skull":9,"Pear":40,"Happy Flower":44,"Self Forming Clay":3,"Dead Branch":7,"Astrolabe":34,"Oddly Smooth Stone":20,"Omamori":7,"Orichalcum":8,"Medical Kit":7,"Question Card":23,"MawBank":27,"White Beast Statue":26,"Akabeko":42,"Ornamental Fan":43,"Shuriken":46,"Orrery":20,"Ectoplasm":17,"Bottled Lightning":9},{"Mark of the Bloom":19,"Juzu Bracelet":16,"Burning Blood":0,"Frozen Eye":17,"Centennial Puzzle":1,"Matryoshka":3,"Mummified Hand":17,"Pantograph":28,"Fusion Hammer":0,"Red Mask":25,"Red Skull":4,"Pear":21,"Happy Flower":24,"Self Forming Clay":1,"Dead Branch":3,"Astrolabe":18,"Oddly Smooth Stone":10,"Omamori":3,"Orichalcum":4,"Medical Kit":3,"Question Card":13,"MawBank":16,"White Beast Statue":15,"Akabeko":23,"Ornamental Fan":23,"Shuriken":25,"Orrery":10,"Ectoplasm":9,"Bottled Lightning":4},{"Mark of the Bloom":59,"Juzu Bracelet":49,"Burning Blood":0,"Frozen Eye":50,"Centennial Puzzle":3,"Matryoshka":10,"Mummified Hand":50,"Pantograph":83,"Fusion Hammer":0,"Red Mask":72,"Red Skull":12,"Pear":65,"Happy Flower":69,"Self Forming Clay":3,"Dead Branch":10,"Astrolabe":58,"Oddly Smooth Stone":25,"Omamori":10,"Orichalcum":12,"Medical Kit":10,"Question Card":35,"MawBank":49,"White Beast Statue":48,"Akabeko":68,"Ornamental Fan":68,"Shuriken":72,"Orrery":25,"Ectoplasm":21,"Bottled Lightning":12}]},"card_choices":[{"not_picked":["Wild Strike","Dropkick"],"picked":"Cleave","floor":1.0},{"not_picked":["Headbutt","Anger"],"picked":"Uppercut","floor":5.0},{"not_picked":["Shrug It Off","Perfected Strike"],"picked":"Spot Weakness","floor":6.0},{"not_picked":["Wild Strike","Searing Blow"],"picked":"Ghostly Armor","floor":8.0},{"not_picked":["Heavy Blade","Headbutt"],"picked":"Shrug It Off","floor":10.0},{"not_picked":["Pommel Strike","Warcry","Anger"],"picked":"SKIP","floor":11.0},{"not_picked":["Searing Blow","Twin Strike"],"picked":"Armaments","floor":12.0},{"not_picked":["Iron Wave","Clothesline"],"picked":"Intimidate","floor":14.0},{"not_picked":["Exhume","Reaper"],"picked":"Demon Form","floor":16.0},{"not_picked":["Anger+1","Havoc"],"picked":"Rupture","floor":18.0},{"not_picked":["Anger","Evolve"],"picked":"Inflame","floor":20.0},{"not_picked":["Iron Wave","Havoc"],"picked":"Dark Embrace","floor":20.0},{"not_picked":["Uppercut","Carnage"],"picked":"Body Slam+1","floor":20.0},{"not_picked":["Headbutt","Flex+1"],"picked":"Disarm+1","floor":21.0},{"not_picked":["Second Wind","Pummel"],"picked":"Offering","floor":22.0},{"not_picked":["Twin Strike","Searing Blow","Thunderclap+1"],"picked":"SKIP","floor":23.0},{"not_picked":["True Grit","Anger","Headbutt"],"picked":"Feel No Pain+1","floor":24.0},{"not_picked":["Heavy Blade+1","Metallicize","Rage"],"picked":"Barricade","floor":25.0},{"not_picked":["Power Through","Brutality","Wild Strike"],"picked":"Armaments","floor":27.0},{"not_picked":["Rage","Havoc","Pommel Strike","Reckless Charge"],"picked":"SKIP","floor":30.0},{"not_picked":["Brutality","Feed","Reaper"],"picked":"Corruption","floor":33.0},{"not_picked":["Flex","Pommel Strike","Twin Strike"],"picked":"Dual Wield+1","floor":35.0},{"not_picked":["Pummel","Perfected Strike","Searing Blow"],"picked":"Shrug It Off","floor":39.0},{"not_picked":["Infernal Blade","Whirlwind","Warcry","Spot Weakness"],"picked":"SKIP","floor":40.0},{"not_picked":["Body Slam","Shrug It Off","Sword Boomerang"],"picked":"True Grit+1","floor":41.0},{"not_picked":["True Grit","Dark Embrace","Blood for Blood"],"picked":"Seeing Red","floor":42.0},{"not_picked":["Clothesline+1","Cleave","Pommel Strike+1"],"picked":"Entrench+1","floor":44.0},{"not_picked":["Second Wind","Wild Strike","Pommel Strike"],"picked":"Armaments+1","floor":46.0},{"not_picked":["Corruption","Pummel","Rupture"],"picked":"Metallicize","floor":55}],"player_experience":1575884,"relics_obtained":[{"floor":6.0,"key":"Matryoshka"},{"floor":8.0,"key":"Orichalcum"},{"floor":9.0,"key":"Bottled Lightning"},{"floor":9.0,"key":"Red Skull"},{"floor":23.0,"key":"Question Card"},{"floor":26.0,"key":"White Beast Statue"},{"floor":27.0,"key":"MawBank"},{"floor":30.0,"key":"Mummified Hand"},{"floor":40.0,"key":"Pear"},{"floor":42.0,"key":"Akabeko"},{"floor":43.0,"key":"Ornamental Fan"},{"floor":44.0,"key":"Happy Flower"},{"floor":46.0,"key":"Shuriken"},{"floor":55,"key":"Pantograph"}],"event_choices":[{"damage_healed":0.0,"max_hp_gain":5.0,"max_hp_loss":0.0,"gold_gain":0.0,"event_name":"Big Fish","player_choice":"Donut","floor":2.0,"gold_loss":0.0,"damage_taken":0.0},{"damage_healed":0.0,"max_hp_gain":0.0,"max_hp_loss":0.0,"gold_gain":0.0,"event_name":"Match and Keep!","player_choice":"2 cards matched","floor":4.0,"gold_loss":0.0,"damage_taken":0.0,"cards_obtained":["Fiend Fire","Bloodletting"]},{"damage_healed":0.0,"max_hp_gain":0.0,"max_hp_loss":0.0,"gold_gain":0.0,"event_name":"Liars Game","player_choice":"Ignored","floor":13.0,"gold_loss":0.0,"damage_taken":0.0},{"cards_removed":["Strike_R"],"damage_healed":0.0,"max_hp_gain":0.0,"max_hp_loss":0.0,"gold_gain":0.0,"event_name":"Beggar","player_choice":"Gave Gold","floor":19.0,"gold_loss":75.0,"damage_taken":0.0},{"cards_removed":["True Grit"],"damage_healed":0.0,"max_hp_gain":0.0,"max_hp_loss":0.0,"gold_gain":0.0,"event_name":"Falling","player_choice":"Removed Skill","floor":36.0,"gold_loss":0.0,"damage_taken":0.0},{"damage_healed":0.0,"max_hp_gain":0.0,"max_hp_loss":0.0,"gold_gain":0.0,"event_name":"MindBloom","player_choice":"Upgrade","floor":37.0,"gold_loss":0.0,"damage_taken":0.0,"cards_upgraded":["Defend_R","Defend_R","Defend_R","Bash","Metallicize","Headbutt","Fiend Fire","Bloodletting","Uppercut","Spot Weakness","Violence","Ghostly Armor","Shrug It Off","Armaments","Demon Form","Rupture","Inflame","Dark Embrace","Spot Weakness","Dark Shackles","Offering","Barricade","Armaments","Corruption"],"relics_obtained":["Mark of the Bloom"]},{"damage_healed":0.0,"max_hp_gain":0.0,"max_hp_loss":0.0,"gold_gain":0.0,"event_name":"Tomb of Lord Red Mask","player_choice":"Paid","floor":47.0,"gold_loss":36.0,"damage_taken":0.0,"relics_obtained":["Red Mask"]}],"is_beta":false,"boss_relics":[{"not_picked":["Runic Dome","Sozu"],"picked":"Ectoplasm"},{"not_picked":["Empty Cage","Tiny House"],"picked":"Astrolabe"}],"items_purged_floors":[3,20,28,31],"is_endless":false,"potions_floor_spawned":[5,8,11,21,23,27,30,33,35,39,40,41,42,44,46,55],"ascension_level":20}}