{"host":"ibckqdmmf9y74ymf","time":1611436159,"event":{"mods":["2.2 Compatiblity","BaseMod","Colored Map","Curses Come First","Highlight Path","Minty Spire (QoL Compilation)","Quick Restart","Rare Cards Sparkle","Relic Stats","StSLib"],"gold_per_floor":[115,39,64,83,8,39,39,55,130,145,160,160,160,172,172,244,244,256,266,181,207,225,225,259,273,273,273,28,57,107,133,133,133,133],"floor_reached":33,"language":"ENG","playtime":2969,"items_purged":[],"score":760,"play_id":"216a1db5-7619-4b69-bccf-d03ac7376da8","local_time":"20210123220919","is_ascension_mode":true,"campfire_choices":[{"data":"CutThroughFate","floor":7.0,"key":"SMITH"},{"data":"TalkToTheHand","floor":13.0,"key":"SMITH"},{"data":"FlurryOfBlows","floor":15.0,"key":"SMITH"},{"data":"Omniscience","floor":23.0,"key":"SMITH"},{"data":"Blasphemy","floor":32.0,"key":"SMITH"}],"circlet_count":0,"master_deck":["AscendersBane","Strike_P","Strike_P","Strike_P","Strike_P","Defend_P","Defend_P","Defend_P","Eruption","Vigilance","CarveReality","TalkToTheHand+1","CutThroughFate+1","CutThroughFate","FlurryOfBlows+1","Blasphemy+1","Protect","ClearTheMind","Omniscience+1","BowlingBash+1","Swivel+1","Wireheading","Halt","Tantrum","Establishment"],"relics":["PureWater","NeowsBlessing","Anchor","Bag of Marbles","Gremlin Horn","Kunai","SlaversCollar","Oddly Smooth Stone","Red Mask","Turnip","Mango","Happy Flower","Potion Belt","Bronze Scales"],"acts_visited":["Exordium","TheCity"],"potions_floor_usage":[],"damage_taken":[{"damage":0.0,"enemies":"Cultist","floor":1.0,"turns":1.0},{"damage":0.0,"enemies":"Small Slimes","floor":4.0,"turns":2.0},{"damage":0.0,"enemies":"Lagavulin","floor":6.0,"turns":1.0},{"damage":0.0,"enemies":"Jaw Worm","floor":8.0,"turns":3.0},{"damage":0.0,"enemies":"Looter","floor":10.0,"turns":2.0},{"damage":0.0,"enemies":"3 Louse","floor":11.0,"turns":2.0},{"damage":0.0,"enemies":"Red Slaver","floor":14.0,"turns":2.0},{"damage":49.0,"enemies":"Hexaghost","floor":16.0,"turns":9.0},{"damage":8.0,"enemies":"2 Thieves","floor":18.0,"turns":3.0},{"damage":3.0,"enemies":"Shell Parasite","floor":19.0,"turns":4.0},{"damage":0.0,"enemies":"Masked Bandits","floor":21.0,"turns":2.0},{"damage":0.0,"enemies":"3 Cultists","floor":22.0,"turns":2.0},{"damage":0.0,"enemies":"Gremlin Leader","floor":24.0,"turns":3.0},{"damage":2.0,"enemies":"Centurion and Healer","floor":25.0,"turns":7.0},{"damage":2.0,"enemies":"Slavers","floor":29.0,"turns":5.0},{"damage":0.0,"enemies":"Gremlin Leader","floor":31.0,"turns":5.0},{"damage":0,"enemies":"Automaton","floor":33,"turns":1}],"seed_played":"1129801743976456416","potions_obtained":[{"floor":1.0,"key":"Explosive Potion"},{"floor":10.0,"key":"GamblersBrew"},{"floor":31.0,"key":"BlessingOfTheForge"}],"is_trial":false,"path_per_floor":["M","$","T","M","?","E","R","M","T","M","M","T","R","M","R","B",null,"M","M","?","?","M","R","E","M","T","?","$","E","?","E","R","B"],"character_chosen":"WATCHER","items_purchased":["TalkToTheHand","Happy Flower","Tantrum"],"campfire_rested":0,"item_purchase_floors":[2,28,28],"current_hp_per_floor":[61,61,61,61,61,61,61,61,61,61,61,61,61,61,61,12,54,46,43,43,43,43,43,43,41,55,55,55,53,53,53,53,53,53],"gold":133,"neow_bonus":"THREE_ENEMY_KILL","is_daily":false,"chose_seed":false,"campfire_upgraded":5,"win_rate":0.0,"timestamp":1611436159,"path_taken":["M","$","?","M","?","E","R","M","T","M","M","?","R","M","R","BOSS","M","M","?","?","M","R","E","M","T","?","$","E","?","E","R","BOSS"],"items_purchased_type":["Card","Relic","Card"],"build_version":"2020-12-22","purchased_purges":0,"victory":false,"max_hp_per_floor":[68,68,68,68,68,68,68,68,68,68,68,68,68,68,68,68,68,68,68,68,68,68,68,68,68,82,82,82,82,82,82,82,82,82],"relic_stats":{"Gremlin Horn":[18,18],"Happy Flower":[3],"counters":[17,54],"Bronze Scales":[0],"Turnip":[4],"Kunai":[28],"obtain_stats":[{"Potion Belt":29,"NeowsBlessing":0,"Gremlin Horn":9,"Happy Flower":28,"Oddly Smooth Stone":20,"Mango":26,"SlaversCollar":17,"Anchor":3,"Bronze Scales":31,"Turnip":24,"Bag of Marbles":6,"Red Mask":21,"Kunai":12,"PureWater":0},{"Potion Belt":15,"NeowsBlessing":0,"Gremlin Horn":4,"Happy Flower":14,"Oddly Smooth Stone":10,"Mango":14,"SlaversCollar":8,"Anchor":1,"Bronze Scales":16,"Turnip":13,"Bag of Marbles":3,"Red Mask":11,"Kunai":6,"PureWater":0},{"Potion Belt":48,"NeowsBlessing":0,"Gremlin Horn":7,"Happy Flower":43,"Oddly Smooth Stone":29,"Mango":43,"SlaversCollar":22,"Anchor":1,"Bronze Scales":53,"Turnip":36,"Bag of Marbles":4,"Red Mask":31,"Kunai":11,"PureWater":0}]},"card_choices":[{"not_picked":["Wireheading","PathToVictory"],"picked":"CarveReality","floor":1.0},{"not_picked":["Prostrate","Crescendo"],"picked":"CutThroughFate","floor":4.0},{"not_picked":["Prostrate","PathToVictory"],"picked":"CutThroughFate","floor":6.0},{"not_picked":["Crescendo","CrushJoints"],"picked":"FlurryOfBlows","floor":8.0},{"not_picked":["EmptyFist","Indignation"],"picked":"Blasphemy","floor":10.0},{"not_picked":["FlurryOfBlows","Perseverance"],"picked":"Protect","floor":11.0},{"not_picked":["Perseverance","Halt"],"picked":"ClearTheMind","floor":14.0},{"not_picked":["Ragnarok","Blasphemy"],"picked":"Omniscience","floor":16.0},{"not_picked":["BattleHymn","EmptyFist"],"picked":"BowlingBash+1","floor":18.0},{"not_picked":["Crescendo","Consecrate"],"picked":"Swivel+1","floor":19.0},{"not_picked":["Prostrate","ClearTheMind"],"picked":"Wireheading","floor":22.0},{"not_picked":["Consecrate","Perseverance","ConjureBlade"],"picked":"SKIP","floor":24.0},{"not_picked":["LikeWater","Protect"],"picked":"Halt","floor":25.0},{"not_picked":["ClearTheMind","FollowUp","Study"],"picked":"SKIP","floor":29.0},{"not_picked":["Evaluate","FlyingSleeves"],"picked":"Establishment","floor":31.0}],"player_experience":653821,"relics_obtained":[{"floor":3.0,"key":"Anchor"},{"floor":6.0,"key":"Bag of Marbles"},{"floor":9.0,"key":"Gremlin Horn"},{"floor":12.0,"key":"Kunai"},{"floor":21.0,"key":"Red Mask"},{"floor":24.0,"key":"Turnip"},{"floor":26.0,"key":"Mango"},{"floor":29.0,"key":"Potion Belt"},{"floor":31.0,"key":"Bronze Scales"}],"event_choices":[{"cards_removed":["Defend_P"],"damage_healed":0.0,"max_hp_gain":0.0,"max_hp_loss":0.0,"gold_gain":0.0,"event_name":"The Cleric","player_choice":"Card Removal","floor":5.0,"gold_loss":75.0,"damage_taken":0.0},{"damage_healed":0.0,"max_hp_gain":0.0,"max_hp_loss":0.0,"gold_gain":0.0,"event_name":"Addict","player_choice":"Obtained Relic","floor":20.0,"gold_loss":85.0,"damage_taken":0.0,"relics_obtained":["Oddly Smooth Stone"]},{"damage_healed":0.0,"max_hp_gain":0.0,"max_hp_loss":0.0,"gold_gain":0.0,"event_name":"Masked Bandits","player_choice":"Fought Bandits","floor":21.0,"gold_loss":0.0,"damage_taken":0.0},{"damage_healed":0.0,"max_hp_gain":0.0,"max_hp_loss":0.0,"gold_gain":0.0,"event_name":"Ghosts","player_choice":"Ignored","floor":27.0,"gold_loss":0.0,"damage_taken":0.0},{"damage_healed":0.0,"max_hp_gain":0.0,"max_hp_loss":0.0,"gold_gain":50.0,"event_name":"Golden Shrine","player_choice":"Pray","floor":30.0,"gold_loss":0.0,"damage_taken":0.0}],"is_beta":false,"boss_relics":[{"not_picked":["Busted Crown","Velvet Choker"],"picked":"SlaversCollar"}],"items_purged_floors":[],"is_endless":false,"potions_floor_spawned":[1,10,11,16,24,31],"killed_by":"Automaton","ascension_level":20}}