{"host":"8rwnpls8n88jrgbg","time":1611371230,"event":{"mods":["AchievementEnabler","BaseMod","Colored Map","Colored Powertips","DeckTracker","Keyboard Shortcuts","Minty Spire (QoL Compilation)","Relic Stats","StSLib","SuperFastMode"],"gold_per_floor":[115,115,129,54,65,65,100,100,123,138,153,153,66,66,66,138,138,151,166,166,176,176,209,209,209],"floor_reached":24,"language":"KOR","playtime":1715,"items_purged":["Strike_G"],"score":432,"play_id":"756f9adb-94c9-40d7-85f8-158bf82474c7","local_time":"20210123120710","is_ascension_mode":true,"campfire_choices":[{"data":"Quick Slash","floor":6.0,"key":"SMITH"},{"data":"Backflip","floor":12.0,"key":"SMITH"},{"data":"Well Laid Plans","floor":15.0,"key":"SMITH"}],"circlet_count":0,"master_deck":["AscendersBane","Survivor","Neutralize+1","Grand Finale","Quick Slash+1","Masterful Stab","Escape Plan","Backflip+1","Well Laid Plans+1","Tools of the Trade","Flechettes","Crippling Poison","Catalyst","Glass Knife","Calculated Gamble","Footwork","Leg Sweep","Deadly Poison","Cloak And Dagger+1","Dodge and Roll"],"relics":["Ring of the Snake","Bag of Marbles","Blood Vial","Omamori","Pandora\u0027s Box","Centennial Puzzle"],"acts_visited":["Exordium","TheCity"],"potions_floor_usage":[21,23,23],"damage_taken":[{"damage":9.0,"enemies":"Cultist","floor":1.0,"turns":6.0},{"damage":9.0,"enemies":"Jaw Worm","floor":3.0,"turns":3.0},{"damage":0.0,"enemies":"2 Louse","floor":5.0,"turns":2.0},{"damage":12.0,"enemies":"3 Sentries","floor":7.0,"turns":11.0},{"damage":0.0,"enemies":"Exordium Wildlife","floor":10.0,"turns":5.0},{"damage":0.0,"enemies":"3 Louse","floor":11.0,"turns":2.0},{"damage":2.0,"enemies":"Hexaghost","floor":16.0,"turns":9.0},{"damage":11.0,"enemies":"2 Thieves","floor":18.0,"turns":4.0},{"damage":6.0,"enemies":"3 Byrds","floor":19.0,"turns":4.0},{"damage":13,"enemies":"Shelled Parasite and Fungi","floor":21,"turns":7},{"damage":29,"enemies":"Book of Stabbing","floor":23,"turns":7},{"damage":6,"enemies":"Chosen and Byrds","floor":24,"turns":2}],"seed_played":"1537532630039469918","potions_obtained":[{"floor":1.0,"key":"Dexterity Potion"},{"floor":7.0,"key":"EssenceOfSteel"},{"floor":16.0,"key":"Dexterity Potion"},{"floor":19.0,"key":"CultistPotion"},{"floor":21,"key":"BlessingOfTheForge"}],"is_trial":false,"path_per_floor":["M","T","M","$","M","R","E","?","T","M","M","R","$","?","R","B",null,"M","M","?","M","?","E","M"],"character_chosen":"THE_SILENT","items_purchased":["Well Laid Plans"],"campfire_rested":0,"item_purchase_floors":[13],"current_hp_per_floor":[35,35,26,26,26,26,14,14,14,16,18,18,18,18,18,18,54,45,41,41,30,30,3,0,0],"gold":209,"neow_bonus":"THREE_RARE_CARDS","is_daily":false,"chose_seed":true,"campfire_upgraded":3,"win_rate":0.0,"timestamp":1611371230,"path_taken":["M","?","M","$","M","R","E","?","T","?","M","R","$","?","R","BOSS","BOSS","M","M","?","M","?","E","M"],"items_purchased_type":["Card"],"build_version":"2020-12-22","purchased_purges":1,"victory":false,"max_hp_per_floor":[66,66,66,66,66,66,66,66,66,66,66,66,66,66,66,66,66,66,66,66,66,66,66,66,66],"relic_stats":{"Blood Vial":16,"Centennial Puzzle":[0],"counters":[12,62],"Pandora\u0027s Box":["Flechettes","Crippling Poison","Catalyst","Glass Knife","Calculated Gamble","Footwork","Leg Sweep","Outmaneuver","Deadly Poison"],"obtain_stats":[{"Blood Vial":7,"Centennial Puzzle":23,"Pandora\u0027s Box":17,"Bag of Marbles":2,"Omamori":9,"Ring of the Snake":0},{"Blood Vial":4,"Centennial Puzzle":11,"Pandora\u0027s Box":7,"Bag of Marbles":1,"Omamori":4,"Ring of the Snake":0},{"Blood Vial":22,"Centennial Puzzle":60,"Pandora\u0027s Box":38,"Bag of Marbles":6,"Omamori":22,"Ring of the Snake":0}],"Ring of the Snake":[24]},"card_choices":[{"not_picked":["Phantasmal Killer","Doppelganger"],"picked":"Grand Finale","floor":0.0},{"not_picked":["Tactician","Prepared"],"picked":"Quick Slash","floor":1.0},{"not_picked":["Sucker Punch","Cloak And Dagger"],"picked":"Masterful Stab","floor":3.0},{"not_picked":["Blade Dance","Cloak And Dagger","Setup"],"picked":"SKIP","floor":5.0},{"not_picked":["Endless Agony","Dodge and Roll"],"picked":"Escape Plan","floor":7.0},{"not_picked":["Flechettes","Dagger Spray","Bullet Time"],"picked":"SKIP","floor":10.0},{"not_picked":["Flechettes","Dagger Spray","Bullet Time"],"picked":"SKIP","floor":10.0},{"not_picked":["Masterful Stab","Quick Slash"],"picked":"Backflip","floor":11.0},{"not_picked":["Envenom","Bullet Time"],"picked":"Tools of the Trade","floor":16.0},{"not_picked":["Dagger Throw","Underhanded Strike+1"],"picked":"Cloak And Dagger+1","floor":18.0},{"not_picked":["Heel Hook","Blade Dance","Poisoned Stab"],"picked":"SKIP","floor":19.0},{"not_picked":["Escape Plan","Slice"],"picked":"Dodge and Roll","floor":21},{"not_picked":["Well Laid Plans+1","Flechettes","Poisoned Stab"],"picked":"SKIP","floor":23}],"player_experience":1510800,"relics_obtained":[{"floor":2.0,"key":"Bag of Marbles"},{"floor":7.0,"key":"Blood Vial"},{"floor":9.0,"key":"Omamori"},{"floor":23,"key":"Centennial Puzzle"}],"event_choices":[{"damage_healed":0.0,"max_hp_gain":0.0,"max_hp_loss":0.0,"gold_gain":0.0,"event_name":"Upgrade Shrine","player_choice":"Upgraded","floor":8.0,"gold_loss":0.0,"damage_taken":0.0,"cards_upgraded":["Neutralize"]},{"damage_healed":0.0,"max_hp_gain":0.0,"max_hp_loss":0.0,"gold_gain":0.0,"event_name":"Shining Light","player_choice":"Ignored","floor":14.0,"gold_loss":0.0,"damage_taken":0.0},{"cards_removed":["Outmaneuver"],"damage_healed":0.0,"max_hp_gain":0.0,"max_hp_loss":0.0,"gold_gain":0.0,"event_name":"Back to Basics","player_choice":"Elegance","floor":20.0,"gold_loss":0.0,"damage_taken":0.0},{"damage_healed":0,"gold_gain":0,"player_choice":"Smashed Altar","damage_taken":0,"max_hp_gain":0,"max_hp_loss":0,"event_name":"Forgotten Altar","floor":22,"gold_loss":0,"cards_obtained":["Decay"]}],"is_beta":false,"boss_relics":[{"not_picked":["Ring of the Serpent","Velvet Choker"],"picked":"Pandora\u0027s Box"}],"items_purged_floors":[4],"is_endless":false,"potions_floor_spawned":[1,7,16,19,21],"killed_by":"Chosen and Byrds","ascension_level":20}}