{"host":"hwrdjx5eod2cxh09","time":1611408374,"event":{"mods":["AchievementEnabler","BaseMod","Bestiary","Minty Spire (QoL Compilation)","Relic Stats"],"gold_per_floor":[362,437,153,153,170,195,195,228,228,242,13,24,24,54,54,54,54],"floor_reached":16,"language":"ENG","playtime":650,"items_purged":["Injury","Strike_P"],"score":113,"play_id":"395b843a-c189-433d-9f34-df9103dcfd68","local_time":"20210123222614","is_ascension_mode":true,"campfire_choices":[{"floor":7,"key":"REST"},{"data":"Eruption","floor":15,"key":"SMITH"}],"circlet_count":0,"master_deck":["Strike_P","Strike_P+1","Strike_P+1","Defend_P","Defend_P","Defend_P","Defend_P","Eruption+1","Vigilance","CutThroughFate","FearNoEvil","Wireheading","FlurryOfBlows","FlurryOfBlows","SignatureMove","FlyingSleeves","Adaptation","ClearTheMind"],"relics":["PureWater","Sundial","Centennial Puzzle","The Courier","Toy Ornithopter"],"acts_visited":["Exordium"],"potions_floor_usage":[6,12,16],"damage_taken":[{"damage":1.0,"enemies":"Cultist","floor":1.0,"turns":4.0},{"damage":0.0,"enemies":"Jaw Worm","floor":5.0,"turns":1.0},{"damage":27,"enemies":"Lagavulin","floor":6,"turns":5},{"damage":27,"enemies":"3 Sentries","floor":8,"turns":5},{"damage":10,"enemies":"Small Slimes","floor":10,"turns":2},{"damage":0,"enemies":"3 Louse","floor":12,"turns":3},{"damage":34,"enemies":"The Guardian","floor":16,"turns":4}],"seed_played":"-8466793043015192805","potions_obtained":[{"floor":5.0,"key":"Fire Potion"},{"floor":8,"key":"Fire Potion"},{"floor":10,"key":"PowerPotion"}],"is_trial":false,"path_per_floor":["M","?","$","?","M","E","R","E","T","M","$","M","?","?","R","B"],"character_chosen":"WATCHER","items_purchased":["FearNoEvil","Wireheading","CultistPotion","Adaptation","Toy Ornithopter"],"campfire_rested":1,"item_purchase_floors":[3,3,3,11,11],"current_hp_per_floor":[71,60,60,46,46,19,40,13,13,3,3,8,32,32,32,3,3],"gold":54,"neow_bonus":"TWO_FIFTY_GOLD","is_daily":false,"chose_seed":false,"campfire_upgraded":1,"win_rate":0.0,"timestamp":1611408374,"path_taken":["M","?","$","?","M","E","R","E","T","M","$","M","?","?","R","BOSS"],"items_purchased_type":["Card","Card","Potion","Card","Relic"],"build_version":"2020-12-22","purchased_purges":2,"victory":false,"max_hp_per_floor":[72,72,72,72,72,72,72,72,72,72,72,72,72,72,72,72,72],"relic_stats":{"Centennial Puzzle":[6],"counters":[7,24],"Sundial":[2],"obtain_stats":[{"Centennial Puzzle":8,"Sundial":6,"The Courier":9,"PureWater":0,"Toy Ornithopter":11},{"Centennial Puzzle":4,"Sundial":3,"The Courier":4,"PureWater":0,"Toy Ornithopter":5},{"Centennial Puzzle":15,"Sundial":10,"The Courier":15,"PureWater":0,"Toy Ornithopter":17}],"Toy Ornithopter":10},"card_choices":[{"not_picked":["BowlingBash","ClearTheMind"],"picked":"CutThroughFate","floor":1.0},{"not_picked":["Pray","CarveReality"],"picked":"FlurryOfBlows","floor":5.0},{"not_picked":["FlyingSleeves","InnerPeace"],"picked":"FlurryOfBlows","floor":6},{"not_picked":["Brilliance","FlurryOfBlows"],"picked":"SignatureMove","floor":8},{"not_picked":["JustLucky","Meditate"],"picked":"FlyingSleeves","floor":10},{"not_picked":["Evaluate","FollowUp"],"picked":"ClearTheMind","floor":12}],"player_experience":257564,"relics_obtained":[{"floor":6,"key":"Sundial"},{"floor":8,"key":"Centennial Puzzle"},{"floor":9,"key":"The Courier"}],"event_choices":[{"damage_healed":0.0,"max_hp_gain":0.0,"max_hp_loss":0.0,"gold_gain":75.0,"event_name":"World of Goop","player_choice":"Gather Gold","floor":2.0,"gold_loss":0.0,"damage_taken":11.0},{"damage_healed":0.0,"max_hp_gain":0.0,"max_hp_loss":0.0,"gold_gain":0.0,"event_name":"Shining Light","player_choice":"Entered Light","floor":4.0,"gold_loss":0.0,"damage_taken":14.0,"cards_upgraded":["Strike_P","Strike_P"]},{"damage_healed":24,"gold_gain":0,"player_choice":"Banana","damage_taken":0,"max_hp_gain":0,"max_hp_loss":0,"event_name":"Big Fish","floor":13,"gold_loss":0},{"damage_healed":0,"gold_gain":30,"player_choice":"Searched \u00271\u0027 times","damage_taken":0,"max_hp_gain":0,"max_hp_loss":0,"event_name":"Dead Adventurer","floor":14,"gold_loss":0}],"is_beta":false,"boss_relics":[],"items_purged_floors":[3,11],"is_endless":false,"potions_floor_spawned":[5,8,10],"killed_by":"The Guardian","ascension_level":1}}