{"host":"bq4pt811tk9yrmjl","time":1611367088,"event":{"mods":["AchievementEnabler","BaseMod","Colored Map","Colored Powertips","Defuse TimeMaze Blight","Hermit","Minty Spire (QoL Compilation)","StSLib","SuperFastMode"],"gold_per_floor":[116,116,127,202,202,202,242,208,208,222,238,238,276,276,276,397,397,410,450,450,550,575,618,641,676,747,747,761,776,776,444,444,569,569,589,607,308,530,276,276,276,276,276,276,309,334,334,359,359,359,359,359,1,35,35],"floor_reached":56,"language":"ENG","playtime":1737,"items_purged":[],"score":1423,"play_id":"085f24a7-a948-471e-aa4a-0b861cebeba2","local_time":"20210122235808","is_ascension_mode":true,"campfire_choices":[{"floor":6.0,"key":"REST"},{"data":"After Image","floor":12.0,"key":"SMITH"},{"floor":15.0,"key":"REST"},{"floor":27.0,"key":"RECALL"},{"floor":30.0,"key":"REST"},{"data":"Leg Sweep","floor":32.0,"key":"SMITH"},{"data":"Neutralize","floor":40.0,"key":"SMITH"},{"data":"Infinite Blades","floor":42.0,"key":"SMITH"},{"data":"Blade Dance","floor":44.0,"key":"SMITH"},{"data":"PiercingWail","floor":47.0,"key":"SMITH"},{"data":"Noxious Fumes","floor":49.0,"key":"SMITH"},{"data":"Noxious Fumes","floor":52.0,"key":"SMITH"}],"circlet_count":0,"master_deck":["Survivor","Neutralize+1","Blade Dance","Blade Dance+1","After Image+1","Infinite Blades+1","Deflect","Die Die Die","Reflex","Noxious Fumes+1","Storm of Steel","PiercingWail+1","Catalyst","Noxious Fumes+1","Die Die Die","Burst","Escape Plan","Leg Sweep+1","Deflect+1","Dash+1","Catalyst+1","Blade Dance+1","Blur+1"],"relics":["Ring of the Snake","NeowsBlessing","Golden Idol","Regal Pillow","Gremlin Horn","Happy Flower","Pandora\u0027s Box","Red Mask","Bottled Flame","Kunai","Molten Egg 2","Shuriken","Busted Crown","Vajra","Lantern","Eternal Feather","Dream Catcher","Potion Belt","Shovel","Oddly Smooth Stone","Lee\u0027s Waffle","Blue Candle"],"acts_visited":["Exordium","TheCity","TheBeyond","TheEnding"],"potions_floor_usage":[54,54],"damage_taken":[{"damage":0.0,"enemies":"Small Slimes","floor":1.0,"turns":1.0},{"damage":0.0,"enemies":"Jaw Worm","floor":3.0,"turns":1.0},{"damage":0.0,"enemies":"3 Sentries","floor":7.0,"turns":1.0},{"damage":0.0,"enemies":"Cultist","floor":10.0,"turns":4.0},{"damage":4.0,"enemies":"Large Slime","floor":11.0,"turns":9.0},{"damage":16.0,"enemies":"Gremlin Nob","floor":13.0,"turns":5.0},{"damage":37.0,"enemies":"Hexaghost","floor":16.0,"turns":12.0},{"damage":0.0,"enemies":"Chosen","floor":18.0,"turns":6.0},{"damage":3.0,"enemies":"Masked Bandits","floor":19.0,"turns":2.0},{"damage":0.0,"enemies":"3 Byrds","floor":22.0,"turns":4.0},{"damage":5.0,"enemies":"Slavers","floor":23.0,"turns":6.0},{"damage":23.0,"enemies":"Snecko","floor":24.0,"turns":8.0},{"damage":0.0,"enemies":"Book of Stabbing","floor":25.0,"turns":6.0},{"damage":0.0,"enemies":"3 Cultists","floor":28.0,"turns":4.0},{"damage":8.0,"enemies":"Centurion and Healer","floor":29.0,"turns":8.0},{"damage":8.0,"enemies":"Collector","floor":33.0,"turns":8.0},{"damage":0.0,"enemies":"3 Shapes","floor":35.0,"turns":5.0},{"damage":8.0,"enemies":"3 Darklings","floor":36.0,"turns":6.0},{"damage":0.0,"enemies":"Reptomancer","floor":45.0,"turns":6.0},{"damage":2.0,"enemies":"Jaw Worm Horde","floor":46.0,"turns":4.0},{"damage":0.0,"enemies":"Transient","floor":48.0,"turns":5.0},{"damage":32.0,"enemies":"Time Eater","floor":50.0,"turns":15.0},{"damage":0,"enemies":"Shield and Spear","floor":54,"turns":5},{"damage":75,"enemies":"The Heart","floor":55,"turns":9}],"seed_played":"1867427054591604961","potions_obtained":[{"floor":1.0,"key":"BlessingOfTheForge"},{"floor":3.0,"key":"Block Potion"},{"floor":18.0,"key":"BlessingOfTheForge"},{"floor":19.0,"key":"AttackPotion"},{"floor":24.0,"key":"SteroidPotion"},{"floor":25.0,"key":"SkillPotion"},{"floor":35.0,"key":"Weak Potion"},{"floor":45.0,"key":"Explosive Potion"}],"is_trial":false,"path_per_floor":["M","?","M","?","?","R","E","$","T","M","M","R","E","?","R","B",null,"M","?","?","?","M","E","M","E","T","R","M","M","R","$","R","B",null,"M","M","$","?","$","R","T","R","T","R","E","M","R","M","R","B",null,"R","$","E","B",null],"character_chosen":"THE_SILENT","items_purchased":["Infinite Blades","Shuriken","DistilledChaos","Vajra","Lantern","Eternal Feather","Oddly Smooth Stone","Lee\u0027s Waffle","AttackPotion"],"campfire_rested":3,"item_purchase_floors":[8,31,31,37,37,39,53,53,53],"current_hp_per_floor":[70,75,75,64,46,68,68,68,68,68,64,64,48,45,75,38,75,75,72,72,72,72,67,44,44,44,44,44,36,73,73,73,65,75,75,67,67,67,67,75,75,75,75,75,75,73,75,75,75,43,75,75,82,82,7],"gold":35,"neow_bonus":"THREE_ENEMY_KILL","is_daily":false,"chose_seed":false,"campfire_upgraded":8,"win_rate":0.0,"timestamp":1611367088,"path_taken":["M","?","M","?","?","R","E","?","T","M","?","R","E","?","R","BOSS","M","?","?","?","?","E","M","E","T","R","?","M","R","$","R","BOSS","M","M","$","?","$","R","?","R","T","R","E","M","R","M","R","BOSS","R","$","E","BOSS"],"items_purchased_type":["Card","Relic","Potion","Relic","Relic","Relic","Relic","Relic","Potion"],"build_version":"2020-12-22","purchased_purges":0,"victory":true,"max_hp_per_floor":[70,75,75,75,75,75,75,75,75,75,75,75,75,75,75,75,75,75,75,75,75,75,75,75,75,75,75,75,75,75,75,75,75,75,75,75,75,75,75,75,75,75,75,75,75,75,75,75,75,75,75,75,82,82,82],"card_choices":[{"not_picked":["Escape Plan","Prepared"],"picked":"Blade Dance","floor":1.0},{"not_picked":["Backflip","Bane"],"picked":"Blade Dance","floor":3.0},{"not_picked":["Poisoned Stab","A Thousand Cuts"],"picked":"After Image","floor":7.0},{"not_picked":["Poisoned Stab","Acrobatics","Dagger Spray"],"picked":"SKIP","floor":10.0},{"not_picked":["Masterful Stab","Catalyst","Choke"],"picked":"SKIP","floor":11.0},{"not_picked":["Caltrops","Predator"],"picked":"Deflect","floor":13.0},{"not_picked":["Grand Finale","Bullet Time"],"picked":"Die Die Die","floor":16.0},{"not_picked":["Distraction","Finisher"],"picked":"Deflect+1","floor":18.0},{"not_picked":["Infinite Blades+1","Poisoned Stab","Well Laid Plans"],"picked":"SKIP","floor":22.0},{"not_picked":["Tools of the Trade","Quick Slash"],"picked":"Dash+1","floor":23.0},{"not_picked":["Dagger Spray","Flying Knee","Setup+1"],"picked":"SKIP","floor":24.0},{"not_picked":["Blade Dance","Expertise+1","Quick Slash"],"picked":"SKIP","floor":25.0},{"not_picked":["Prepared+1","Quick Slash+1"],"picked":"Catalyst+1","floor":28.0},{"not_picked":["Sucker Punch+1","Cloak And Dagger","Blur+1"],"picked":"SKIP","floor":29.0},{"not_picked":["Backflip+1"],"picked":"SKIP","floor":35.0},{"not_picked":["Quick Slash+1"],"picked":"SKIP","floor":36.0},{"not_picked":["Night Terror"],"picked":"SKIP","floor":45.0},{"not_picked":[],"picked":"Blade Dance+1","floor":46.0},{"not_picked":["Cloak And Dagger+1"],"picked":"SKIP","floor":48.0},{"not_picked":[],"picked":"Blur+1","floor":54}],"player_experience":215016,"relics_obtained":[{"floor":7.0,"key":"Regal Pillow"},{"floor":13.0,"key":"Gremlin Horn"},{"floor":19.0,"key":"Red Mask"},{"floor":23.0,"key":"Bottled Flame"},{"floor":25.0,"key":"Kunai"},{"floor":26.0,"key":"Molten Egg 2"},{"floor":41.0,"key":"Dream Catcher"},{"floor":43.0,"key":"Potion Belt"},{"floor":45.0,"key":"Shovel"},{"floor":54,"key":"Blue Candle"}],"event_choices":[{"damage_healed":0.0,"max_hp_gain":5.0,"max_hp_loss":0.0,"gold_gain":0.0,"event_name":"Big Fish","player_choice":"Donut","floor":2.0,"gold_loss":0.0,"damage_taken":0.0},{"damage_healed":0.0,"max_hp_gain":0.0,"max_hp_loss":0.0,"gold_gain":75.0,"event_name":"World of Goop","player_choice":"Gather Gold","floor":4.0,"gold_loss":0.0,"damage_taken":11.0},{"damage_healed":0.0,"max_hp_gain":0.0,"max_hp_loss":0.0,"gold_gain":0.0,"event_name":"Golden Idol","player_choice":"Take Damage","floor":5.0,"gold_loss":0.0,"damage_taken":18.0,"relics_obtained":["Golden Idol"]},{"damage_healed":0.0,"max_hp_gain":0.0,"max_hp_loss":0.0,"gold_gain":0.0,"event_name":"Scrap Ooze","player_choice":"Success","floor":14.0,"gold_loss":0.0,"damage_taken":3.0,"relics_obtained":["Happy Flower"]},{"damage_healed":0.0,"max_hp_gain":0.0,"max_hp_loss":0.0,"gold_gain":0.0,"event_name":"Masked Bandits","player_choice":"Fought Bandits","floor":19.0,"gold_loss":0.0,"damage_taken":0.0},{"damage_healed":0.0,"max_hp_gain":0.0,"max_hp_loss":0.0,"gold_gain":0.0,"event_name":"Vampires","player_choice":"Ignored","floor":20.0,"gold_loss":0.0,"damage_taken":0.0},{"damage_healed":0.0,"max_hp_gain":0.0,"max_hp_loss":0.0,"gold_gain":100.0,"event_name":"Golden Shrine","player_choice":"Pray","floor":21.0,"gold_loss":0.0,"damage_taken":0.0},{"damage_healed":0.0,"max_hp_gain":0.0,"max_hp_loss":0.0,"gold_gain":222.0,"event_name":"Tomb of Lord Red Mask","player_choice":"Wore Mask","floor":38.0,"gold_loss":0.0,"damage_taken":0.0}],"is_beta":false,"boss_relics":[{"not_picked":["Philosopher\u0027s Stone","Fusion Hammer"],"picked":"Pandora\u0027s Box"},{"not_picked":["Velvet Choker","HoveringKite"],"picked":"Busted Crown"}],"items_purged_floors":[],"is_endless":false,"potions_floor_spawned":[1,3,18,19,24,25,35,45],"ascension_level":1}}