{"host":"a1eatafr7pisesky","time":1611419889,"event":{"mods":["AchievementEnabler","BaseMod","Colored Map","Keyboard Shortcuts","Minty Spire (QoL Compilation)","Say the Spire","StSLib","SuperFastMode","everything is the same but u backflip on backflip"],"gold_per_floor":[110,125,75,149,149,182,33,59,59,83,83,96,43,64,64,64,64],"floor_reached":16,"language":"KOR","playtime":155,"items_purged":["Strike_G"],"score":194,"play_id":"3db8ba08-0cd2-48f2-876d-ef6712b2a787","local_time":"20210124013809","is_ascension_mode":true,"campfire_choices":[{"data":"Cloak And Dagger","floor":15.0,"key":"SMITH"}],"circlet_count":0,"master_deck":["AscendersBane","Strike_G","Strike_G","Strike_G","Defend_G","Defend_G","Defend_G","Defend_G","Defend_G","Survivor","Neutralize","Backstab","PiercingWail","Blade Dance","Footwork","After Image","Cloak And Dagger+1"],"relics":["Ring of the Snake","NeowsBlessing","Paper Crane","Golden Idol","Akabeko","Art of War","Juzu Bracelet"],"acts_visited":["Exordium"],"potions_floor_usage":[],"damage_taken":[{"damage":0.0,"enemies":"Small Slimes","floor":1.0,"turns":1.0},{"damage":0.0,"enemies":"Jaw Worm","floor":2.0,"turns":1.0},{"damage":0.0,"enemies":"Lagavulin","floor":6.0,"turns":1.0},{"damage":0.0,"enemies":"2 Louse","floor":10.0,"turns":2.0},{"damage":0.0,"enemies":"Blue Slaver","floor":12.0,"turns":4.0},{"damage":0.0,"enemies":"Red Slaver","floor":14.0,"turns":2.0},{"damage":0,"enemies":"Hexaghost","floor":16,"turns":1}],"seed_played":"897902497331783131","potions_obtained":[{"floor":2.0,"key":"SneckoOil"},{"floor":10.0,"key":"CunningPotion"},{"floor":12.0,"key":"Poison Potion"}],"is_trial":false,"path_per_floor":["M","M","?","T","?","E","$","T","T","M","?","M","$","M","R","B"],"character_chosen":"THE_SILENT","items_purchased":["Footwork","Cloak And Dagger"],"campfire_rested":0,"item_purchase_floors":[7,13],"current_hp_per_floor":[63,63,63,63,46,46,46,46,46,46,46,46,46,46,46,46,46],"gold":64,"neow_bonus":"THREE_ENEMY_KILL","is_daily":false,"chose_seed":false,"campfire_upgraded":1,"win_rate":0.0,"timestamp":1611419889,"path_taken":["M","M","?","?","?","E","$","?","T","M","?","M","$","M","R","BOSS"],"items_purchased_type":["Card","Card"],"build_version":"2020-12-22","purchased_purges":1,"victory":false,"max_hp_per_floor":[70,70,70,70,70,70,70,70,70,70,70,70,70,70,70,70,70],"card_choices":[{"not_picked":["Outmaneuver","Slice"],"picked":"Backstab","floor":1.0},{"not_picked":["Slice","Quick Slash"],"picked":"PiercingWail","floor":2.0},{"not_picked":["Concentrate","Deflect"],"picked":"Blade Dance","floor":6.0},{"not_picked":["Outmaneuver","Heel Hook","Underhanded Strike"],"picked":"SKIP","floor":10.0},{"not_picked":["Outmaneuver","Well Laid Plans","All Out Attack"],"picked":"SKIP","floor":12.0},{"not_picked":["Slice","Dodge and Roll","Choke"],"picked":"SKIP","floor":14.0}],"player_experience":342731,"relics_obtained":[{"floor":4.0,"key":"Paper Crane"},{"floor":6.0,"key":"Akabeko"},{"floor":8.0,"key":"Art of War"},{"floor":9.0,"key":"Juzu Bracelet"}],"event_choices":[{"cards_removed":["Strike_G"],"damage_healed":0.0,"max_hp_gain":0.0,"max_hp_loss":0.0,"gold_gain":0.0,"event_name":"The Cleric","player_choice":"Card Removal","floor":3.0,"gold_loss":50.0,"damage_taken":0.0},{"damage_healed":0.0,"max_hp_gain":0.0,"max_hp_loss":0.0,"gold_gain":0.0,"event_name":"Golden Idol","player_choice":"Take Damage","floor":5.0,"gold_loss":0.0,"damage_taken":17.0,"relics_obtained":["Golden Idol"]},{"damage_healed":0.0,"max_hp_gain":0.0,"max_hp_loss":0.0,"gold_gain":0.0,"event_name":"Match and Keep!","player_choice":"1 cards matched","floor":11.0,"gold_loss":0.0,"damage_taken":0.0,"cards_obtained":["After Image"]}],"is_beta":false,"boss_relics":[],"items_purged_floors":[7],"is_endless":false,"potions_floor_spawned":[2,10,12],"killed_by":"Hexaghost","ascension_level":11}}