{"host":"e2ju6k0wppswbhbd","time":1611439261,"event":{"mods":["BaseMod","Minty Spire (QoL Compilation)","Rare Cards Sparkle","StSLib"],"gold_per_floor":[115,128,146,166,180,180,207,207,207,207,236,251,12,77,77,173,223,239,239,253,10,23,23,54,72,98,108,108,33,33,48,48,146,146,164,183,59,73,73,103,103,115,191,241,28,28,28],"floor_reached":46,"language":"FRA","playtime":7553,"items_purged":["Strike_P","Regret"],"score":497,"play_id":"776dd532-833d-4734-8fc9-d848dc77e08f","local_time":"20210123230101","is_ascension_mode":false,"campfire_choices":[{"floor":6.0,"key":"RECALL"},{"data":"Vigilance","floor":8.0,"key":"SMITH"},{"data":"Eruption","floor":10.0,"key":"SMITH"},{"floor":15.0,"key":"REST"},{"floor":23.0,"key":"REST"},{"floor":28.0,"key":"REST"},{"data":"EmptyBody","floor":32.0,"key":"SMITH"},{"floor":41,"key":"REST"}],"circlet_count":0,"master_deck":["Strike_P+1","Strike_P","Defend_P+1","Defend_P","Defend_P","Eruption+1","Vigilance+1","Evaluate","ClearTheMind+1","Consecrate","ThirdEye","Wireheading","SignatureMove","Protect","EmptyBody+1","Dark Shackles","Prostrate","Alpha","Pray","FlyingSleeves+1","Collect","Protect+1","Collect+1","EmptyFist+1","PathToVictory+1","Establishment","FollowUp","FearNoEvil","Writhe","BattleHymn","Nirvana+1","FlurryOfBlows+1","LikeWater","Conclude"],"relics":["PureWater","Ancient Tea Set","Yang","Odd Mushroom","War Paint","Bag of Preparation","Tiny House","Shuriken","CloakClasp","Smiling Mask","Cursed Key","Lantern","Pear","Thread and Needle"],"acts_visited":["Exordium","TheCity","TheBeyond"],"potions_floor_usage":[44,46,46],"damage_taken":[{"damage":0.0,"enemies":"Small Slimes","floor":1.0,"turns":2.0},{"damage":0.0,"enemies":"Jaw Worm","floor":2.0,"turns":3.0},{"damage":0.0,"enemies":"Cultist","floor":3.0,"turns":3.0},{"damage":0.0,"enemies":"Large Slime","floor":4.0,"turns":4.0},{"damage":0.0,"enemies":"Looter","floor":5.0,"turns":5.0},{"damage":29.0,"enemies":"Gremlin Nob","floor":7.0,"turns":5.0},{"damage":4.0,"enemies":"The Mushroom Lair","floor":11.0,"turns":4.0},{"damage":19.0,"enemies":"Exordium Wildlife","floor":12.0,"turns":5.0},{"damage":2.0,"enemies":"3 Sentries","floor":14.0,"turns":6.0},{"damage":19.0,"enemies":"The Guardian","floor":16.0,"turns":17.0},{"damage":9.0,"enemies":"Shell Parasite","floor":18.0,"turns":12.0},{"damage":0.0,"enemies":"3 Byrds","floor":20.0,"turns":6.0},{"damage":39.0,"enemies":"Sentry and Sphere","floor":22.0,"turns":6.0},{"damage":4.0,"enemies":"Book of Stabbing","floor":24.0,"turns":5.0},{"damage":11.0,"enemies":"Cultist and Chosen","floor":25.0,"turns":7.0},{"damage":13.0,"enemies":"Centurion and Healer","floor":27.0,"turns":7.0},{"damage":0.0,"enemies":"Snake Plant","floor":31.0,"turns":1.0},{"damage":28.0,"enemies":"Automaton","floor":33.0,"turns":11.0},{"damage":0.0,"enemies":"3 Shapes","floor":35.0,"turns":5.0},{"damage":7.0,"enemies":"Orb Walker","floor":36.0,"turns":6.0},{"damage":52,"enemies":"Maw","floor":38,"turns":9},{"damage":81,"enemies":"Nemesis","floor":40,"turns":11},{"damage":2,"enemies":"4 Shapes","floor":42,"turns":7},{"damage":0,"enemies":"Mind Bloom Boss Battle","floor":44,"turns":4},{"damage":72,"enemies":"Reptomancer","floor":46,"turns":7}],"seed_played":"-8708634706432031921","potions_obtained":[{"floor":2.0,"key":"DuplicationPotion"},{"floor":3.0,"key":"CultistPotion"},{"floor":14.0,"key":"AttackPotion"},{"floor":16.0,"key":"Strength Potion"},{"floor":17.0,"key":"FairyPotion"},{"floor":20.0,"key":"Fire Potion"},{"floor":24.0,"key":"CultistPotion"},{"floor":33.0,"key":"LiquidMemories"},{"floor":35.0,"key":"BottledMiracle"},{"floor":42,"key":"LiquidMemories"},{"floor":44,"key":"Dexterity Potion"}],"is_trial":false,"path_per_floor":["M","M","M","M","M","R","E","R","T","R","?","M","$","?","R","B",null,"M","?","M","$","M","R","E","M","T","M","R","?","?","M","R","B",null,"M","M","$","M","?","E","R","M","T","?","$","E"],"character_chosen":"WATCHER","items_purchased":["War Paint","Dark Shackles","Shuriken","FearNoEvil","LikeWater","Conclude"],"campfire_rested":4,"item_purchase_floors":[13,13,21,37,45,45],"current_hp_per_floor":[79,79,79,79,79,79,50,50,50,50,46,27,27,25,48,29,84,75,75,75,75,36,61,57,46,46,33,58,58,58,58,58,30,84,84,77,77,25,46,25,50,48,58,58,58,0,0],"gold":28,"neow_bonus":"TEN_PERCENT_HP_BONUS","is_daily":false,"chose_seed":false,"campfire_upgraded":3,"win_rate":0.0,"timestamp":1611439261,"path_taken":["M","M","M","M","M","R","E","R","T","R","?","M","$","?","R","BOSS","M","?","M","$","?","R","E","M","T","M","R","?","?","M","R","BOSS","M","M","$","M","?","E","R","M","T","?","?","E"],"items_purchased_type":["Relic","Card","Relic","Card","Card","Card"],"build_version":"2020-12-22","purchased_purges":2,"victory":false,"max_hp_per_floor":[79,79,79,79,79,79,79,79,79,79,79,79,79,79,79,79,84,84,84,84,84,84,84,84,84,84,84,84,84,84,84,84,84,84,84,84,84,84,84,84,84,84,94,94,94,94,94],"card_choices":[{"not_picked":["Crescendo","BowlingBash"],"picked":"Evaluate","floor":1.0},{"not_picked":["Prostrate","InnerPeace"],"picked":"ClearTheMind","floor":2.0},{"not_picked":["CrushJoints","CutThroughFate"],"picked":"Consecrate","floor":3.0},{"not_picked":["Indignation","FlurryOfBlows"],"picked":"ThirdEye","floor":4.0},{"not_picked":["Halt","FlyingSleeves"],"picked":"Wireheading","floor":5.0},{"not_picked":["Alpha","FlurryOfBlows"],"picked":"SignatureMove","floor":7.0},{"not_picked":["Vengeance","Collect"],"picked":"Protect","floor":11.0},{"not_picked":["CutThroughFate","ThirdEye"],"picked":"EmptyBody","floor":12.0},{"not_picked":["Crescendo","BattleHymn"],"picked":"Prostrate","floor":14.0},{"not_picked":["Judgement","MasterReality"],"picked":"Alpha","floor":16.0},{"not_picked":["Prostrate","SashWhip"],"picked":"Pray","floor":17.0},{"not_picked":["CutThroughFate","ThirdEye+1"],"picked":"FlyingSleeves+1","floor":18.0},{"not_picked":["Consecrate","ClearTheMind"],"picked":"Collect","floor":20.0},{"not_picked":["PathToVictory","WreathOfFlame+1"],"picked":"Protect+1","floor":22.0},{"not_picked":["JustLucky","Judgement"],"picked":"Collect+1","floor":24.0},{"not_picked":["WindmillStrike","Tantrum+1","CrushJoints"],"picked":"SKIP","floor":25.0},{"not_picked":["Evaluate","Prostrate"],"picked":"EmptyFist+1","floor":27.0},{"not_picked":["Halt","EmptyFist"],"picked":"PathToVictory+1","floor":31.0},{"not_picked":["SpiritShield","Judgement"],"picked":"Establishment","floor":33.0},{"not_picked":["EmptyBody+1","JustLucky+1"],"picked":"FollowUp","floor":35.0},{"not_picked":["FlyingSleeves","Fasting2","Evaluate+1"],"picked":"SKIP","floor":36.0},{"not_picked":["Wireheading","ThirdEye","TalkToTheHand"],"picked":"SKIP","floor":38},{"not_picked":["Adaptation+1","Ragnarok"],"picked":"BattleHymn","floor":40},{"not_picked":["WindmillStrike","Tantrum+1"],"picked":"Nirvana+1","floor":42},{"not_picked":["Prostrate+1","CutThroughFate"],"picked":"FlurryOfBlows+1","floor":44}],"player_experience":2758766,"relics_obtained":[{"floor":7.0,"key":"Ancient Tea Set"},{"floor":9.0,"key":"Yang"},{"floor":11.0,"key":"Odd Mushroom"},{"floor":14.0,"key":"Bag of Preparation"},{"floor":24.0,"key":"CloakClasp"},{"floor":40,"key":"Lantern"},{"floor":43,"key":"Pear"},{"floor":44,"key":"Thread and Needle"}],"event_choices":[{"damage_healed":0.0,"max_hp_gain":0.0,"max_hp_loss":0.0,"gold_gain":0.0,"event_name":"Mushrooms","player_choice":"Fought Mushrooms","floor":11.0,"gold_loss":0.0,"damage_taken":0.0},{"damage_healed":0.0,"max_hp_gain":0.0,"max_hp_loss":0.0,"gold_gain":0.0,"event_name":"Dead Adventurer","player_choice":"Searched \u00271\u0027 times","floor":14.0,"gold_loss":0.0,"damage_taken":0.0},{"cards_removed":["Defend_P"],"damage_healed":0.0,"max_hp_gain":0.0,"max_hp_loss":0.0,"gold_gain":0.0,"event_name":"Bonfire Elementals","player_choice":"Offered Basic","floor":19.0,"gold_loss":0.0,"damage_taken":0.0},{"cards_removed":["Strike_P"],"damage_healed":0.0,"max_hp_gain":0.0,"max_hp_loss":0.0,"gold_gain":0.0,"event_name":"Beggar","player_choice":"Gave Gold","floor":29.0,"gold_loss":75.0,"damage_taken":0.0},{"damage_healed":0.0,"max_hp_gain":0.0,"max_hp_loss":0.0,"gold_gain":0.0,"event_name":"The Mausoleum","player_choice":"Opened","floor":30.0,"gold_loss":0.0,"damage_taken":0.0,"relics_obtained":["Smiling Mask"]},{"damage_healed":21,"gold_gain":0,"player_choice":"Writhe","damage_taken":0,"max_hp_gain":0,"max_hp_loss":0,"event_name":"Winding Halls","floor":39,"gold_loss":0,"cards_obtained":["Writhe"]},{"damage_healed":0,"gold_gain":0,"player_choice":"Fight","damage_taken":0,"max_hp_gain":0,"max_hp_loss":0,"event_name":"MindBloom","floor":44,"gold_loss":0}],"is_beta":false,"boss_relics":[{"not_picked":["Runic Dome","Ectoplasm"],"picked":"Tiny House"},{"not_picked":["SacredBark","Sozu"],"picked":"Cursed Key"}],"items_purged_floors":[37,45],"is_endless":false,"potions_floor_spawned":[2,3,14,16,20,24,33,35,42,44],"killed_by":"Reptomancer","ascension_level":0}}