{"host":"7mo9b2f9hhzb5x6f","time":1611404028,"event":{"mods":["100% Spire Juice","2.2 Compatiblity","ATMod(阿瑾Mod)","Act Like it!","Arknights The Spire","BaseMod","Better-Laid Plans","Gensokyo","LazyManMod","Library of Ruina","Library of Ruina Extra","Marked Mod","Minty Spire (QoL Compilation)","MostiFishMod","Relic Stats","Spicy Shops","StSLib","TestMod","The Alterego","The Hayseed","UnlockEverythingMod","Yakumo Yukari mod","【功能Mod】混沌之环修复补丁","【功能Mod】精心准备"],"gold_per_floor":[413,433,447,462,480,509,526,526,526,526,427,447,447,476,476,753,753,765,313,325,325,119,154,154,180,180,208,208,233,0,16,16,290,290,310,326,266,279,279,313,329,364,387,425,467,498,542,572,584,596,608,620,632,644,656,668,668],"floor_reached":56,"language":"ZHS","playtime":4019,"items_purged":["Strike_B+1"],"score":2369,"play_id":"2f07e3c5-0aee-4873-b735-6109f7a96c2c","local_time":"20210123201348","is_ascension_mode":true,"campfire_choices":[{"data":"AT_ThunderBolt","floor":8.0,"key":"SMITH"},{"data":"Zap","floor":10.0,"key":"SMITH"},{"floor":15.0,"key":"REST"},{"floor":24,"key":"RECALL"},{"data":"Redo","floor":32,"key":"SMITH"},{"data":"AT_ThreeBodyProblem","floor":49,"key":"SMITH"},{"floor":54,"key":"REST"}],"circlet_count":0,"master_deck":["AscendersBane","Strike_B+1","Strike_B+1","Defend_B+1","Defend_B+1","Defend_B+1","Zap+1","MostiFishMod:TalkingToTheRain+1","MostiFishMod:PushDownKick+1","Storm+1","MostiFishMod:ATRI+1","Sunder+1","Force Field+1","AT_ThunderBolt+1","Redo+1","Conserve Battery+1","MostiFishMod:ReadyAimFire+1","Electrodynamics+1","Skim+1","Chaos+1","MostiFishMod:InterfaceCompatibility+1","Defragment+1","Hologram+1","Capacitor+1","AT_HeatAcrobatics+1","Meteor Strike+1","Loop+1","AT_RightCognition+1","Fusion+1","Gensokyo:CustomPotion","MostiFishMod:LinkProtocol+1","AT_ThreeBodyProblem+1"],"relics":["testmod-TestBox","DaveBox","AT_ATBox","Old Coin","testmod-NegativeEmotionEnhancer","AT_TrinityForce","SynthV:TestCard","DSteel32","testmod-TurbochargingSystem","PageOfSpiderBud","Tiny Chest","Nuclear Battery","HandDrill","Technique","testmod-FatalChain","Singing Bowl","Bottled Tornado","testmod-ArcanaOfDestiny","Gambling Chip","ChiXiaoBlade","Gensokyo:EmptyGrave","Smiling Mask","TungstenRod","MawBank","Happy Flower","Mummified Hand","War Paint"],"acts_visited":["Gensokyo:Gensokyo","Gensokyo:Gensokyoer","Gensokyo:Gensokyoest","TheEnding"],"potions_floor_usage":[],"damage_taken":[{"damage":8.0,"enemies":"Gensokyo:Gryphon","floor":1.0,"turns":3.0},{"damage":1.0,"enemies":"Gensokyo:Python","floor":2.0,"turns":3.0},{"damage":0.0,"enemies":"Gensokyo:3_Fairies","floor":3.0,"turns":4.0},{"damage":23.0,"enemies":"Gensokyo:Python_and_Kodama","floor":4.0,"turns":5.0},{"damage":10.0,"enemies":"Gensokyo:3_Kodama","floor":5.0,"turns":3.0},{"damage":12.0,"enemies":"Gensokyo:Mamizou","floor":6.0,"turns":6.0},{"damage":4.0,"enemies":"Gensokyo:2_Rabbits","floor":7.0,"turns":2.0},{"damage":7.0,"enemies":"Gensokyo:Python_and_Kodama","floor":12.0,"turns":4.0},{"damage":14.0,"enemies":"Gensokyo:Aya","floor":14.0,"turns":3.0},{"damage":8.0,"enemies":"Gensokyo:Yukari","floor":16.0,"turns":5.0},{"damage":0.0,"enemies":"Gensokyo:3_Dogs","floor":18.0,"turns":1.0},{"damage":0.0,"enemies":"Gensokyo:Chomper","floor":20.0,"turns":2.0},{"damage":0,"enemies":"Gensokyo:Reisen","floor":23,"turns":2},{"damage":27,"enemies":"Gensokyo:Tenshi","floor":25,"turns":3},{"damage":0,"enemies":"Gensokyo:Reisen","floor":27,"turns":3},{"damage":21,"enemies":"Gensokyo:Tenshi","floor":29,"turns":3},{"damage":0,"enemies":"Gensokyo:Monolith_and_Dog","floor":31,"turns":1},{"damage":66,"enemies":"Gensokyo:Kaguya","floor":33,"turns":4},{"damage":0,"enemies":"Gensokyo:3_Boulders","floor":35,"turns":1},{"damage":0,"enemies":"Gensokyo:AncientGuardian","floor":36,"turns":1},{"damage":0,"enemies":"Gensokyo:3_Boulders","floor":38,"turns":1},{"damage":0,"enemies":"Gensokyo:Marisa","floor":40,"turns":1},{"damage":0,"enemies":"Gensokyo:SeedOfUnknown","floor":41,"turns":2},{"damage":0,"enemies":"Gensokyo:Doremy","floor":42,"turns":2},{"damage":38,"enemies":"Gensokyo:Marisa","floor":45,"turns":2},{"damage":0,"enemies":"Gensokyo:AtlasGolem","floor":46,"turns":3},{"damage":0,"enemies":"Gensokyo:Doremy","floor":47,"turns":2},{"damage":35,"enemies":"Gensokyo:Rafflesia","floor":48,"turns":6},{"damage":1,"enemies":"Gensokyo:Scarlet_Devils","floor":50,"turns":4},{"damage":0,"enemies":"Gensokyo:Shinki","floor":51,"turns":3},{"damage":108,"enemies":"Shield and Spear","floor":56,"turns":6}],"seed_played":"3635489038681763265","potions_obtained":[{"floor":5.0,"key":"Energy Potion"},{"floor":6.0,"key":"Strength Potion"}],"is_trial":false,"path_per_floor":["M","M","M","M","M","E","M","R","T","R","COS","M","?","E","R","B",null,"M","COS","M","?","$","E","R","E","T","E","T","E","?","M","R","B",null,"M","M","?","M","?","E","M","E","T","T","E","M","E","M","R","B","B",null,null,"R","$","E"],"character_chosen":"DEFECT","items_purchased":["Defragment","Hologram"],"campfire_rested":2,"item_purchase_floors":[22,22],"current_hp_per_floor":[58,59,66,46,40,30,29,29,29,29,29,31,21,12,36,33,69,73,73,75,75,75,84,84,59,59,77,77,58,58,64,64,23,73,83,87,87,91,85,88,91,94,94,94,60,67,74,44,44,48,57,57,94,106,106,0,0],"gold":668,"neow_bonus":"ONE_RANDOM_RARE_CARD","is_daily":false,"chose_seed":false,"campfire_upgraded":4,"win_rate":0.0,"timestamp":1611404028,"path_taken":["M","M","M","M","M","E","M","R","T","R","COS","M","?","E","R","BOSS","M","COS","?","?","?","E","R","E","T","E","?","E","?","M","R","BOSS","M","M","?","M","?","E","M","E","T","?","E","M","E","M","R","BOSS","BOSS","R","$","E"],"items_purchased_type":["Card","Card"],"build_version":"2020-12-22","purchased_purges":1,"victory":false,"max_hp_per_floor":[72,73,74,75,76,77,78,78,78,78,78,79,79,80,80,81,81,82,82,83,83,83,84,84,85,85,86,86,87,87,88,88,89,89,90,93,93,94,85,88,91,94,94,94,97,100,103,104,104,105,106,106,106,106,106,106,106],"relic_stats":{"Singing Bowl":14,"Happy Flower":[8],"counters":[31,91],"Mummified Hand":[55],"Gambling Chip":[8],"Tiny Chest":2,"HandDrill":[6],"War Paint":[],"Smiling Mask":0,"MawBank":156,"obtain_stats":[{"AT_ATBox":0,"DaveBox":0,"Singing Bowl":27,"testmod-NegativeEmotionEnhancer":0,"Bottled Tornado":28,"Smiling Mask":40,"Old Coin":0,"PageOfSpiderBud":9,"Mummified Hand":45,"Gambling Chip":33,"AT_TrinityForce":0,"Tiny Chest":14,"HandDrill":19,"Cracked Core":0,"testmod-ArcanaOfDestiny":29,"DSteel32":5,"testmod-TestBox":0,"Happy Flower":44,"testmod-FatalChain":23,"testmod-TurbochargingSystem":6,"War Paint":47,"MawBank":43,"Nuclear Battery":17,"Gensokyo:EmptyGrave":39,"SynthV:TestCard":1,"ChiXiaoBlade":34,"Technique":19,"TungstenRod":42},{"AT_ATBox":0,"DaveBox":0,"Singing Bowl":15,"testmod-NegativeEmotionEnhancer":0,"Bottled Tornado":15,"Smiling Mask":22,"Old Coin":0,"PageOfSpiderBud":7,"Mummified Hand":25,"Gambling Chip":18,"AT_TrinityForce":0,"Tiny Chest":9,"HandDrill":11,"Cracked Core":0,"testmod-ArcanaOfDestiny":16,"DSteel32":5,"testmod-TestBox":0,"Happy Flower":24,"testmod-FatalChain":13,"testmod-TurbochargingSystem":6,"War Paint":27,"MawBank":24,"Nuclear Battery":10,"Gensokyo:EmptyGrave":21,"SynthV:TestCard":1,"ChiXiaoBlade":18,"Technique":11,"TungstenRod":24},{"AT_ATBox":0,"DaveBox":0,"Singing Bowl":49,"testmod-NegativeEmotionEnhancer":0,"Bottled Tornado":49,"Smiling Mask":61,"Old Coin":0,"PageOfSpiderBud":26,"Mummified Hand":67,"Gambling Chip":55,"AT_TrinityForce":0,"Tiny Chest":33,"HandDrill":39,"Cracked Core":0,"testmod-ArcanaOfDestiny":52,"DSteel32":16,"testmod-TestBox":0,"Happy Flower":65,"testmod-FatalChain":43,"testmod-TurbochargingSystem":24,"War Paint":72,"MawBank":65,"Nuclear Battery":38,"Gensokyo:EmptyGrave":60,"SynthV:TestCard":3,"ChiXiaoBlade":57,"Technique":39,"TungstenRod":65}],"TungstenRod":28},"card_choices":[{"not_picked":["Stack","Redo"],"picked":"MostiFishMod:PushDownKick","floor":1.0},{"not_picked":["AT_HeatAcrobatics","Double Energy","Cold Snap","Gash"],"picked":"Storm","floor":2.0},{"not_picked":["Turbo","Skim","AT_HeatAcrobatics","AT_EMC2"],"picked":"MostiFishMod:ATRI","floor":3.0},{"not_picked":["Compile Driver","Chill","Scrape","Go for the Eyes"],"picked":"Sunder","floor":4.0},{"not_picked":["Heatsinks","Streamline","Gash","Leap"],"picked":"Force Field","floor":5.0},{"not_picked":["Leap","Compile Driver","FTL","Chill"],"picked":"AT_ThunderBolt","floor":6.0},{"not_picked":["Rebound","Gash","Reprogram","Tempest"],"picked":"Redo","floor":7.0},{"not_picked":["Barrage","Consume","Rip and Tear","Beam Cell"],"picked":"Conserve Battery","floor":12.0},{"not_picked":["Stack","Consume","Gash","Rebound"],"picked":"MostiFishMod:ReadyAimFire","floor":14.0},{"not_picked":["Seek","Fission","Machine Learning","MostiFishMod:Nova"],"picked":"Electrodynamics","floor":16.0},{"not_picked":["Stack","Blizzard","AT_HeatAcrobatics","Conserve Battery","Gash"],"picked":"SKIP","floor":18.0},{"not_picked":["Stack+1","Hello World+1","AT_EMC2+1","Leap+1"],"picked":"Skim+1","floor":20.0},{"not_picked":["Melter","Glacier","Cold Snap+1","Go for the Eyes"],"picked":"Chaos","floor":20.0},{"not_picked":["Steam","Beam Cell+1","Cold Snap","Sweeping Beam+1","Barrage"],"picked":"SKIP","floor":23},{"not_picked":["MostiFishMod:PushDownKick","Compile Driver","FTL","MostiFishMod:InterfaceCompatibility"],"picked":"Capacitor+1","floor":25},{"not_picked":["MostiFishMod:ReprogramOld","Leap+1","Coolheaded","Barrage"],"picked":"AT_HeatAcrobatics","floor":27},{"not_picked":["Stack","Cold Snap","Compile Driver","Rip and Tear"],"picked":"Meteor Strike","floor":29},{"not_picked":["Stack","Reprogram","Darkness","Streamline"],"picked":"Loop","floor":31},{"not_picked":["Reboot","Multi-Cast","MostiFishMod:IntelligentEquipment","MostiFishMod:Distribution"],"picked":"AT_RightCognition","floor":33},{"not_picked":["AT_StudyProgram+1","Barrage","Coolheaded","Self Repair"],"picked":"Fusion","floor":35},{"not_picked":["Sweeping Beam","Barrage+1","Cold Snap","MostiFishMod:FluxCapactior","Compile Driver"],"picked":"Singing Bowl","floor":36},{"not_picked":["Double Energy+1","AT_HeatAcrobatics","Compile Driver","Conserve Battery"],"picked":"MostiFishMod:LinkProtocol","floor":38},{"not_picked":["Ball Lightning","Hyperbeam","Reinforced Body","Steam","MostiFishMod:PushDownKick"],"picked":"Singing Bowl","floor":40},{"not_picked":["Gash","Chill","Go for the Eyes+1","MostiFishMod:Impulse","Sweeping Beam"],"picked":"Singing Bowl","floor":41},{"not_picked":["Buffer","MostiFishMod:PushDownKick","Steam","Stack","Chaos"],"picked":"Singing Bowl","floor":42},{"not_picked":["BootSequence","MostiFishMod:PushDownKick+1","Skim+1","Loop","Multi-Cast"],"picked":"Singing Bowl","floor":45},{"not_picked":["MostiFishMod:PushDownKick","Hologram+1","Undo","Tempest","Barrage"],"picked":"Singing Bowl","floor":46},{"not_picked":["Ball Lightning","Turbo+1","Fusion","Redo+1","AT_HeatAcrobatics"],"picked":"Singing Bowl","floor":47},{"not_picked":["Go for the Eyes","Ball Lightning","AT_EMC2","AT_DarkMatter+1"],"picked":"AT_ThreeBodyProblem","floor":48}],"player_experience":107554,"relics_obtained":[{"floor":1.0,"key":"SynthV:TestCard"},{"floor":6.0,"key":"testmod-TurbochargingSystem"},{"floor":9.0,"key":"PageOfSpiderBud"},{"floor":14.0,"key":"Tiny Chest"},{"floor":23,"key":"testmod-FatalChain"},{"floor":27,"key":"Singing Bowl"},{"floor":28,"key":"Bottled Tornado"},{"floor":29,"key":"testmod-ArcanaOfDestiny"},{"floor":40,"key":"Smiling Mask"},{"floor":42,"key":"TungstenRod"},{"floor":43,"key":"MawBank"},{"floor":44,"key":"Happy Flower"},{"floor":45,"key":"Mummified Hand"},{"floor":47,"key":"War Paint"}],"event_choices":[],"is_beta":false,"boss_relics":[{"not_picked":["RhineCircuit","HereWithMe"],"picked":"Nuclear Battery"},{"not_picked":["Transparent","RhineSuit"],"picked":"ChiXiaoBlade"}],"items_purged_floors":[22],"is_endless":false,"potions_floor_spawned":[5,6,7,20,29,31,35,40,45,47,48],"killed_by":"Shield and Spear","ascension_level":20}}