{"host":"vgoo8hagqzs0eqkg","time":1611415634,"event":{"mods":["BaseMod","Downfall","Minty Spire (QoL Compilation)","Quick Restart","StSLib"],"gold_per_floor":[99,114,124,136,136,136,161,175,75,95,95,110,110,122,134,134,134,134],"floor_reached":16,"language":"ZHS","playtime":1226,"items_purged":[],"score":96,"play_id":"c3fd5726-8e52-4149-9e94-3867afa65fa7","local_time":"20210123232714","is_ascension_mode":false,"campfire_choices":[{"floor":1,"key":"RECALL"},{"floor":11,"key":"REST"},{"data":"Guardian:Emergency","floor":13,"key":"SMITH"}],"circlet_count":0,"master_deck":["Guardian:Strike_Guardian","Guardian:Strike_Guardian","Guardian:Strike_Guardian","Guardian:Strike_Guardian","Guardian:Defend_Guardian","Guardian:Defend_Guardian","Guardian:Defend_Guardian","Guardian:Defend_Guardian","Guardian:CurlUp","Guardian:TwinSlam+1","Guardian:EvasiveProtocol","Guardian:ShieldCharger","Guardian:Preprogram","Guardian:ChargeUp","Guardian:Emergency+1","Guardian:Incinerate","Guardian:ChargeCore","Guardian:ShieldCharger"],"relics":["Guardian:ModeShifter","Guardian:PickAxe","Dream Catcher","downfall:HeartBlessingRed"],"acts_visited":["Exordium"],"potions_floor_usage":[],"damage_taken":[{"damage":0,"enemies":"Cultist","floor":2,"turns":5},{"damage":0,"enemies":"Small Slimes","floor":3,"turns":3},{"damage":1,"enemies":"Jaw Worm","floor":4,"turns":6},{"damage":9,"enemies":"3 Louse","floor":8,"turns":3},{"damage":17,"enemies":"Exordium Thugs","floor":10,"turns":4},{"damage":1,"enemies":"Exordium Wildlife","floor":12,"turns":5},{"damage":7,"enemies":"Large Slime","floor":14,"turns":6},{"damage":10,"enemies":"Gremlin Gang","floor":15,"turns":3},{"damage":75,"enemies":"DF_ARCHETYPE_STREAMLINE","floor":16,"turns":14}],"seed_played":"6779811988030747925","potions_obtained":[{"floor":4,"key":"SkillPotion"},{"floor":8,"key":"Slimebound:ThreeZeroPotion"},{"floor":12,"key":"SkillPotion"},{"floor":15,"key":"DistilledChaos"}],"is_trial":false,"path_per_floor":["R","M","M","M","?","?","T","M","R","M","R","M","R","M","M","B"],"character_chosen":"GUARDIAN","items_purchased":[],"campfire_rested":1,"item_purchase_floors":[],"current_hp_per_floor":[80,80,80,79,79,84,84,75,75,58,83,82,82,75,65,0,0,0],"gold":134,"neow_bonus":"RANDOM_COMMON_RELIC","is_daily":false,"chose_seed":false,"campfire_upgraded":1,"win_rate":0.0,"timestamp":1611415634,"path_taken":["R","M","M","M","?","?","T","M","R","M","R","M","R","M","M","BOSS"],"items_purchased_type":[],"build_version":"2020-12-22","purchased_purges":0,"victory":false,"max_hp_per_floor":[80,80,80,80,80,85,85,85,85,85,85,85,85,85,85,85,85,85],"card_choices":[{"not_picked":["Guardian:WalkerClaw","Guardian:Gem_Blue"],"picked":"Guardian:EvasiveProtocol","floor":2},{"not_picked":["Guardian:BronzeArmor","Guardian:Reroute"],"picked":"Guardian:Gem_White","floor":3},{"not_picked":["Guardian:Gem_Red","Guardian:TemporalShield"],"picked":"Guardian:ShieldCharger","floor":4},{"not_picked":["Guardian:MultiBeam","Guardian:WalkerClaw"],"picked":"Guardian:Preprogram","floor":8},{"not_picked":["Guardian:TemporalShield","Guardian:TimeCapacitor"],"picked":"Guardian:ChargeUp","floor":10},{"not_picked":["Guardian:FastForward","Guardian:DonusPower"],"picked":"Guardian:Emergency","floor":11},{"not_picked":["Guardian:WalkerClaw","Guardian:Gem_Green"],"picked":"Guardian:Incinerate","floor":12},{"not_picked":["Guardian:TimeBomb","Guardian:Gem_Purple"],"picked":"Guardian:ChargeCore","floor":14},{"not_picked":["Guardian:Gem_Cyan","Guardian:Harden"],"picked":"Guardian:ShieldCharger","floor":15}],"player_experience":443320,"relics_obtained":[{"floor":7,"key":"Dream Catcher"}],"event_choices":[{"damage_healed":0,"gold_gain":0,"player_choice":"Grow","damage_taken":0,"max_hp_gain":0,"max_hp_loss":0,"event_name":"Living Wall","floor":5,"gold_loss":0,"cards_upgraded":["Guardian:TwinSlam"]},{"damage_healed":0,"gold_gain":0,"player_choice":"Donut","damage_taken":0,"max_hp_gain":5,"max_hp_loss":0,"event_name":"Big Fish","floor":6,"gold_loss":0}],"is_beta":false,"boss_relics":[],"items_purged_floors":[],"is_endless":false,"potions_floor_spawned":[4,8,12,15],"killed_by":"DF_ARCHETYPE_STREAMLINE","ascension_level":0}}