{"host":"b96hyfeqj1peltkw","time":1611376925,"event":{"mods":["AchievementEnabler","Act Like it!","Arknights The Spire","BaseMod","Block Reminder","Gensokyo","Hermit","Marisa（霧雨　魔理沙）","Minty Spire (QoL Compilation)","Practice Mode","Reimu（博丽灵梦）","StSLib"],"gold_per_floor":[115,115,128,140,140,140,158,158,184,184,200,200,200,57,57,153,153,170,170,181,194,58,58,58,58],"floor_reached":24,"language":"ZHS","playtime":870,"items_purged":[],"score":186,"play_id":"d63a02e8-55f2-4e4b-b510-89298d98deac","local_time":"20210123124205","is_ascension_mode":false,"campfire_choices":[{"data":"ats:Counter Healing Mode","floor":6.0,"key":"SMITH"},{"data":"ats:Overload","floor":10.0,"key":"SMITH"},{"data":"ats:Dogmatic Field","floor":12.0,"key":"SMITH"},{"data":"ats:Revitalization","floor":15.0,"key":"SMITH"},{"data":"ats:Childhood Dance","floor":23,"key":"SMITH"}],"circlet_count":0,"master_deck":["ats:Strike C","ats:Strike G","ats:Strike S","ats:Strike V","ats:Armor Crushing Shot","ats:Defend","ats:Defend","ats:Defend","ats:Defend","ats:Emotion Absorption","ats:Red Shift","ats:Overload+1","ats:Revitalization+1","ats:Apocalypse","ats:Counter Healing Mode+1","ats:Childhood Dance+1","ats:Closed Bolt Burst Fire+1","ats:Dogmatic Field+1","ats:Nebulous Foxfire","ats:Soul Absorption+1","ats:Poison Spread","ats:Thermite Blade+1"],"relics":["ats:Sanity","NeowsBlessing","Gensokyo:NagashiBinaDoll","Toy Ornithopter","ats:Defend","Coffee Dripper","ats:Support"],"acts_visited":["Gensokyo:Gensokyo","Gensokyo:Gensokyoer"],"potions_floor_usage":[24,24],"damage_taken":[{"damage":0.0,"enemies":"Gensokyo:Gryphon","floor":1.0,"turns":1.0},{"damage":0.0,"enemies":"Gensokyo:3_Fairies","floor":3.0,"turns":1.0},{"damage":0.0,"enemies":"Gensokyo:2_Kodama","floor":4.0,"turns":1.0},{"damage":37.0,"enemies":"Gensokyo:Gryphon_and_Rabbit","floor":7.0,"turns":7.0},{"damage":10.0,"enemies":"Gensokyo:Kitsune","floor":11.0,"turns":4.0},{"damage":167.0,"enemies":"Gensokyo:Yukari","floor":16.0,"turns":16.0},{"damage":32,"enemies":"Gensokyo:CosmicMonolith","floor":18,"turns":4},{"damage":38,"enemies":"Gensokyo:3_Dogs","floor":20,"turns":7},{"damage":26,"enemies":"Gensokyo:Slime_Group","floor":21,"turns":5},{"damage":29,"enemies":"Gensokyo:Chomper_and_Gloop","floor":24,"turns":3}],"seed_played":"22213521345323844","potions_obtained":[{"floor":3.0,"key":"SteroidPotion"},{"floor":4.0,"key":"FearPotion"},{"floor":11.0,"key":"SneckoOil"}],"is_trial":false,"path_per_floor":["M","?","M","M","?","R","M","?","T","R","M","R","?","$","R","B",null,"M","?","M","M","COS","R","M"],"character_chosen":"DOCTOR_CLASS","items_purchased":["ats:Defend"],"campfire_rested":0,"item_purchase_floors":[14],"current_hp_per_floor":[72,72,72,72,72,72,52,52,52,52,50,50,50,50,50,16,72,50,50,32,13,13,13,0,0],"gold":58,"neow_bonus":"THREE_ENEMY_KILL","is_daily":false,"chose_seed":false,"campfire_upgraded":5,"win_rate":0.0,"timestamp":1611376925,"path_taken":["M","?","?","M","?","R","M","?","T","R","M","R","?","?","R","BOSS","M","?","M","M","COS","R","M"],"items_purchased_type":["Card"],"build_version":"2020-12-22","purchased_purges":0,"victory":false,"max_hp_per_floor":[72,72,72,72,72,72,72,72,72,72,72,72,72,72,72,72,72,72,72,72,72,72,72,72,72],"card_choices":[{"not_picked":["ats:Blood Oath","ats:Cat Scratch"],"picked":"ats:Red Shift","floor":1.0},{"not_picked":["ats:Collapsing Strike","ats:Shell Defense"],"picked":"ats:Overload","floor":3.0},{"not_picked":["ats:Explosion Area Strengthen","ats:Counter Healing Mode"],"picked":"ats:Revitalization","floor":4.0},{"not_picked":["ats:Encircling Forest","ats:Leaping Hammer"],"picked":"ats:Apocalypse","floor":5.0},{"not_picked":["ats:Poison Spread","ats:Revitalization"],"picked":"ats:Counter Healing Mode","floor":5.0},{"not_picked":["ats:Apocalypse","ats:Overload"],"picked":"ats:Childhood Dance","floor":7.0},{"not_picked":["ats:Composite Medical Shells","ats:Cat Scratch"],"picked":"ats:Dogmatic Field","floor":11.0},{"not_picked":["ats:Volcano","ats:Calcification"],"picked":"ats:Nebulous Foxfire","floor":16.0},{"not_picked":["ats:Serious Mode+1","ats:Thorns+1"],"picked":"ats:Soul Absorption+1","floor":18},{"not_picked":["ats:Flexible Camouflage","ats:Directed Diagnosis+1"],"picked":"ats:Poison Spread","floor":20},{"not_picked":["ats:Closed Bolt Burst Fire+1","ats:Hammer On"],"picked":"ats:Thermite Blade+1","floor":21}],"player_experience":1417592,"relics_obtained":[{"floor":9.0,"key":"Toy Ornithopter"}],"event_choices":[],"is_beta":false,"boss_relics":[{"not_picked":["Runic Dome","Pandora\u0027s Box"],"picked":"Coffee Dripper"}],"items_purged_floors":[],"is_endless":false,"potions_floor_spawned":[3,4,11,16,20],"killed_by":"Gensokyo:Chomper_and_Gloop","ascension_level":0}}