{"host":"lnt5dzsuhru0aonl","time":1611414387,"event":{"mods":["2.2 Compatiblity","BaseMod","Colored Map","Colored Powertips","DeckTracker","Keyboard Shortcuts","Minty Spire (QoL Compilation)","Permanent Neow","Rare Cards Sparkle","StSLib","SuperFastMode","everything is the same but u backflip on backflip"],"gold_per_floor":[212,227,242,242,254,254,254],"floor_reached":6,"language":"KOR","playtime":238,"items_purged":[],"score":76,"play_id":"f9c51f85-056e-4b4f-ae73-d98c0d0c2fe0","local_time":"20210124000627","is_ascension_mode":true,"campfire_choices":[],"circlet_count":0,"master_deck":["AscendersBane","Strike_G","Strike_G","Strike_G","Strike_G","Strike_G","Defend_G","Defend_G","Defend_G","Defend_G","Defend_G","Survivor","Neutralize","Cloak And Dagger","Dagger Spray","Acrobatics","Reflex"],"relics":["Ring of the Snake"],"acts_visited":["Exordium"],"potions_floor_usage":[6],"damage_taken":[{"damage":0,"enemies":"Cultist","floor":1,"turns":5},{"damage":0,"enemies":"Small Slimes","floor":2,"turns":5},{"damage":2,"enemies":"Jaw Worm","floor":3,"turns":6},{"damage":3,"enemies":"Blue Slaver","floor":5,"turns":6},{"damage":35,"enemies":"Lagavulin","floor":6,"turns":10}],"seed_played":"7033248870350863366","potions_obtained":[{"floor":2,"key":"DuplicationPotion"},{"floor":3,"key":"FairyPotion"},{"floor":4,"key":"Block Potion"}],"is_trial":false,"path_per_floor":["M","M","M","?","M","E"],"character_chosen":"THE_SILENT","items_purchased":[],"campfire_rested":0,"item_purchase_floors":[],"current_hp_per_floor":[59,59,57,57,54,19,19],"gold":254,"neow_bonus":"HUNDRED_GOLD","is_daily":false,"chose_seed":false,"campfire_upgraded":0,"win_rate":0.0,"timestamp":1611414387,"path_taken":["M","M","?","?","M","E"],"items_purchased_type":[],"build_version":"2020-12-22","purchased_purges":0,"victory":false,"max_hp_per_floor":[66,66,66,66,66,66,66],"card_choices":[{"not_picked":["Outmaneuver","All Out Attack"],"picked":"Cloak And Dagger","floor":1},{"not_picked":["Deadly Poison","Backflip"],"picked":"Dagger Spray","floor":2},{"not_picked":["Dagger Throw","Flechettes"],"picked":"Acrobatics","floor":3},{"not_picked":["Tools of the Trade","Quick Slash"],"picked":"Reflex","floor":5}],"player_experience":738472,"relics_obtained":[],"event_choices":[{"damage_healed":0,"gold_gain":0,"player_choice":"Got Potions","damage_taken":0,"max_hp_gain":0,"max_hp_loss":0,"event_name":"Lab","floor":4,"gold_loss":0}],"is_beta":false,"boss_relics":[],"items_purged_floors":[],"is_endless":false,"potions_floor_spawned":[2,3],"killed_by":"Lagavulin","ascension_level":20}}