{"host":"dowi7cgbhepuzvpj","time":1611446200,"event":{"mods":["AchievementEnabler","BaseMod","Keyboard Shortcuts","Minty Spire (QoL Compilation)","Permanent Neow","Quick Restart","StSLib","SuperFastMode"],"gold_per_floor":[114,289,136,86,40,67,67,67,67,114,132,146,164,176,176,275,275,292,70,70,83,83,111,111,142,142,155,155,166,266,1,1,99,99,112,160,160,160,175,175,210,210,282,298,298,323,335,345,345,345,345,345,26,53,53],"floor_reached":56,"language":"KOR","playtime":2146,"items_purged":["Doubt","Strike_G","Strike_G"],"score":1717,"play_id":"f35e5e5d-5d62-4ecf-99cb-43cfc8e83941","local_time":"20210124085640","is_ascension_mode":true,"campfire_choices":[{"data":"Footwork","floor":15.0,"key":"SMITH"},{"data":"Accuracy","floor":24.0,"key":"SMITH"},{"data":"Blade Dance","floor":28.0,"key":"SMITH"},{"data":"Footwork","floor":32.0,"key":"SMITH"},{"data":"1","floor":40.0,"key":"LIFT"},{"data":"2","floor":42.0,"key":"LIFT"},{"data":"3","floor":45.0,"key":"LIFT"},{"floor":49.0,"key":"RECALL"},{"data":"Adrenaline","floor":52.0,"key":"SMITH"}],"circlet_count":0,"master_deck":["Strike_G","Strike_G","Defend_G","Defend_G","Defend_G","Defend_G","Defend_G","Survivor","Neutralize+1","Cloak And Dagger+1","Accuracy+1","Blade Dance+1","Blur","Blur","Footwork+1","Bullet Time","PiercingWail","Accuracy+1","Dodge and Roll","Adrenaline+1","PiercingWail+1","Terror+1","Blade Dance+1","Blade Dance+1","Footwork+1","Venomology+1","Blur+1","Cloak And Dagger+1","Footwork+1","PiercingWail+1","Flechettes+1","Footwork+1","Accuracy"],"relics":["Ring of the Serpent","NeowsBlessing","Bag of Marbles","Matryoshka","Potion Belt","Question Card","Prayer Wheel","Sundial","Toxic Egg 2","Girya","Gremlin Horn","Membership Card","Blood Vial","Runic Pyramid","Thread and Needle","Oddly Smooth Stone","Blue Candle","MealTicket","Art of War","Happy Flower","Bronze Scales"],"acts_visited":["Exordium","TheCity","TheBeyond","TheEnding"],"potions_floor_usage":[55,55,55,55,55,55],"damage_taken":[{"damage":0.0,"enemies":"Cultist","floor":1.0,"turns":1.0},{"damage":0.0,"enemies":"3 Sentries","floor":6.0,"turns":2.0},{"damage":0.0,"enemies":"2 Louse","floor":11.0,"turns":1.0},{"damage":5.0,"enemies":"Small Slimes","floor":12.0,"turns":3.0},{"damage":0.0,"enemies":"2 Fungi Beasts","floor":13.0,"turns":3.0},{"damage":2.0,"enemies":"Exordium Thugs","floor":14.0,"turns":4.0},{"damage":2.0,"enemies":"The Guardian","floor":16.0,"turns":18.0},{"damage":20.0,"enemies":"2 Thieves","floor":18.0,"turns":5.0},{"damage":0.0,"enemies":"Spheric Guardian","floor":21.0,"turns":5.0},{"damage":18.0,"enemies":"Gremlin Leader","floor":23.0,"turns":15.0},{"damage":3.0,"enemies":"Book of Stabbing","floor":25.0,"turns":9.0},{"damage":0.0,"enemies":"Cultist and Chosen","floor":27.0,"turns":5.0},{"damage":0.0,"enemies":"Snecko","floor":29.0,"turns":5.0},{"damage":0.0,"enemies":"Colosseum Slavers","floor":30.0,"turns":2.0},{"damage":0.0,"enemies":"Colosseum Nobs","floor":30.0,"turns":6.0},{"damage":4.0,"enemies":"Collector","floor":33.0,"turns":5.0},{"damage":0.0,"enemies":"3 Shapes","floor":35.0,"turns":2.0},{"damage":37.0,"enemies":"2 Orb Walkers","floor":36.0,"turns":6.0},{"damage":0.0,"enemies":"Orb Walker","floor":39.0,"turns":3.0},{"damage":27.0,"enemies":"Reptomancer","floor":41.0,"turns":6.0},{"damage":1.0,"enemies":"4 Shapes","floor":44.0,"turns":5.0},{"damage":9.0,"enemies":"Nemesis","floor":46.0,"turns":5.0},{"damage":0.0,"enemies":"Maw","floor":47.0,"turns":6.0},{"damage":0.0,"enemies":"Spire Growth","floor":48.0,"turns":2.0},{"damage":8.0,"enemies":"Time Eater","floor":50.0,"turns":10.0},{"damage":46.0,"enemies":"Shield and Spear","floor":54.0,"turns":7.0},{"damage":15,"enemies":"The Heart","floor":55,"turns":9}],"seed_played":"3542798197064798625","potions_obtained":[{"floor":11.0,"key":"Explosive Potion"},{"floor":13.0,"key":"DistilledChaos"},{"floor":14.0,"key":"Fire Potion"},{"floor":16.0,"key":"Swift Potion"},{"floor":21.0,"key":"Strength Potion"},{"floor":27.0,"key":"Fire Potion"},{"floor":29.0,"key":"Poison Potion"},{"floor":30.0,"key":"PowerPotion"},{"floor":33.0,"key":"GamblersBrew"},{"floor":39.0,"key":"FearPotion"},{"floor":48.0,"key":"Fire Potion"}],"is_trial":false,"path_per_floor":["M","?","$","?","$","E","?","?","T","T","M","M","M","M","R","B",null,"M","$","?","M","$","E","R","E","T","M","R","M","?","$","R","B",null,"M","?","?","?","M","R","E","R","T","M","R","E","M","M","R","B",null,"R","$","E","B",null],"character_chosen":"THE_SILENT","items_purchased":["Accuracy","Blade Dance","Accuracy","Dodge and Roll","Membership Card","Footwork","Blood Vial","Art of War","Happy Flower","Accuracy","EssenceOfSteel","BlessingOfTheForge"],"campfire_rested":0,"item_purchase_floors":[3,5,19,19,31,31,31,53,53,53,53,53],"current_hp_per_floor":[63,63,63,63,63,63,49,54,54,54,54,49,49,47,47,45,68,48,48,48,48,48,30,30,27,27,27,27,27,27,27,27,25,63,65,30,66,66,66,66,39,39,39,40,40,33,35,37,37,31,57,57,66,20,7],"gold":53,"neow_bonus":"THREE_ENEMY_KILL","is_daily":false,"chose_seed":false,"campfire_upgraded":5,"win_rate":0.0,"timestamp":1611446200,"path_taken":["M","?","$","?","$","E","?","?","T","?","M","M","M","M","R","BOSS","M","$","?","M","?","E","R","E","T","M","R","M","?","$","R","BOSS","M","?","?","?","M","R","E","R","T","M","R","E","M","M","R","BOSS","R","$","E","BOSS"],"items_purchased_type":["Card","Card","Card","Card","Relic","Card","Relic","Relic","Relic","Card","Potion","Potion"],"build_version":"2020-12-22","purchased_purges":3,"victory":true,"max_hp_per_floor":[70,70,70,70,70,70,70,75,75,75,75,75,75,75,75,75,75,75,75,75,75,75,75,75,75,75,75,75,75,75,75,75,75,75,75,75,66,66,66,66,66,66,66,66,66,66,66,66,66,66,66,66,66,66,66],"card_choices":[{"not_picked":["Backflip","Quick Slash"],"picked":"Cloak And Dagger","floor":1.0},{"not_picked":["Dagger Throw","Grand Finale"],"picked":"Blur","floor":6.0},{"not_picked":["Outmaneuver","Dagger Spray","Acrobatics"],"picked":"SKIP","floor":11.0},{"not_picked":["Endless Agony","Distraction","Quick Slash"],"picked":"SKIP","floor":12.0},{"not_picked":["Distraction","Well Laid Plans"],"picked":"Blur","floor":13.0},{"not_picked":["Acrobatics","Calculated Gamble"],"picked":"Footwork","floor":14.0},{"not_picked":["Glass Knife","Wraith Form v2"],"picked":"Bullet Time","floor":16.0},{"not_picked":["Reflex","Deadly Poison"],"picked":"PiercingWail","floor":18.0},{"not_picked":["Quick Slash","Outmaneuver","Poisoned Stab+1"],"picked":"SKIP","floor":21.0},{"not_picked":["Backstab","Slice","Dagger Spray"],"picked":"SKIP","floor":23.0},{"not_picked":["Outmaneuver","Bouncing Flask","Endless Agony+1"],"picked":"Adrenaline","floor":25.0},{"not_picked":["Deflect+1","Flying Knee","Bane"],"picked":"PiercingWail+1","floor":27.0},{"not_picked":["Poisoned Stab","Crippling Poison+1","Predator","Backflip+1"],"picked":"SKIP","floor":27.0},{"not_picked":["Flying Knee","Corpse Explosion+1","Outmaneuver+1"],"picked":"Terror+1","floor":29.0},{"not_picked":["Tactician+1","Poisoned Stab","Skewer"],"picked":"Blade Dance+1","floor":29.0},{"not_picked":["Bane","Deadly Poison+1","Dodge and Roll+1"],"picked":"Blade Dance+1","floor":30.0},{"not_picked":["Wraith Form v2","Unload","Grand Finale"],"picked":"Venomology+1","floor":33.0},{"not_picked":["Deadly Poison+1","Dagger Throw+1","Cloak And Dagger+1"],"picked":"Blur+1","floor":35.0},{"not_picked":["Deadly Poison+1","All Out Attack+1","Predator","Bane+1"],"picked":"SKIP","floor":35.0},{"not_picked":["Slice+1","Bouncing Flask+1","Deflect+1"],"picked":"Cloak And Dagger+1","floor":36.0},{"not_picked":["Backflip+1","Deadly Poison+1","Flechettes+1"],"picked":"PiercingWail+1","floor":39.0},{"not_picked":["Acrobatics+1","Dagger Throw+1","Cloak And Dagger+1","Deadly Poison+1"],"picked":"SKIP","floor":39.0},{"not_picked":["Tools of the Trade","Distraction+1","Noxious Fumes"],"picked":"Flechettes+1","floor":41.0},{"not_picked":["Bane","Reflex+1","PiercingWail+1"],"picked":"Footwork+1","floor":44.0},{"not_picked":["Slice+1","Deadly Poison+1","Backflip+1","Backstab"],"picked":"SKIP","floor":44.0},{"not_picked":["Deflect+1","Dagger Spray+1","Crippling Poison+1","Choke+1"],"picked":"SKIP","floor":46.0},{"not_picked":["Deadly Poison+1","Bane","Setup+1","Tactician+1"],"picked":"SKIP","floor":47.0},{"not_picked":["Wraith Form v2","Dagger Spray+1","Poisoned Stab","All Out Attack"],"picked":"SKIP","floor":47.0},{"not_picked":["PiercingWail+1","Quick Slash","Poisoned Stab","Underhanded Strike+1"],"picked":"SKIP","floor":48.0},{"not_picked":["Bane+1","Finisher","Sucker Punch+1","All Out Attack"],"picked":"SKIP","floor":48.0},{"not_picked":["Dagger Spray+1","Predator+1","Outmaneuver+1","Poisoned Stab"],"picked":"SKIP","floor":54.0}],"player_experience":846007,"relics_obtained":[{"floor":6.0,"key":"Bag of Marbles"},{"floor":9.0,"key":"Matryoshka"},{"floor":10.0,"key":"Potion Belt"},{"floor":23.0,"key":"Question Card"},{"floor":25.0,"key":"Prayer Wheel"},{"floor":26.0,"key":"Sundial"},{"floor":26.0,"key":"Toxic Egg 2"},{"floor":30.0,"key":"Girya"},{"floor":30.0,"key":"Gremlin Horn"},{"floor":36.0,"key":"Thread and Needle"},{"floor":41.0,"key":"Oddly Smooth Stone"},{"floor":43.0,"key":"Blue Candle"},{"floor":46.0,"key":"MealTicket"},{"floor":54.0,"key":"Bronze Scales"}],"event_choices":[{"damage_healed":0.0,"max_hp_gain":0.0,"max_hp_loss":0.0,"gold_gain":175.0,"event_name":"Liars Game","player_choice":"AGREE","floor":2.0,"gold_loss":0.0,"damage_taken":0.0,"cards_obtained":["Doubt"]},{"cards_removed":["Strike_G"],"damage_healed":0.0,"max_hp_gain":0.0,"max_hp_loss":0.0,"gold_gain":0.0,"event_name":"The Cleric","player_choice":"Card Removal","floor":4.0,"gold_loss":50.0,"damage_taken":0.0},{"damage_healed":0.0,"max_hp_gain":0.0,"max_hp_loss":0.0,"gold_gain":0.0,"event_name":"Shining Light","player_choice":"Entered Light","floor":7.0,"gold_loss":0.0,"damage_taken":14.0,"cards_upgraded":["Neutralize","Cloak And Dagger"]},{"damage_healed":0.0,"max_hp_gain":5.0,"max_hp_loss":0.0,"gold_gain":0.0,"event_name":"Big Fish","player_choice":"Donut","floor":8.0,"gold_loss":0.0,"damage_taken":0.0},{"damage_healed":0.0,"max_hp_gain":0.0,"max_hp_loss":0.0,"gold_gain":0.0,"event_name":"Accursed Blacksmith","player_choice":"Forge","floor":20.0,"gold_loss":0.0,"damage_taken":0.0,"cards_upgraded":["Accuracy"]},{"damage_healed":0.0,"max_hp_gain":0.0,"max_hp_loss":0.0,"gold_gain":0.0,"event_name":"Colosseum","player_choice":"Fight","floor":30.0,"gold_loss":0.0,"damage_taken":0.0},{"damage_healed":0.0,"max_hp_gain":0.0,"max_hp_loss":0.0,"gold_gain":0.0,"event_name":"Colosseum","player_choice":"Fought Nobs","floor":30.0,"gold_loss":0.0,"damage_taken":0.0},{"damage_healed":0.0,"max_hp_gain":0.0,"max_hp_loss":0.0,"gold_gain":0.0,"event_name":"Mysterious Sphere","player_choice":"Fight","floor":36.0,"gold_loss":0.0,"damage_taken":0.0},{"damage_healed":66.0,"max_hp_gain":0.0,"max_hp_loss":9.0,"gold_gain":0.0,"event_name":"The Moai Head","player_choice":"Heal","floor":37.0,"gold_loss":0.0,"damage_taken":0.0},{"damage_healed":0.0,"max_hp_gain":0.0,"max_hp_loss":0.0,"gold_gain":0.0,"event_name":"Duplicator","player_choice":"Copied","floor":38.0,"gold_loss":0.0,"damage_taken":0.0,"cards_obtained":["Footwork"]}],"is_beta":false,"boss_relics":[{"not_picked":["Snecko Eye","Tiny House"],"picked":"Ring of the Serpent"},{"not_picked":["Coffee Dripper","Velvet Choker"],"picked":"Runic Pyramid"}],"items_purged_floors":[3,19,53],"is_endless":false,"potions_floor_spawned":[11,13,14,16,21,27,29,30,33,39,48],"ascension_level":9}}