{"host":"swphzoo6hmc78epl","time":1611441815,"event":{"mods":["BaseMod","Highlight Path","Minty Spire (QoL Compilation)","Quick Restart"],"gold_per_floor":[111,127,144,163,113,113,123,93,93,93,118,134,134,152,152,256,256,276,276,276,290,290,290,290],"floor_reached":23,"language":"ENG","playtime":984,"items_purged":[],"score":229,"play_id":"2218f2a6-70bf-4d89-8200-161d8ff80f5e","local_time":"20210123174335","is_ascension_mode":true,"campfire_choices":[{"data":"Devotion","floor":6,"key":"SMITH"},{"floor":15,"key":"REST"}],"circlet_count":0,"master_deck":["Strike_P","Strike_P","Strike_P","Defend_P","Defend_P","Defend_P","Defend_P","Eruption","Vigilance","Devotion+1","BowlingBash","DeceiveReality","DevaForm","Conclude","TalkToTheHand","FlyingSleeves","DeceiveReality","Vault","Halt+1","Wallop","FlurryOfBlows"],"relics":["PureWater","Eternal Feather","HornCleat","Oddly Smooth Stone","SacredBark","MutagenicStrength"],"acts_visited":["Exordium","TheCity"],"potions_floor_usage":[4,4,7,18],"damage_taken":[{"damage":2,"enemies":"Small Slimes","floor":1,"turns":4},{"damage":12,"enemies":"Jaw Worm","floor":2,"turns":5},{"damage":2,"enemies":"Cultist","floor":3,"turns":6},{"damage":1,"enemies":"Large Slime","floor":4,"turns":4},{"damage":5,"enemies":"3 Louse","floor":7,"turns":4},{"damage":6,"enemies":"Looter","floor":8,"turns":4},{"damage":8,"enemies":"Blue Slaver","floor":12,"turns":3},{"damage":0,"enemies":"2 Fungi Beasts","floor":14,"turns":3},{"damage":22,"enemies":"The Guardian","floor":16,"turns":15},{"damage":4,"enemies":"2 Thieves","floor":18,"turns":4},{"damage":14,"enemies":"Chosen","floor":21,"turns":6},{"damage":35,"enemies":"Gremlin Leader","floor":23,"turns":8}],"seed_played":"-3246408368567981537","potions_obtained":[{"floor":1,"key":"Fire Potion"},{"floor":2,"key":"ColorlessPotion"},{"floor":3,"key":"SpeedPotion"},{"floor":16,"key":"Fire Potion"}],"is_trial":false,"path_per_floor":["M","M","M","M","?","R","M","M","T","?","T","M","?","M","R","B",null,"M","?","?","M","?","E"],"character_chosen":"WATCHER","items_purchased":[],"campfire_rested":1,"item_purchase_floors":[],"current_hp_per_floor":[70,58,56,55,55,55,50,44,44,11,11,3,3,3,33,11,57,53,40,40,26,26,0,0],"gold":290,"neow_bonus":"THREE_RARE_CARDS","is_daily":false,"chose_seed":false,"campfire_upgraded":1,"win_rate":0.0,"timestamp":1611441815,"path_taken":["M","M","M","M","?","R","M","M","T","?","?","M","?","?","R","BOSS","M","?","?","M","?","E"],"items_purchased_type":[],"build_version":"2020-12-22","purchased_purges":0,"victory":false,"max_hp_per_floor":[72,72,72,72,72,72,72,72,72,72,72,72,72,72,72,72,72,72,77,77,77,77,77,77],"card_choices":[{"not_picked":["Vault","SpiritShield"],"picked":"Devotion","floor":0},{"not_picked":["Sanctity","EmptyFist"],"picked":"BowlingBash","floor":1},{"not_picked":["ThirdEye","ClearTheMind"],"picked":"DeceiveReality","floor":2},{"not_picked":["EmptyMind","PathToVictory","InnerPeace"],"picked":"SKIP","floor":3},{"not_picked":["DeceiveReality","SashWhip"],"picked":"DevaForm","floor":4},{"not_picked":["Worship","JustLucky"],"picked":"Conclude","floor":7},{"not_picked":["MentalFortress","CrushJoints"],"picked":"TalkToTheHand","floor":8},{"not_picked":["SashWhip","Sanctity"],"picked":"FlyingSleeves","floor":12},{"not_picked":["ClearTheMind","Halt","Protect"],"picked":"SKIP","floor":14},{"not_picked":["LessonLearned","Blasphemy"],"picked":"Vault","floor":16},{"not_picked":["PathToVictory","Nirvana"],"picked":"Halt+1","floor":18},{"not_picked":["FlyingSleeves","Crescendo"],"picked":"FlurryOfBlows","floor":21}],"player_experience":815701,"relics_obtained":[{"floor":9,"key":"Eternal Feather"},{"floor":11,"key":"Oddly Smooth Stone"}],"event_choices":[{"cards_removed":["Clumsy"],"damage_healed":0,"gold_gain":0,"player_choice":"Card Removal","damage_taken":0,"max_hp_gain":0,"max_hp_loss":0,"event_name":"The Cleric","floor":5,"gold_loss":50},{"damage_healed":0,"gold_gain":0,"player_choice":"Success","damage_taken":33,"relics_obtained":["HornCleat"],"max_hp_gain":0,"max_hp_loss":0,"event_name":"Scrap Ooze","floor":10,"gold_loss":0},{"damage_healed":0,"gold_gain":0,"cards_transformed":["Strike_P"],"player_choice":"Transformed","damage_taken":0,"max_hp_gain":0,"max_hp_loss":0,"event_name":"Transmorgrifier","floor":13,"gold_loss":0,"cards_obtained":["DeceiveReality"]},{"damage_healed":0,"gold_gain":0,"player_choice":"Shed Blood","damage_taken":18,"max_hp_gain":5,"max_hp_loss":0,"event_name":"Forgotten Altar","floor":19,"gold_loss":0},{"damage_healed":0,"gold_gain":0,"player_choice":"Read","damage_taken":0,"max_hp_gain":0,"max_hp_loss":0,"event_name":"The Library","floor":20,"gold_loss":0,"cards_obtained":["Wallop"]},{"damage_healed":0,"gold_gain":0,"player_choice":"Inject Mutagens","damage_taken":0,"relics_obtained":["MutagenicStrength"],"max_hp_gain":0,"max_hp_loss":0,"event_name":"Drug Dealer","floor":22,"gold_loss":0}],"is_beta":false,"boss_relics":[{"not_picked":["Runic Dome","Philosopher\u0027s Stone"],"picked":"SacredBark"}],"items_purged_floors":[],"is_endless":false,"potions_floor_spawned":[1,2,3,16],"killed_by":"Gremlin Leader","ascension_level":5}}