{"host":"1sep654oresgee70","time":1611394537,"event":{"mods":["2.2 Compatiblity","Aspiration","BaseMod","Better Altar","Better Match","Better Note","Better Sensory Stone","Better Skull","Better Third Choice","Better Vampires","Better-Laid Plans","BetterRewards","Block Reminder","Conspire","Curses Come First","Displayed Cursed Tome","Gold Saver","Hubris","Infinite Spire","Minty Spire (QoL Compilation)","Potion Indicator Mod","Red Circlet Mod","Replay The Spire","Shop Mod","Spicy Shops","StSLib","Thieving Mod","Transform Curses","UnlockEverythingMod"],"gold_per_floor":[3508,3508,3553,1424,1424,1424,1514,1559,1559,1604,1649,1694,1838,1928,1928,2228,2228,2273,2318,982,907,224,314,314,404,404,404,404,404,494,494,494,794,794,839,310,360,26,71,161,161,251,251,296,321,321,321,54,54,354,354,390,426,136,136,136,136,166,238,313,333,367,367,392,425,425,704,704,727,467,498,528,328,391,391,403,403,481,505,505,529,561,561,836,836,859,859,468,743,764,836,856,914,914,914,914,354,354,363,363,636,636,661,661,690,719,719,772,772,772,797,873,882,1086,1121,1221,1221,1221,1221],"floor_reached":118,"language":"ENG","playtime":5578,"items_purged":["Regret"],"score":3648,"play_id":"52d7bbbc-cb7e-4165-b65c-81710e8a4b42","local_time":"20210123103537","daily_mods":["SealedDeck","Hoarder","Midas"],"is_ascension_mode":false,"campfire_choices":[{"floor":6.0,"key":"REST"},{"floor":15.0,"key":"REST"},{"floor":66.0,"key":"REST"},{"floor":75.0,"key":"REST"},{"floor":96.0,"key":"REST"},{"floor":100.0,"key":"REST"},{"floor":113.0,"key":"REST"},{"floor":117.0,"key":"REST"}],"circlet_count":0,"master_deck":["Cold Snap","Cold Snap+1","Cold Snap","Cold Snap","Cold Snap","Cold Snap","Redo","Redo","Redo","Coolheaded","Coolheaded","Coolheaded","Conserve Battery","Conserve Battery","Conserve Battery","Turbo","Turbo","Turbo","Redo","Redo","Redo","Go for the Eyes","Go for the Eyes","Go for the Eyes+1","Stack","Stack","Stack","Storm","Storm","Storm+1","Hologram","Hologram","Hologram","hubris:Ukulele","hubris:Ukulele","hubris:Ukulele","hubris:PowerSurge","hubris:PowerSurge","hubris:PowerSurge","Chrysalis","Chrysalis","Chrysalis","All For One+1","All For One+1","All For One+1","Aggregate","Aggregate","Aggregate","Steam","Steam","Steam","Compile Driver+1","Compile Driver+1","Compile Driver+1","Streamline+1","Streamline+1","Streamline+1","ReplayTheSpireMod:Calculation Training","ReplayTheSpireMod:Calculation Training","ReplayTheSpireMod:Calculation Training","Ball Lightning+1","Ball Lightning+1","Ball Lightning+1","Hologram","Hologram","Sweeping Beam+1","Sweeping Beam+1","Sweeping Beam+1","Cold Snap+1","Cold Snap+1","Cold Snap+1","Capacitor","Capacitor","Capacitor","Rainbow","Rainbow","Rainbow","Ball Lightning+1","Ball Lightning+1","Ball Lightning+1","FIFO Queue","FIFO Queue","FIFO Queue","Static Discharge+1","Static Discharge+1","Static Discharge+1","Doom and Gloom+1","Doom and Gloom+1","Doom and Gloom+1","Rainbow","Rainbow","Rainbow","Glacier","Glacier","Glacier","Compile Driver+1","Compile Driver+1","Compile Driver+1","Crow Ritual","Crow Ritual","Crow Ritual","Apotheosis","Apotheosis","Apotheosis","Discovery","Discovery","Discovery","Mayhem","Mayhem","Mayhem","ReplayTheSpireMod:GoodbyeWorld","ReplayTheSpireMod:GoodbyeWorld","ReplayTheSpireMod:GoodbyeWorld","ReplayRNGCard","ReplayRNGCard","ReplayRNGCard","White Noise+1","White Noise+1","White Noise","Barrage+1","Barrage+1","Barrage+1","Tempest","Tempest","Tempest+1","Storm","Storm","Storm","infinitespire:UltimateForm","infinitespire:UltimateForm","infinitespire:UltimateForm","infinitespire:Starlight","infinitespire:Starlight","infinitespire:Starlight","Echo Form","Echo Form","Echo Form","Loop","Loop","Loop","Meteor Strike+1","Meteor Strike+1","Meteor Strike+1","Ball Lightning+1","Ball Lightning+1","Ball Lightning+1","Storm","Storm","Storm","Violence+1","Violence+1","Violence+1","Dark Shackles+1","Dark Shackles+1","Dark Shackles+1","Turbo+1","Turbo+1","Turbo+1","ReplayTheSpireMod:Omega Cannon+1","ReplayTheSpireMod:Omega Cannon+1","ReplayTheSpireMod:Omega Cannon+1","Gash+1","Gash+1","Gash+1","Stack+1","Stack+1","Stack+1","Stack+1","Stack+1","Stack+1","Turbo+1","Turbo+1","Turbo+1","Capacitor+1","Capacitor+1","Capacitor+1","Conserve Battery+1","Conserve Battery+1","Conserve Battery+1","Chill+1","Chill+1","Chill+1","Heatsinks+1","Heatsinks+1","Heatsinks+1","Gash+1","Gash+1","Gash+1","Crystallizer+1","Crystallizer+1","Crystallizer+1","Metamorphosis+1","Metamorphosis+1","Metamorphosis+1","Go for the Eyes+1","Go for the Eyes+1","Go for the Eyes+1","Turbo+1","Turbo+1","Turbo+1","Go for the Eyes+1","Go for the Eyes+1","Go for the Eyes+1","Thunder Strike+1","Thunder Strike+1","Thunder Strike+1","BootSequence","BootSequence","BootSequence","Gash+1","Gash+1","Gash+1","Hello World+1","Hello World+1","Hello World+1","Time Bomb+1","Time Bomb+1","Time Bomb+1","Cold Snap+1","Cold Snap+1","Cold Snap+1","Hello World","Hello World","Hello World","Force Field","Force Field","Force Field","Melter+1","Melter+1","Melter+1","Gash+1","Gash+1","Gash+1","Tempest","Tempest","Tempest","Barrage+1","Barrage+1","Barrage+1","ReplayTheSpireMod:Omega Cannon+1","ReplayTheSpireMod:Omega Cannon+1","ReplayTheSpireMod:Omega Cannon+1","Double Energy","Double Energy","Double Energy","Loop+1","Loop+1","Loop+1","Gash+1","Gash+1","Gash+1","Beam Cell+1","Beam Cell+1","Beam Cell+1","infinitespire:DeathsTouch+1","infinitespire:DeathsTouch+1","infinitespire:DeathsTouch+1","conspire:SpireCoStock","conspire:SpireCoStock","conspire:SpireCoStock","conspire:SpireCoStock","conspire:SpireCoStock","conspire:SpireCoStock","conspire:SpireCoStock","conspire:SpireCoStock","conspire:SpireCoStock","conspire:SpireCoStock","conspire:SpireCoStock","conspire:SpireCoStock","Coolheaded","Coolheaded","Coolheaded","Ball Lightning+1","Ball Lightning+1","Ball Lightning+1","Recycle+1","Recycle+1","Recycle+1","Barrage+1","Barrage+1","Barrage+1","ReplayRNGCard+1","ReplayRNGCard+1","ReplayRNGCard+1","Defragment+1","Defragment+1","Defragment+1","Mirror Shield+1","Mirror Shield+1","Mirror Shield+1","Steam","Steam","Steam","Doom and Gloom+1","Doom and Gloom+1","Doom and Gloom+1","Doom and Gloom+1","Doom and Gloom+1","Doom and Gloom+1","Loop+1","Loop+1","Loop+1","Conserve Battery+1","Conserve Battery+1","Conserve Battery+1","Cold Snap+1","Cold Snap+1","Cold Snap+1","Regret","Regret","Regret","Electrodynamics+1","Electrodynamics+1","Electrodynamics+1","ReplayTheSpireMod:Black Plague","ReplayTheSpireMod:Black Plague","ReplayTheSpireMod:Black Plague","Cold Snap+1","Cold Snap+1","Cold Snap+1","Gash+1","Gash+1","Gash+1","FIFO Queue+1","FIFO Queue+1","FIFO Queue+1","infinitespire:TheBestDefense","infinitespire:TheBestDefense","infinitespire:TheBestDefense","infinitespire:FinalStrike+1","infinitespire:FinalStrike+1","infinitespire:FinalStrike+1","Turbo+1","Turbo+1","Turbo+1","Self Repair+1","Self Repair+1","Self Repair+1","Discovery+1","Discovery+1","Discovery+1","Beam Cell+1","Beam Cell+1","Beam Cell+1","Double Energy+1","Double Energy+1","Double Energy+1","Violence+1","Violence+1","Violence+1","ReplayTheSpireMod:??????????????????????","ReplayTheSpireMod:??????????????????????","ReplayTheSpireMod:??????????????????????","BasicCrystalCard+1","BasicCrystalCard+1","BasicCrystalCard+1","Chaos+1","Chaos+1","Chaos+1","Rainbow+1","Rainbow+1","Rainbow+1","Gash+1","Gash+1","Gash+1","ReplayTheSpireMod:Omega Cannon+1","ReplayTheSpireMod:Omega Cannon+1","ReplayTheSpireMod:Omega Cannon+1","ReplayTheSpireMod:Calculation Training","ReplayTheSpireMod:Calculation Training","ReplayTheSpireMod:Calculation Training","infinitespire:UltimateForm+1","infinitespire:UltimateForm+1","infinitespire:UltimateForm+1","Scrape+1","Scrape+1","Scrape+1","infinitespire:SevenWalls+1","infinitespire:SevenWalls+1","infinitespire:SevenWalls+1","FIFO Queue+1","FIFO Queue+1","FIFO Queue+1","Buffer+1","Buffer+1","Buffer+1","ReplayTheSpireMod:Splinters","ReplayTheSpireMod:Splinters","ReplayTheSpireMod:Splinters","Sunder+1","Sunder+1","Sunder+1","Beam Cell+1","Beam Cell+1","Beam Cell+1","Go for the Eyes+1","Go for the Eyes+1","Go for the Eyes+1"],"relics":["Cracked Core","Eternal Feather","MerchantsRug","Darkstone Periapt","Symbiotic Virus","ReplayFunnel","Runic Capacitor","OrangePellets","Molten Egg 2","Spirit Poop","Regal Pillow","InkBottle","Quantum Egg","infinitespire:Freezer","ChewingGum","DataDisk","ReplayTheSpireMod:ShopPack","Bottled Tornado","Anchor","Membership Card","conspire:GiftBox","Replay:Frozen Program","Omamori","hubris:FunFungus","WingedGreaves","conspire:IceCreamScoop","aspiration:RitualStick","FossilizedHelix","Replay:Accelerometer","hubris:BottledRain","Snack Pack","StrikeDummy","ReplayTheSpireMod:Lightbulb","Snecko Heart","Raider\u0027s Mask","hubris:EmptyBottle","Golden Egg","Whetstone","Chemical X","Torii","Dream Catcher","hubris:RGBLights","Nunchaku","hubris:PeanutButter","Snecko Eye","Juzu Bracelet","PreservedInsect","hubris:Backtick","Mummified Hand","Iron Hammer","aspiration:ArtOfWarUpgrade","hubris:Towel","hubris:MysteriousPyramids","Bottled Flame","conspire:RoyalGoblet","CaptainsWheel","Toolbox","aspiration:Lifesprig","hubris:Metronome","hubris:GlazedTorus","Philosopher\u0027s Stone","ReplayTheSpireMod:CursedCoin","Onion Ring","Vajra","Potion Belt","TheAbacus","Emotion Chip","The Courier","Frozen Egg 2","aspiration:HummingbirdHeart","Simple Rune","aspiration:EnhancedActuators","Akabeko","Thread and Needle","Unceasing Top","Ring of Chaos","infinitespire:Lucky Rock","Geode","CeramicFish","conspire:BottledYoYo"],"acts_visited":["Exordium","TheCity","TheBeyond","Exordium","TheCity","TheBeyond","Exordium"],"potions_floor_usage":[],"damage_taken":[{"damage":0.0,"enemies":"2 Louse","floor":1.0,"turns":3.0},{"damage":0.0,"enemies":"Cultist","floor":3.0,"turns":5.0},{"damage":7.0,"enemies":"Replay:BlueRogue","floor":7.0,"turns":4.0},{"damage":15.0,"enemies":"Small Slimes","floor":8.0,"turns":2.0},{"damage":0.0,"enemies":"Looter","floor":10.0,"turns":2.0},{"damage":0.0,"enemies":"2 Fungi Beasts","floor":11.0,"turns":2.0},{"damage":0.0,"enemies":"Blue Slaver","floor":12.0,"turns":2.0},{"damage":1.0,"enemies":"3 Sentries","floor":13.0,"turns":2.0},{"damage":0.0,"enemies":"3 Sentries","floor":14.0,"turns":4.0},{"damage":21.0,"enemies":"Hexaghost","floor":16.0,"turns":5.0},{"damage":0.0,"enemies":"conspire:FuzzyDice","floor":18.0,"turns":3.0},{"damage":0.0,"enemies":"3 Byrds","floor":19.0,"turns":2.0},{"damage":0.0,"enemies":"conspire:Head Lice","floor":23.0,"turns":4.0},{"damage":0.0,"enemies":"conspire:SneckoGhost","floor":25.0,"turns":3.0},{"damage":0.0,"enemies":"Nightmare","floor":30.0,"turns":4.0},{"damage":0.0,"enemies":"conspire:MysteriousRune","floor":33.0,"turns":4.0},{"damage":0.0,"enemies":"Orb Walker","floor":35.0,"turns":2.0},{"damage":0.0,"enemies":"3 Darklings","floor":39.0,"turns":2.0},{"damage":0.0,"enemies":"Nightmare","floor":40.0,"turns":4.0},{"damage":0.0,"enemies":"Reptomancer","floor":42.0,"turns":3.0},{"damage":0.0,"enemies":"Writhing Mass","floor":44.0,"turns":2.0},{"damage":0.0,"enemies":"Awakened One","floor":50.0,"turns":5.0},{"damage":0.0,"enemies":"Cultist","floor":52.0,"turns":2.0},{"damage":0.0,"enemies":"2 Louse","floor":53.0,"turns":1.0},{"damage":0.0,"enemies":"Small Slimes","floor":58.0,"turns":2.0},{"damage":0.0,"enemies":"Lagavulin","floor":59.0,"turns":2.0},{"damage":0.0,"enemies":"Exordium Thugs","floor":61.0,"turns":3.0},{"damage":0.0,"enemies":"Looter","floor":62.0,"turns":2.0},{"damage":0.0,"enemies":"3 Louse","floor":64.0,"turns":2.0},{"damage":0.0,"enemies":"Exordium Thugs","floor":65.0,"turns":2.0},{"damage":0.0,"enemies":"Slime Boss","floor":67.0,"turns":2.0},{"damage":0.0,"enemies":"2 Thieves","floor":69.0,"turns":2.0},{"damage":0.0,"enemies":"Spheric Guardian","floor":71.0,"turns":2.0},{"damage":0.0,"enemies":"Snake Plant","floor":72.0,"turns":2.0},{"damage":0.0,"enemies":"Nightmare","floor":74.0,"turns":4.0},{"damage":0.0,"enemies":"Shelled Parasite and Fungi","floor":76.0,"turns":3.0},{"damage":0.0,"enemies":"Slavers","floor":78.0,"turns":3.0},{"damage":0.0,"enemies":"Sentry and Sphere","floor":79.0,"turns":2.0},{"damage":0.0,"enemies":"Snecko","floor":81.0,"turns":3.0},{"damage":0.0,"enemies":"Chosen and Byrds","floor":82.0,"turns":2.0},{"damage":0.0,"enemies":"Automaton","floor":84.0,"turns":4.0},{"damage":0.0,"enemies":"Orb Walker","floor":86.0,"turns":3.0},{"damage":0.0,"enemies":"2 Orb Walkers","floor":90.0,"turns":2.0},{"damage":0.0,"enemies":"Nightmare","floor":91.0,"turns":3.0},{"damage":0.0,"enemies":"3 Shapes","floor":92.0,"turns":3.0},{"damage":0.0,"enemies":"Nemesis","floor":93.0,"turns":3.0},{"damage":0.0,"enemies":"Writhing Mass","floor":99.0,"turns":1.0},{"damage":0.0,"enemies":"Awakened One","floor":101.0,"turns":2.0},{"damage":0.0,"enemies":"2 Louse","floor":103.0,"turns":2.0},{"damage":0.0,"enemies":"Cultist","floor":105.0,"turns":2.0},{"damage":0.0,"enemies":"infinitespire:Voidling","floor":106.0,"turns":2.0},{"damage":0.0,"enemies":"Nightmare","floor":108.0,"turns":4.0},{"damage":0.0,"enemies":"Replay:BlueRogue","floor":112.0,"turns":3.0},{"damage":0.0,"enemies":"Looter","floor":115.0,"turns":2.0},{"damage":0,"enemies":"Fading Forest","floor":118,"turns":1}],"seed_played":"7372172642885907109","potions_obtained":[{"floor":16.0,"key":"Swift Potion"},{"floor":25.0,"key":"LiquidBronze"},{"floor":33.0,"key":"Fire Potion"},{"floor":93.0,"key":"Elixir"},{"floor":101.0,"key":"PowerPotion"},{"floor":105.0,"key":"SkillPotion"}],"is_trial":false,"path_per_floor":["M","?","M","$","?","R","E","M","T","M","M","M","?","E","R","B",null,"M","M","$","?","$","E","?","E","T","AVR","?","T","NM","T","R","B",null,"M","$","T","$","M","NM","R","E","T","M","T","AVR","?","$","R","B",null,"M","M","$","?","?","R","M","E","T","M","M","R","M","M","R","B",null,"M","$","M","M","?","NM","R","M","T","E","M","?","M","M","R","B",null,"M","?","$","?","?","NM","M","E","T","AVR","R","$","?","M","R","B",null,"M","?","M","M","?","NM","R","AVR","T","E","R","?","M","?","R","B"],"character_chosen":"DEFECT","items_purchased":["MerchantsRug","Darkstone Periapt","Symbiotic Virus","ReplayFunnel","Runic Capacitor","OrangePellets","hubris:PowerSurge","Molten Egg 2","Chrysalis","All For One+1","Aggregate","Steam","Compile Driver+1","Regen Potion","Strength Potion","Regen Potion","DataDisk","ReplayTheSpireMod:ShopPack","Static Discharge+1","Doom and Gloom+1","Rainbow","Bottled Tornado","Glacier","Compile Driver+1","Anchor","Crow Ritual","Membership Card","ReplayTheSpireMod:GoodbyeWorld","conspire:GiftBox","White Noise","Barrage+1","Replay:Frozen Program","Omamori","hubris:FunFungus","WingedGreaves","Raider\u0027s Mask","Storm","hubris:EmptyBottle","Golden Egg","Violence","Dark Shackles","Turbo","ReplayTheSpireMod:Omega Cannon+1","Chemical X","Gash+1","Stack","Turbo","Capacitor","Juzu Bracelet","Crystallizer","PreservedInsect","Metamorphosis","Go for the Eyes+1","Turbo","Iron Hammer","Art of War","Hello World","Time Bomb","CaptainsWheel","Loop","Toolbox","ReplayTheSpireMod:CursedCoin","Onion Ring","Vajra","Potion Belt","Doom and Gloom+1","Toxic Potion","Loop","Conserve Battery","Cold Snap+1","TheAbacus","PowerPotion","aspiration:EnhancedActuators","Self Repair+1","Discovery","Akabeko","Thread and Needle","Unceasing Top","Beam Cell+1","Double Energy","Violence"],"campfire_rested":8,"item_purchase_floors":[4,4,4,4,4,4,4,4,4,4,4,4,4,4,4,4,20,20,20,20,20,20,20,20,20,20,22,22,22,22,22,22,22,22,22,36,36,36,36,36,36,36,38,38,38,38,38,38,48,48,48,48,48,48,54,54,54,54,70,70,70,88,88,88,88,88,88,88,88,88,88,88,97,97,97,97,97,97,97,97,97],"current_hp_per_floor":[75,75,75,75,75,75,68,53,53,53,53,58,57,57,75,54,75,75,75,75,75,75,75,60,60,60,60,45,45,45,45,75,75,75,75,75,75,75,75,75,75,75,75,75,75,75,75,75,75,75,75,75,75,75,75,75,75,75,75,75,75,75,75,75,75,75,75,75,75,75,75,75,75,75,75,75,75,75,75,75,75,75,75,75,75,75,75,75,93,93,93,93,93,93,93,93,93,69,86,93,93,93,93,93,93,93,93,93,93,93,93,93,93,111,111,111,111,111,111],"gold":1221,"neow_bonus":"","is_daily":true,"chose_seed":false,"campfire_upgraded":0,"win_rate":0.0,"timestamp":1611394537,"path_taken":["M","?","M","$","?","R","E","M","T","M","?","M","?","E","R","BOSS","M","M","$","?","$","E","?","E","T","AVR","?","?","NM","?","R","BOSS","M","$","?","$","M","NM","R","E","T","M","?","AVR","?","?","R","BOSS","M","M","$","?","?","R","M","E","T","M","M","R","M","M","R","BOSS","M","$","M","M","?","NM","R","M","T","E","M","?","M","M","R","BOSS","M","?","$","?","?","NM","M","E","T","AVR","R","$","?","M","R","BOSS","M","?","M","M","?","NM","R","AVR","T","E","R","?","M","?","R","BOSS"],"items_purchased_type":["Relic","Relic","Relic","Relic","Relic","Relic","Card","Relic","Card","Card","Card","Card","Card","Potion","Potion","Potion","Relic","Relic","Card","Card","Card","Relic","Card","Card","Relic","Card","Relic","Card","Relic","Card","Card","Relic","Relic","Relic","Relic","Relic","Card","Relic","Relic","Card","Card","Card","Card","Relic","Card","Card","Card","Card","Relic","Card","Relic","Card","Card","Card","Relic","Relic","Card","Card","Relic","Card","Relic","Relic","Relic","Relic","Relic","Card","Potion","Card","Card","Card","Relic","Potion","Relic","Card","Card","Relic","Relic","Relic","Card","Card","Card"],"build_version":"2020-12-22","purchased_purges":1,"victory":false,"max_hp_per_floor":[75,75,75,75,75,75,75,75,75,75,75,75,75,75,75,75,75,75,75,75,75,75,75,75,75,75,75,75,75,75,75,75,75,75,75,75,75,75,75,75,75,75,75,75,75,75,75,75,75,75,75,75,75,75,75,75,75,75,75,75,75,75,75,75,75,75,75,75,75,75,75,75,75,75,75,75,75,75,75,75,75,75,75,75,75,75,75,75,93,93,93,93,93,93,93,93,93,93,93,93,93,93,93,93,93,93,93,93,93,93,93,93,93,111,111,111,111,111,111],"card_choices":[{"not_picked":["Beam Cell","Redo"],"picked":"Hologram","floor":1.0},{"not_picked":["Streamline","Hologram"],"picked":"hubris:Ukulele","floor":3.0},{"not_picked":["Reinforced Body","Core Surge+1"],"picked":"Streamline+1","floor":7.0},{"not_picked":["Hologram","Conserve Battery"],"picked":"ReplayTheSpireMod:Calculation Training","floor":8.0},{"not_picked":["Chaos","Creative AI"],"picked":"Ball Lightning+1","floor":10.0},{"not_picked":["Panic Button","BasicCrystalCard"],"picked":"Hologram","floor":11.0},{"not_picked":["Panic Button","Beam Cell+1"],"picked":"Sweeping Beam+1","floor":12.0},{"not_picked":["hubris:PowerSurge","FTL+1"],"picked":"Cold Snap+1","floor":13.0},{"not_picked":["Rebound+1","ReplayTheSpireMod:Repulse"],"picked":"Capacitor","floor":14.0},{"not_picked":["Thunder Strike+1","All For One+1"],"picked":"Rainbow","floor":16.0},{"not_picked":["Conserve Battery","Recycle"],"picked":"Ball Lightning+1","floor":18.0},{"not_picked":["Reinforced Body","Scrape+1"],"picked":"FIFO Queue","floor":19.0},{"not_picked":["The Bomb","Poisoned Strike"],"picked":"Apotheosis","floor":20.0},{"not_picked":["Swift Strike","Crow Ritual"],"picked":"Discovery","floor":20.0},{"not_picked":["Transmutation","Enlightenment"],"picked":"Mayhem","floor":20.0},{"not_picked":["Hyperbeam+1","Amplify"],"picked":"ReplayRNGCard","floor":22.0},{"not_picked":["Barrage+1","Rebound+1"],"picked":"Tempest","floor":23.0},{"not_picked":["Go for the Eyes+1","Barrage+1"],"picked":"Storm","floor":25.0},{"not_picked":["hubris:DoWhile","Beam Cell+1"],"picked":"Loop","floor":30.0},{"not_picked":["Thunder Strike+1","Fission"],"picked":"Meteor Strike+1","floor":33.0},{"not_picked":["Steam","Cold Snap+1"],"picked":"Ball Lightning+1","floor":35.0},{"not_picked":["Chaos","Redo+1"],"picked":"Conserve Battery+1","floor":39.0},{"not_picked":["Beam Cell+1","Capacitor+1"],"picked":"Chill+1","floor":40.0},{"not_picked":["ReplayTheSpireMod:Dual Polarity+1","Gash+1"],"picked":"Heatsinks+1","floor":42.0},{"not_picked":["Rip and Tear+1","Steam Power+1"],"picked":"Gash+1","floor":44.0},{"not_picked":["Melter+1","Compile Driver+1"],"picked":"Go for the Eyes+1","floor":49.0},{"not_picked":["hubris:Prefetch","Seek"],"picked":"Thunder Strike+1","floor":50.0},{"not_picked":["Leap","Rebound+1"],"picked":"BootSequence","floor":52.0},{"not_picked":["hubris:Ukulele+1","ReplayTheSpireMod:System Scan"],"picked":"Gash+1","floor":53.0},{"not_picked":["Redo","Coolheaded"],"picked":"Cold Snap+1","floor":58.0},{"not_picked":["Compile Driver+1","Leap"],"picked":"Hello World","floor":59.0},{"not_picked":["Streamline+1","ReplaySort"],"picked":"Force Field","floor":61.0},{"not_picked":["Sweeping Beam+1","Leap"],"picked":"Melter+1","floor":62.0},{"not_picked":["Sweeping Beam+1","Heatsinks"],"picked":"Gash+1","floor":64.0},{"not_picked":["Turbo","Reprogram"],"picked":"Tempest","floor":65.0},{"not_picked":["Steam","Hologram"],"picked":"Barrage+1","floor":66.0},{"not_picked":["hubris:Prefetch","Multi-Cast"],"picked":"ReplayTheSpireMod:Omega Cannon+1","floor":67.0},{"not_picked":["Gash+1","BasicCrystalCard"],"picked":"Double Energy","floor":69.0},{"not_picked":["Redo+1","Loop"],"picked":"Gash+1","floor":71.0},{"not_picked":["Leap","Fusion"],"picked":"Beam Cell+1","floor":72.0},{"not_picked":["hubris:Rewind","infinitespire:Execution"],"picked":"infinitespire:DeathsTouch","floor":72.0},{"not_picked":["Steam+1","Compile Driver+1"],"picked":"Coolheaded","floor":74.0},{"not_picked":["Sweeping Beam+1","Barrage+1"],"picked":"Ball Lightning+1","floor":75.0},{"not_picked":["Lockon+1","Turbo"],"picked":"Recycle+1","floor":76.0},{"not_picked":["Steam","Blizzard+1"],"picked":"Barrage+1","floor":78.0},{"not_picked":["ReplayGash+1","Gash+1"],"picked":"ReplayRNGCard","floor":79.0},{"not_picked":["Coolheaded","BasicCrystalCard","Skim"],"picked":"SKIP","floor":81.0},{"not_picked":["Time Bomb","Redo"],"picked":"Defragment+1","floor":82.0},{"not_picked":["Reboot","hubris:DoWhile"],"picked":"Mirror Shield","floor":84.0},{"not_picked":["Streamline+1","Melter+1"],"picked":"Steam","floor":86.0},{"not_picked":["Redo","Reinforced Body+1"],"picked":"Electrodynamics","floor":90.0},{"not_picked":["infinitespire:Starlight","ReplayTheSpireMod:Echoes of Time"],"picked":"ReplayTheSpireMod:Black Plague","floor":91.0},{"not_picked":["Conserve Battery","Streamline+1"],"picked":"Cold Snap+1","floor":91.0},{"not_picked":["Rebound+1","Sweeping Beam+1"],"picked":"Gash+1","floor":92.0},{"not_picked":["Seek","Hologram+1"],"picked":"FIFO Queue+1","floor":93.0},{"not_picked":["Leap+1","Recycle+1"],"picked":"Turbo+1","floor":96.0},{"not_picked":["infinitespire:SealOfDarkness+","infinitespire:Fortify"],"picked":"ReplayTheSpireMod:??????????????????????","floor":98.0},{"not_picked":["Leap","Barrage+1"],"picked":"BasicCrystalCard+1","floor":99.0},{"not_picked":["Steam Power+1","Stack+1"],"picked":"Chaos+1","floor":100.0},{"not_picked":["Buffer+1","hubris:SpecializedCircuitry+1"],"picked":"Rainbow","floor":101.0},{"not_picked":["Sweeping Beam+1","ReplayTheSpireMod:GoodbyeWorld+1"],"picked":"Gash+1","floor":103.0},{"not_picked":["Self Repair+1","Consume"],"picked":"ReplayTheSpireMod:Omega Cannon+1","floor":105.0},{"not_picked":["Hologram","Hyperbeam+1"],"picked":"ReplayTheSpireMod:Calculation Training","floor":106.0},{"not_picked":["infinitespire:NeuralNetwork","infinitespire:Gouge"],"picked":"infinitespire:UltimateForm","floor":108.0},{"not_picked":["Coolheaded","ReplayTheSpireMod:GoodbyeWorld+1"],"picked":"Scrape+1","floor":108.0},{"not_picked":["conspire:Rain","Melter+1"],"picked":"FIFO Queue+1","floor":112.0},{"not_picked":["Streamline+1","Go for the Eyes+1"],"picked":"Buffer+1","floor":113.0},{"not_picked":["Tempest","Rip and Tear+1"],"picked":"Sunder+1","floor":114.0},{"not_picked":["Conserve Battery","Turbo"],"picked":"Beam Cell+1","floor":114.0},{"not_picked":["Amplify","ReplayTheSpireMod:GoodbyeWorld+1"],"picked":"Go for the Eyes+1","floor":115.0}],"player_experience":2415820,"relics_obtained":[{"floor":7.0,"key":"Regal Pillow"},{"floor":9.0,"key":"InkBottle"},{"floor":14.0,"key":"infinitespire:Freezer"},{"floor":23.0,"key":"conspire:IceCreamScoop"},{"floor":25.0,"key":"FossilizedHelix"},{"floor":26.0,"key":"Replay:Accelerometer"},{"floor":29.0,"key":"Snack Pack"},{"floor":30.0,"key":"StrikeDummy"},{"floor":31.0,"key":"ReplayTheSpireMod:Lightbulb"},{"floor":37.0,"key":"Whetstone"},{"floor":40.0,"key":"Torii"},{"floor":42.0,"key":"Dream Catcher"},{"floor":43.0,"key":"hubris:RGBLights"},{"floor":45.0,"key":"Nunchaku"},{"floor":59.0,"key":"hubris:MysteriousPyramids"},{"floor":60.0,"key":"Bottled Flame"},{"floor":74.0,"key":"aspiration:Lifesprig"},{"floor":77.0,"key":"hubris:Metronome"},{"floor":78.0,"key":"hubris:GlazedTorus"},{"floor":90.0,"key":"Emotion Chip"},{"floor":91.0,"key":"The Courier"},{"floor":93.0,"key":"Frozen Egg 2"},{"floor":94.0,"key":"aspiration:HummingbirdHeart"},{"floor":108.0,"key":"infinitespire:Lucky Rock"},{"floor":111.0,"key":"Geode"},{"floor":112.0,"key":"CeramicFish"},{"floor":114.0,"key":"conspire:BottledYoYo"}],"event_choices":[{"damage_healed":0.0,"max_hp_gain":0.0,"max_hp_loss":0.0,"gold_gain":0.0,"event_name":"Big Fish","player_choice":"Box","floor":2.0,"gold_loss":0.0,"damage_taken":0.0,"relics_obtained":["Eternal Feather"],"cards_obtained":["Regret"]},{"cards_removed":["Regret"],"damage_healed":0.0,"max_hp_gain":0.0,"max_hp_loss":0.0,"gold_gain":0.0,"event_name":"Bonfire Elementals","player_choice":"Offered Curse","floor":5.0,"gold_loss":0.0,"damage_taken":0.0,"relics_obtained":["Spirit Poop"]},{"damage_healed":0.0,"max_hp_gain":0.0,"max_hp_loss":0.0,"gold_gain":0.0,"event_name":"Dead Adventurer","player_choice":"Searched \u00273\u0027 times","floor":13.0,"gold_loss":0.0,"damage_taken":0.0,"relics_obtained":["Quantum Egg"]},{"cards_removed":["Regret"],"damage_healed":0.0,"max_hp_gain":0.0,"max_hp_loss":0.0,"gold_gain":0.0,"event_name":"Beggar","player_choice":"Gave Gold","floor":21.0,"gold_loss":75.0,"damage_taken":0.0},{"damage_healed":0.0,"max_hp_gain":0.0,"max_hp_loss":15.0,"gold_gain":2.0,"event_name":"betterStone:BetterStone","player_choice":"2","floor":28.0,"gold_loss":0.0,"damage_taken":0.0},{"damage_healed":0.0,"max_hp_gain":0.0,"max_hp_loss":0.0,"gold_gain":0.0,"event_name":"Living Wall","player_choice":"Grow","floor":55.0,"gold_loss":0.0,"damage_taken":0.0,"cards_upgraded":["Storm"]},{"damage_healed":0.0,"max_hp_gain":0.0,"max_hp_loss":0.0,"gold_gain":0.0,"event_name":"conspire:Investor","player_choice":"Invest 4","floor":73.0,"gold_loss":0.0,"damage_taken":0.0},{"damage_healed":0.0,"max_hp_gain":0.0,"max_hp_loss":0.0,"gold_gain":0.0,"event_name":"Vampires","player_choice":"Ignored","floor":80.0,"gold_loss":0.0,"damage_taken":0.0},{"cards_removed":["Hologram"],"damage_healed":0.0,"max_hp_gain":0.0,"max_hp_loss":0.0,"gold_gain":0.0,"event_name":"Falling","player_choice":"Removed Skill","floor":87.0,"gold_loss":0.0,"damage_taken":0.0},{"damage_healed":0.0,"max_hp_gain":0.0,"max_hp_loss":0.0,"gold_gain":275.0,"event_name":"Golden Shrine","player_choice":"Desecrate","floor":89.0,"gold_loss":0.0,"damage_taken":0.0,"cards_obtained":["Regret"]},{"damage_healed":0.0,"max_hp_gain":0.0,"max_hp_loss":0.0,"gold_gain":0.0,"event_name":"Mysterious Sphere","player_choice":"Fight","floor":90.0,"gold_loss":0.0,"damage_taken":0.0},{"damage_healed":0.0,"max_hp_gain":0.0,"max_hp_loss":0.0,"gold_gain":100.0,"event_name":"Golden Shrine","player_choice":"Pray","floor":116.0,"gold_loss":0.0,"damage_taken":0.0}],"is_beta":false,"boss_relics":[{"not_picked":["hubris:ScarierMask","aspiration:FutureDiary"],"picked":"ChewingGum"},{"not_picked":["Velvet Choker","aspiration:RunicSpoon"],"picked":"Snecko Heart"},{"not_picked":["aspiration:SecretTechniqueScroll","Replay:Ancient Bell"],"picked":"hubris:Backtick"},{"not_picked":["Velvet Choker","Coffee Dripper"],"picked":"conspire:RoyalGoblet"},{"not_picked":["hubris:TerracottaHorce","aspiration:RitualDagger"],"picked":"Philosopher\u0027s Stone"},{"not_picked":["conspire:SlowCooker","Replay:Bronze Core"],"picked":"Ring of Chaos"}],"items_purged_floors":[27],"is_endless":true,"potions_floor_spawned":[7,8,11,16,18,25,30,33,39,40,42,53,58,64,65,69,71,81,82,84,90,93,101,105,115],"killed_by":"Fading Forest","ascension_level":0}}