{"host":"ydg0vn0pu4pubmdt","time":1611402840,"event":{"mods":["AchievementEnabler","BaseMod","Colored Map","Gold Saver","Minty Spire (QoL Compilation)","Quick Restart","SuperFastMode"],"gold_per_floor":[674,684,701,711,724,724,739,482,505,505,530,543,221,221,221,298,298,309,309,309,309,31,31,31,31,31,41,41,41,61,76,76,150,150,167,177,192,192,192,217,217,217,217,217,242,242,242,261,19,19,19],"floor_reached":52,"language":"KOR","playtime":1543,"items_purged":["Strike_B","Strike_B","Pain"],"score":1156,"play_id":"fc8b2874-fce8-4b6a-a69e-0edfcfc2619e","local_time":"20210123205400","is_ascension_mode":true,"campfire_choices":[{"data":"Chill","floor":6.0,"key":"SMITH"},{"data":"Buffer","floor":15.0,"key":"SMITH"},{"data":"Dualcast","floor":23.0,"key":"SMITH"},{"data":"Turbo","floor":32.0,"key":"SMITH"},{"data":"Biased Cognition","floor":44.0,"key":"SMITH"},{"data":"Echo Form","floor":50.0,"key":"SMITH"}],"circlet_count":0,"master_deck":["AscendersBane","Defend_B","Defend_B","Zap","Dualcast+1","Undo","Streamline","Self Repair","Chill+1","Self Repair","Static Discharge","Rebound+1","Buffer+1","Amplify","Multi-Cast","Reboot","Loop","Turbo+1","Biased Cognition+1","Double Energy+1","Storm+1","Skim","Mayhem","Finesse","Panacea","Echo Form+1","Darkness","Chrysalis","Compile Driver"],"relics":["Cracked Core","NeowsBlessing","Ancient Tea Set","Juzu Bracelet","Vajra","Strawberry","DataDisk","WarpedTongs","Runic Pyramid","Orichalcum","ClockworkSouvenir","Whetstone","Cursed Key","Smiling Mask","StoneCalendar"],"acts_visited":["Exordium","TheCity","TheBeyond"],"potions_floor_usage":[51],"damage_taken":[{"damage":0.0,"enemies":"Cultist","floor":1.0,"turns":1.0},{"damage":0.0,"enemies":"Small Slimes","floor":2.0,"turns":1.0},{"damage":0.0,"enemies":"2 Louse","floor":3.0,"turns":1.0},{"damage":8.0,"enemies":"Looter","floor":4.0,"turns":4.0},{"damage":1.0,"enemies":"Exordium Wildlife","floor":5.0,"turns":4.0},{"damage":7.0,"enemies":"Blue Slaver","floor":7.0,"turns":6.0},{"damage":23.0,"enemies":"Lagavulin","floor":11.0,"turns":7.0},{"damage":23.0,"enemies":"Exordium Thugs","floor":12.0,"turns":7.0},{"damage":21.0,"enemies":"Slime Boss","floor":16.0,"turns":11.0},{"damage":28.0,"enemies":"Spheric Guardian","floor":18.0,"turns":4.0},{"damage":0.0,"enemies":"Chosen","floor":27.0,"turns":7.0},{"damage":15.0,"enemies":"Snake Plant","floor":30.0,"turns":6.0},{"damage":0.0,"enemies":"Snecko","floor":31.0,"turns":5.0},{"damage":60.0,"enemies":"Automaton","floor":33.0,"turns":13.0},{"damage":0.0,"enemies":"3 Shapes","floor":35.0,"turns":5.0},{"damage":2.0,"enemies":"Orb Walker","floor":36.0,"turns":3.0},{"damage":13.0,"enemies":"4 Shapes","floor":37.0,"turns":6.0},{"damage":0.0,"enemies":"Giant Head","floor":40.0,"turns":7.0},{"damage":0.0,"enemies":"Mind Bloom Boss Battle","floor":45.0,"turns":4.0},{"damage":0.0,"enemies":"3 Darklings","floor":48.0,"turns":4.0},{"damage":58,"enemies":"Awakened One","floor":51,"turns":7}],"seed_played":"8014141850638340797","potions_obtained":[{"floor":1.0,"key":"DuplicationPotion"},{"floor":5.0,"key":"PotionOfCapacity"},{"floor":12.0,"key":"Fruit Juice"},{"floor":16.0,"key":"PowerPotion"},{"floor":18.0,"key":"PowerPotion"},{"floor":27.0,"key":"BlessingOfTheForge"},{"floor":36.0,"key":"FocusPotion"},{"floor":37.0,"key":"LiquidMemories"}],"is_trial":false,"path_per_floor":["M","M","M","M","M","R","M","$","T","?","E","M","$","?","R","B",null,"M","?","?","?","$","R","$","$","T","M","?","?","M","M","R","B",null,"M","M","M","?","?","E","?","?","T","R","?","?","?","M","$","R","B",null],"character_chosen":"DEFECT","items_purchased":["Static Discharge","Ancient Tea Set","DataDisk","Buffer","ClockworkSouvenir","Chrysalis","Compile Driver"],"campfire_rested":0,"item_purchase_floors":[8,8,13,13,22,49,49],"current_hp_per_floor":[68,68,68,67,73,73,75,75,75,75,73,64,64,64,64,62,81,70,70,70,70,70,70,70,70,70,87,87,87,87,87,87,44,76,87,87,81,81,71,85,85,85,85,85,87,83,83,83,83,83,59],"gold":19,"neow_bonus":"THREE_ENEMY_KILL","is_daily":false,"chose_seed":false,"campfire_upgraded":6,"win_rate":0.0,"timestamp":1611402840,"path_taken":["M","M","?","?","?","R","M","$","T","?","E","M","$","?","R","BOSS","M","?","?","?","$","R","?","$","T","M","?","?","M","M","R","BOSS","M","M","M","?","?","E","?","?","T","R","?","?","?","M","?","R","BOSS"],"items_purchased_type":["Card","Relic","Relic","Card","Relic","Card","Card"],"build_version":"2020-12-22","purchased_purges":3,"victory":true,"max_hp_per_floor":[75,75,75,75,75,75,75,75,75,75,82,82,82,82,82,87,87,87,87,87,87,87,87,87,87,87,87,87,87,87,87,87,87,87,87,87,87,87,87,87,87,87,87,87,87,83,83,83,83,83,83],"card_choices":[{"not_picked":["Melter","Heatsinks"],"picked":"Undo","floor":1.0},{"not_picked":["Ball Lightning","Redo"],"picked":"Streamline","floor":2.0},{"not_picked":["Cold Snap","Coolheaded"],"picked":"Self Repair","floor":3.0},{"not_picked":["Double Energy","Tempest"],"picked":"Chill","floor":4.0},{"not_picked":["Double Energy","Conserve Battery"],"picked":"Self Repair","floor":5.0},{"not_picked":["Barrage","Cold Snap","Streamline"],"picked":"SKIP","floor":7.0},{"not_picked":["Steam","Lockon"],"picked":"Rebound","floor":11.0},{"not_picked":["Redo","Consume"],"picked":"Coolheaded","floor":12.0},{"not_picked":["Machine Learning","Buffer"],"picked":"Amplify","floor":16.0},{"not_picked":["Compile Driver","Rebound","Streamline+1"],"picked":"SKIP","floor":18.0},{"not_picked":["Ball Lightning","Coolheaded","Steam"],"picked":"SKIP","floor":27.0},{"not_picked":["Aggregate","Beam Cell+1"],"picked":"Loop","floor":30.0},{"not_picked":["Steam","Redo"],"picked":"Turbo","floor":31.0},{"not_picked":["Hyperbeam","Seek"],"picked":"Biased Cognition","floor":33.0},{"not_picked":["Self Repair","Consume"],"picked":"Double Energy+1","floor":35.0},{"not_picked":["Streamline","Force Field"],"picked":"Storm+1","floor":36.0},{"not_picked":["Stack","Genetic Algorithm"],"picked":"Skim","floor":37.0},{"not_picked":["Blind","Secret Weapon"],"picked":"Mayhem","floor":39.0},{"not_picked":["Flash of Steel","Jack Of All Trades"],"picked":"Finesse","floor":39.0},{"not_picked":["Secret Weapon","Blind"],"picked":"Panacea","floor":39.0},{"not_picked":["Force Field+1","Self Repair"],"picked":"Echo Form","floor":40.0},{"not_picked":["Compile Driver","Turbo"],"picked":"Darkness","floor":45.0},{"not_picked":["Ball Lightning","Stack+1","Cold Snap"],"picked":"SKIP","floor":48.0}],"player_experience":561730,"relics_obtained":[{"floor":9.0,"key":"Juzu Bracelet"},{"floor":10.0,"key":"Vajra"},{"floor":11.0,"key":"Strawberry"},{"floor":26.0,"key":"Whetstone"},{"floor":40.0,"key":"Smiling Mask"},{"floor":45.0,"key":"StoneCalendar"}],"event_choices":[{"damage_healed":0.0,"max_hp_gain":0.0,"max_hp_loss":0.0,"gold_gain":0.0,"event_name":"Wheel of Change","player_choice":"Relic","floor":10.0,"gold_loss":0.0,"damage_taken":0.0},{"damage_healed":0.0,"max_hp_gain":0.0,"max_hp_loss":0.0,"gold_gain":0.0,"event_name":"Accursed Blacksmith","player_choice":"Rummage","floor":14.0,"gold_loss":0.0,"damage_taken":0.0,"relics_obtained":["WarpedTongs"],"cards_obtained":["Pain"]},{"damage_healed":0.0,"max_hp_gain":0.0,"max_hp_loss":0.0,"gold_gain":0.0,"cards_transformed":["Strike_B","Defend_B"],"event_name":"Drug Dealer","player_choice":"Became Test Subject","floor":19.0,"gold_loss":0.0,"damage_taken":0.0,"cards_obtained":["Multi-Cast","Stack"]},{"cards_removed":["Coolheaded"],"damage_healed":0.0,"max_hp_gain":0.0,"max_hp_loss":0.0,"gold_gain":0.0,"event_name":"WeMeetAgain","player_choice":"Gave Card","floor":20.0,"gold_loss":0.0,"damage_taken":0.0,"relics_obtained":["Orichalcum"]},{"damage_healed":0.0,"max_hp_gain":0.0,"max_hp_loss":0.0,"gold_gain":0.0,"event_name":"Match and Keep!","player_choice":"1 cards matched","floor":21.0,"gold_loss":0.0,"damage_taken":0.0,"cards_obtained":["Reboot"]},{"cards_removed":["Stack"],"damage_healed":0.0,"max_hp_gain":0.0,"max_hp_loss":0.0,"gold_gain":0.0,"event_name":"Back to Basics","player_choice":"Elegance","floor":28.0,"gold_loss":0.0,"damage_taken":0.0},{"damage_healed":0.0,"max_hp_gain":0.0,"max_hp_loss":0.0,"gold_gain":0.0,"event_name":"Cursed Tome","player_choice":"Ignored","floor":29.0,"gold_loss":0.0,"damage_taken":0.0},{"damage_healed":0.0,"max_hp_gain":0.0,"max_hp_loss":0.0,"gold_gain":0.0,"event_name":"Tomb of Lord Red Mask","player_choice":"Ignored","floor":38.0,"gold_loss":0.0,"damage_taken":0.0},{"damage_healed":0.0,"max_hp_gain":0.0,"max_hp_loss":0.0,"gold_gain":0.0,"event_name":"SensoryStone","player_choice":"Memory 3","floor":39.0,"gold_loss":0.0,"damage_taken":10.0},{"cards_removed":["Strike_B"],"damage_healed":0.0,"max_hp_gain":0.0,"max_hp_loss":0.0,"gold_gain":0.0,"event_name":"Purifier","player_choice":"Purged","floor":41.0,"gold_loss":0.0,"damage_taken":0.0},{"cards_removed":["Defend_B"],"damage_healed":0.0,"max_hp_gain":0.0,"max_hp_loss":0.0,"gold_gain":0.0,"event_name":"Falling","player_choice":"Removed Skill","floor":42.0,"gold_loss":0.0,"damage_taken":0.0},{"damage_healed":0.0,"max_hp_gain":0.0,"max_hp_loss":0.0,"gold_gain":0.0,"event_name":"MindBloom","player_choice":"Fight","floor":45.0,"gold_loss":0.0,"damage_taken":0.0},{"damage_healed":0.0,"max_hp_gain":0.0,"max_hp_loss":4.0,"gold_gain":0.0,"event_name":"Winding Halls","player_choice":"Max HP","floor":46.0,"gold_loss":0.0,"damage_taken":0.0},{"damage_healed":0.0,"max_hp_gain":0.0,"max_hp_loss":0.0,"gold_gain":0.0,"event_name":"Mysterious Sphere","player_choice":"Ignored","floor":47.0,"gold_loss":0.0,"damage_taken":0.0}],"is_beta":false,"boss_relics":[{"not_picked":["Pandora\u0027s Box","SlaversCollar"],"picked":"Runic Pyramid"},{"not_picked":["Nuclear Battery","Philosopher\u0027s Stone"],"picked":"Cursed Key"}],"items_purged_floors":[8,13,22],"is_endless":false,"potions_floor_spawned":[1,5,12,16,18,27,36,37],"ascension_level":13}}