{"host":"z9mq1tf06lkrncmk","time":1611369817,"event":{"mods":["BaseMod","Downfall","Minty Spire (QoL Compilation)","StSLib"],"gold_per_floor":[117,192,27,40,55,86,10,10,10,28,28,41,56,73,73,178,178,189,59,158,158,158],"floor_reached":21,"language":"ENG","playtime":959,"items_purged":[],"score":233,"play_id":"f941c6fa-482c-4f7b-86e1-1598db98b1ab","local_time":"20210122214337","is_ascension_mode":true,"campfire_choices":[{"floor":8,"key":"REST"},{"floor":15,"key":"REST"}],"circlet_count":0,"master_deck":["Strike_P","Strike_P","Strike_P","Strike_P","Defend_P","Defend_P","Defend_P","Defend_P","Eruption","Vigilance","PathToVictory","FollowUp","FlurryOfBlows","Scrawl","Evaluate","Prostrate","Prostrate","TalkToTheHand","Omniscience","Prostrate"],"relics":["HolyWater","Membership Card","CloakClasp","Question Card","Pear"],"acts_visited":["Exordium","TheCity"],"potions_floor_usage":[12,13,16,16,18],"damage_taken":[{"damage":0,"enemies":"Cultist","floor":1,"turns":3},{"damage":3,"enemies":"2 Louse","floor":4,"turns":2},{"damage":2,"enemies":"Jaw Worm","floor":5,"turns":4},{"damage":63,"enemies":"3 Sentries","floor":6,"turns":16},{"damage":0,"enemies":"Large Slime","floor":10,"turns":3},{"damage":0,"enemies":"Looter","floor":12,"turns":2},{"damage":7,"enemies":"2 Fungi Beasts","floor":13,"turns":4},{"damage":6,"enemies":"Blue Slaver","floor":14,"turns":4},{"damage":19,"enemies":"The Guardian","floor":16,"turns":12},{"damage":27,"enemies":"Chosen","floor":18,"turns":5},{"damage":0,"enemies":"Masked Bandits","floor":21,"turns":2}],"seed_played":"6339522126113867218","potions_obtained":[{"floor":5,"key":"Ancient Potion"},{"floor":6,"key":"champ:CounterPotion"},{"floor":12,"key":"EssenceOfSteel"},{"floor":14,"key":"ColorlessPotion"}],"is_trial":false,"path_per_floor":["M","?","$","M","M","E","$","R","T","M","?","M","M","M","R","B",null,"M","$","?","?"],"character_chosen":"WATCHER","items_purchased":["Membership Card","FollowUp","Evaluate","Prostrate","PowerPotion","Pear"],"campfire_rested":2,"item_purchase_floors":[3,3,7,7,7,19],"current_hp_per_floor":[79,72,72,69,67,4,4,27,27,27,27,27,20,14,37,18,79,52,62,62,62,62],"gold":158,"neow_bonus":"TEN_PERCENT_HP_BONUS","is_daily":false,"chose_seed":false,"campfire_upgraded":0,"win_rate":0.0,"timestamp":1611369817,"path_taken":["M","?","?","M","?","E","$","R","T","M","?","M","M","M","R","BOSS","M","?","?","?"],"items_purchased_type":["Relic","Card","Card","Card","Potion","Relic"],"build_version":"2020-12-22","purchased_purges":0,"victory":false,"max_hp_per_floor":[79,79,79,79,79,79,79,79,79,79,79,79,79,79,79,79,79,79,89,89,89,89],"card_choices":[{"not_picked":["Protect","CutThroughFate"],"picked":"PathToVictory","floor":1},{"not_picked":["EmptyFist","WaveOfTheHand","FearNoEvil"],"picked":"SKIP","floor":4},{"not_picked":["ClearTheMind","EmptyFist"],"picked":"FlurryOfBlows","floor":5},{"not_picked":["Consecrate","LikeWater"],"picked":"Scrawl","floor":6},{"not_picked":["Conclude","ThirdEye","DeceiveReality"],"picked":"Prostrate","floor":10},{"not_picked":["Halt","CutThroughFate","Evaluate","Tantrum"],"picked":"SKIP","floor":12},{"not_picked":["MentalFortress","ClearTheMind","ThirdEye","Halt"],"picked":"SKIP","floor":13},{"not_picked":["Indignation","Omniscience","DeceiveReality"],"picked":"TalkToTheHand","floor":14},{"not_picked":["Vault","Ragnarok","ConjureBlade"],"picked":"Omniscience","floor":16},{"not_picked":["Protect","CarveReality","FollowUp"],"picked":"Prostrate","floor":18}],"player_experience":378047,"relics_obtained":[{"floor":6,"key":"CloakClasp"},{"floor":9,"key":"Question Card"}],"event_choices":[{"damage_healed":0,"gold_gain":75,"player_choice":"Touch","damage_taken":7,"max_hp_gain":0,"max_hp_loss":0,"event_name":"FaceTrader","floor":2,"gold_loss":0},{"damage_healed":0,"gold_gain":0,"player_choice":"Got Potions","damage_taken":0,"max_hp_gain":0,"max_hp_loss":0,"event_name":"Lab","floor":11,"gold_loss":0},{"damage_healed":0,"gold_gain":99,"player_choice":"Stole From Cult","damage_taken":0,"max_hp_gain":0,"max_hp_loss":0,"event_name":"Nest","floor":20,"gold_loss":0},{"damage_healed":0,"gold_gain":0,"player_choice":"Fought Bandits","damage_taken":0,"max_hp_gain":0,"max_hp_loss":0,"event_name":"Masked Bandits","floor":21,"gold_loss":0}],"is_beta":false,"boss_relics":[{"not_picked":["VioletLotus","SacredBark"],"picked":"HolyWater"}],"items_purged_floors":[],"is_endless":false,"potions_floor_spawned":[5,6,12,14],"killed_by":"Masked Bandits","ascension_level":3}}