{"host":"wwo1kwxjf4eyz37q","time":1611391256,"event":{"mods":["AchievementEnabler","BaseMod","Colored Map","Minty Spire (QoL Compilation)","Quick Restart","SuperFastMode"],"gold_per_floor":[119,129,149,161,180,180,191,191,191,191,191,48,82,93,93,93,93],"floor_reached":16,"language":"KOR","playtime":695,"items_purged":[],"score":156,"play_id":"35f6c400-e2a7-4c9b-b61e-2eebd80e6c97","local_time":"20210123174056","is_ascension_mode":true,"campfire_choices":[{"data":"Neutralize","floor":6.0,"key":"SMITH"},{"data":"Dagger Spray","floor":8.0,"key":"SMITH"},{"data":"Secret Weapon","floor":10.0,"key":"SMITH"},{"data":"Venomology","floor":15,"key":"SMITH"}],"circlet_count":0,"master_deck":["AscendersBane","Strike_G","Strike_G","Strike_G","Strike_G","Strike_G","Defend_G","Defend_G","Defend_G","Defend_G","Defend_G","Survivor","Neutralize+1","Secret Weapon+1","Blur","Accuracy","Blur","Dagger Spray+1","Slice","Venomology+1"],"relics":["Ring of the Snake","Snake Skull","Anchor"],"acts_visited":["Exordium"],"potions_floor_usage":[13,13,16,16],"damage_taken":[{"damage":2.0,"enemies":"2 Louse","floor":1.0,"turns":3.0},{"damage":0.0,"enemies":"Cultist","floor":2.0,"turns":4.0},{"damage":0.0,"enemies":"Jaw Worm","floor":3.0,"turns":7.0},{"damage":10.0,"enemies":"Exordium Wildlife","floor":4.0,"turns":7.0},{"damage":4.0,"enemies":"Exordium Thugs","floor":5.0,"turns":9.0},{"damage":1.0,"enemies":"2 Fungi Beasts","floor":7.0,"turns":4.0},{"damage":17,"enemies":"Lagavulin","floor":13,"turns":8},{"damage":0,"enemies":"3 Louse","floor":14,"turns":2},{"damage":32,"enemies":"Hexaghost","floor":16,"turns":14}],"seed_played":"-2246966198876137808","potions_obtained":[{"floor":1.0,"key":"Fire Potion"},{"floor":7.0,"key":"SteroidPotion"},{"floor":13,"key":"Fire Potion"}],"is_trial":false,"path_per_floor":["M","M","M","M","M","R","M","R","T","R","?","$","E","M","R","B"],"character_chosen":"THE_SILENT","items_purchased":["Venomology"],"campfire_rested":0,"item_purchase_floors":[12],"current_hp_per_floor":[61,61,61,51,47,47,46,46,46,46,46,46,29,29,29,0,0],"gold":93,"neow_bonus":"RANDOM_COLORLESS_2","is_daily":false,"chose_seed":false,"campfire_upgraded":4,"win_rate":0.0,"timestamp":1611391256,"path_taken":["M","M","M","M","M","R","M","R","T","R","?","$","E","M","R","BOSS"],"items_purchased_type":["Card"],"build_version":"2020-12-22","purchased_purges":0,"victory":false,"max_hp_per_floor":[63,63,63,63,63,63,63,63,63,63,63,63,63,63,63,63,63],"card_choices":[{"not_picked":["Violence","Apotheosis"],"picked":"Secret Weapon","floor":0.0},{"not_picked":["Acrobatics","Bane"],"picked":"Blur","floor":1.0},{"not_picked":["Terror","Outmaneuver"],"picked":"Accuracy","floor":2.0},{"not_picked":["Bane","Dagger Spray"],"picked":"Blur","floor":3.0},{"not_picked":["Deflect","Sucker Punch","Prepared"],"picked":"SKIP","floor":4.0},{"not_picked":["Acrobatics","Outmaneuver"],"picked":"Dagger Spray","floor":5.0},{"not_picked":["Caltrops","Poisoned Stab"],"picked":"Slice","floor":7.0},{"not_picked":["Poisoned Stab","Underhanded Strike","Night Terror"],"picked":"SKIP","floor":13},{"not_picked":["Bane","Concentrate","Dagger Throw"],"picked":"SKIP","floor":14}],"player_experience":252752,"relics_obtained":[{"floor":9.0,"key":"Snake Skull"},{"floor":13,"key":"Anchor"}],"event_choices":[{"damage_healed":0.0,"max_hp_gain":0.0,"max_hp_loss":0.0,"gold_gain":0.0,"event_name":"Match and Keep!","player_choice":"0 cards matched","floor":11.0,"gold_loss":0.0,"damage_taken":0.0,"cards_obtained":[]}],"is_beta":false,"boss_relics":[],"items_purged_floors":[],"is_endless":false,"potions_floor_spawned":[1,7,13],"killed_by":"Hexaghost","ascension_level":10}}