{"host":"urvvf8749ekcxo1a","time":1611362044,"event":{"mods":["AchievementEnabler","BaseMod","Better Sensory Stone","BetterRewards","Colored Powertips","Evolution","Gold Saver","Marisa????????","Minty Spire (QoL Compilation)","Quick Restart","StSLib","SuperFastMode","The Cursed","The Hierophant","The Saiyan","The Servant 0.9.4","The Wild Card"],"gold_per_floor":[109,109,109,109,109,109,109,109,136,180,180,180,180,254,254,375,375,394,414,339,339,352,352,352,352,426,426,426],"floor_reached":27,"language":"ENG","playtime":514,"items_purged":["Crescendo"],"score":278,"play_id":"bc1eefd6-6c19-469f-a8b6-cade3f22d1e0","local_time":"20210122193404","daily_mods":["Vintage","Heirloom","Time Dilation","Flight","Elite Swarm"],"is_ascension_mode":false,"campfire_choices":[{"data":"FlawlessForm","floor":6,"key":"SMITH"},{"floor":11,"key":"REST"},{"data":"DevaForm","floor":12,"key":"SMITH"},{"data":"Echo Form","floor":13,"key":"SMITH"},{"data":"Saiyan:SuperSaiyanForm","floor":15,"key":"SMITH"},{"data":"Neutralize","floor":23,"key":"SMITH"},{"data":"Quick Slash","floor":24,"key":"SMITH"},{"data":"Quick Slash","floor":25,"key":"SMITH"}],"circlet_count":0,"master_deck":["Demon Form","Wraith Form v2","Echo Form+1","DevaForm+1","Saiyan:SuperSaiyanForm+1","FlawlessForm+1","Quick Slash+1","Quick Slash+1","Quick Slash","Quick Slash","Quick Slash","Dodge and Roll","Dodge and Roll","Dodge and Roll","Dodge and Roll","Dodge and Roll","Survivor","Neutralize+1","EmptyMind","FlurryOfBlows"],"relics":["Unceasing Top","EVO:Axolotl","Dead Branch","Ninja Scroll","Golden Idol","Mercury Hourglass","Akabeko","InkBottle","Bronze Scales","Runic Pyramid","HornCleat","Regal Pillow","White Beast Statue","Ornamental Fan"],"acts_visited":["Exordium","TheCity"],"potions_floor_usage":[16,18],"damage_taken":[{"damage":6,"enemies":"Small Slimes","floor":1,"turns":3},{"damage":18,"enemies":"Lagavulin","floor":10,"turns":5},{"damage":2,"enemies":"3 Sentries","floor":14,"turns":4},{"damage":25,"enemies":"The Guardian","floor":16,"turns":10},{"damage":16,"enemies":"2 Thieves","floor":18,"turns":3},{"damage":10,"enemies":"Chosen","floor":19,"turns":6},{"damage":31,"enemies":"Snake Plant","floor":22,"turns":4},{"damage":1,"enemies":"Gremlin Leader","floor":27,"turns":4}],"seed_played":"2307711708309075850","potions_obtained":[{"floor":10,"key":"PowerPotion"},{"floor":16,"key":"Swift Potion"},{"floor":18,"key":"SkillPotion"},{"floor":19,"key":"SkillPotion"}],"is_trial":true,"path_per_floor":["M","$","?","?","?","R","T","$","T","E","R","R","R","?","R","B",null,"M","M","$","?","M","R","R","R","T","E"],"character_chosen":"THE_SILENT","items_purchased":[],"campfire_rested":1,"item_purchase_floors":[],"current_hp_per_floor":[71,71,52,52,45,45,45,45,45,27,50,50,50,48,48,23,77,61,51,51,87,56,56,56,56,56,55,55],"gold":426,"neow_bonus":"","is_daily":false,"chose_seed":false,"campfire_upgraded":7,"win_rate":0.0,"timestamp":1611362044,"path_taken":["M","$","?","?","?","R","?","$","T","E","R","R","R","?","R","BOSS","M","M","$","?","?","R","R","R","T","E"],"items_purchased_type":[],"build_version":"2020-12-22","purchased_purges":1,"victory":false,"max_hp_per_floor":[77,77,77,77,77,77,77,77,77,77,77,77,77,77,77,77,77,77,77,77,87,87,87,87,87,87,87,87],"card_choices":[{"not_picked":["Corpse Explosion","Venomology","Malaise"],"picked":"SKIP","floor":10},{"not_picked":["Wraith Form v2","Doppelganger"],"picked":"After Image","floor":16}],"player_experience":143243,"relics_obtained":[{"floor":1,"key":"Ninja Scroll"},{"floor":7,"key":"Mercury Hourglass"},{"floor":9,"key":"Akabeko"},{"floor":10,"key":"InkBottle"},{"floor":14,"key":"Bronze Scales"},{"floor":18,"key":"HornCleat"},{"floor":19,"key":"Regal Pillow"},{"floor":22,"key":"White Beast Statue"},{"floor":26,"key":"Ornamental Fan"}],"event_choices":[{"damage_healed":0,"gold_gain":0,"player_choice":"Take Damage","damage_taken":19,"relics_obtained":["Golden Idol"],"max_hp_gain":0,"max_hp_loss":0,"event_name":"Golden Idol","floor":3,"gold_loss":0},{"damage_healed":0,"gold_gain":1,"player_choice":"1","damage_taken":0,"max_hp_gain":0,"max_hp_loss":0,"event_name":"betterStone:BetterStone","floor":4,"gold_loss":0},{"cards_removed":["Saiyan:SuperSaiyanThree"],"damage_healed":0,"gold_gain":0,"player_choice":"Card Removal","damage_taken":7,"max_hp_gain":0,"max_hp_loss":0,"event_name":"Golden Wing","floor":5,"gold_loss":0},{"damage_healed":0,"gold_gain":0,"player_choice":"Searched \u00271\u0027 times","damage_taken":0,"max_hp_gain":0,"max_hp_loss":0,"event_name":"Dead Adventurer","floor":14,"gold_loss":0},{"cards_removed":["After Image"],"damage_healed":26,"gold_gain":0,"player_choice":"Offered Rare","damage_taken":0,"max_hp_gain":10,"max_hp_loss":0,"event_name":"Bonfire Elementals","floor":21,"gold_loss":0}],"is_beta":false,"boss_relics":[{"not_picked":["Coffee Dripper","Busted Crown"],"picked":"Runic Pyramid"}],"items_purged_floors":[20],"is_endless":false,"potions_floor_spawned":[10,16,18,19],"killed_by":"Gremlin Leader","ascension_level":0}}