{"host":"3a1ypf1irl30q4k8","time":1611436476,"event":{"mods":["AchievementEnabler","BaseMod","Bestiary","Colored Map","Minty Spire (QoL Compilation)","Relic Stats"],"gold_per_floor":[119,137,148,163,41,41,73,73,73,91,166,213,223,239,239,342,342,355,85,85,101,200,232,247,278,327,427,427,439,456,491,491,589,589,606,606,606,641,203,203,203,203,249,293,346,387,413,424,424,424,424,424,43,68,68,68],"floor_reached":55,"language":"ENG","playtime":3935,"items_purged":["Strike_P","Strike_P"],"score":1075,"play_id":"a6372eb7-fa3a-48a8-af2f-8a5f23996e2e","local_time":"20210123211436","is_ascension_mode":true,"campfire_choices":[{"data":"Adaptation","floor":6.0,"key":"SMITH"},{"data":"Halt","floor":8.0,"key":"SMITH"},{"data":"WreathOfFlame","floor":15.0,"key":"SMITH"},{"data":"1","floor":32.0,"key":"LIFT"},{"data":"2","floor":40.0,"key":"LIFT"},{"data":"3","floor":42.0,"key":"LIFT"},{"floor":49.0,"key":"RECALL"},{"data":"Dark Shackles","floor":52.0,"key":"SMITH"}],"circlet_count":0,"master_deck":["Defend_P","Defend_P","Defend_P","Defend_P","Eruption","Vigilance","ThirdEye","Tantrum","Conclude","FlyingSleeves","Halt+1","Adaptation+1","EmptyMind","WreathOfFlame+1","FollowUp","SashWhip","Scrawl","WheelKick+1","EmptyBody","ThirdEye","SandsOfTime","Wish","EmptyFist","Enlightenment","Dark Shackles+1","Doubt","Nirvana+1","ClearTheMind+1","MentalFortress","Halt"],"relics":["Coffee Dripper","Du-Vu Doll","Pocketwatch","Orichalcum","Runic Pyramid","Sling","Ginger","Ice Cream","PreservedInsect","Girya","Singing Bowl","Bottled Flame","Cursed Key","Gremlin Horn","MealTicket","Bag of Preparation","Mercury Hourglass","Turnip"],"acts_visited":["Exordium","TheCity","TheBeyond","TheEnding"],"potions_floor_usage":[55,55],"damage_taken":[{"damage":2.0,"enemies":"Cultist","floor":1.0,"turns":4.0},{"damage":14.0,"enemies":"Small Slimes","floor":2.0,"turns":3.0},{"damage":7.0,"enemies":"Jaw Worm","floor":3.0,"turns":4.0},{"damage":0.0,"enemies":"Exordium Thugs","floor":4.0,"turns":2.0},{"damage":0.0,"enemies":"Gremlin Nob","floor":7.0,"turns":2.0},{"damage":0.0,"enemies":"Looter","floor":10.0,"turns":2.0},{"damage":15.0,"enemies":"Exordium Wildlife","floor":13.0,"turns":3.0},{"damage":0.0,"enemies":"3 Louse","floor":14.0,"turns":1.0},{"damage":0.0,"enemies":"Slime Boss","floor":16.0,"turns":5.0},{"damage":4.0,"enemies":"Shell Parasite","floor":18.0,"turns":3.0},{"damage":0.0,"enemies":"2 Thieves","floor":20.0,"turns":1.0},{"damage":8.0,"enemies":"Cultist and Chosen","floor":21.0,"turns":5.0},{"damage":0.0,"enemies":"Gremlin Leader","floor":23.0,"turns":4.0},{"damage":2.0,"enemies":"Chosen and Byrds","floor":24.0,"turns":4.0},{"damage":7.0,"enemies":"Slavers","floor":25.0,"turns":3.0},{"damage":14.0,"enemies":"Colosseum Slavers","floor":27.0,"turns":3.0},{"damage":1.0,"enemies":"Colosseum Nobs","floor":27.0,"turns":3.0},{"damage":6.0,"enemies":"Snake Plant","floor":29.0,"turns":3.0},{"damage":0.0,"enemies":"Snecko","floor":30.0,"turns":3.0},{"damage":6.0,"enemies":"Book of Stabbing","floor":31.0,"turns":3.0},{"damage":41.0,"enemies":"Automaton","floor":33.0,"turns":7.0},{"damage":0.0,"enemies":"3 Shapes","floor":35.0,"turns":2.0},{"damage":3.0,"enemies":"Orb Walker","floor":38.0,"turns":3.0},{"damage":0.0,"enemies":"Transient","floor":44.0,"turns":6.0},{"damage":0.0,"enemies":"Giant Head","floor":45.0,"turns":5.0},{"damage":5.0,"enemies":"3 Darklings","floor":46.0,"turns":3.0},{"damage":10.0,"enemies":"Nemesis","floor":47.0,"turns":3.0},{"damage":0.0,"enemies":"Spire Growth","floor":48.0,"turns":3.0},{"damage":14.0,"enemies":"Time Eater","floor":50.0,"turns":2.0},{"damage":14,"enemies":"Shield and Spear","floor":54,"turns":3},{"damage":102,"enemies":"The Heart","floor":55,"turns":11}],"seed_played":"-4527250074765404076","potions_obtained":[{"floor":2.0,"key":"SteroidPotion"},{"floor":10.0,"key":"Explosive Potion"},{"floor":13.0,"key":"EssenceOfSteel"},{"floor":14.0,"key":"LiquidBronze"},{"floor":16.0,"key":"SmokeBomb"},{"floor":21.0,"key":"Block Potion"},{"floor":23.0,"key":"PowerPotion"},{"floor":25.0,"key":"BottledMiracle"},{"floor":27.0,"key":"Explosive Potion"},{"floor":30.0,"key":"Regen Potion"},{"floor":31.0,"key":"Regen Potion"},{"floor":45.0,"key":"FearPotion"},{"floor":46.0,"key":"BottledMiracle"},{"floor":48.0,"key":"Ambrosia"},{"floor":54,"key":"SkillPotion"}],"is_trial":false,"path_per_floor":["M","M","M","M","$","R","E","R","T","M","?","T","M","M","R","B",null,"M","$","M","M","?","E","M","E","T","?","?","M","M","E","R","B",null,"M","?","?","M","$","R","?","R","T","M","E","M","E","M","R","B",null,"R","$","E","B"],"character_chosen":"WATCHER","items_purchased":["Halt","Adaptation","EmptyBody","Sling","Gremlin Horn","SkillPotion","Strength Potion","Mercury Hourglass","MentalFortress","Dexterity Potion"],"campfire_rested":0,"item_purchase_floors":[5,5,19,19,39,39,39,53,53,53],"current_hp_per_floor":[70,56,49,49,49,49,49,49,49,49,38,38,23,23,23,23,72,68,68,68,60,60,60,58,51,51,38,38,34,36,41,41,15,80,82,82,82,79,79,79,71,71,71,71,73,68,60,62,62,48,90,90,90,76,0,0],"gold":68,"neow_bonus":"BOSS_RELIC","is_daily":false,"chose_seed":false,"campfire_upgraded":4,"win_rate":0.0,"timestamp":1611436476,"path_taken":["M","M","M","M","?","R","E","R","T","M","?","?","M","?","R","BOSS","M","$","M","M","?","E","M","E","T","?","?","M","?","E","R","BOSS","M","?","?","?","$","R","?","R","T","M","E","M","E","M","R","BOSS","R","$","E","BOSS"],"items_purchased_type":["Card","Card","Card","Relic","Relic","Potion","Potion","Relic","Card","Potion"],"build_version":"2020-12-22","purchased_purges":2,"victory":false,"max_hp_per_floor":[72,72,72,72,72,72,72,72,72,72,72,72,72,72,72,72,72,72,72,72,72,72,72,72,72,72,74,74,76,78,80,80,80,80,82,82,82,82,82,82,84,84,84,84,86,86,88,90,90,90,90,90,90,90,90,90],"relic_stats":{"Singing Bowl":18,"Gremlin Horn":[3,3],"counters":[31,109],"PreservedInsect":350,"Bag of Preparation":[8],"Ginger":[17],"Orichalcum":[84],"Cursed Key":1,"Mercury Hourglass":[45],"MealTicket":0,"Turnip":[2],"obtain_stats":[{"Ice Cream":25,"Girya":27,"Singing Bowl":27,"Gremlin Horn":39,"PreservedInsect":26,"Bag of Preparation":47,"Ginger":23,"Orichalcum":12,"Sling":19,"Cursed Key":34,"Mercury Hourglass":53,"Du-Vu Doll":7,"Bottled Flame":31,"MealTicket":45,"Turnip":54,"Coffee Dripper":0,"PureWater":0,"Pocketwatch":9,"Runic Pyramid":17},{"Ice Cream":15,"Girya":17,"Singing Bowl":17,"Gremlin Horn":23,"PreservedInsect":15,"Bag of Preparation":27,"Ginger":13,"Orichalcum":6,"Sling":10,"Cursed Key":21,"Mercury Hourglass":29,"Du-Vu Doll":5,"Bottled Flame":20,"MealTicket":25,"Turnip":30,"Coffee Dripper":0,"PureWater":0,"Pocketwatch":5,"Runic Pyramid":9},{"Ice Cream":46,"Girya":52,"Singing Bowl":52,"Gremlin Horn":73,"PreservedInsect":46,"Bag of Preparation":90,"Ginger":39,"Orichalcum":17,"Sling":29,"Cursed Key":68,"Mercury Hourglass":95,"Du-Vu Doll":15,"Bottled Flame":61,"MealTicket":84,"Turnip":98,"Coffee Dripper":0,"PureWater":0,"Pocketwatch":15,"Runic Pyramid":26}],"Pocketwatch":[5]},"card_choices":[{"not_picked":["PathToVictory","SashWhip"],"picked":"ThirdEye","floor":1.0},{"not_picked":["Prostrate","FlyingSleeves"],"picked":"Tantrum","floor":2.0},{"not_picked":["WaveOfTheHand","EmptyMind"],"picked":"Conclude","floor":3.0},{"not_picked":["PathToVictory","Swivel"],"picked":"FlyingSleeves","floor":4.0},{"not_picked":["ForeignInfluence","Indignation"],"picked":"EmptyMind","floor":7.0},{"not_picked":["FlyingSleeves","CrushJoints"],"picked":"WreathOfFlame","floor":10.0},{"not_picked":["CrushJoints","Protect"],"picked":"FollowUp","floor":13.0},{"not_picked":["Study","Consecrate"],"picked":"SashWhip","floor":14.0},{"not_picked":["Judgement","MasterReality"],"picked":"Scrawl","floor":16.0},{"not_picked":["CarveReality","ThirdEye+1"],"picked":"WheelKick+1","floor":18.0},{"not_picked":["Consecrate","ReachHeaven"],"picked":"ThirdEye","floor":21.0},{"not_picked":["WheelKick","CrushJoints","CutThroughFate"],"picked":"SKIP","floor":23.0},{"not_picked":["FlurryOfBlows","Consecrate","DeusExMachina"],"picked":"SKIP","floor":24.0},{"not_picked":["BowlingBash","CutThroughFate"],"picked":"SandsOfTime","floor":25.0},{"not_picked":["BowlingBash+1","Consecrate","CrushJoints"],"picked":"Singing Bowl","floor":27.0},{"not_picked":["ThirdEye","PathToVictory+1","Wireheading+1"],"picked":"Singing Bowl","floor":29.0},{"not_picked":["Perseverance","Study","Pray+1"],"picked":"Singing Bowl","floor":30.0},{"not_picked":["FollowUp","Prostrate+1","Judgement"],"picked":"Singing Bowl","floor":31.0},{"not_picked":["Alpha","ConjureBlade"],"picked":"Wish","floor":33.0},{"not_picked":["Prostrate","Sanctity+1","FollowUp+1"],"picked":"Singing Bowl","floor":35.0},{"not_picked":["Protect+1","Evaluate"],"picked":"EmptyFist","floor":38.0},{"not_picked":["Bandage Up","Madness"],"picked":"Enlightenment","floor":41.0},{"not_picked":["Secret Technique","Madness","Sadistic Nature"],"picked":"Singing Bowl","floor":41.0},{"not_picked":["Dramatic Entrance","Flash of Steel"],"picked":"Dark Shackles","floor":41.0},{"not_picked":["InnerPeace+1","EmptyBody+1"],"picked":"Nirvana+1","floor":44.0},{"not_picked":["Scrawl","EmptyMind","Consecrate+1"],"picked":"Singing Bowl","floor":45.0},{"not_picked":["FollowUp","PathToVictory"],"picked":"ClearTheMind+1","floor":46.0},{"not_picked":["EmptyBody","WreathOfFlame","CutThroughFate+1"],"picked":"Singing Bowl","floor":47.0},{"not_picked":["CutThroughFate+1","EmptyBody","Vengeance"],"picked":"Singing Bowl","floor":48.0},{"not_picked":["SashWhip+1","FollowUp"],"picked":"Halt","floor":54}],"player_experience":1179284,"relics_obtained":[{"floor":7.0,"key":"Du-Vu Doll"},{"floor":9.0,"key":"Pocketwatch"},{"floor":12.0,"key":"Orichalcum"},{"floor":23.0,"key":"Ginger"},{"floor":25.0,"key":"Ice Cream"},{"floor":26.0,"key":"PreservedInsect"},{"floor":27.0,"key":"Girya"},{"floor":27.0,"key":"Singing Bowl"},{"floor":31.0,"key":"Bottled Flame"},{"floor":45.0,"key":"MealTicket"},{"floor":47.0,"key":"Bag of Preparation"},{"floor":54,"key":"Turnip"}],"event_choices":[{"damage_healed":0.0,"max_hp_gain":0.0,"max_hp_loss":0.0,"gold_gain":75.0,"event_name":"World of Goop","player_choice":"Gather Gold","floor":11.0,"gold_loss":0.0,"damage_taken":11.0},{"damage_healed":0.0,"max_hp_gain":0.0,"max_hp_loss":0.0,"gold_gain":99.0,"event_name":"Nest","player_choice":"Stole From Cult","floor":22.0,"gold_loss":0.0,"damage_taken":0.0},{"damage_healed":0.0,"max_hp_gain":0.0,"max_hp_loss":0.0,"gold_gain":0.0,"event_name":"Colosseum","player_choice":"Fight","floor":27.0,"gold_loss":0.0,"damage_taken":0.0},{"damage_healed":0.0,"max_hp_gain":0.0,"max_hp_loss":0.0,"gold_gain":0.0,"event_name":"Colosseum","player_choice":"Fought Nobs","floor":27.0,"gold_loss":0.0,"damage_taken":0.0},{"damage_healed":0.0,"max_hp_gain":0.0,"max_hp_loss":0.0,"gold_gain":0.0,"event_name":"NoteForYourself","player_choice":"Ignored","floor":28.0,"gold_loss":0.0,"damage_taken":0.0},{"cards_removed":["Strike_P"],"damage_healed":0.0,"max_hp_gain":0.0,"max_hp_loss":0.0,"gold_gain":0.0,"event_name":"Falling","player_choice":"Removed Attack","floor":36.0,"gold_loss":0.0,"damage_taken":0.0},{"cards_removed":["Strike_P"],"damage_healed":0.0,"max_hp_gain":0.0,"max_hp_loss":0.0,"gold_gain":0.0,"event_name":"Purifier","player_choice":"Purged","floor":37.0,"gold_loss":0.0,"damage_taken":0.0},{"damage_healed":0.0,"max_hp_gain":0.0,"max_hp_loss":0.0,"gold_gain":0.0,"event_name":"SensoryStone","player_choice":"Memory 3","floor":41.0,"gold_loss":0.0,"damage_taken":10.0}],"is_beta":false,"boss_relics":[{"not_picked":["Empty Cage","Velvet Choker"],"picked":"Runic Pyramid"},{"not_picked":["VioletLotus","Sozu"],"picked":"Cursed Key"}],"items_purged_floors":[19,39],"is_endless":false,"potions_floor_spawned":[2,10,13,14,16,21,23,25,27,30,31,45,46,48,54],"killed_by":"The Heart","ascension_level":3}}