{"host":"l491xr9n6v7t2d5g","time":1611433188,"event":{"mods":["Act Like it!","Arknights The Spire","BaseMod","Gensokyo","Marisa£®ÏF”Í°°ƒß¿Ì…≥£©","Minty Spire (QoL Compilation)","Remilia£®¿Ÿ√◊¿Ú—«£©","StSLib","Youmu£®ªÍ∆«—˝√Œ£©","[IsaacMod]“‘»ˆº‚À˛"],"gold_per_floor":[115,141,141,12,32,32,65,65,90,16,16,60,60,140,140,235,235,248,248,248,248,148,378,388,400,448,398,412,412,412,458,458,473,473],"floor_reached":33,"language":"ZHS","playtime":1298,"items_purged":["Strike_MRS","Strike_MRS"],"score":464,"play_id":"f46f0d59-2697-4b1e-8a2e-b12d62577753","local_time":"20210124041948","is_ascension_mode":false,"campfire_choices":[{"data":"DoubleSpark","floor":6,"key":"SMITH"},{"data":"PulseMagic","floor":11,"key":"SMITH"},{"data":"MasterSpark","floor":15,"key":"SMITH"},{"floor":29,"key":"REST"},{"floor":32,"key":"REST"}],"circlet_count":0,"master_deck":["Strike_MRS","Strike_MRS","Defend_MRS","Defend_MRS","Defend_MRS","Defend_MRS+1","MasterSpark+1","UpSweep","BettingIsNotGood","DoubleSpark+1","PulseMagic+1","PowerUp","MilkyWay+1","Acceleration","SuperPerseids","FinalSpark","SporeBomb","StarlightTyphoon+1","WitchOfGreed","RefractionSpark"],"relics":["MiniHakkero","HushsDoor","NeowsBlessing","SatanicBible","Strawberry","Potion Belt","War Paint","Art of War","Happy Flower","RampagingMagicTools","Toxic Egg 2","GnawedLeaf","Lantern","StrikeDummy"],"acts_visited":["Exordium","Gensokyo:Gensokyo"],"potions_floor_usage":[7,7,25,25,33],"damage_taken":[{"damage":0,"enemies":"Gensokyo:Python","floor":1,"turns":1},{"damage":0,"enemies":"Gensokyo:2_Kodama","floor":2,"turns":1},{"damage":0,"enemies":"Gensokyo:Gryphon","floor":5,"turns":1},{"damage":18,"enemies":"Gensokyo:Cirno","floor":7,"turns":5},{"damage":21,"enemies":"Gensokyo:Aya","floor":12,"turns":7},{"damage":0,"enemies":"Gensokyo:Yukari","floor":16,"turns":7},{"damage":0,"enemies":"Gensokyo:2_Gloops","floor":18,"turns":3},{"damage":22,"enemies":"Gensokyo:Tenshi","floor":23,"turns":2},{"damage":0,"enemies":"Gensokyo:AngelMirror","floor":24,"turns":1},{"damage":27,"enemies":"Gensokyo:Slime_Group","floor":25,"turns":3},{"damage":20,"enemies":"Gensokyo:Wraith","floor":28,"turns":2},{"damage":17,"enemies":"Gensokyo:Reisen","floor":31,"turns":4},{"damage":99,"enemies":"Gensokyo:Kaguya","floor":33,"turns":9}],"seed_played":"-11637173353315097","potions_obtained":[{"floor":1,"key":"BottledSpark"},{"floor":2,"key":"Block Potion"},{"floor":23,"key":"LiquidMemories"},{"floor":24,"key":"AttackPotion"},{"floor":28,"key":"Strength Potion"},{"floor":31,"key":"FairyPotion"}],"is_trial":false,"path_per_floor":["M","M","?","$","M","R","E","?","T","COS","R","E","T","?","R","B",null,"M","?","?","T","$","E","M","M","T","?","M","R","?","E","R","B"],"character_chosen":"MARISA","items_purchased":["PowerUp"],"campfire_rested":2,"item_purchase_floors":[4],"current_hp_per_floor":[75,75,72,72,77,77,59,59,59,59,59,38,38,38,38,38,82,82,82,82,82,82,60,60,33,33,40,20,46,46,29,55,0,0],"gold":473,"neow_bonus":"THREE_ENEMY_KILL","is_daily":false,"chose_seed":false,"campfire_upgraded":3,"win_rate":0.0,"timestamp":1611433188,"path_taken":["M","M","?","$","?","R","E","?","T","COS","R","E","?","?","R","BOSS","M","?","?","?","$","E","?","M","T","?","M","R","?","E","R","BOSS"],"items_purchased_type":["Card"],"build_version":"2020-12-22","purchased_purges":2,"victory":false,"max_hp_per_floor":[75,75,82,82,82,82,82,82,82,82,82,82,82,82,82,82,82,82,82,82,82,82,82,82,82,82,89,89,89,89,89,89,89,89],"card_choices":[{"not_picked":[],"picked":"BettingIsNotGood","floor":0},{"not_picked":["GravityBeat","EnergyRecoil"],"picked":"DoubleSpark","floor":1},{"not_picked":["Acceleration","SprinkleStarSeal"],"picked":"PulseMagic","floor":2},{"not_picked":["MeteoricShower","WitchOfGreed"],"picked":"MilkyWay","floor":5},{"not_picked":["Occultation","GravityBeat"],"picked":"Acceleration","floor":7},{"not_picked":["MeteoricShower","LuminesStrike"],"picked":"SuperPerseids","floor":12},{"not_picked":["AbsoluteMagnitude","SuperNova"],"picked":"FinalSpark","floor":16},{"not_picked":["BlazeAway+1","MysteriousBeam"],"picked":"SporeBomb","floor":18},{"not_picked":["MillisecondPulsars","SporeBomb+1"],"picked":"StarlightTyphoon+1","floor":23},{"not_picked":["UnstableBomb","Occultation+1","Acceleration+1"],"picked":"SKIP","floor":24},{"not_picked":["OneTimeOff+1","Acceleration+1","UnstableBomb"],"picked":"SKIP","floor":25},{"not_picked":["LuminesStrike","Robbery"],"picked":"WitchOfGreed","floor":28},{"not_picked":["GravityBeat+1","UnstableBomb","MaximisePower+1"],"picked":"SKIP","floor":31}],"player_experience":242566,"relics_obtained":[{"floor":7,"key":"Potion Belt"},{"floor":9,"key":"War Paint"},{"floor":12,"key":"Art of War"},{"floor":21,"key":"Toxic Egg 2"},{"floor":23,"key":"GnawedLeaf"},{"floor":26,"key":"Lantern"},{"floor":31,"key":"StrikeDummy"}],"event_choices":[],"is_beta":false,"boss_relics":[{"not_picked":["Astrolabe","Velvet Choker"],"picked":"RampagingMagicTools"},{"not_picked":[]}],"items_purged_floors":[4,22],"is_endless":false,"potions_floor_spawned":[1,2,23,24,28],"killed_by":"Gensokyo:Kaguya","ascension_level":0}}