{"host":"vyjryxuuuxkt43k4","time":1611393046,"event":{"mods":["AchievementEnabler","BaseMod","Colored Map","DeckTracker","Keyboard Shortcuts","Minty Spire (QoL Compilation)","Permanent Neow","Quick Restart","StSLib","SuperFastMode","everything is the same but u backflip on backflip"],"gold_per_floor":[116,126,145,145,145,177,177,177,177,188,188,208,235,253,253,253,253],"floor_reached":16,"language":"KOR","playtime":494,"items_purged":[],"score":218,"play_id":"c29fe191-5a70-4a0a-b0d5-faed80149556","local_time":"20210123181046","is_ascension_mode":true,"campfire_choices":[{"floor":7.0,"key":"REST"},{"data":"Uppercut","floor":11.0,"key":"SMITH"},{"data":"Body Slam","floor":15.0,"key":"SMITH"}],"circlet_count":0,"master_deck":["AscendersBane","Strike_R","Strike_R","Defend_R","Defend_R","Defend_R","Defend_R","Bash","Cleave","Blood for Blood","Flame Barrier","Pommel Strike","Shrug It Off","Metallicize","Uppercut+1","Shrug It Off","Body Slam+1"],"relics":["Burning Blood","StoneCalendar","Lantern","Calipers","Bag of Marbles"],"acts_visited":["Exordium"],"potions_floor_usage":[16],"damage_taken":[{"damage":4.0,"enemies":"Jaw Worm","floor":1.0,"turns":4.0},{"damage":5.0,"enemies":"Small Slimes","floor":2.0,"turns":4.0},{"damage":0.0,"enemies":"2 Louse","floor":3.0,"turns":3.0},{"damage":40.0,"enemies":"Lagavulin","floor":6.0,"turns":7.0},{"damage":2.0,"enemies":"Exordium Wildlife","floor":10.0,"turns":3.0},{"damage":9.0,"enemies":"Large Slime","floor":12.0,"turns":5.0},{"damage":19.0,"enemies":"3 Sentries","floor":13.0,"turns":6.0},{"damage":0.0,"enemies":"2 Fungi Beasts","floor":14.0,"turns":3.0},{"damage":35,"enemies":"Slime Boss","floor":16,"turns":6}],"seed_played":"5201546631533378474","potions_obtained":[{"floor":1.0,"key":"Swift Potion"},{"floor":10.0,"key":"PowerPotion"},{"floor":13.0,"key":"ElixirPotion"},{"floor":14.0,"key":"SpeedPotion"}],"is_trial":false,"path_per_floor":["M","M","M","?","?","E","R","?","T","M","R","M","E","M","R","B"],"character_chosen":"IRONCLAD","items_purchased":[],"campfire_rested":1,"item_purchase_floors":[],"current_hp_per_floor":[52,53,59,64,53,19,43,36,36,40,40,37,24,30,30,0,0],"gold":253,"neow_bonus":"TRANSFORM_TWO_CARDS","is_daily":false,"chose_seed":false,"campfire_upgraded":2,"win_rate":0.0,"timestamp":1611393046,"path_taken":["M","M","M","?","?","E","R","?","T","?","R","M","E","M","R","BOSS"],"items_purchased_type":[],"build_version":"2020-12-22","purchased_purges":0,"victory":false,"max_hp_per_floor":[75,75,75,80,80,80,80,80,80,80,80,80,80,80,80,80,80],"card_choices":[{"not_picked":["True Grit","Armaments"],"picked":"Flame Barrier","floor":1.0},{"not_picked":["True Grit","Havoc"],"picked":"Pommel Strike","floor":2.0},{"not_picked":["Seeing Red","True Grit"],"picked":"Shrug It Off","floor":3.0},{"not_picked":["Flex","Infernal Blade"],"picked":"Metallicize","floor":6.0},{"not_picked":["Pommel Strike","Shrug It Off"],"picked":"Uppercut","floor":10.0},{"not_picked":["Iron Wave","Havoc","Pommel Strike"],"picked":"SKIP","floor":12.0},{"not_picked":["Iron Wave","Havoc","Pommel Strike"],"picked":"SKIP","floor":12.0},{"not_picked":["Iron Wave","Havoc","Pommel Strike"],"picked":"SKIP","floor":12.0},{"not_picked":["Berserk","Anger"],"picked":"Shrug It Off","floor":13.0},{"not_picked":["Second Wind","Shrug It Off"],"picked":"Body Slam","floor":14.0}],"player_experience":259676,"relics_obtained":[{"floor":6.0,"key":"Lantern"},{"floor":9.0,"key":"Calipers"},{"floor":13.0,"key":"Bag of Marbles"}],"event_choices":[{"damage_healed":0.0,"max_hp_gain":5.0,"max_hp_loss":0.0,"gold_gain":0.0,"event_name":"Big Fish","player_choice":"Donut","floor":4.0,"gold_loss":0.0,"damage_taken":0.0},{"damage_healed":0.0,"max_hp_gain":0.0,"max_hp_loss":0.0,"gold_gain":0.0,"event_name":"Scrap Ooze","player_choice":"Success","floor":5.0,"gold_loss":0.0,"damage_taken":11.0,"relics_obtained":["StoneCalendar"]},{"cards_removed":["Strike_R"],"damage_healed":0.0,"max_hp_gain":0.0,"max_hp_loss":0.0,"gold_gain":0.0,"event_name":"Golden Wing","player_choice":"Card Removal","floor":8.0,"gold_loss":0.0,"damage_taken":7.0}],"is_beta":false,"boss_relics":[],"items_purged_floors":[],"is_endless":false,"potions_floor_spawned":[1,10,13,14],"killed_by":"Slime Boss","ascension_level":19}}