{"host":"urvvf8749ekcxo1a","time":1611365244,"event":{"mods":["AchievementEnabler","BaseMod","Better Sensory Stone","BetterRewards","Colored Powertips","Evolution","Gold Saver","Marisa????????","Minty Spire (QoL Compilation)","Quick Restart","StSLib","SuperFastMode","The Cursed","The Hierophant","The Saiyan","The Servant 0.9.4","The Wild Card"],"gold_per_floor":[2128,2128,2053,2053,1630,1630,1735,1735,1735,1792,1667,1667,1757,1757,1757,2042,2042,2099,1782,1833,1833,1400,1400,1400,1052,1075,1156,1207,829,829,754,754,1063,1063,1114,1114,1249,938,938,938,1340,1388,1414,1414,1414,1164,1164,929,929,929,929,929,664,763,763,763],"floor_reached":55,"language":"ENG","playtime":863,"items_purged":["Strike_R","Defend_R","Strike_R","Strike_R","Defend_R","Defend_R","Carnage","Berserk"],"score":949,"play_id":"8021fedf-6b8b-49b7-966d-f2395e60996a","local_time":"20210122202724","daily_mods":["Vintage","Heirloom","Time Dilation","Flight","Midas"],"is_ascension_mode":false,"campfire_choices":[{"floor":6,"key":"RECALL"},{"floor":8,"key":"REST"},{"floor":12,"key":"REST"},{"floor":15,"key":"REST"},{"floor":23,"key":"REST"},{"floor":32,"key":"REST"},{"floor":40,"key":"REST"},{"floor":45,"key":"REST"},{"floor":49,"key":"REST"},{"floor":52,"key":"REST"}],"circlet_count":0,"master_deck":["Feed+1","Panache","Clash+1","Flex+1"],"relics":["Unceasing Top","EVO:Axolotl","Thread and Needle","Singing Bowl","Bag of Marbles","Nunchaku","Anchor","Happy Flower","Odd Mushroom","Fusion Hammer","Strawberry","Letter Opener","Ornamental Fan","Brimstone","TungstenRod","Boot","MealTicket","Toxic Egg 2","Runic Cube","Vajra","Ginger","Champion Belt","Old Coin","Dream Catcher","Juzu Bracelet","Membership Card","Whetstone","Paper Frog","HandDrill","Charon\u0027s Ashes"],"acts_visited":["Exordium","TheCity","TheBeyond","TheEnding"],"potions_floor_usage":[16,16,16,16,16,27,37,50,55,55,55],"damage_taken":[{"damage":6,"enemies":"2 Louse","floor":1,"turns":3},{"damage":24,"enemies":"Lagavulin","floor":7,"turns":5},{"damage":0,"enemies":"Jaw Worm","floor":10,"turns":2},{"damage":0,"enemies":"The Mushroom Lair","floor":13,"turns":3},{"damage":4,"enemies":"Slime Boss","floor":16,"turns":6},{"damage":41,"enemies":"Shell Parasite","floor":18,"turns":7},{"damage":12,"enemies":"3 Byrds","floor":20,"turns":5},{"damage":0,"enemies":"Book of Stabbing","floor":27,"turns":2},{"damage":0,"enemies":"Centurion and Healer","floor":28,"turns":1},{"damage":0,"enemies":"Automaton","floor":33,"turns":1},{"damage":0,"enemies":"3 Darklings","floor":35,"turns":1},{"damage":54,"enemies":"2 Orb Walkers","floor":37,"turns":4},{"damage":0,"enemies":"Nemesis","floor":41,"turns":1},{"damage":0,"enemies":"3 Shapes","floor":42,"turns":1},{"damage":32,"enemies":"Donu and Deca","floor":50,"turns":3},{"damage":0,"enemies":"Shield and Spear","floor":54,"turns":1},{"damage":51,"enemies":"The Heart","floor":55,"turns":3}],"seed_played":"-4821522503900248722","potions_obtained":[{"floor":13,"key":"EssenceOfSteel"},{"floor":14,"key":"Weak Potion"},{"floor":14,"key":"EntropicBrew"},{"floor":16,"key":"LiquidBronze"},{"floor":41,"key":"SpeedPotion"},{"floor":54,"key":"DuplicationPotion"}],"is_trial":true,"path_per_floor":["M","?","$","?","$","R","E","R","T","M","$","R","?","?","R","B",null,"M","$","M","?","$","R","?","$","T","E","M","$","T","?","R","B",null,"M","?","?","$","?","R","E","M","T","?","R","$","?","$","R","B",null,"R","$","E","B"],"character_chosen":"IRONCLAD","items_purchased":["Bag of Marbles","Anger","Feed","Panache","Ornamental Fan","Brimstone","MealTicket","Champion Belt","Membership Card","Whetstone","Paper Frog","HandDrill","SkillPotion","BlessingOfTheForge","FearPotion"],"campfire_rested":9,"item_purchase_floors":[5,5,5,19,22,25,29,38,48,48,53,53,53,53,53],"current_hp_per_floor":[74,74,74,74,74,74,55,80,80,83,83,88,93,93,93,92,96,65,65,56,56,56,88,88,88,88,88,91,91,91,91,112,114,114,114,118,67,82,82,115,117,120,120,120,122,122,122,122,124,92,124,126,126,128,77,77],"gold":763,"neow_bonus":"","is_daily":false,"chose_seed":false,"campfire_upgraded":0,"win_rate":0.0,"timestamp":1611365244,"path_taken":["M","?","$","?","$","R","E","R","T","?","$","R","?","?","R","BOSS","M","?","?","?","$","R","?","$","T","E","?","?","?","?","R","BOSS","M","?","?","?","?","R","E","M","T","?","R","$","?","$","R","BOSS","R","$","E","BOSS"],"items_purchased_type":["Relic","Card","Card","Card","Relic","Relic","Relic","Relic","Relic","Relic","Relic","Relic","Potion","Potion","Potion"],"build_version":"2020-12-22","purchased_purges":8,"victory":false,"max_hp_per_floor":[80,80,80,80,80,80,85,85,85,88,88,88,93,93,93,96,96,106,106,109,109,109,109,109,109,109,109,112,112,112,112,112,114,114,114,118,121,121,115,115,117,120,120,120,122,122,122,122,124,124,124,126,126,128,128,128],"card_choices":[{"not_picked":["Blood for Blood","Sentinel","Perfected Strike"],"picked":"Singing Bowl","floor":7},{"not_picked":["Perfected Strike","True Grit","Shrug It Off"],"picked":"Singing Bowl","floor":13},{"not_picked":["Fiend Fire","Feed"],"picked":"Berserk","floor":16},{"not_picked":["Wild Strike","Warcry"],"picked":"Clash+1","floor":27},{"not_picked":["Demon Form","Berserk","Corruption"],"picked":"Singing Bowl","floor":33},{"not_picked":["Bandage Up+1","Trip+1","Dramatic Entrance"],"picked":"Singing Bowl","floor":36},{"not_picked":["Mind Blast","Flash of Steel","Purity+1"],"picked":"Singing Bowl","floor":36},{"not_picked":["Anger+1","Clothesline"],"picked":"Flex+1","floor":37},{"not_picked":["Entrench+1","Bloodletting+1","Dark Embrace"],"picked":"Singing Bowl","floor":41},{"not_picked":["Warcry+1","Clash+1","Heavy Blade+1"],"picked":"Singing Bowl","floor":45},{"not_picked":["Wild Strike+1","True Grit+1","Sever Soul+1"],"picked":"Singing Bowl","floor":49},{"not_picked":["Clash+1","Rupture+1","Body Slam"],"picked":"Singing Bowl","floor":52},{"not_picked":["Flex+1","True Grit+1","Power Through+1"],"picked":"Singing Bowl","floor":54}],"player_experience":145861,"relics_obtained":[{"floor":1,"key":"Singing Bowl"},{"floor":7,"key":"Nunchaku"},{"floor":9,"key":"Anchor"},{"floor":10,"key":"Happy Flower"},{"floor":13,"key":"Odd Mushroom"},{"floor":18,"key":"Strawberry"},{"floor":20,"key":"Letter Opener"},{"floor":27,"key":"TungstenRod"},{"floor":28,"key":"Boot"},{"floor":30,"key":"Toxic Egg 2"},{"floor":35,"key":"Vajra"},{"floor":37,"key":"Ginger"},{"floor":41,"key":"Old Coin"},{"floor":42,"key":"Dream Catcher"},{"floor":43,"key":"Juzu Bracelet"},{"floor":54,"key":"Charon\u0027s Ashes"}],"event_choices":[{"cards_removed":["Strike_R"],"damage_healed":0,"gold_gain":0,"player_choice":"Forget","damage_taken":0,"max_hp_gain":0,"max_hp_loss":0,"event_name":"Living Wall","floor":2,"gold_loss":0},{"damage_healed":0,"gold_gain":0,"player_choice":"Bought 0 Potions","damage_taken":0,"max_hp_gain":0,"max_hp_loss":0,"event_name":"The Woman in Blue","floor":4,"gold_loss":0},{"damage_healed":0,"gold_gain":0,"player_choice":"Fought Mushrooms","damage_taken":0,"max_hp_gain":0,"max_hp_loss":0,"event_name":"Mushrooms","floor":13,"gold_loss":0},{"damage_healed":0,"gold_gain":0,"player_choice":"Got Potions","damage_taken":0,"max_hp_gain":0,"max_hp_loss":0,"event_name":"Lab","floor":14,"gold_loss":0},{"cards_removed":["Strike_R"],"damage_healed":0,"gold_gain":0,"player_choice":"Elegance","damage_taken":0,"max_hp_gain":0,"max_hp_loss":0,"event_name":"Back to Basics","floor":21,"gold_loss":0},{"damage_healed":0,"gold_gain":0,"cards_transformed":["Defend_R"],"player_choice":"Transformed","damage_taken":0,"max_hp_gain":0,"max_hp_loss":0,"event_name":"Transmorgrifier","floor":24,"gold_loss":0,"cards_obtained":["Carnage"]},{"cards_removed":["Bash"],"damage_healed":0,"gold_gain":0,"player_choice":"Gave Gold","damage_taken":0,"max_hp_gain":0,"max_hp_loss":0,"event_name":"Beggar","floor":31,"gold_loss":75},{"damage_healed":0,"gold_gain":3,"player_choice":"1","damage_taken":0,"max_hp_gain":0,"max_hp_loss":0,"event_name":"betterStone:BetterStone","floor":36,"gold_loss":0},{"damage_healed":0,"gold_gain":0,"player_choice":"Fight","damage_taken":0,"max_hp_gain":0,"max_hp_loss":0,"event_name":"Mysterious Sphere","floor":37,"gold_loss":0},{"damage_healed":0,"gold_gain":0,"player_choice":"Max HP","damage_taken":0,"max_hp_gain":0,"max_hp_loss":6,"event_name":"Winding Halls","floor":39,"gold_loss":0},{"cards_removed":["Anger"],"damage_healed":0,"gold_gain":0,"player_choice":"Removed Attack","damage_taken":0,"max_hp_gain":0,"max_hp_loss":0,"event_name":"Falling","floor":44,"gold_loss":0},{"damage_healed":0,"gold_gain":0,"player_choice":"Ignored","damage_taken":0,"max_hp_gain":0,"max_hp_loss":0,"event_name":"Tomb of Lord Red Mask","floor":47,"gold_loss":0}],"is_beta":false,"boss_relics":[{"not_picked":["Runic Dome","Tiny House"],"picked":"Fusion Hammer"},{"not_picked":["Busted Crown","SlaversCollar"],"picked":"Runic Cube"}],"items_purged_floors":[3,5,11,19,22,25,29,46],"is_endless":false,"potions_floor_spawned":[13,16,41,54],"killed_by":"The Heart","ascension_level":0}}