{"host":"baymyijz6sxaqj5s","time":1611362188,"event":{"mods":["AchievementEnabler","BaseMod","Colored Map","Colored Powertips","DeckTracker","Highlight Path","KOR Keyword Fix","Keyboard Shortcuts","Minty Spire (QoL Compilation)","StSLib","SuperFastMode","everything is the same but u backflip on backflip"],"gold_per_floor":[115,115,126,136,152,152,103,103,103,121,121,121,141,151,151,248,248,264,276,29,42,59,70,70,89,143,68,68,68,68,79,79,79,79],"floor_reached":33,"language":"KOR","playtime":995,"items_purged":[],"score":304,"play_id":"460c9af6-af8d-47f7-8417-d3332c936c6d","local_time":"20210123093628","is_ascension_mode":true,"campfire_choices":[{"data":"Heavy Blade","floor":6,"key":"SMITH"},{"data":"Shrug It Off","floor":8,"key":"SMITH"},{"data":"Armaments","floor":11,"key":"SMITH"},{"floor":15,"key":"REST"},{"data":"Body Slam","floor":24,"key":"SMITH"},{"floor":28,"key":"REST"},{"data":"Impervious","floor":32,"key":"SMITH"}],"circlet_count":0,"master_deck":["Strike_R","Strike_R","Strike_R","Defend_R","Defend_R","Defend_R","Defend_R","Bash","Heavy Blade+1","Armaments+1","Shrug It Off+1","Reaper","Inflame","Thunderclap","Impervious+1","CurseOfTheBell","Inflame+1","Sword Boomerang","Ghostly Armor+1","Shrug It Off+1","Body Slam+1","Spot Weakness+1"],"relics":["Burning Blood","Charon\u0027s Ashes","Calling Bell","Pen Nib","Toxic Egg 2","Ginger","Lee\u0027s Waffle","Vajra"],"acts_visited":["Exordium","TheCity"],"potions_floor_usage":[16,16,21,23,25,29],"damage_taken":[{"damage":5,"enemies":"Small Slimes","floor":1,"turns":3},{"damage":1,"enemies":"Cultist","floor":3,"turns":4},{"damage":8,"enemies":"Jaw Worm","floor":4,"turns":4},{"damage":7,"enemies":"Red Slaver","floor":5,"turns":6},{"damage":13,"enemies":"Exordium Wildlife","floor":10,"turns":6},{"damage":26,"enemies":"Looter","floor":13,"turns":4},{"damage":7,"enemies":"Blue Slaver","floor":14,"turns":5},{"damage":90,"enemies":"Hexaghost","floor":16,"turns":15},{"damage":60,"enemies":"Spheric Guardian","floor":18,"turns":8},{"damage":0,"enemies":"Chosen","floor":19,"turns":6},{"damage":17,"enemies":"Snake Plant","floor":21,"turns":6},{"damage":28,"enemies":"Centurion and Healer","floor":22,"turns":8},{"damage":22,"enemies":"Snecko","floor":23,"turns":6},{"damage":56,"enemies":"Sentry and Sphere","floor":25,"turns":8},{"damage":8,"enemies":"Colosseum Slavers","floor":29,"turns":4},{"damage":4,"enemies":"Centurion and Healer","floor":31,"turns":9},{"damage":112,"enemies":"Automaton","floor":33,"turns":12}],"seed_played":"7743796663012141083","potions_obtained":[{"floor":1,"key":"DistilledChaos"},{"floor":5,"key":"DuplicationPotion"},{"floor":16,"key":"Block Potion"},{"floor":18,"key":"BlessingOfTheForge"},{"floor":22,"key":"Ancient Potion"},{"floor":25,"key":"DistilledChaos"}],"is_trial":false,"path_per_floor":["M","?","M","M","M","R","$","R","T","M","R","?","M","M","R","B",null,"M","M","$","M","M","M","R","M","T","?","R","?","?","M","R","B"],"character_chosen":"IRONCLAD","items_purchased":["Shrug It Off","Sword Boomerang","Lee\u0027s Waffle","Ghostly Armor+1"],"campfire_rested":2,"item_purchase_floors":[7,20,20,20],"current_hp_per_floor":[88,80,85,83,82,82,82,82,82,75,75,75,59,64,88,14,88,34,40,95,84,80,68,68,18,18,18,46,54,54,76,76,0,0],"gold":79,"neow_bonus":"TEN_PERCENT_HP_BONUS","is_daily":false,"chose_seed":false,"campfire_upgraded":5,"win_rate":0.0,"timestamp":1611362188,"path_taken":["M","?","?","M","M","R","$","R","T","M","R","?","M","M","R","BOSS","M","M","$","M","M","M","R","M","T","?","R","?","?","M","R","BOSS"],"items_purchased_type":["Card","Card","Relic","Card"],"build_version":"2020-12-22","purchased_purges":0,"victory":false,"max_hp_per_floor":[88,88,88,88,88,88,88,88,88,88,88,88,88,88,88,88,88,88,88,95,95,95,95,95,95,95,95,95,95,95,95,95,95,95],"card_choices":[{"not_picked":["Uppercut","Clash","Perfected Strike"],"picked":"SKIP","floor":1},{"not_picked":["Clash","Havoc"],"picked":"Heavy Blade","floor":3},{"not_picked":["Clothesline","Headbutt","Twin Strike"],"picked":"SKIP","floor":4},{"not_picked":["Heavy Blade","Twin Strike"],"picked":"Armaments","floor":5},{"not_picked":["True Grit","Warcry"],"picked":"Reaper","floor":10},{"not_picked":["Warcry","Feel No Pain"],"picked":"Inflame","floor":13},{"not_picked":["Wild Strike","Havoc"],"picked":"Thunderclap","floor":14},{"not_picked":["Offering","Berserk"],"picked":"Impervious","floor":16},{"not_picked":["Warcry+1","Infernal Blade+1","Perfected Strike"],"picked":"SKIP","floor":18},{"not_picked":["Power Through+1","Shrug It Off+1"],"picked":"Inflame+1","floor":19},{"not_picked":["Combust","Clash"],"picked":"Shrug It Off+1","floor":21},{"not_picked":["Headbutt","Bloodletting+1"],"picked":"Body Slam","floor":22},{"not_picked":["Armaments+1","Clothesline","Rampage"],"picked":"SKIP","floor":23},{"not_picked":["Clothesline","Exhume+1","Pommel Strike"],"picked":"SKIP","floor":25},{"not_picked":["Flex+1","Clash"],"picked":"Spot Weakness+1","floor":31}],"player_experience":67824,"relics_obtained":[{"floor":9,"key":"Charon\u0027s Ashes"},{"floor":17,"key":"Pen Nib"},{"floor":17,"key":"Toxic Egg 2"},{"floor":17,"key":"Ginger"},{"floor":26,"key":"Vajra"}],"event_choices":[{"damage_healed":0,"gold_gain":0,"player_choice":"Damaged","damage_taken":8,"max_hp_gain":0,"max_hp_loss":0,"event_name":"Wheel of Change","floor":2,"gold_loss":0},{"cards_removed":["Strike_R"],"damage_healed":0,"gold_gain":0,"player_choice":"Purged","damage_taken":0,"max_hp_gain":0,"max_hp_loss":0,"event_name":"Purifier","floor":12,"gold_loss":0},{"cards_removed":["Strike_R"],"damage_healed":0,"gold_gain":0,"player_choice":"Gave Gold","damage_taken":0,"max_hp_gain":0,"max_hp_loss":0,"event_name":"Beggar","floor":27,"gold_loss":75},{"damage_healed":0,"gold_gain":0,"player_choice":"Fight","damage_taken":0,"max_hp_gain":0,"max_hp_loss":0,"event_name":"Colosseum","floor":29,"gold_loss":0},{"damage_healed":0,"gold_gain":0,"player_choice":"Fled From Nobs","damage_taken":0,"max_hp_gain":0,"max_hp_loss":0,"event_name":"Colosseum","floor":29,"gold_loss":0},{"damage_healed":0,"gold_gain":0,"player_choice":"Ignored","damage_taken":0,"max_hp_gain":0,"max_hp_loss":0,"event_name":"Vampires","floor":30,"gold_loss":0}],"is_beta":false,"boss_relics":[{"not_picked":["Empty Cage","Coffee Dripper"],"picked":"Calling Bell"}],"items_purged_floors":[],"is_endless":false,"potions_floor_spawned":[1,5,16,18,22,25],"killed_by":"Automaton","ascension_level":3}}