{"host":"ii8tx06h76eihyxi","time":1611434236,"event":{"mods":["BaseMod","Colored Map","Colored Powertips","Custom Start","DeckTracker","Downfall","Minty Spire (QoL Compilation)","Relic Stats","Replay The Spire","Shop Mod","StSLib","The Disciple","The Necromancer","The Runesmith"],"gold_per_floor":[118,133,149,163,181,193,268,280,280,280,299,299,299,326,351,371,371,470,470,485,498,510,520,535,561,561,592,592,607,607,607,633,643,643,744,744,758,770,820,834,853,883,899,899,949,502,519,529,555,573,573,573],"floor_reached":53,"language":"ENG","playtime":7001,"items_purged":["Leg Sweep+1"],"score":1195,"play_id":"ffea55f3-0a0d-4903-b32c-924d1660b268","local_time":"20210123153716","is_ascension_mode":false,"campfire_choices":[{"data":"Deadly Poison","floor":26.0,"key":"SMITH"},{"data":"Footwork","floor":34.0,"key":"SMITH"},{"data":"Caltrops","floor":44,"key":"SMITH"},{"data":"Adrenaline","floor":51,"key":"SMITH"}],"circlet_count":0,"master_deck":["Escape Plan+1","Escape Plan+1","Blur+1","Blur+1","Adrenaline+1","Adrenaline+1","Footwork+1","Footwork+1","Footwork+1","Noxious Fumes+1","Noxious Fumes+1","Noxious Fumes+1","ReplayTheSpireMod:Speed Training+1","ReplayTheSpireMod:Speed Training+1","Dodge and Roll+1","Deadly Poison+1","Caltrops+1","Deadly Poison+1","Backflip","Footwork+1","Backflip+1","Finesse+1","Catalyst","Adrenaline+1"],"relics":["Ring of the Snake","Ice Cream","Mummified Hand","Ring of the Serpent","Snake Skull","Lantern","Centennial Puzzle","Bottled Lightning","WristBlade","Replay:Bottled Eggs","Smiling Mask","Replay:Ringing Soul","Replay:WaspNest","bronze:BronzeIdol","hexamod:Sixitude","Replay:Rubber Ducky","Happy Flower","Anchor","Guide Book","sneckomod:BlankCard"],"acts_visited":["Exordium","TheCity","TheBeyond"],"potions_floor_usage":[],"damage_taken":[{"damage":0.0,"enemies":"Small Slimes","floor":1.0,"turns":4.0},{"damage":0.0,"enemies":"Jaw Worm","floor":2.0,"turns":4.0},{"damage":0.0,"enemies":"2 Louse","floor":3.0,"turns":3.0},{"damage":0.0,"enemies":"Exordium Thugs","floor":4.0,"turns":4.0},{"damage":0.0,"enemies":"Blue Slaver","floor":5.0,"turns":4.0},{"damage":0.0,"enemies":"Gremlin Gang","floor":6.0,"turns":3.0},{"damage":0.0,"enemies":"3 Louse","floor":8.0,"turns":2.0},{"damage":0.0,"enemies":"2 Fungi Beasts","floor":10.0,"turns":3.0},{"damage":0.0,"enemies":"Large Slime","floor":11.0,"turns":3.0},{"damage":0.0,"enemies":"3 Sentries","floor":15.0,"turns":4.0},{"damage":0.0,"enemies":"Lots of Slimes","floor":16.0,"turns":3.0},{"damage":0.0,"enemies":"Fading Forest","floor":18.0,"turns":10.0},{"damage":0.0,"enemies":"2 Thieves","floor":20.0,"turns":3.0},{"damage":0.0,"enemies":"3 Byrds","floor":21.0,"turns":3.0},{"damage":0.0,"enemies":"Sentry and Sphere","floor":22.0,"turns":4.0},{"damage":0.0,"enemies":"Centurion and Healer","floor":23.0,"turns":4.0},{"damage":0.0,"enemies":"Snake Plant","floor":24.0,"turns":4.0},{"damage":0.0,"enemies":"Slavers","floor":25.0,"turns":4.0},{"damage":0.0,"enemies":"Replay:Snechameleon","floor":27.0,"turns":5.0},{"damage":0.0,"enemies":"Chosen and Byrds","floor":29.0,"turns":4.0},{"damage":0.0,"enemies":"Book of Stabbing","floor":32.0,"turns":4.0},{"damage":0.0,"enemies":"Centurion and Healer","floor":33.0,"turns":5.0},{"damage":0.0,"enemies":"Collector","floor":35.0,"turns":6.0},{"damage":0,"enemies":"Orb Walker","floor":37,"turns":4},{"damage":0,"enemies":"3 Darklings","floor":38,"turns":4},{"damage":0,"enemies":"Mind Bloom Boss Battle","floor":39,"turns":5},{"damage":0,"enemies":"Spire Growth","floor":40,"turns":4},{"damage":0,"enemies":"Maw","floor":41,"turns":6},{"damage":0,"enemies":"Nemesis","floor":42,"turns":7},{"damage":0,"enemies":"3 Darklings","floor":43,"turns":4},{"damage":0,"enemies":"Spire Growth","floor":47,"turns":4},{"damage":0,"enemies":"Sphere and 2 Shapes","floor":48,"turns":4},{"damage":0,"enemies":"Reptomancer","floor":49,"turns":5},{"damage":0,"enemies":"4 Shapes","floor":50,"turns":3},{"damage":0,"enemies":"Donu and Deca","floor":52,"turns":7}],"seed_played":"-3215300600736082777","potions_obtained":[{"floor":3.0,"key":"Explosive Potion"},{"floor":5.0,"key":"Fire Potion"},{"floor":8.0,"key":"champ:CounterPotion"}],"is_trial":true,"path_per_floor":["M","M","M","M","M","M","?","M","T","M","M","PTL","PTL","T","E","M","R_BF","B",null,"M","M","M","M","M","E","R","E","T","M","?","?","E","M","R","B",null,"M","M","?","M","M","E","M","R","T","$","M","M","E","M","R","B",null],"character_chosen":"THE_SILENT","items_purchased":["Finesse","Anchor","Guide Book"],"campfire_rested":0,"item_purchase_floors":[46,46,46],"current_hp_per_floor":[70,70,70,70,70,70,59,59,59,59,59,59,59,59,59,59,70,70,70,70,70,70,70,70,70,70,70,70,70,70,70,70,70,70,70,70,70,70,70,70,73,73,73,73,73,76,79,79,82,82,82,82],"gold":573,"neow_bonus":"","is_daily":false,"chose_seed":false,"campfire_upgraded":4,"win_rate":0.0,"timestamp":1611434236,"path_taken":["M","M","M","M","M","M","?","M","T","M","M","PTL","PTL","?","E","M","R_BF","BOSS","M","M","M","M","M","E","R","E","T","M","?","?","E","M","R","BOSS","M","M","?","M","M","E","M","R","T","$","M","M","E","M","R","BOSS"],"items_purchased_type":["Card","Relic","Relic"],"build_version":"2020-12-22","purchased_purges":1,"victory":true,"max_hp_per_floor":[70,70,70,70,70,70,70,70,70,70,70,70,70,70,70,70,70,70,70,70,70,70,70,70,70,70,70,70,70,70,70,70,70,70,70,70,70,70,70,70,73,73,73,73,73,76,79,79,82,82,82,82],"relic_stats":{"Centennial Puzzle":[0],"Happy Flower":[7],"counters":[35,150],"Mummified Hand":[263],"Snake Skull":[351],"Smiling Mask":25,"obtain_stats":[{"Ice Cream":0,"Lantern":9,"Happy Flower":45,"Guide Book":46,"sneckomod:BlankCard":49,"hexamod:Sixitude":39,"Snake Skull":0,"Replay:WaspNest":30,"Smiling Mask":27,"bronze:BronzeIdol":32,"Replay:Rubber Ducky":42,"Replay:Ringing Soul":28,"Centennial Puzzle":14,"Anchor":46,"WristBlade":19,"Mummified Hand":0,"Bottled Lightning":15,"Replay:Bottled Eggs":25,"Ring of the Serpent":0,"Ring of the Snake":0},{"Ice Cream":0,"Lantern":7,"Happy Flower":30,"Guide Book":30,"sneckomod:BlankCard":33,"hexamod:Sixitude":26,"Snake Skull":0,"Replay:WaspNest":20,"Smiling Mask":19,"bronze:BronzeIdol":21,"Replay:Rubber Ducky":29,"Replay:Ringing Soul":19,"Centennial Puzzle":9,"Anchor":30,"WristBlade":12,"Mummified Hand":0,"Bottled Lightning":10,"Replay:Bottled Eggs":18,"Ring of the Serpent":0,"Ring of the Snake":0},{"Ice Cream":0,"Lantern":24,"Happy Flower":127,"Guide Book":127,"sneckomod:BlankCard":140,"hexamod:Sixitude":106,"Snake Skull":0,"Replay:WaspNest":78,"Smiling Mask":74,"bronze:BronzeIdol":82,"Replay:Rubber Ducky":123,"Replay:Ringing Soul":74,"Centennial Puzzle":30,"Anchor":127,"WristBlade":47,"Mummified Hand":0,"Bottled Lightning":34,"Replay:Bottled Eggs":69,"Ring of the Serpent":0,"Ring of the Snake":0}],"Ring of the Snake":[70]},"card_choices":[{"not_picked":["Sucker Punch","Quick Slash"],"picked":"Dodge and Roll","floor":1.0},{"not_picked":["Blade Dance","Prepared","Leg Sweep"],"picked":"SKIP","floor":2.0},{"not_picked":["Dagger Throw","Outmaneuver"],"picked":"Deadly Poison","floor":3.0},{"not_picked":["Prepared","Hidden Blade"],"picked":"Caltrops","floor":4.0},{"not_picked":["Bane","Backstab","Slice"],"picked":"SKIP","floor":5.0},{"not_picked":["Reflex","Deflect","Bullet Time"],"picked":"SKIP","floor":6.0},{"not_picked":["Deflect","Distraction"],"picked":"Deadly Poison","floor":8.0},{"not_picked":["Quick Slash","Dash","Sucker Punch"],"picked":"SKIP","floor":10.0},{"not_picked":["Skewer","Endless Agony","Flying Knee"],"picked":"SKIP","floor":11.0},{"not_picked":["Deflect","Slice","Underhanded Strike"],"picked":"SKIP","floor":15.0},{"not_picked":["Choke","Hidden Blade","Bane"],"picked":"SKIP","floor":16.0},{"not_picked":["Underhanded Strike","Dodge and Roll"],"picked":"Backflip","floor":20.0},{"not_picked":["Dagger Throw+1","Cloak And Dagger","Blade Dance"],"picked":"SKIP","floor":21.0},{"not_picked":["Quick Slash","Eviscerate+1","Dodge and Roll"],"picked":"SKIP","floor":22.0},{"not_picked":["Fluid Movement","Skewer+1","Underhanded Strike"],"picked":"SKIP","floor":23.0},{"not_picked":["Replay:Bag of Tricks","Cloak And Dagger","Sucker Punch"],"picked":"SKIP","floor":24.0},{"not_picked":["Leg Sweep","Deflect","Slice+1"],"picked":"SKIP","floor":25.0},{"not_picked":["Draining Mist","Cloak And Dagger+1"],"picked":"Footwork","floor":27.0},{"not_picked":["Dodge and Roll","Deflect","Slice+1"],"picked":"SKIP","floor":29.0},{"not_picked":["Reflex+1","Dodge and Roll","ReplayTheSpireMod:The Works"],"picked":"SKIP","floor":32.0},{"not_picked":["Quick Slash+1","Deflect","Sucker Punch"],"picked":"SKIP","floor":33.0},{"not_picked":["Hidden Blade","Poisoned Stab+1","Bane+1"],"picked":"SKIP","floor":37},{"not_picked":["Sucker Punch+1","Flying Knee+1","Predator+1"],"picked":"SKIP","floor":38},{"not_picked":["Underhanded Strike","Poisoned Stab","Concentrate"],"picked":"SKIP","floor":40},{"not_picked":["Flying Knee","Hidden Blade+1"],"picked":"Backflip+1","floor":41},{"not_picked":["Draining Mist+1","Distraction+1","Replay:Bag of Tricks"],"picked":"SKIP","floor":42},{"not_picked":["Acrobatics","Fluid Movement+1","Skewer+1"],"picked":"SKIP","floor":43},{"not_picked":["Prepared+1","Sucker Punch+1"],"picked":"Catalyst","floor":47},{"not_picked":["ReplayTheSpireMod:Scrap Shanks","Backflip","Choke"],"picked":"SKIP","floor":48},{"not_picked":["Underhanded Strike+1","Acrobatics"],"picked":"Adrenaline","floor":49},{"not_picked":["Flying Knee+1","Hidden Blade","Outmaneuver+1"],"picked":"SKIP","floor":50}],"player_experience":271154,"relics_obtained":[{"floor":9.0,"key":"Lantern"},{"floor":14.0,"key":"Centennial Puzzle"},{"floor":15.0,"key":"Bottled Lightning"},{"floor":25.0,"key":"Replay:Bottled Eggs"},{"floor":27.0,"key":"Smiling Mask"},{"floor":28.0,"key":"Replay:Ringing Soul"},{"floor":32.0,"key":"bronze:BronzeIdol"},{"floor":39,"key":"hexamod:Sixitude"},{"floor":42,"key":"Replay:Rubber Ducky"},{"floor":45,"key":"Happy Flower"},{"floor":49,"key":"sneckomod:BlankCard"}],"event_choices":[{"damage_healed":0.0,"max_hp_gain":0.0,"max_hp_loss":0.0,"gold_gain":75.0,"event_name":"World of Goop","player_choice":"Gather Gold","floor":7.0,"gold_loss":0.0,"damage_taken":11.0},{"damage_healed":0.0,"max_hp_gain":0.0,"max_hp_loss":0.0,"gold_gain":0.0,"event_name":"The Mausoleum","player_choice":"Opened","floor":30.0,"gold_loss":0.0,"damage_taken":0.0,"relics_obtained":["Replay:WaspNest"]},{"damage_healed":0,"gold_gain":0,"player_choice":"Fight","damage_taken":0,"max_hp_gain":0,"max_hp_loss":0,"event_name":"MindBloom","floor":39,"gold_loss":0}],"is_beta":false,"boss_relics":[{"not_picked":["Ring of Chaos","Replay:Drink Me"],"picked":"WristBlade"},{"not_picked":["Abe\u0027s Treasure","ChewingGum","ReplayTheSpireMod:DimensionalGlitch"]}],"items_purged_floors":[46],"is_endless":false,"potions_floor_spawned":[3,5,8,11,16,18,21,25,27,29,32,35,40,41,43,47],"ascension_level":0}}