{"host":"ga4s3hj9m6nkn6gp","time":1611443582,"event":{"mods":["AchievementEnabler","BaseMod","Bestiary","Colored Powertips","Highlight Path","Minty Spire (QoL Compilation)","Relic Stats","everything is the same but u backflip on backflip"],"gold_per_floor":[117,131,101,111,122,122,156,156,156,156,166,166,201,201,201,303,303,314,325,325,337,337,337,252,21,21,21,21,32,62,75,75,173,173,190,190,46,65,65,65,92,437,460,510,544,544,575,286,286,286,286,286,69,99,99],"floor_reached":56,"language":"ENG","playtime":3167,"items_purged":["Strike_B","Dualcast"],"score":1994,"play_id":"d130c050-d7da-46d9-ac41-bfa00ec333cc","local_time":"20210124001302","is_ascension_mode":true,"campfire_choices":[{"data":"Doom and Gloom","floor":6.0,"key":"SMITH"},{"data":"Cold Snap","floor":8.0,"key":"SMITH"},{"data":"Multi-Cast","floor":15.0,"key":"SMITH"},{"data":"Defragment","floor":23,"key":"SMITH"},{"floor":28,"key":"REST"},{"data":"Biased Cognition","floor":32,"key":"SMITH"},{"data":"Madness","floor":40,"key":"SMITH"},{"floor":46,"key":"RECALL"},{"data":"Conserve Battery","floor":49,"key":"SMITH"},{"floor":52,"key":"REST"}],"circlet_count":0,"master_deck":["AscendersBane","Defend_B","Defend_B","Defend_B","Zap","Seek+1","Skim+1","Hologram+1","Cold Snap+1","Conserve Battery+1","Coolheaded","Doom and Gloom+1","Multi-Cast+1","Electrodynamics","Go for the Eyes+1","Defragment+1","Biased Cognition+1","Redo+1","Madness+1","Madness","Aggregate","Capacitor+1","Echo Form","Lockon","Aggregate","Hologram+1"],"relics":["Astrolabe","Oddly Smooth Stone","Mummified Hand","Pear","DataDisk","Gremlin Horn","Philosopher\u0027s Stone","Bronze Scales","Happy Flower","Art of War","Darkstone Periapt","Runic Pyramid","OrangePellets","Vajra","Old Coin","CaptainsWheel","StrikeDummy","Dream Catcher","Lee\u0027s Waffle","Chemical X","Blue Candle"],"acts_visited":["Exordium","TheCity","TheBeyond","TheEnding"],"potions_floor_usage":[30,45,54,55],"damage_taken":[{"damage":0.0,"enemies":"Small Slimes","floor":1.0,"turns":3.0},{"damage":1.0,"enemies":"Cultist","floor":2.0,"turns":4.0},{"damage":0.0,"enemies":"Jaw Worm","floor":4.0,"turns":5.0},{"damage":1.0,"enemies":"Blue Slaver","floor":5.0,"turns":6.0},{"damage":14.0,"enemies":"3 Sentries","floor":7.0,"turns":5.0},{"damage":1.0,"enemies":"Exordium Wildlife","floor":11.0,"turns":5.0},{"damage":15.0,"enemies":"Gremlin Nob","floor":13.0,"turns":3.0},{"damage":0.0,"enemies":"The Guardian","floor":16.0,"turns":11.0},{"damage":22,"enemies":"3 Byrds","floor":18,"turns":2},{"damage":7,"enemies":"Shell Parasite","floor":19,"turns":4},{"damage":7,"enemies":"Snecko","floor":21,"turns":4},{"damage":0,"enemies":"Sentry and Sphere","floor":29,"turns":3},{"damage":0,"enemies":"Slavers","floor":30,"turns":1},{"damage":0,"enemies":"3 Cultists","floor":31,"turns":2},{"damage":15,"enemies":"Champ","floor":33,"turns":8},{"damage":6,"enemies":"3 Darklings","floor":35,"turns":3},{"damage":0,"enemies":"Orb Walker","floor":38,"turns":3},{"damage":0,"enemies":"Giant Head","floor":41,"turns":9},{"damage":1,"enemies":"2 Orb Walkers","floor":42,"turns":3},{"damage":2,"enemies":"Mind Bloom Boss Battle","floor":44,"turns":5},{"damage":0,"enemies":"Nemesis","floor":45,"turns":7},{"damage":2,"enemies":"Giant Head","floor":47,"turns":9},{"damage":30,"enemies":"Time Eater","floor":50,"turns":6},{"damage":35,"enemies":"Shield and Spear","floor":54,"turns":6},{"damage":30,"enemies":"The Heart","floor":55,"turns":8}],"seed_played":"2173438365226648525","potions_obtained":[{"floor":3.0,"key":"FearPotion"},{"floor":3.0,"key":"AttackPotion"},{"floor":7.0,"key":"AttackPotion"},{"floor":13.0,"key":"EssenceOfSteel"},{"floor":18,"key":"Energy Potion"},{"floor":30,"key":"Swift Potion"},{"floor":42,"key":"FocusPotion"},{"floor":47,"key":"LiquidBronze"}],"is_trial":false,"path_per_floor":["M","M","?","M","M","R","E","R","T","?","M","T","E","?","R","B",null,"M","M","?","M","?","R","?","$","T","?","R","M","E","M","R","B",null,"M","?","$","M","?","R","E","?","T","?","E","R","E","$","R","B",null,"R","$","E","B",null],"character_chosen":"DEFECT","items_purchased":["Happy Flower","OrangePellets","Lee\u0027s Waffle","Lockon","Chemical X","LiquidMemories"],"campfire_rested":2,"item_purchase_floors":[25,37,48,48,53,53],"current_hp_per_floor":[68,67,67,67,66,66,52,52,52,50,49,49,34,39,39,39,77,55,48,30,23,23,23,23,23,23,23,51,51,51,51,51,36,80,74,74,74,74,62,62,62,61,61,59,59,59,57,102,102,72,95,102,102,67,37],"gold":99,"neow_bonus":"BOSS_RELIC","is_daily":false,"chose_seed":false,"campfire_upgraded":7,"win_rate":0.0,"timestamp":1611443582,"path_taken":["M","M","?","?","M","R","E","R","T","?","M","?","E","?","R","BOSS","M","M","?","M","?","R","?","$","T","?","R","M","E","?","R","BOSS","M","?","$","M","?","R","E","?","T","?","E","R","E","$","R","BOSS","R","$","E","BOSS"],"items_purchased_type":["Relic","Relic","Relic","Card","Relic","Potion"],"build_version":"2020-12-22","purchased_purges":2,"victory":true,"max_hp_per_floor":[75,75,75,75,75,75,75,75,75,85,85,85,85,90,90,90,90,90,90,95,95,95,95,95,95,95,95,95,95,95,95,95,95,95,95,95,95,95,95,95,95,95,95,95,95,95,95,102,102,102,102,102,102,102,102],"relic_stats":{"Darkstone Periapt":0,"Lee\u0027s Waffle":45,"Gremlin Horn":[8,8],"Happy Flower":[24],"counters":[25,125],"Astrolabe":["Seek","Skim","Hologram"],"Blue Candle":[0],"OrangePellets":[14],"Dream Catcher":1,"Mummified Hand":[61],"Bronze Scales":[265],"Art of War":[10],"Chemical X":[4],"obtain_stats":[{"Darkstone Periapt":30,"Lee\u0027s Waffle":48,"Pear":10,"Gremlin Horn":13,"Happy Flower":25,"Astrolabe":0,"Blue Candle":54,"Oddly Smooth Stone":7,"Vajra":41,"Old Coin":42,"OrangePellets":37,"DataDisk":12,"CaptainsWheel":44,"Dream Catcher":47,"Mummified Hand":9,"Bronze Scales":24,"Philosopher\u0027s Stone":17,"Art of War":26,"Chemical X":53,"Cracked Core":0,"StrikeDummy":45,"Runic Pyramid":34},{"Darkstone Periapt":13,"Lee\u0027s Waffle":22,"Pear":5,"Gremlin Horn":7,"Happy Flower":11,"Astrolabe":0,"Blue Candle":24,"Oddly Smooth Stone":5,"Vajra":18,"Old Coin":19,"OrangePellets":16,"DataDisk":6,"CaptainsWheel":20,"Dream Catcher":22,"Mummified Hand":5,"Bronze Scales":11,"Philosopher\u0027s Stone":8,"Art of War":11,"Chemical X":23,"Cracked Core":0,"StrikeDummy":21,"Runic Pyramid":15},{"Darkstone Periapt":56,"Lee\u0027s Waffle":105,"Pear":23,"Gremlin Horn":31,"Happy Flower":52,"Astrolabe":0,"Blue Candle":117,"Oddly Smooth Stone":23,"Vajra":81,"Old Coin":84,"OrangePellets":69,"DataDisk":28,"CaptainsWheel":89,"Dream Catcher":105,"Mummified Hand":23,"Bronze Scales":52,"Philosopher\u0027s Stone":42,"Art of War":52,"Chemical X":111,"Cracked Core":0,"StrikeDummy":96,"Runic Pyramid":66}]},"card_choices":[{"not_picked":["Self Repair","Leap"],"picked":"Cold Snap","floor":1.0},{"not_picked":["Steam","Hologram"],"picked":"Conserve Battery","floor":2.0},{"not_picked":["Fusion","Barrage"],"picked":"Coolheaded","floor":4.0},{"not_picked":["Stack","Scrape"],"picked":"Doom and Gloom","floor":5.0},{"not_picked":["Heatsinks","Barrage","Fusion"],"picked":"SKIP","floor":7.0},{"not_picked":["Storm","Turbo","Consume"],"picked":"SKIP","floor":11.0},{"not_picked":["Barrage","Consume"],"picked":"Multi-Cast","floor":13.0},{"not_picked":["Buffer","Hyperbeam"],"picked":"Electrodynamics","floor":16.0},{"not_picked":["Cold Snap","Steam Power","Leap"],"picked":"SKIP","floor":18},{"not_picked":["Ball Lightning","Melter","Steam Power"],"picked":"SKIP","floor":19},{"not_picked":["Cold Snap","Doom and Gloom"],"picked":"Go for the Eyes+1","floor":21},{"not_picked":["Cold Snap","Force Field","Steam Power"],"picked":"SKIP","floor":29},{"not_picked":["Chaos","Reprogram"],"picked":"Biased Cognition","floor":30},{"not_picked":["Cold Snap","Rebound","Darkness"],"picked":"SKIP","floor":31},{"not_picked":["Reprogram","Leap+1"],"picked":"Redo+1","floor":35},{"not_picked":["Steam","Go for the Eyes","BootSequence"],"picked":"SKIP","floor":38},{"not_picked":["Beam Cell","Stack","Steam"],"picked":"SKIP","floor":41},{"not_picked":["Consume","Beam Cell"],"picked":"Aggregate","floor":44},{"not_picked":["Streamline","Biased Cognition"],"picked":"Capacitor+1","floor":45},{"not_picked":["Stack","Go for the Eyes"],"picked":"Echo Form","floor":47},{"not_picked":["Darkness","Compile Driver"],"picked":"Aggregate","floor":52},{"not_picked":["Self Repair","Rebound"],"picked":"Hologram+1","floor":54}],"player_experience":672465,"relics_obtained":[{"floor":7.0,"key":"Oddly Smooth Stone"},{"floor":9.0,"key":"Mummified Hand"},{"floor":12.0,"key":"DataDisk"},{"floor":13.0,"key":"Gremlin Horn"},{"floor":26,"key":"Art of War"},{"floor":30,"key":"Darkstone Periapt"},{"floor":41,"key":"Vajra"},{"floor":42,"key":"Old Coin"},{"floor":44,"key":"CaptainsWheel"},{"floor":45,"key":"StrikeDummy"},{"floor":47,"key":"Dream Catcher"},{"floor":54,"key":"Blue Candle"}],"event_choices":[{"damage_healed":0.0,"max_hp_gain":0.0,"max_hp_loss":0.0,"gold_gain":0.0,"event_name":"The Woman in Blue","player_choice":"Bought 2 Potions","floor":3.0,"gold_loss":0.0,"damage_taken":0.0},{"damage_healed":0.0,"max_hp_gain":0.0,"max_hp_loss":0.0,"gold_gain":0.0,"event_name":"Scrap Ooze","player_choice":"Success","floor":10.0,"gold_loss":0.0,"damage_taken":12.0,"relics_obtained":["Pear"]},{"damage_healed":0.0,"max_hp_gain":5.0,"max_hp_loss":0.0,"gold_gain":0.0,"event_name":"Big Fish","player_choice":"Donut","floor":14.0,"gold_loss":0.0,"damage_taken":0.0},{"damage_healed":0,"gold_gain":0,"player_choice":"Shed Blood","damage_taken":23,"max_hp_gain":5,"max_hp_loss":0,"event_name":"Forgotten Altar","floor":20,"gold_loss":0},{"damage_healed":0,"gold_gain":0,"player_choice":"Read","damage_taken":0,"max_hp_gain":0,"max_hp_loss":0,"event_name":"The Library","floor":22,"gold_loss":0,"cards_obtained":["Defragment"]},{"damage_healed":0,"gold_gain":0,"player_choice":"Obtained Relic","damage_taken":0,"relics_obtained":["Bronze Scales"],"max_hp_gain":0,"max_hp_loss":0,"event_name":"Addict","floor":24,"gold_loss":85},{"damage_healed":0,"gold_gain":0,"player_choice":"Ignored","damage_taken":0,"max_hp_gain":0,"max_hp_loss":0,"event_name":"Vampires","floor":27,"gold_loss":0},{"cards_removed":["Strike_B"],"damage_healed":0,"gold_gain":0,"player_choice":"Removed Attack","damage_taken":0,"max_hp_gain":0,"max_hp_loss":0,"event_name":"Falling","floor":36,"gold_loss":0},{"damage_healed":0,"gold_gain":0,"player_choice":"Embrace Madness","damage_taken":12,"max_hp_gain":0,"max_hp_loss":0,"event_name":"Winding Halls","floor":39,"gold_loss":0,"cards_obtained":["Madness","Madness"]},{"damage_healed":0,"gold_gain":0,"player_choice":"Fight","damage_taken":0,"max_hp_gain":0,"max_hp_loss":0,"event_name":"Mysterious Sphere","floor":42,"gold_loss":0},{"damage_healed":0,"gold_gain":0,"player_choice":"Fight","damage_taken":0,"max_hp_gain":0,"max_hp_loss":0,"event_name":"MindBloom","floor":44,"gold_loss":0}],"is_beta":false,"boss_relics":[{"not_picked":["Sozu","Cursed Key"],"picked":"Philosopher\u0027s Stone"},{"not_picked":["Empty Cage","Busted Crown"],"picked":"Runic Pyramid"}],"items_purged_floors":[25,48],"is_endless":false,"potions_floor_spawned":[4,7,13,18,30,42,44,47],"ascension_level":12}}