{"host":"640uue19m79c7wbt","time":1611423127,"event":{"mods":["BaseMod","Colored Map","Googly Eyes","Highlight Path","Minty Spire (QoL Compilation)","Quick Restart","StSLib"],"gold_per_floor":[119,136,61,61,71,99,99,131,131,131,281,281,12,47,47,122,122,141,158,83,101,101,101,101,132,158,170,170,185,185,185,185,262,262,273,325,325,168,185,185,217,217,296,316,14,34,50,75,75,75],"floor_reached":51,"language":"ENG","playtime":3219,"items_purged":["Doubt","Decay"],"score":1229,"play_id":"de665e11-2424-4535-8333-db6b34ca456d","local_time":"20210123123207","is_ascension_mode":true,"campfire_choices":[{"floor":7.0,"key":"REST"},{"floor":10.0,"key":"REST"},{"floor":15.0,"key":"REST"},{"floor":23.0,"key":"REST"},{"floor":28.0,"key":"REST"},{"floor":30.0,"key":"REST"},{"data":"Tactician","floor":32.0,"key":"SMITH"},{"floor":40.0,"key":"REST"},{"data":"Wraith Form v2","floor":42.0,"key":"SMITH"},{"data":"Apotheosis","floor":49,"key":"SMITH"}],"circlet_count":0,"master_deck":["AscendersBane","Defend_G","Defend_G","Defend_G","Defend_G","Defend_G","Survivor","Neutralize","Prepared","Noxious Fumes","Glass Knife","Blur","Cloak And Dagger","Heel Hook","Wraith Form v2+1","Trip","Underhanded Strike","After Image","Dagger Throw","Dagger Throw+1","Unload","Tactician+1","Backflip+1","Venomology","Die Die Die+1","Terror+1","Venomology+1","PiercingWail","Calculated Gamble","Master of Strategy","Underhanded Strike","Outmaneuver","Apotheosis+1","Bandage Up","Burst"],"relics":["Ring of the Snake","Ice Cream","Torii","Unceasing Top","Lizard Tail","Mercury Hourglass","InkBottle","Runic Pyramid","Red Mask","Boot","Toy Ornithopter","Astrolabe","Incense Burner","StoneCalendar","Gremlin Horn","Gambling Chip"],"acts_visited":["TheBeyond"],"potions_floor_usage":[46,46,47,50,50,50],"damage_taken":[{"damage":4.0,"enemies":"2 Louse","floor":1.0,"turns":3.0},{"damage":24.0,"enemies":"Jaw Worm","floor":2.0,"turns":6.0},{"damage":0.0,"enemies":"Small Slimes","floor":5.0,"turns":2.0},{"damage":18.0,"enemies":"Gremlin Nob","floor":6.0,"turns":4.0},{"damage":13.0,"enemies":"Lagavulin","floor":8.0,"turns":8.0},{"damage":2.0,"enemies":"3 Sentries","floor":14.0,"turns":7.0},{"damage":11.0,"enemies":"The Guardian","floor":16.0,"turns":12.0},{"damage":2.0,"enemies":"Shell Parasite","floor":18.0,"turns":5.0},{"damage":21.0,"enemies":"2 Thieves","floor":19.0,"turns":4.0},{"damage":1.0,"enemies":"Cultist and Chosen","floor":21.0,"turns":5.0},{"damage":30.0,"enemies":"Masked Bandits","floor":25.0,"turns":4.0},{"damage":16.0,"enemies":"Snake Plant","floor":27.0,"turns":3.0},{"damage":3.0,"enemies":"Shelled Parasite and Fungi","floor":29.0,"turns":5.0},{"damage":33.0,"enemies":"Collector","floor":33.0,"turns":11.0},{"damage":0.0,"enemies":"Orb Walker","floor":35.0,"turns":5.0},{"damage":51.0,"enemies":"2 Orb Walkers","floor":36.0,"turns":7.0},{"damage":19.0,"enemies":"3 Darklings","floor":39.0,"turns":5.0},{"damage":1.0,"enemies":"Giant Head","floor":41.0,"turns":10.0},{"damage":14.0,"enemies":"Transient","floor":44.0,"turns":5.0},{"damage":2,"enemies":"Spire Growth","floor":46,"turns":5},{"damage":8,"enemies":"Maw","floor":47,"turns":6},{"damage":0,"enemies":"Mind Bloom Boss Battle","floor":48,"turns":5},{"damage":19,"enemies":"Awakened One","floor":50,"turns":9}],"seed_played":"3629094125738194236","potions_obtained":[{"floor":5.0,"key":"BlessingOfTheForge"},{"floor":8.0,"key":"FearPotion"},{"floor":16.0,"key":"FearPotion"},{"floor":19.0,"key":"Poison Potion"},{"floor":21.0,"key":"FairyPotion"},{"floor":29.0,"key":"DuplicationPotion"},{"floor":35.0,"key":"Fruit Juice"}],"is_trial":false,"path_per_floor":["M","M","?","?","M","E","R","E","T","R","?","T","$","E","R","B",null,"M","M","?","M","?","R","?","?","T","M","R","M","R","?","R","B",null,"M","?","?","$","M","R","E","R","T","M","$","M","M","?","R","B",null],"character_chosen":"THE_SILENT","items_purchased":["Wraith Form v2","Trip","Underhanded Strike","Apotheosis","Bandage Up"],"campfire_rested":7,"item_purchase_floors":[13,13,38,45,45],"current_hp_per_floor":[55,31,31,31,31,13,32,19,19,38,38,38,38,36,55,44,61,59,38,38,37,37,56,56,26,26,10,29,26,45,45,45,17,54,69,28,28,28,14,35,44,44,44,35,35,47,50,54,54,62],"gold":75,"neow_bonus":"ONE_RARE_RELIC","is_daily":false,"chose_seed":false,"campfire_upgraded":3,"win_rate":0.0,"timestamp":1611423127,"path_taken":["M","M","?","?","M","E","R","E","T","R","?","?","$","E","R","BOSS","M","M","?","M","?","R","?","?","T","?","R","M","R","?","R","BOSS","M","?","?","$","M","R","E","R","T","M","?","M","?","?","R","BOSS"],"items_purchased_type":["Card","Card","Card","Card","Card"],"build_version":"2020-12-22","purchased_purges":2,"victory":true,"max_hp_per_floor":[66,66,66,66,66,66,66,66,66,66,66,66,66,66,66,66,66,66,66,66,66,66,66,66,66,66,66,66,66,66,66,66,66,66,71,71,71,71,71,71,71,71,71,71,71,71,71,71,71,71],"card_choices":[{"not_picked":["Footwork","Backflip"],"picked":"Prepared","floor":1.0},{"not_picked":["Bane","Flying Knee"],"picked":"Noxious Fumes","floor":2.0},{"not_picked":["Leg Sweep","Slice"],"picked":"Blur","floor":5.0},{"not_picked":["Leg Sweep","Poisoned Stab"],"picked":"Cloak And Dagger","floor":6.0},{"not_picked":["Eviscerate","Deflect"],"picked":"Heel Hook","floor":8.0},{"not_picked":["Quick Slash","Prepared"],"picked":"Underhanded Strike","floor":14.0},{"not_picked":["Wraith Form v2","Burst"],"picked":"After Image","floor":16.0},{"not_picked":["Flying Knee","Catalyst"],"picked":"Dagger Throw","floor":18.0},{"not_picked":["Slice","Quick Slash"],"picked":"Dagger Throw+1","floor":19.0},{"not_picked":["Choke","Slice"],"picked":"Unload","floor":21.0},{"not_picked":["Quick Slash+1","Bane","Prepared"],"picked":"SKIP","floor":27.0},{"not_picked":["Dagger Spray","Caltrops"],"picked":"Backflip+1","floor":29.0},{"not_picked":["Glass Knife","Corpse Explosion"],"picked":"Venomology","floor":33.0},{"not_picked":["Prepared","Outmaneuver"],"picked":"PiercingWail","floor":35.0},{"not_picked":["Blade Dance","Acrobatics"],"picked":"Calculated Gamble","floor":36.0},{"not_picked":["Magnetism","PanicButton"],"picked":"Master of Strategy","floor":37.0},{"not_picked":["Quick Slash","Acrobatics","Backflip"],"picked":"SKIP","floor":39.0},{"not_picked":["Dodge and Roll","Poisoned Stab","Deflect"],"picked":"SKIP","floor":41.0},{"not_picked":["Blade Dance","Sucker Punch"],"picked":"Outmaneuver","floor":44.0},{"not_picked":["Cloak And Dagger","Footwork+1"],"picked":"Burst","floor":46},{"not_picked":["Poisoned Stab","Acrobatics","Calculated Gamble"],"picked":"SKIP","floor":47}],"player_experience":630149,"relics_obtained":[{"floor":6.0,"key":"Torii"},{"floor":8.0,"key":"Unceasing Top"},{"floor":9.0,"key":"Lizard Tail"},{"floor":12.0,"key":"Mercury Hourglass"},{"floor":14.0,"key":"InkBottle"},{"floor":25.0,"key":"Red Mask"},{"floor":25.0,"key":"Boot"},{"floor":26.0,"key":"Toy Ornithopter"},{"floor":36.0,"key":"Incense Burner"},{"floor":41.0,"key":"StoneCalendar"},{"floor":43.0,"key":"Gremlin Horn"},{"floor":48,"key":"Gambling Chip"}],"event_choices":[{"cards_removed":["Regret"],"damage_healed":0.0,"max_hp_gain":0.0,"max_hp_loss":0.0,"gold_gain":0.0,"event_name":"The Cleric","player_choice":"Card Removal","floor":3.0,"gold_loss":75.0,"damage_taken":0.0},{"damage_healed":0.0,"max_hp_gain":0.0,"max_hp_loss":0.0,"gold_gain":0.0,"cards_transformed":["Strike_G"],"event_name":"Living Wall","player_choice":"Change","floor":4.0,"gold_loss":0.0,"damage_taken":0.0,"cards_obtained":["Glass Knife"]},{"damage_healed":0.0,"max_hp_gain":0.0,"max_hp_loss":0.0,"gold_gain":150.0,"event_name":"Liars Game","player_choice":"AGREE","floor":11.0,"gold_loss":0.0,"damage_taken":0.0,"cards_obtained":["Doubt"]},{"cards_removed":["Strike_G"],"damage_healed":0.0,"max_hp_gain":0.0,"max_hp_loss":0.0,"gold_gain":0.0,"event_name":"Beggar","player_choice":"Gave Gold","floor":20.0,"gold_loss":75.0,"damage_taken":0.0},{"damage_healed":0.0,"max_hp_gain":0.0,"max_hp_loss":0.0,"gold_gain":0.0,"event_name":"The Library","player_choice":"Read","floor":22.0,"gold_loss":0.0,"damage_taken":0.0,"cards_obtained":["Tactician"]},{"damage_healed":0.0,"max_hp_gain":0.0,"max_hp_loss":0.0,"gold_gain":0.0,"event_name":"Forgotten Altar","player_choice":"Smashed Altar","floor":24.0,"gold_loss":0.0,"damage_taken":0.0,"cards_obtained":["Decay"]},{"damage_healed":0.0,"max_hp_gain":0.0,"max_hp_loss":0.0,"gold_gain":0.0,"event_name":"Masked Bandits","player_choice":"Fought Bandits","floor":25.0,"gold_loss":0.0,"damage_taken":0.0},{"damage_healed":0.0,"max_hp_gain":0.0,"max_hp_loss":0.0,"gold_gain":0.0,"event_name":"Vampires","player_choice":"Ignored","floor":31.0,"gold_loss":0.0,"damage_taken":0.0},{"damage_healed":0.0,"max_hp_gain":0.0,"max_hp_loss":0.0,"gold_gain":0.0,"event_name":"Mysterious Sphere","player_choice":"Fight","floor":36.0,"gold_loss":0.0,"damage_taken":0.0},{"damage_healed":0.0,"max_hp_gain":0.0,"max_hp_loss":0.0,"gold_gain":0.0,"event_name":"SensoryStone","player_choice":"Memory 1","floor":37.0,"gold_loss":0.0,"damage_taken":0.0},{"damage_healed":0,"gold_gain":0,"player_choice":"Fight","damage_taken":0,"max_hp_gain":0,"max_hp_loss":0,"event_name":"MindBloom","floor":48,"gold_loss":0}],"is_beta":false,"boss_relics":[{"not_picked":["Fusion Hammer","Velvet Choker"],"picked":"Runic Pyramid"},{"not_picked":["Runic Dome","Empty Cage"],"picked":"Astrolabe"}],"items_purged_floors":[13,38],"is_endless":false,"potions_floor_spawned":[5,8,16,19,21,29,35,39,47],"ascension_level":16}}