{"host":"ymn6un3ro3vi042j","time":1611396221,"event":{"mods":["AchievementEnabler","Act Like it!","Aspiration","BaseMod","Bestiary","Better Match","Better Note","Better Skull","Better Third Choice","BetterRewards","Block Reminder","Colored Map","Colored Powertips","Conspire","Curses Come First","Dark Map","DeckTracker","Downfall","Energized Spire","Friendly Minions","GifTheSpireLib","Googly Eyes","Highlight Path","Mimic Mod","Minty Spire (QoL Compilation)","Poor People Problems","Quick Restart","Rare Cards Sparkle","Relic Stats","Spicy Shops","StSLib","SuperFastMode","Synergy Search","The IronCluck","Wandering Minibosses","everything is the same but u backflip on backflip","slay the spire mod where everything is the same but ironclad has a cowboy hat"],"gold_per_floor":[115,125,125,125,125,125,136,136,182,182,182,54,54,70,70,172,172,191,201,237,237,237,237,253,8,8,27,37,57,357,376,376,475,475,494,0,54,278,294,294,325,336,336,336,349,21,41,56,56,56],"floor_reached":51,"language":"ENG","playtime":2440,"items_purged":["Writhe","Strike_G"],"score":789,"play_id":"f33490f2-f040-40ba-b469-cf750c43f465","local_time":"20210123020341","is_ascension_mode":false,"campfire_choices":[{"data":"Metallicize","floor":6,"key":"SMITH"},{"data":"Blade Dance","floor":8,"key":"SMITH"},{"data":"Expertise","floor":10,"key":"SMITH"},{"data":"Discovery","floor":13,"key":"SMITH"},{"data":"Adrenaline","floor":15,"key":"SMITH"},{"data":"Deadly Poison","floor":23,"key":"SMITH"},{"data":"Noxious Fumes","floor":32,"key":"SMITH"},{"floor":40,"key":"REST"},{"floor":44,"key":"DIG"},{"floor":49,"key":"REST"}],"circlet_count":0,"master_deck":["Strike_G","Strike_G","Strike_G","Strike_G","Defend_G","Defend_G","Defend_G","Defend_G","Defend_G","Survivor","Neutralize","Blade Dance+1","Expertise+1","Metallicize+1","Deadly Poison+1","Discovery+1","Adrenaline+1","Grand Finale","Accuracy+1","Dagger Throw+1","CurseOfTheBell","CurseOfTheBell","PiercingWail","Noxious Fumes+1","Footwork","Crippling Poison","Cloak And Dagger","Bouncing Flask","conspire:PoisonWeapons+1","Burst","Acrobatics+1","Predator","Backflip+1","Accuracy","Panache","Acrobatics","Bouncing Flask+1","Crippling Poison+1","Eviscerate+1","Poisoned Stab","Endless Agony+1","PiercingWail+1","Dagger Throw+1","Acrobatics","Dagger Spray+1","Choke","Deflect+1","Cloak And Dagger","Poisoned Stab","Backflip","Envenom","Blade Dance","Calculated Gamble","Dagger Throw","Bane+1","Deadly Poison+1","Noxious Fumes+1"],"relics":["Ring of the Snake","aspiration:Nostalgia","bronze:BronzeCore","MealTicket","aspiration:StickyExplosives_weak","FaceOfCleric","Pen Nib","aspiration:PoetsPen_weak","aspiration:SeaSaltIceCream","downfall:ExtraCursedBell","Bag of Preparation","Meat on the Bone","Tingsha","Frozen Eye","Shuriken","Old Coin","energizedSpire:StickyHand","Lantern","Chemical X","Ice Cream","aspiration:HiddenCompartment","Darkstone Periapt","Shovel","Bronze Scales"],"acts_visited":["Exordium","TheCity","TheBeyond"],"potions_floor_usage":[16,27,29,33,33,39,47,50,50],"damage_taken":[{"damage":1,"enemies":"Small Slimes","floor":1,"turns":4},{"damage":0,"enemies":"2 Louse","floor":2,"turns":3},{"damage":1,"enemies":"Cultist","floor":7,"turns":3},{"damage":6,"enemies":"Looter","floor":14,"turns":3},{"damage":6,"enemies":"Hexaghost","floor":16,"turns":9},{"damage":27,"enemies":"3 Byrds","floor":18,"turns":6},{"damage":14,"enemies":"2 Thieves","floor":19,"turns":3},{"damage":5,"enemies":"3 Cultists","floor":20,"turns":6},{"damage":15,"enemies":"3 Cultists","floor":24,"turns":5},{"damage":0,"enemies":"Cultist and Chosen","floor":27,"turns":3},{"damage":0,"enemies":"Shelled Parasite and Fungi","floor":28,"turns":3},{"damage":0,"enemies":"3 Cultists","floor":29,"turns":3},{"damage":0,"enemies":"Centurion and Healer","floor":31,"turns":4},{"damage":0,"enemies":"Collector","floor":33,"turns":4},{"damage":3,"enemies":"Orb Walker","floor":35,"turns":2},{"damage":3,"enemies":"2 Orb Walkers","floor":37,"turns":2},{"damage":13,"enemies":"3 Shapes","floor":39,"turns":3},{"damage":0,"enemies":"conspire:MimicChest","floor":41,"turns":3},{"damage":19,"enemies":"Spire Growth","floor":42,"turns":3},{"damage":0,"enemies":"Jaw Worm Horde","floor":45,"turns":2},{"damage":0,"enemies":"3 Darklings","floor":47,"turns":3},{"damage":6,"enemies":"4 Shapes","floor":48,"turns":2},{"damage":51,"enemies":"Donu and Deca","floor":50,"turns":6}],"seed_played":"4464368669389097419","potions_obtained":[{"floor":7,"key":"SpeedPotion"},{"floor":16,"key":"Guardian:BlockOnCardUsePotion"},{"floor":27,"key":"Dexterity Potion"},{"floor":28,"key":"Fire Potion"},{"floor":29,"key":"Dexterity Potion"},{"floor":37,"key":"SkillPotion"},{"floor":39,"key":"CultistPotion"},{"floor":45,"key":"Dexterity Potion"}],"is_trial":false,"path_per_floor":["M","M","?","?","?","R","M","R","T","R","?","$","R","M","R","B",null,"M","M","MIM","$","?","R","M","$","T","M","M","M","?","M","R","B",null,"M","$","?","?","M","R","?","M","T","R","M","$","M","M","R","B",null],"character_chosen":"THE_SILENT","items_purchased":["Discovery","Footwork","Frozen Eye","Energy Potion","Lantern","Chemical X","Accuracy","Panache","Dexterity Potion","Envenom"],"campfire_rested":2,"item_purchase_floors":[12,25,25,25,36,36,36,36,36,46],"current_hp_per_floor":[69,69,60,60,60,60,60,60,60,60,60,71,71,66,66,61,73,47,34,30,45,45,45,43,58,58,59,60,61,61,62,62,63,82,80,83,81,43,43,68,69,51,51,51,52,67,68,63,90,52],"gold":56,"neow_bonus":"NOSTALGIA","is_daily":false,"chose_seed":false,"campfire_upgraded":7,"win_rate":0.0,"timestamp":1611396221,"path_taken":["M","M","?","?","?","R","?","R","T","R","?","$","R","M","R","BOSS","M","M","?","?","?","R","M","$","T","M","M","?","?","M","R","BOSS","M","$","?","?","?","R","?","M","T","R","M","$","M","M","R","BOSS"],"items_purchased_type":["Card","Card","Relic","Potion","Relic","Relic","Card","Card","Potion","Card"],"build_version":"2020-12-22","purchased_purges":2,"victory":true,"max_hp_per_floor":[70,70,70,70,70,70,71,71,71,71,71,71,71,72,72,73,73,74,75,76,76,76,76,77,77,77,78,79,80,80,81,81,82,82,83,83,84,84,85,85,86,87,87,87,88,88,89,90,90,91],"relic_stats":{"Darkstone Periapt":0,"counters":[23,85],"Tingsha":[403],"Pen Nib":[25],"Bag of Preparation":[30],"Shovel":1,"FaceOfCleric":21,"Shuriken":[38],"Bronze Scales":[27],"MealTicket":59,"Chemical X":[1],"obtain_stats":[{"Ice Cream":37,"Darkstone Periapt":41,"Lantern":36,"bronze:BronzeCore":0,"aspiration:Nostalgia":0,"Tingsha":21,"Pen Nib":9,"aspiration:PoetsPen_weak":17,"Bag of Preparation":21,"aspiration:SeaSaltIceCream":20,"energizedSpire:StickyHand":34,"aspiration:HiddenCompartment":38,"aspiration:StickyExplosives_weak":4,"Old Coin":30,"Frozen Eye":25,"Shovel":43,"FaceOfCleric":5,"Shuriken":26,"Bronze Scales":44,"MealTicket":3,"Chemical X":36,"downfall:ExtraCursedBell":20,"Ring of the Snake":0,"Meat on the Bone":21},{"Ice Cream":16,"Darkstone Periapt":18,"Lantern":15,"bronze:BronzeCore":0,"aspiration:Nostalgia":0,"Tingsha":8,"Pen Nib":3,"aspiration:PoetsPen_weak":5,"Bag of Preparation":8,"aspiration:SeaSaltIceCream":8,"energizedSpire:StickyHand":14,"aspiration:HiddenCompartment":16,"aspiration:StickyExplosives_weak":2,"Old Coin":12,"Frozen Eye":9,"Shovel":19,"FaceOfCleric":2,"Shuriken":9,"Bronze Scales":19,"MealTicket":2,"Chemical X":15,"downfall:ExtraCursedBell":8,"Ring of the Snake":0,"Meat on the Bone":8},{"Ice Cream":63,"Darkstone Periapt":69,"Lantern":61,"bronze:BronzeCore":0,"aspiration:Nostalgia":0,"Tingsha":37,"Pen Nib":10,"aspiration:PoetsPen_weak":22,"Bag of Preparation":37,"aspiration:SeaSaltIceCream":37,"energizedSpire:StickyHand":59,"aspiration:HiddenCompartment":63,"aspiration:StickyExplosives_weak":7,"Old Coin":51,"Frozen Eye":42,"Shovel":72,"FaceOfCleric":7,"Shuriken":42,"Bronze Scales":72,"MealTicket":7,"Chemical X":61,"downfall:ExtraCursedBell":37,"Ring of the Snake":0,"Meat on the Bone":37}],"Ring of the Snake":[46],"Meat on the Bone":36},"card_choices":[{"not_picked":["Poisoned Stab","Well Laid Plans"],"picked":"Blade Dance","floor":1},{"not_picked":["Poisoned Stab","Underhanded Strike"],"picked":"Expertise","floor":2},{"not_picked":["Dodge and Roll","Underhanded Strike"],"picked":"Deadly Poison","floor":7},{"not_picked":["Slice","Sucker Punch"],"picked":"Adrenaline","floor":14},{"not_picked":["Glass Knife","Unload"],"picked":"Grand Finale","floor":16},{"not_picked":["conspire:PoisonWeapons","Quick Slash+1"],"picked":"Accuracy","floor":18},{"not_picked":["Choke","Deadly Poison"],"picked":"Dagger Throw+1","floor":19},{"not_picked":["Blade Dance","Dash"],"picked":"PiercingWail","floor":20},{"not_picked":["Setup","Sucker Punch"],"picked":"Noxious Fumes","floor":24},{"not_picked":["Dagger Throw","Choke"],"picked":"Crippling Poison","floor":27},{"not_picked":["Choke","Poisoned Stab"],"picked":"Cloak And Dagger","floor":28},{"not_picked":["conspire:DoublingDagger","Footwork"],"picked":"Bouncing Flask","floor":29},{"not_picked":["Dagger Spray","Quick Slash"],"picked":"conspire:PoisonWeapons+1","floor":31},{"not_picked":["Bullet Time","After Image"],"picked":"Burst","floor":33},{"not_picked":["Acrobatics+1","Backflip+1"],"picked":"Predator","floor":35},{"not_picked":["Acrobatics","Crippling Poison+1"],"picked":"Bouncing Flask+1","floor":37},{"not_picked":["Eviscerate+1","Endless Agony+1"],"picked":"Poisoned Stab","floor":39},{"not_picked":["PiercingWail+1","Acrobatics"],"picked":"Dagger Throw+1","floor":41},{"not_picked":["Dagger Spray+1","Deflect+1"],"picked":"Choke","floor":42},{"not_picked":["Cloak And Dagger","Backflip"],"picked":"Poisoned Stab","floor":45},{"not_picked":["Blade Dance","Dagger Throw"],"picked":"Calculated Gamble","floor":47},{"not_picked":["Bane+1","Noxious Fumes+1"],"picked":"Deadly Poison+1","floor":48}],"player_experience":50201,"relics_obtained":[{"floor":9,"key":"Pen Nib"},{"floor":20,"key":"aspiration:SeaSaltIceCream"},{"floor":21,"key":"Bag of Preparation"},{"floor":21,"key":"Meat on the Bone"},{"floor":21,"key":"Tingsha"},{"floor":26,"key":"Shuriken"},{"floor":37,"key":"Ice Cream"},{"floor":41,"key":"Darkstone Periapt"},{"floor":43,"key":"Shovel"},{"floor":44,"key":"Bronze Scales"}],"event_choices":[{"damage_healed":0,"gold_gain":0,"player_choice":"Box","damage_taken":0,"relics_obtained":["aspiration:StickyExplosives_weak"],"max_hp_gain":0,"max_hp_loss":0,"event_name":"Big Fish","floor":4,"gold_loss":0,"cards_obtained":["Regret"]},{"damage_healed":0,"gold_gain":0,"player_choice":"Trade","damage_taken":0,"relics_obtained":["FaceOfCleric"],"max_hp_gain":0,"max_hp_loss":0,"event_name":"FaceTrader","floor":5,"gold_loss":0},{"cards_removed":["Regret"],"damage_healed":0,"gold_gain":0,"player_choice":"Purged","damage_taken":0,"max_hp_gain":0,"max_hp_loss":0,"event_name":"Purifier","floor":11,"gold_loss":0},{"damage_healed":0,"gold_gain":0,"player_choice":"Forge","damage_taken":0,"max_hp_gain":0,"max_hp_loss":0,"event_name":"Accursed Blacksmith","floor":22,"gold_loss":0,"cards_upgraded":["Accuracy"]},{"damage_healed":0,"gold_gain":0,"player_choice":"Gave Potion","damage_taken":0,"relics_obtained":["Old Coin"],"max_hp_gain":0,"max_hp_loss":0,"event_name":"WeMeetAgain","floor":30,"gold_loss":0},{"damage_healed":0,"gold_gain":0,"player_choice":"Fight","damage_taken":0,"max_hp_gain":0,"max_hp_loss":0,"event_name":"Mysterious Sphere","floor":37,"gold_loss":0},{"damage_healed":0,"gold_gain":224,"player_choice":"GO GO RE ","damage_taken":42,"relics_obtained":["aspiration:HiddenCompartment"],"max_hp_gain":0,"max_hp_loss":0,"event_name":"betterSkull:BetterSkull","floor":38,"gold_loss":0,"cards_upgraded":[]}],"is_beta":false,"boss_relics":[{"not_picked":["aspiration:RunicSpoon","Cursed Key"],"picked":"aspiration:PoetsPen_weak"},{"not_picked":["bronze:MakeshiftBattery","Velvet Choker"],"picked":"energizedSpire:StickyHand"}],"items_purged_floors":[25,46],"is_endless":false,"potions_floor_spawned":[7,16,27,28,29,37,39,45],"ascension_level":0}}