{"host":"jkv7p1g4a08kh4zt","time":1611401554,"event":{"mods":["BaseMod","Downfall","Minty Spire (QoL Compilation)","StSLib"],"gold_per_floor":[99,119,129,144,163,179,179,179,192,192,192,208,224,258,277,277,277,277],"floor_reached":16,"language":"ENG","playtime":916,"items_purged":[],"score":133,"play_id":"cceaaaf7-4a38-473a-87ce-b5de38ba6137","local_time":"20210123113234","is_ascension_mode":false,"campfire_choices":[{"data":"bronze:Goto","floor":1,"key":"SMITH"},{"data":"bronze:Fortify","floor":10,"key":"SMITH"}],"circlet_count":0,"master_deck":["bronze:Strike","bronze:Strike","bronze:Strike","bronze:Strike","bronze:Defend","bronze:Defend","bronze:Defend","bronze:Defend","bronze:Replicate+1","bronze:Goto+1","bronze:Fortify+1","bronze:WhirlingStrike+1","bronze:Overload","bronze:Branch","bronze:FineTuning","bronze:Format","bronze:Repair"],"relics":["bronze:BronzeCore","Mango","downfall:BrokenWingStatue","Question Card"],"acts_visited":["Exordium"],"potions_floor_usage":[],"damage_taken":[{"damage":2,"enemies":"Cultist","floor":2,"turns":5},{"damage":5,"enemies":"2 Louse","floor":3,"turns":3},{"damage":1,"enemies":"Jaw Worm","floor":4,"turns":3},{"damage":6,"enemies":"Red Slaver","floor":5,"turns":4},{"damage":9,"enemies":"Blue Slaver","floor":6,"turns":4},{"damage":27,"enemies":"Exordium Thugs","floor":9,"turns":4},{"damage":11,"enemies":"Exordium Wildlife","floor":12,"turns":3},{"damage":6,"enemies":"Exordium Thugs","floor":13,"turns":3},{"damage":4,"enemies":"Gremlin Nob","floor":14,"turns":4},{"damage":1,"enemies":"2 Fungi Beasts","floor":15,"turns":2},{"damage":31,"enemies":"SI_SHIV_ARCHETYPE","floor":16,"turns":10}],"seed_played":"-3236266264960415576","potions_obtained":[{"floor":3,"key":"ColorlessPotion"},{"floor":6,"key":"SpeedPotion"}],"is_trial":false,"path_per_floor":["R","M","M","M","M","M","T","?","M","R","?","M","M","E","M","B"],"character_chosen":"THE_AUTOMATON","items_purchased":[],"campfire_rested":0,"item_purchase_floors":[],"current_hp_per_floor":[77,75,70,69,63,54,68,68,41,41,41,30,24,20,19,0,0,0],"gold":277,"neow_bonus":"TEN_PERCENT_HP_BONUS","is_daily":false,"chose_seed":false,"campfire_upgraded":2,"win_rate":0.0,"timestamp":1611401554,"path_taken":["R","M","M","M","?","M","T","?","M","R","?","M","M","E","M","BOSS"],"items_purchased_type":[],"build_version":"2020-12-22","purchased_purges":0,"victory":false,"max_hp_per_floor":[77,77,77,77,77,77,91,91,91,91,91,91,91,91,91,91,91,91],"card_choices":[{"not_picked":["bronze:OilSpill","bronze:CutThrough"],"picked":"bronze:Fortify","floor":2},{"not_picked":["bronze:Iterate","bronze:Invalidate","bronze:Turbo"],"picked":"SKIP","floor":3},{"not_picked":["bronze:BitShift","bronze:BronzeArmor"],"picked":"bronze:WhirlingStrike","floor":4},{"not_picked":["bronze:Invalidate","bronze:Overheat"],"picked":"bronze:Overload","floor":5},{"not_picked":["bronze:Virus","bronze:DelayedGuard","bronze:Philosophize"],"picked":"SKIP","floor":6},{"not_picked":["bronze:BitShift","bronze:Allocate"],"picked":"bronze:Branch","floor":9},{"not_picked":["bronze:Safeguard","bronze:DelayedGuard","bronze:DarkDash"],"picked":"SKIP","floor":12},{"not_picked":["bronze:WildBeam","bronze:OilSpill"],"picked":"bronze:FineTuning","floor":13},{"not_picked":["bronze:Fortify","bronze:DelayedGuard"],"picked":"bronze:Format","floor":14},{"not_picked":["bronze:ChildClass","bronze:Backtrace","bronze:DelayedGuard"],"picked":"bronze:Repair","floor":15}],"player_experience":48324,"relics_obtained":[{"floor":7,"key":"Mango"},{"floor":14,"key":"Question Card"}],"event_choices":[],"is_beta":false,"boss_relics":[],"items_purged_floors":[],"is_endless":false,"potions_floor_spawned":[3,6],"killed_by":"SI_SHIV_ARCHETYPE","ascension_level":0}}