{"host":"g01l53quoe6lrer0","time":1611436114,"event":{"mods":["2.2 Compatiblity","AchievementEnabler","BaseMod","Colored Map","Highlight Path","Keyboard Shortcuts","Minty Spire (QoL Compilation)","Permanent Neow","StSLib","SuperFastMode","everything is the same but u backflip on backflip"],"gold_per_floor":[112,128,146,146,164,189,189,222,222,233,233,233,260,360,360,463,463,478,490,16,28,41,41,52,52,52,81,1,36,13,13,13,112,112,124,124,144,156,173,173,192,192,192,210,57,70,38,58,58,58,58],"floor_reached":50,"language":"KOR","playtime":1438,"items_purged":["Strike_G","Strike_G"],"score":810,"play_id":"6b3b6d37-1af7-4f06-926d-24e9848207b4","local_time":"20210124060834","is_ascension_mode":true,"campfire_choices":[{"floor":7.0,"key":"REST"},{"floor":11.0,"key":"REST"},{"data":"Bouncing Flask","floor":15.0,"key":"SMITH"},{"floor":23.0,"key":"REST"},{"floor":25.0,"key":"REST"},{"floor":32,"key":"REST"},{"data":"Strike_G","floor":40,"key":"PURGE"},{"floor":49,"key":"REST"}],"circlet_count":0,"master_deck":["AscendersBane","Strike_G","Defend_G","Defend_G","Defend_G","Defend_G","Defend_G","Survivor","Neutralize","Blade Dance","Bouncing Flask+1","Catalyst","Dagger Spray","Burst","Predator+1","Acrobatics","Unload+1","Blade Dance","Poisoned Stab+1","Deadly Poison","Footwork","Caltrops","Backflip","Night Terror","Sucker Punch+1","The Bomb","Catalyst+1","Parasite","Bane+1","Footwork","Noxious Fumes","Enlightenment","Caltrops","Cloak And Dagger+1"],"relics":["Ring of the Serpent","NeowsBlessing","Bronze Scales","Molten Egg 2","Kunai","Darkstone Periapt","Fusion Hammer","Eternal Feather","Strange Spoon","Singing Bowl","Meat on the Bone","Oddly Smooth Stone","Peace Pipe","The Courier","Mercury Hourglass"],"acts_visited":["Exordium","TheCity","TheBeyond"],"potions_floor_usage":[27,33,41,50,50],"damage_taken":[{"damage":0.0,"enemies":"Cultist","floor":1.0,"turns":1.0},{"damage":0.0,"enemies":"Small Slimes","floor":2.0,"turns":1.0},{"damage":0.0,"enemies":"2 Louse","floor":3.0,"turns":1.0},{"damage":6.0,"enemies":"Looter","floor":5.0,"turns":3.0},{"damage":28.0,"enemies":"Gremlin Nob","floor":6.0,"turns":5.0},{"damage":17.0,"enemies":"Lagavulin","floor":8.0,"turns":4.0},{"damage":5.0,"enemies":"Lots of Slimes","floor":10.0,"turns":3.0},{"damage":18.0,"enemies":"3 Sentries","floor":13.0,"turns":5.0},{"damage":16.0,"enemies":"The Guardian","floor":16.0,"turns":7.0},{"damage":13.0,"enemies":"Shell Parasite","floor":18.0,"turns":4.0},{"damage":10.0,"enemies":"Spheric Guardian","floor":19.0,"turns":4.0},{"damage":5.0,"enemies":"Snecko","floor":21.0,"turns":3.0},{"damage":22.0,"enemies":"Cultist and Chosen","floor":22.0,"turns":6.0},{"damage":14.0,"enemies":"Centurion and Healer","floor":24.0,"turns":6.0},{"damage":53,"enemies":"Book of Stabbing","floor":27,"turns":6},{"damage":11,"enemies":"Gremlin Leader","floor":29,"turns":6},{"damage":67,"enemies":"Champ","floor":33,"turns":7},{"damage":7,"enemies":"Orb Walker","floor":35,"turns":4},{"damage":27,"enemies":"3 Shapes","floor":37,"turns":4},{"damage":9,"enemies":"Transient","floor":38,"turns":5},{"damage":13,"enemies":"Writhing Mass","floor":39,"turns":6},{"damage":47,"enemies":"3 Darklings","floor":41,"turns":6},{"damage":12,"enemies":"4 Shapes","floor":44,"turns":3},{"damage":14,"enemies":"Spire Growth","floor":46,"turns":4},{"damage":27,"enemies":"Sphere and 2 Shapes","floor":48,"turns":4},{"damage":74,"enemies":"Awakened One","floor":50,"turns":6}],"seed_played":"5963419448190188117","potions_obtained":[{"floor":2.0,"key":"FairyPotion"},{"floor":3.0,"key":"SteroidPotion"},{"floor":6.0,"key":"AttackPotion"},{"floor":16.0,"key":"Regen Potion"},{"floor":19.0,"key":"EntropicBrew"},{"floor":27,"key":"DuplicationPotion"},{"floor":35,"key":"LiquidBronze"},{"floor":38,"key":"Block Potion"},{"floor":41,"key":"Weak Potion"}],"is_trial":false,"path_per_floor":["M","M","M","?","M","E","R","E","T","M","R","?","E","?","R","B",null,"M","M","$","M","M","R","M","R","T","E","?","E","$","T","R","B",null,"M","?","M","M","M","R","M","?","T","M","$","M","$","M","R","B"],"character_chosen":"THE_SILENT","items_purchased":["Eternal Feather","Strange Spoon","Backflip","Enlightenment","Caltrops"],"campfire_rested":6,"item_purchase_floors":[20,20,30,45,47],"current_hp_per_floor":[63,63,63,56,50,22,43,26,26,21,42,65,47,47,47,31,60,61,51,51,46,24,57,43,70,70,19,19,22,22,22,59,34,64,57,57,42,47,52,70,35,35,35,35,35,35,35,20,63,0,0],"gold":58,"neow_bonus":"THREE_ENEMY_KILL","is_daily":false,"chose_seed":false,"campfire_upgraded":1,"win_rate":0.0,"timestamp":1611436114,"path_taken":["M","M","?","?","M","E","R","E","T","M","R","?","E","?","R","BOSS","M","?","$","?","?","R","M","R","T","E","?","E","$","?","R","BOSS","M","?","M","M","M","R","M","?","T","M","$","M","?","M","R","BOSS"],"items_purchased_type":["Relic","Relic","Card","Card","Card"],"build_version":"2020-12-22","purchased_purges":2,"victory":false,"max_hp_per_floor":[70,70,70,70,70,70,70,70,70,70,70,70,70,70,70,70,70,70,70,70,70,70,70,70,70,70,72,72,74,74,74,74,74,74,74,74,74,76,82,82,82,82,82,82,82,84,84,84,84,84,84],"card_choices":[{"not_picked":["Deflect","Infinite Blades"],"picked":"Blade Dance","floor":1.0},{"not_picked":["Terror","Blade Dance"],"picked":"Bouncing Flask","floor":2.0},{"not_picked":["Well Laid Plans","Sucker Punch"],"picked":"Catalyst","floor":3.0},{"not_picked":["Deflect","Sucker Punch"],"picked":"Dagger Spray","floor":5.0},{"not_picked":["Concentrate","Deadly Poison"],"picked":"Burst","floor":6.0},{"not_picked":["Acrobatics","Phantasmal Killer"],"picked":"Predator+1","floor":8.0},{"not_picked":["Blade Dance","Cloak And Dagger","Choke+1"],"picked":"SKIP","floor":10.0},{"not_picked":["Reflex","Predator+1"],"picked":"Acrobatics","floor":13.0},{"not_picked":["Doppelganger","A Thousand Cuts"],"picked":"Unload+1","floor":16.0},{"not_picked":["Acrobatics","Dagger Spray+1"],"picked":"Blade Dance","floor":18.0},{"not_picked":["Flying Knee+1","Deadly Poison"],"picked":"Poisoned Stab+1","floor":19.0},{"not_picked":["Dagger Throw+1","Poisoned Stab+1"],"picked":"Deadly Poison","floor":21.0},{"not_picked":["Heel Hook+1","Prepared"],"picked":"Footwork","floor":22.0},{"not_picked":["Backstab+1","Finisher+1"],"picked":"Caltrops","floor":24.0},{"not_picked":["Cloak And Dagger","Malaise","Dagger Spray+1"],"picked":"Singing Bowl","floor":27},{"not_picked":["Backstab+1","Outmaneuver","Deadly Poison"],"picked":"Singing Bowl","floor":29},{"not_picked":["Unload+1","Adrenaline"],"picked":"Night Terror","floor":33},{"not_picked":["Outmaneuver","Dodge and Roll"],"picked":"Sucker Punch+1","floor":35},{"not_picked":["Bandage Up","Violence"],"picked":"The Bomb","floor":36},{"not_picked":["Dagger Spray+1","Outmaneuver+1"],"picked":"Catalyst+1","floor":37},{"not_picked":["PiercingWail","Finisher+1","Poisoned Stab+1"],"picked":"Singing Bowl","floor":38},{"not_picked":["Slice+1","Outmaneuver"],"picked":"Bane+1","floor":39},{"not_picked":["Accuracy","Blade Dance"],"picked":"Footwork","floor":41},{"not_picked":["Outmaneuver","Slice+1"],"picked":"Noxious Fumes","floor":44},{"not_picked":["Skewer+1","Backflip","Dagger Throw+1"],"picked":"Singing Bowl","floor":46},{"not_picked":["Acrobatics","Bane+1"],"picked":"Cloak And Dagger+1","floor":48}],"player_experience":267359,"relics_obtained":[{"floor":6.0,"key":"Bronze Scales"},{"floor":8.0,"key":"Molten Egg 2"},{"floor":9.0,"key":"Kunai"},{"floor":13.0,"key":"Darkstone Periapt"},{"floor":26.0,"key":"Singing Bowl"},{"floor":27,"key":"Meat on the Bone"},{"floor":29,"key":"Peace Pipe"},{"floor":31,"key":"The Courier"},{"floor":43,"key":"Mercury Hourglass"}],"event_choices":[{"cards_removed":["Strike_G"],"damage_healed":0.0,"max_hp_gain":0.0,"max_hp_loss":0.0,"gold_gain":0.0,"event_name":"Golden Wing","player_choice":"Card Removal","floor":4.0,"gold_loss":0.0,"damage_taken":7.0},{"damage_healed":23.0,"max_hp_gain":0.0,"max_hp_loss":0.0,"gold_gain":0.0,"event_name":"Big Fish","player_choice":"Banana","floor":12.0,"gold_loss":0.0,"damage_taken":0.0},{"damage_healed":0.0,"max_hp_gain":0.0,"max_hp_loss":0.0,"gold_gain":100.0,"event_name":"Golden Shrine","player_choice":"Pray","floor":14.0,"gold_loss":0.0,"damage_taken":0.0},{"damage_healed":0,"gold_gain":0,"player_choice":"Paid Gold","damage_taken":0,"relics_obtained":["Oddly Smooth Stone"],"max_hp_gain":0,"max_hp_loss":0,"event_name":"WeMeetAgain","floor":28,"gold_loss":80},{"damage_healed":0,"gold_gain":0,"player_choice":"Memory 1","damage_taken":0,"max_hp_gain":0,"max_hp_loss":0,"event_name":"SensoryStone","floor":36,"gold_loss":0},{"damage_healed":0,"gold_gain":0,"player_choice":"Ignored","damage_taken":0,"max_hp_gain":0,"max_hp_loss":0,"event_name":"Mysterious Sphere","floor":42,"gold_loss":0}],"is_beta":false,"boss_relics":[{"not_picked":["Coffee Dripper","Snecko Eye"],"picked":"Fusion Hammer"},{"not_picked":["Runic Dome","Tiny House"],"picked":"Ring of the Serpent"}],"items_purged_floors":[20,45],"is_endless":false,"potions_floor_spawned":[2,3,6,16,19,21,27,35,38,41,44],"killed_by":"Awakened One","ascension_level":12}}