{"host":"awrw1gk2acwismlg","time":1611395169,"event":{"mods":["100% Spire Juice","ATMod(°¢èªMod)","BaseMod","Bestiary","Hero for Fun","KinomotoSakuraMod(Ä¾Ö®±¾Ó£)","Marisa£¨ìFÓê¡¡Ä§ÀíÉ³£©","Minty Spire (QoL Compilation)","Remilia£¨ÀÙÃ×ÀòÑÇ£©","Robot Space Explorer","Small Relic Pack","StSLib","The Dragon Tamer","Wide Potions","Yakumo Yukari mod","Youmu£¨»êÆÇÑýÃÎ£©","¡¾ÒÅÎï¿¨ÅÆ¡¿REMEMod","óô»ðÖ¸ÄÏ"],"gold_per_floor":[110,126,29,44,61,61,61,61,61,90,8,78,78,97,97,192,192,202,217,267,347,322,322,372,407,483,493,557,206,232,232,63,164,164,180,230,293,303,132,132,228,228,274,306,0,18,51,323,25,25],"floor_reached":51,"language":"ZHS","playtime":2875,"items_purged":["Bash","Dual Wield","Dual Wield+1","Strike_R"],"score":1082,"play_id":"f1b93e52-5856-4906-a3e4-e2d8c863f6f3","local_time":"20210123174609","is_ascension_mode":true,"campfire_choices":[{"data":"AT_FamilyPortrait","floor":6,"key":"SMITH"},{"data":"Armaments","floor":8,"key":"SMITH"},{"data":"Entrench","floor":13,"key":"SMITH"},{"data":"AT_BodySlamDance","floor":15,"key":"SMITH"},{"data":"Metallicize","floor":23,"key":"SMITH"},{"data":"Barricade","floor":40,"key":"SMITH"},{"data":"Offering","floor":42,"key":"SMITH"}],"circlet_count":0,"master_deck":["Strike_R","Strike_R","Strike_R","Defend_R","Defend_R","Defend_R","Defend_R","Moonworks:ShieldCounter","AT_FamilyPortrait+1","Armaments+1","Iron Wave","Iron Wave","Metallicize+1","Entrench+1","AT_BodySlamDance+1","Offering+1","Iron Wave","AT_BodySlamDance+1","Shrug It Off","Ghostly Armor+1","REME_WheelOfFate","Flame Barrier","Shrug It Off","Magnetism","Barricade+1","Shrug It Off","Warcry","Armaments+1","Ghostly Armor","Body Slam","Second Wind"],"relics":["Burning Blood","AT_ATBox","REME_ComplimentaryCards","AT_GoldPhoenixTree","SsserpentHead","REME_PuzzleBoxRelic","Self Forming Clay","Sozu","relicPack:OneForAll","Red Mask","Bottled Lightning","InkBottle","Pear","AT_TrinityForce","Toy Ornithopter","Potion Belt","PreservedInsect","Oddly Smooth Stone","AT_BellDemon","Kunai"],"acts_visited":["Exordium","TheCity","TheBeyond"],"potions_floor_usage":[33,33],"damage_taken":[{"damage":0,"enemies":"Cultist","floor":1,"turns":3},{"damage":0,"enemies":"Jaw Worm","floor":2,"turns":4},{"damage":0,"enemies":"2 Louse","floor":4,"turns":4},{"damage":0,"enemies":"Blue Slaver","floor":5,"turns":3},{"damage":22,"enemies":"Gremlin Nob","floor":10,"turns":2},{"damage":0,"enemies":"Red Slaver","floor":12,"turns":4},{"damage":6,"enemies":"Gremlin Gang","floor":14,"turns":1},{"damage":15,"enemies":"The Guardian","floor":16,"turns":12},{"damage":0,"enemies":"2 Thieves","floor":18,"turns":3},{"damage":0,"enemies":"Chosen","floor":19,"turns":3},{"damage":0,"enemies":"Masked Bandits","floor":21,"turns":2},{"damage":0,"enemies":"Book of Stabbing","floor":25,"turns":1},{"damage":12,"enemies":"Snake Plant","floor":27,"turns":2},{"damage":0,"enemies":"Cultist and Chosen","floor":28,"turns":4},{"damage":8,"enemies":"Slavers","floor":30,"turns":2},{"damage":0,"enemies":"Centurion and Healer","floor":31,"turns":1},{"damage":11,"enemies":"Collector","floor":33,"turns":4},{"damage":0,"enemies":"3 Shapes","floor":35,"turns":3},{"damage":0,"enemies":"3 Darklings","floor":37,"turns":4},{"damage":9,"enemies":"Spire Growth","floor":38,"turns":3},{"damage":12,"enemies":"Maw","floor":41,"turns":4},{"damage":0,"enemies":"Giant Head","floor":44,"turns":2},{"damage":0,"enemies":"Jaw Worm Horde","floor":46,"turns":3},{"damage":8,"enemies":"Reptomancer","floor":47,"turns":2},{"damage":38,"enemies":"Time Eater","floor":50,"turns":10}],"seed_played":"-7575962462675812461","potions_obtained":[{"floor":1,"key":"Strength Potion"},{"floor":2,"key":"Block Potion"},{"floor":10,"key":"FairyPotion"},{"floor":14,"key":"Weak Potion"}],"is_trial":false,"path_per_floor":["M","M","$","M","M","R","?","R","T","E","$","M","R","M","R","B",null,"M","M","?","?","?","R","?","E","T","M","M","$","E","M","R","B",null,"M","?","M","M","$","R","M","R","T","E","R","M","E","?","R","B",null],"character_chosen":"IRONCLAD","items_purchased":["Armaments","Entrench","REME_WheelOfFate","Flame Barrier","Magnetism","Warcry","Oddly Smooth Stone","Kunai","Second Wind"],"campfire_rested":0,"item_purchase_floors":[3,11,29,29,32,39,45,49,49],"current_hp_per_floor":[72,72,72,72,72,72,72,72,72,56,56,62,62,62,62,53,72,72,72,72,72,72,72,72,72,72,66,72,72,80,82,82,77,82,82,82,82,79,79,79,73,73,73,79,79,82,80,80,80,49],"gold":25,"neow_bonus":"ONE_RARE_RELIC","is_daily":false,"chose_seed":false,"campfire_upgraded":7,"win_rate":0.0,"timestamp":1611395169,"path_taken":["M","?","$","M","M","R","?","R","T","E","$","?","R","M","R","BOSS","M","M","?","?","?","R","?","E","T","M","?","$","E","M","R","BOSS","M","?","?","M","$","R","M","R","T","E","R","M","E","?","R","BOSS"],"items_purchased_type":["Card","Card","Card","Card","Card","Card","Relic","Relic","Card"],"build_version":"2020-12-22","purchased_purges":4,"victory":true,"max_hp_per_floor":[72,72,72,72,72,72,72,72,72,72,72,72,72,72,72,72,72,72,72,72,72,72,72,72,72,72,72,72,72,82,82,82,82,82,82,82,82,82,82,82,82,82,82,82,82,82,82,82,82,82],"card_choices":[{"not_picked":["Pommel Strike","AT_IchimonjiDouble","Heavy Blade"],"picked":"SKIP","floor":1},{"not_picked":["Twin Strike","Perfected Strike","AT_IchimonjiDouble"],"picked":"SKIP","floor":2},{"not_picked":["Warcry","Clothesline"],"picked":"Iron Wave","floor":4},{"not_picked":["Pommel Strike","Combust"],"picked":"Iron Wave","floor":5},{"not_picked":["Intimidate","AT_ManFootWork"],"picked":"Metallicize","floor":10},{"not_picked":["Heavy Blade","Reckless Charge","Disarm"],"picked":"SKIP","floor":12},{"not_picked":["REME_Fury","Infernal Blade"],"picked":"AT_BodySlamDance","floor":14},{"not_picked":["Immolate","Reaper"],"picked":"Offering","floor":16},{"not_picked":["Disarm","Heavy Blade+1"],"picked":"Iron Wave","floor":18},{"not_picked":["Body Slam","Disarm"],"picked":"AT_BodySlamDance+1","floor":19},{"not_picked":["Sword Boomerang","Twin Strike+1"],"picked":"Dual Wield+1","floor":21},{"not_picked":["Inflame","Spot Weakness"],"picked":"Dual Wield","floor":25},{"not_picked":["Warcry","AT_IchimonjiDouble"],"picked":"Shrug It Off","floor":27},{"not_picked":["Burning Pact","Battle Trance"],"picked":"Ghostly Armor+1","floor":28},{"not_picked":["Sever Soul","Heavy Blade"],"picked":"Shrug It Off","floor":30},{"not_picked":["Exhume","Impervious"],"picked":"Barricade","floor":33},{"not_picked":["Seeing Red+1","Dual Wield+1","Pummel"],"picked":"SKIP","floor":35},{"not_picked":["Reckless Charge+1","Rupture","Sword Boomerang+1"],"picked":"SKIP","floor":37},{"not_picked":["Uppercut+1","True Grit"],"picked":"Shrug It Off","floor":38},{"not_picked":["Evolve","REME_SingleHolding"],"picked":"Armaments+1","floor":41},{"not_picked":["Bloodletting+1","Clothesline+1"],"picked":"Ghostly Armor","floor":44},{"not_picked":["AT_GerminateFire","Cleave"],"picked":"Body Slam","floor":46},{"not_picked":["Heavy Blade+1","AT_IchimonjiDouble+1","Sword Boomerang"],"picked":"SKIP","floor":47}],"player_experience":25923,"relics_obtained":[{"floor":9,"key":"REME_PuzzleBoxRelic"},{"floor":10,"key":"Self Forming Clay"},{"floor":21,"key":"Red Mask"},{"floor":25,"key":"Bottled Lightning"},{"floor":26,"key":"InkBottle"},{"floor":30,"key":"Pear"},{"floor":43,"key":"Potion Belt"},{"floor":44,"key":"PreservedInsect"},{"floor":47,"key":"AT_BellDemon"}],"event_choices":[{"damage_healed":0,"gold_gain":0,"player_choice":"Trade","damage_taken":0,"relics_obtained":["SsserpentHead"],"max_hp_gain":0,"max_hp_loss":0,"event_name":"FaceTrader","floor":7,"gold_loss":0},{"damage_healed":0,"gold_gain":0,"player_choice":"Fought Bandits","damage_taken":0,"max_hp_gain":0,"max_hp_loss":0,"event_name":"Masked Bandits","floor":21,"gold_loss":0},{"cards_removed":["Strike_R"],"damage_healed":0,"gold_gain":0,"player_choice":"Gave Gold","damage_taken":0,"max_hp_gain":0,"max_hp_loss":0,"event_name":"Beggar","floor":22,"gold_loss":75},{"damage_healed":0,"gold_gain":0,"player_choice":"Ignored","damage_taken":0,"max_hp_gain":0,"max_hp_loss":0,"event_name":"Ghosts","floor":24,"gold_loss":0},{"damage_healed":0,"gold_gain":0,"player_choice":"Ignored","damage_taken":0,"max_hp_gain":0,"max_hp_loss":0,"event_name":"SecretPortal","floor":36,"gold_loss":0},{"damage_healed":0,"gold_gain":222,"player_choice":"Wore Mask","damage_taken":0,"max_hp_gain":0,"max_hp_loss":0,"event_name":"Tomb of Lord Red Mask","floor":48,"gold_loss":0}],"is_beta":false,"boss_relics":[{"not_picked":["Velvet Choker","relicPack:ShieldShield"],"picked":"Sozu"},{"not_picked":["Runic Cube","relicPack:KazumaCape"],"picked":"AT_TrinityForce"}],"items_purged_floors":[3,29,39,45],"is_endless":false,"potions_floor_spawned":[1,2,10,14,18,25,30,37,44,46],"ascension_level":3}}