{"host":"50per11302020","time":1611383188,"event":{"mods":["AchievementEnabler","BaseMod","Colored Map","Minty Spire (QoL Compilation)","Relic Stats","StSLib"],"gold_per_floor":[114,125,142,142,142,142,175,36,36,36,57,71,71,84,84,159,159,177,189,200,200,210,210,210,245,300,400,400,428,428,447,447,522,522,537,242,255,268,278,278,278,278,278,278,311,6,31,31,31,31],"floor_reached":51,"language":"ENG","playtime":3462,"items_purged":[],"score":1202,"play_id":"4e85cb43-d161-4da3-993b-bf51c6cd1139","local_time":"20210122222628","is_ascension_mode":true,"campfire_choices":[{"data":"Shockwave","floor":6.0,"key":"SMITH"},{"data":"Feed","floor":10.0,"key":"SMITH"},{"data":"Armaments","floor":13.0,"key":"SMITH"},{"data":"Bash","floor":15.0,"key":"SMITH"},{"floor":23.0,"key":"REST"},{"floor":28.0,"key":"REST"},{"data":"Immolate","floor":30.0,"key":"SMITH"},{"floor":32.0,"key":"REST"},{"data":"Offering","floor":40,"key":"SMITH"},{"data":"Shockwave","floor":42,"key":"SMITH"},{"data":"Flame Barrier","floor":44,"key":"SMITH"},{"floor":49,"key":"REST"}],"circlet_count":0,"master_deck":["AscendersBane","Strike_R","Strike_R","Strike_R","Defend_R","Defend_R+1","Defend_R+1","Defend_R","Bash+1","Thunderclap","Shockwave+1","Thunderclap","Shrug It Off","Feed+1","Armaments+1","Dropkick","Immolate+1","Spot Weakness","Whirlwind","Dropkick+1","Sword Boomerang","Armaments+1","Combust","Offering+1","Shockwave+1","Flame Barrier+1","Barricade+1","Dropkick+1","Warcry+1","Disarm","Berserk+1","Discovery","Offering"],"relics":["Burning Blood","Ginger","Dream Catcher","Pocketwatch","Odd Mushroom","SlaversCollar","Frozen Egg 2","War Paint","Torii","Bottled Flame","Bag of Marbles","Sozu","Incense Burner","Blood Vial","Regal Pillow","Lee\u0027s Waffle","Lizard Tail"],"acts_visited":["Exordium","TheCity","TheBeyond"],"potions_floor_usage":[50,50],"damage_taken":[{"damage":6.0,"enemies":"Cultist","floor":1.0,"turns":4.0},{"damage":0.0,"enemies":"2 Louse","floor":2.0,"turns":2.0},{"damage":8.0,"enemies":"Jaw Worm","floor":3.0,"turns":5.0},{"damage":45.0,"enemies":"Lagavulin","floor":7.0,"turns":8.0},{"damage":10.0,"enemies":"The Mushroom Lair","floor":11.0,"turns":5.0},{"damage":2.0,"enemies":"Blue Slaver","floor":12.0,"turns":4.0},{"damage":4.0,"enemies":"3 Louse","floor":14.0,"turns":3.0},{"damage":22.0,"enemies":"The Guardian","floor":16.0,"turns":17.0},{"damage":45.0,"enemies":"Spheric Guardian","floor":18.0,"turns":8.0},{"damage":13.0,"enemies":"Shell Parasite","floor":19.0,"turns":7.0},{"damage":12.0,"enemies":"Centurion and Healer","floor":20.0,"turns":6.0},{"damage":13.0,"enemies":"Snake Plant","floor":22.0,"turns":3.0},{"damage":23.0,"enemies":"Gremlin Leader","floor":25.0,"turns":5.0},{"damage":26.0,"enemies":"Colosseum Slavers","floor":27.0,"turns":3.0},{"damage":6.0,"enemies":"Colosseum Nobs","floor":27.0,"turns":2.0},{"damage":16.0,"enemies":"Book of Stabbing","floor":29.0,"turns":6.0},{"damage":0.0,"enemies":"3 Cultists","floor":31.0,"turns":3.0},{"damage":48.0,"enemies":"Collector","floor":33.0,"turns":10.0},{"damage":16.0,"enemies":"3 Darklings","floor":35.0,"turns":2.0},{"damage":17.0,"enemies":"Orb Walker","floor":37.0,"turns":2.0},{"damage":6.0,"enemies":"Transient","floor":38.0,"turns":5.0},{"damage":7,"enemies":"3 Darklings","floor":39,"turns":3},{"damage":76,"enemies":"Giant Head","floor":45,"turns":11},{"damage":38,"enemies":"Mind Bloom Boss Battle","floor":47,"turns":9},{"damage":89,"enemies":"Donu and Deca","floor":50,"turns":11}],"seed_played":"-5852951020145716148","potions_obtained":[{"floor":1.0,"key":"SneckoOil"},{"floor":11.0,"key":"BloodPotion"},{"floor":12.0,"key":"Explosive Potion"},{"floor":18.0,"key":"LiquidMemories"},{"floor":22.0,"key":"SkillPotion"},{"floor":27.0,"key":"ElixirPotion"},{"floor":33.0,"key":"Regen Potion"}],"is_trial":false,"path_per_floor":["M","M","M","$","?","R","E","$","T","R","?","M","R","M","R","B",null,"M","M","M","?","M","R","?","E","T","?","R","E","R","M","R","B",null,"M","$","M","M","M","R","?","R","T","R","E","$","?","$","R","B",null],"character_chosen":"IRONCLAD","items_purchased":["Feed","Incense Burner","Lee\u0027s Waffle","Berserk+1","Discovery"],"campfire_rested":4,"item_purchase_floors":[8,36,46,46,46],"current_hp_per_floor":[75,81,79,79,76,76,37,37,37,37,37,45,45,51,51,39,83,48,45,43,20,40,75,75,62,62,46,84,74,74,84,123,85,123,117,117,110,110,113,113,147,147,147,147,77,154,126,126,158,94],"gold":31,"neow_bonus":"TEN_PERCENT_HP_BONUS","is_daily":false,"chose_seed":false,"campfire_upgraded":8,"win_rate":0.0,"timestamp":1611383188,"path_taken":["M","?","M","$","?","R","E","$","T","R","?","M","R","M","R","BOSS","M","M","M","?","M","R","?","E","T","?","R","E","R","M","R","BOSS","M","$","M","M","M","R","?","R","T","R","E","?","?","$","R","BOSS"],"items_purchased_type":["Card","Relic","Relic","Card","Card"],"build_version":"2020-12-18","purchased_purges":0,"victory":true,"max_hp_per_floor":[82,82,82,82,82,82,82,82,82,82,86,90,90,94,94,98,98,102,106,110,115,119,119,119,123,123,127,127,127,127,131,131,135,135,139,139,143,143,147,147,147,147,147,147,147,154,158,158,158,162],"relic_stats":{"Regal Pillow":0,"Lee\u0027s Waffle":77,"Torii":34,"counters":[25,144],"Ginger":[10],"War Paint":["Defend_R","Defend_R"],"Burning Blood":150,"Sozu":2,"Blood Vial":0,"Dream Catcher":4,"Lizard Tail":0,"obtain_stats":[{"Regal Pillow":45,"Lee\u0027s Waffle":46,"Torii":27,"Incense Burner":36,"Ginger":5,"Odd Mushroom":11,"Frozen Egg 2":25,"War Paint":26,"Burning Blood":0,"Sozu":34,"Blood Vial":43,"SlaversCollar":17,"Dream Catcher":7,"Bottled Flame":27,"Lizard Tail":47,"Bag of Marbles":29,"Pocketwatch":9},{"Regal Pillow":23,"Lee\u0027s Waffle":23,"Torii":15,"Incense Burner":19,"Ginger":3,"Odd Mushroom":5,"Frozen Egg 2":13,"War Paint":13,"Burning Blood":0,"Sozu":18,"Blood Vial":22,"SlaversCollar":8,"Dream Catcher":4,"Bottled Flame":15,"Lizard Tail":24,"Bag of Marbles":16,"Pocketwatch":4},{"Regal Pillow":124,"Lee\u0027s Waffle":124,"Torii":82,"Incense Burner":103,"Ginger":11,"Odd Mushroom":24,"Frozen Egg 2":77,"War Paint":77,"Burning Blood":0,"Sozu":101,"Blood Vial":113,"SlaversCollar":48,"Dream Catcher":19,"Bottled Flame":82,"Lizard Tail":133,"Bag of Marbles":88,"Pocketwatch":19}],"Pocketwatch":[213]},"card_choices":[{"not_picked":["Dark Embrace","Clash"],"picked":"Thunderclap","floor":1.0},{"not_picked":["Metallicize","Clothesline"],"picked":"Shockwave","floor":2.0},{"not_picked":["True Grit","Rupture"],"picked":"Thunderclap","floor":3.0},{"not_picked":["Iron Wave","Clothesline"],"picked":"Shrug It Off","floor":7.0},{"not_picked":["Second Wind","Thunderclap"],"picked":"Armaments","floor":12.0},{"not_picked":["Twin Strike","Clash"],"picked":"Dropkick","floor":14.0},{"not_picked":["Fiend Fire","Demon Form"],"picked":"Immolate","floor":16.0},{"not_picked":["Anger","Perfected Strike"],"picked":"Spot Weakness","floor":18.0},{"not_picked":["Bloodletting","Combust"],"picked":"Whirlwind","floor":19.0},{"not_picked":["Twin Strike","Uppercut"],"picked":"Dropkick+1","floor":20.0},{"not_picked":["Burning Pact","Whirlwind"],"picked":"Sword Boomerang","floor":22.0},{"not_picked":["Cleave","Clash"],"picked":"Armaments+1","floor":23.0},{"not_picked":["Twin Strike","Warcry"],"picked":"Offering","floor":25.0},{"not_picked":["Burning Pact","Iron Wave"],"picked":"Shockwave","floor":28.0},{"not_picked":["Uppercut+1","Body Slam","Evolve+1"],"picked":"SKIP","floor":29.0},{"not_picked":["Clash","Clothesline"],"picked":"Flame Barrier","floor":31.0},{"not_picked":["Reaper","Feed"],"picked":"Barricade+1","floor":33.0},{"not_picked":["Sever Soul+1","Armaments"],"picked":"Dropkick+1","floor":35.0},{"not_picked":["Anger","Clothesline","Pommel Strike"],"picked":"SKIP","floor":37.0},{"not_picked":["Power Through","Cleave"],"picked":"Warcry+1","floor":38.0},{"not_picked":["Carnage+1","Twin Strike","Hemokinesis"],"picked":"SKIP","floor":39},{"not_picked":["Pommel Strike","Ghostly Armor"],"picked":"Disarm","floor":45},{"not_picked":["Perfected Strike","Flex"],"picked":"Offering","floor":49}],"player_experience":333805,"relics_obtained":[{"floor":7.0,"key":"Dream Catcher"},{"floor":9.0,"key":"Pocketwatch"},{"floor":11.0,"key":"Odd Mushroom"},{"floor":25.0,"key":"Frozen Egg 2"},{"floor":26.0,"key":"War Paint"},{"floor":27.0,"key":"Torii"},{"floor":27.0,"key":"Bottled Flame"},{"floor":29.0,"key":"Bag of Marbles"},{"floor":43,"key":"Blood Vial"},{"floor":45,"key":"Regal Pillow"},{"floor":47,"key":"Lizard Tail"}],"event_choices":[{"damage_healed":0.0,"max_hp_gain":0.0,"max_hp_loss":0.0,"gold_gain":0.0,"event_name":"Scrap Ooze","player_choice":"Success","floor":5.0,"gold_loss":0.0,"damage_taken":3.0,"relics_obtained":["Ginger"]},{"damage_healed":0.0,"max_hp_gain":0.0,"max_hp_loss":0.0,"gold_gain":0.0,"event_name":"Mushrooms","player_choice":"Fought Mushrooms","floor":11.0,"gold_loss":0.0,"damage_taken":0.0},{"damage_healed":0.0,"max_hp_gain":5.0,"max_hp_loss":0.0,"gold_gain":0.0,"event_name":"Forgotten Altar","player_choice":"Shed Blood","floor":21.0,"gold_loss":0.0,"damage_taken":28.0},{"damage_healed":0.0,"max_hp_gain":0.0,"max_hp_loss":0.0,"gold_gain":0.0,"cards_transformed":["Strike_R","Strike_R"],"event_name":"Drug Dealer","player_choice":"Became Test Subject","floor":24.0,"gold_loss":0.0,"damage_taken":0.0,"cards_obtained":["Combust","Sever Soul"]},{"damage_healed":0.0,"max_hp_gain":0.0,"max_hp_loss":0.0,"gold_gain":0.0,"event_name":"Colosseum","player_choice":"Fight","floor":27.0,"gold_loss":0.0,"damage_taken":0.0},{"damage_healed":0.0,"max_hp_gain":0.0,"max_hp_loss":0.0,"gold_gain":0.0,"event_name":"Colosseum","player_choice":"Fought Nobs","floor":27.0,"gold_loss":0.0,"damage_taken":0.0},{"cards_removed":["Sever Soul"],"damage_healed":34,"gold_gain":0,"player_choice":"Offered Uncommon","damage_taken":0,"max_hp_gain":0,"max_hp_loss":0,"event_name":"Bonfire Elementals","floor":41,"gold_loss":0},{"damage_healed":0,"gold_gain":0,"player_choice":"Fight","damage_taken":0,"max_hp_gain":0,"max_hp_loss":0,"event_name":"MindBloom","floor":47,"gold_loss":0}],"is_beta":true,"boss_relics":[{"not_picked":["Philosopher\u0027s Stone","SacredBark"],"picked":"SlaversCollar"},{"not_picked":["Pandora\u0027s Box","Busted Crown"],"picked":"Sozu"}],"items_purged_floors":[],"is_endless":false,"potions_floor_spawned":[1,11,12,16,18,22,27,33,35,37],"ascension_level":14}}