{"host":"hwrdjx5eod2cxh09","time":1611389040,"event":{"mods":["AchievementEnabler","BaseMod","Bestiary","Minty Spire (QoL Compilation)","Relic Stats"],"gold_per_floor":[114,126,143,143,158,158,158,158],"floor_reached":7,"language":"ENG","playtime":294,"items_purged":[],"score":43,"play_id":"78f4dae3-856d-4ec3-8dce-a90bf76a64db","local_time":"20210123170400","is_ascension_mode":false,"campfire_choices":[{"floor":6,"key":"REST"}],"circlet_count":0,"master_deck":["Strike_P","Strike_P","Strike_P","Strike_P","Defend_P","Defend_P","Defend_P","Defend_P","Eruption","Vigilance","CutThroughFate","EmptyFist","Sanctity","Adaptation"],"relics":["PureWater","WingedGreaves","Shuriken"],"acts_visited":["Exordium"],"potions_floor_usage":[],"damage_taken":[{"damage":1.0,"enemies":"Jaw Worm","floor":1.0,"turns":3.0},{"damage":2.0,"enemies":"2 Louse","floor":2.0,"turns":2.0},{"damage":0.0,"enemies":"Cultist","floor":3.0,"turns":3.0},{"damage":25,"enemies":"Exordium Wildlife","floor":5,"turns":8},{"damage":1,"enemies":"3 Sentries","floor":7,"turns":2}],"seed_played":"4556171873202648502","potions_obtained":[{"floor":1.0,"key":"Ambrosia"},{"floor":3.0,"key":"Block Potion"}],"is_trial":false,"path_per_floor":["M","M","M","?","M","R","E"],"character_chosen":"WATCHER","items_purchased":[],"campfire_rested":1,"item_purchase_floors":[],"current_hp_per_floor":[64,62,62,50,25,44,43,43],"gold":158,"neow_bonus":"ONE_RARE_RELIC","is_daily":false,"chose_seed":false,"campfire_upgraded":0,"win_rate":0.0,"timestamp":1611389040,"path_taken":["M","M","M","?","M","R","E"],"items_purchased_type":[],"build_version":"2020-12-22","purchased_purges":0,"victory":false,"max_hp_per_floor":[65,65,65,65,65,65,65,65],"relic_stats":{"counters":[5,18],"Shuriken":[2],"obtain_stats":[{"Shuriken":4,"WingedGreaves":0,"PureWater":0},{"Shuriken":3,"WingedGreaves":0,"PureWater":0},{"Shuriken":8,"WingedGreaves":0,"PureWater":0}]},"card_choices":[{"not_picked":["EmptyFist","Evaluate"],"picked":"CutThroughFate","floor":1.0},{"not_picked":["Ragnarok","EmptyMind"],"picked":"EmptyFist","floor":2.0},{"not_picked":["Indignation","SashWhip"],"picked":"Sanctity","floor":3.0},{"not_picked":["Evaluate","Meditate"],"picked":"Adaptation","floor":5}],"player_experience":251061,"relics_obtained":[],"event_choices":[{"damage_healed":0.0,"max_hp_gain":0.0,"max_hp_loss":0.0,"gold_gain":0.0,"event_name":"Scrap Ooze","player_choice":"Success","floor":4.0,"gold_loss":0.0,"damage_taken":12.0,"relics_obtained":["Shuriken"]}],"is_beta":false,"boss_relics":[],"items_purged_floors":[],"is_endless":false,"potions_floor_spawned":[1,3],"killed_by":"3 Sentries","ascension_level":0}}