{"host":"b1dzdo8uo7e6jx8g","time":1611444158,"event":{"mods":["AchievementEnabler","BaseMod","BetterRewards","Colored Map","Highlight Path","Minty Spire (QoL Compilation)","StSLib","The Bug Knight"],"gold_per_floor":[136,176,76,110,110,110,285,235,235,269,306,343,343,69,69,189,189,232,157,173,103,169,169,189,207,232,280,42,82,82,120,120,250,250,269,307,307,307],"floor_reached":37,"language":"ENG","playtime":1366,"items_purged":["Defend_P","Strike_P","Defend_P"],"score":575,"play_id":"458b70d0-03ac-4d06-8e03-9dd36c228761","local_time":"20210124002238","is_ascension_mode":false,"campfire_choices":[{"floor":6,"key":"REST"},{"data":"HandOfGreed","floor":15,"key":"SMITH"},{"floor":23,"key":"REST"},{"floor":30,"key":"REST"},{"floor":32,"key":"REST"}],"circlet_count":0,"master_deck":["Strike_P","Strike_P+1","Strike_P","Defend_P","Defend_P","Eruption+1","Vigilance","HandOfGreed+1","Consecrate","FollowUp","Prostrate+1","Conclude","Crescendo+1","Devotion+1","Halt+1","LessonLearned","Halt+1","Clumsy","Omniscience+1","Enlightenment+1","Pray+1","Wish+1","Devotion","Halt+1"],"relics":["PureWater","Strange Spoon","Toxic Egg 2","HornCleat","Pen Nib","Golden Idol","Lee\u0027s Waffle","Cursed Key","Lantern","Black Star"],"acts_visited":["Exordium","TheCity","TheBeyond"],"potions_floor_usage":[],"damage_taken":[{"damage":6,"enemies":"Jaw Worm","floor":1,"turns":3},{"damage":7,"enemies":"2 Louse","floor":2,"turns":3},{"damage":0,"enemies":"Small Slimes","floor":4,"turns":2},{"damage":21,"enemies":"HollowMod:MossKnight","floor":10,"turns":4},{"damage":4,"enemies":"Exordium Thugs","floor":11,"turns":6},{"damage":2,"enemies":"Looter","floor":12,"turns":3},{"damage":63,"enemies":"The Guardian","floor":16,"turns":8},{"damage":43,"enemies":"3 Byrds","floor":18,"turns":5},{"damage":7,"enemies":"2 Thieves","floor":20,"turns":2},{"damage":0,"enemies":"3 Cultists","floor":22,"turns":4},{"damage":1,"enemies":"Snecko","floor":24,"turns":5},{"damage":13,"enemies":"Shelled Parasite and Fungi","floor":25,"turns":4},{"damage":2,"enemies":"Chosen and Byrds","floor":27,"turns":4},{"damage":13,"enemies":"Cultist and Chosen","floor":29,"turns":5},{"damage":18,"enemies":"Shelled Parasite and Fungi","floor":31,"turns":5},{"damage":36,"enemies":"Automaton","floor":33,"turns":8},{"damage":36,"enemies":"3 Darklings","floor":35,"turns":8},{"damage":12,"enemies":"3 Shapes","floor":36,"turns":2},{"damage":47,"enemies":"2 Orb Walkers","floor":37,"turns":3}],"seed_played":"-3400564188890115118","potions_obtained":[{"floor":1,"key":"Energy Potion"},{"floor":10,"key":"SteroidPotion"},{"floor":18,"key":"SkillPotion"},{"floor":36,"key":"AttackPotion"}],"is_trial":false,"path_per_floor":["M","M","$","M","?","R","?","?","T","E","M","M","?","$","R","B",null,"M","?","M","$","M","R","M","M","T","M","$","M","R","M","R","B",null,"M","M","?"],"character_chosen":"WATCHER","items_purchased":["Strange Spoon","HandOfGreed","Lee\u0027s Waffle","LessonLearned","Lantern","Enlightenment+1"],"campfire_rested":4,"item_purchase_floors":[0,0,14,21,28,28],"current_hp_per_floor":[51,44,44,44,41,62,62,62,62,41,37,35,35,79,79,16,79,36,36,29,29,29,52,51,38,38,36,36,23,46,28,51,15,79,43,31,0,0],"gold":307,"neow_bonus":"","is_daily":false,"chose_seed":false,"campfire_upgraded":1,"win_rate":0.0,"timestamp":1611444158,"path_taken":["M","M","$","M","?","R","?","?","T","E","M","M","?","$","R","BOSS","M","?","M","$","M","R","M","M","T","M","$","M","R","M","R","BOSS","M","M","?"],"items_purchased_type":["Relic","Card","Relic","Card","Relic","Card"],"build_version":"2020-12-22","purchased_purges":3,"victory":false,"max_hp_per_floor":[72,72,72,72,72,72,72,72,72,72,72,72,72,79,79,79,79,79,79,79,79,79,79,79,79,79,79,79,79,79,79,79,79,79,79,79,79,79],"card_choices":[{"not_picked":["DeceiveReality","Indignation"],"picked":"Consecrate","floor":1},{"not_picked":["Weave","EmptyMind"],"picked":"FollowUp","floor":2},{"not_picked":["EmptyBody","Protect","WaveOfTheHand"],"picked":"SKIP","floor":4},{"not_picked":["CrushJoints","Ragnarok"],"picked":"Prostrate+1","floor":10},{"not_picked":["Consecrate","CutThroughFate"],"picked":"Conclude","floor":11},{"not_picked":["FollowUp","CarveReality"],"picked":"Crescendo+1","floor":12},{"not_picked":["Vault+1","Alpha+1"],"picked":"Devotion","floor":16},{"not_picked":["FlyingSleeves","CrushJoints","Evaluate+1"],"picked":"SKIP","floor":18},{"not_picked":["Protect+1","CrushJoints"],"picked":"Halt+1","floor":20},{"not_picked":["PathToVictory+1","TalkToTheHand"],"picked":"Halt+1","floor":22},{"not_picked":["EmptyBody+1","Evaluate+1","Study"],"picked":"SKIP","floor":24},{"not_picked":["Swivel+1","FollowUp","BowlingBash+1"],"picked":"SKIP","floor":25},{"not_picked":["SashWhip","EmptyFist"],"picked":"Omniscience+1","floor":27},{"not_picked":["ClearTheMind+1","FlurryOfBlows"],"picked":"Pray+1","floor":29},{"not_picked":["Consecrate","FlurryOfBlows"],"picked":"Wish+1","floor":31},{"not_picked":["Establishment","MasterReality"],"picked":"Devotion","floor":33},{"not_picked":["ClearTheMind+1","SignatureMove","EmptyBody+1"],"picked":"SKIP","floor":35},{"not_picked":["Perseverance+1","ClearTheMind+1"],"picked":"Halt+1","floor":36}],"player_experience":233020,"relics_obtained":[{"floor":9,"key":"HornCleat"},{"floor":10,"key":"Pen Nib"}],"event_choices":[{"damage_healed":0,"gold_gain":0,"player_choice":"Success","damage_taken":3,"relics_obtained":["Toxic Egg 2"],"max_hp_gain":0,"max_hp_loss":0,"event_name":"Scrap Ooze","floor":5,"gold_loss":0},{"damage_healed":0,"gold_gain":175,"player_choice":"AGREE","damage_taken":0,"max_hp_gain":0,"max_hp_loss":0,"event_name":"Liars Game","floor":7,"gold_loss":0,"cards_obtained":["Doubt"]},{"cards_removed":["Doubt"],"damage_healed":0,"gold_gain":0,"player_choice":"Card Removal","damage_taken":0,"max_hp_gain":0,"max_hp_loss":0,"event_name":"The Cleric","floor":8,"gold_loss":50},{"damage_healed":0,"gold_gain":0,"player_choice":"Take Wound","damage_taken":0,"relics_obtained":["Golden Idol"],"max_hp_gain":0,"max_hp_loss":0,"event_name":"Golden Idol","floor":13,"gold_loss":0,"cards_obtained":["Injury"]},{"cards_removed":["Injury"],"damage_healed":0,"gold_gain":0,"player_choice":"Gave Gold","damage_taken":0,"max_hp_gain":0,"max_hp_loss":0,"event_name":"Beggar","floor":19,"gold_loss":75},{"damage_healed":0,"gold_gain":0,"player_choice":"Fight","damage_taken":0,"max_hp_gain":0,"max_hp_loss":0,"event_name":"Mysterious Sphere","floor":37,"gold_loss":0}],"is_beta":false,"boss_relics":[{"not_picked":["Runic Dome","Ectoplasm"],"picked":"Cursed Key"},{"not_picked":["SacredBark","Tiny House"],"picked":"Black Star"}],"items_purged_floors":[0,3,14],"is_endless":false,"potions_floor_spawned":[1,10,18,29,33,36],"killed_by":"2 Orb Walkers","ascension_level":0}}