{"host":"b96hyfeqj1peltkw","time":1611377777,"event":{"mods":["AchievementEnabler","Act Like it!","Arknights The Spire","BaseMod","Block Reminder","Gensokyo","Marisa（霧雨　魔理沙）","Minty Spire (QoL Compilation)","Practice Mode","Reimu（博丽灵梦）","StSLib"],"gold_per_floor":[111,41,41,41,41,41,3,19,19,38,38,73,21,21,21,21,21],"floor_reached":16,"language":"ENG","playtime":430,"items_purged":[],"score":96,"play_id":"8286a814-c63f-4263-b9ad-3c1d69fea281","local_time":"20210123125617","is_ascension_mode":false,"campfire_choices":[{"data":"ats:Emotion Absorption","floor":6,"key":"SMITH"},{"data":"ats:Sashimi Platter","floor":11,"key":"SMITH"},{"data":"ats:Apocalypse","floor":15,"key":"SMITH"}],"circlet_count":0,"master_deck":["ats:Strike C","ats:Strike G","ats:Strike S","ats:Strike V","ats:Defend","ats:Defend","ats:Defend","ats:Defend","ats:Emotion Absorption+1","ats:Sashimi Platter+1","ats:Apocalypse+1","ats:Leaping Hammer","ats:Shell Defense","ats:Shell Defense"],"relics":["ats:Sanity","NeowsBlessing","ats:Rhine Circuitry","Gensokyo:Mercy","Happy Flower","Darkstone Periapt","ats:Originium","Singing Bowl"],"acts_visited":["Gensokyo:Gensokyo"],"potions_floor_usage":[12],"damage_taken":[{"damage":0,"enemies":"Gensokyo:Python","floor":1,"turns":1},{"damage":0,"enemies":"Gensokyo:3_Fairies","floor":8,"turns":2},{"damage":0,"enemies":"Gensokyo:Gryphon","floor":10,"turns":1},{"damage":43,"enemies":"Gensokyo:Aya","floor":12,"turns":7},{"damage":22,"enemies":"Gensokyo:Kokoro","floor":16,"turns":8}],"seed_played":"4773309551816158650","potions_obtained":[{"floor":8,"key":"PowerPotion"},{"floor":12,"key":"ZuzhouPotion:ReiMu"}],"is_trial":false,"path_per_floor":["M","?","?","$","?","R","$","M","T","M","R","E","$","?","R","B"],"character_chosen":"DOCTOR_CLASS","items_purchased":["ats:Sashimi Platter","ats:Shell Defense"],"campfire_rested":0,"item_purchase_floors":[7,13],"current_hp_per_floor":[72,72,72,72,72,72,72,72,72,72,72,44,44,44,44,62,62],"gold":21,"neow_bonus":"THREE_ENEMY_KILL","is_daily":false,"chose_seed":false,"campfire_upgraded":3,"win_rate":0.0,"timestamp":1611377777,"path_taken":["M","?","?","?","?","R","?","M","T","M","R","E","$","?","R","BOSS"],"items_purchased_type":["Card","Card"],"build_version":"2020-12-22","purchased_purges":0,"victory":false,"max_hp_per_floor":[72,72,72,72,72,72,72,72,72,72,72,72,72,72,72,72,72],"card_choices":[{"not_picked":["ats:Powerful Strike","ats:Flexible Camouflage"],"picked":"ats:Hammer On","floor":1},{"not_picked":["ats:Flexible Camouflage","ats:Poison Spread"],"picked":"ats:Apocalypse","floor":8},{"not_picked":["ats:Explosion Area Strengthen","ats:Consecutive Shot Auto"],"picked":"ats:Leaping Hammer","floor":10},{"not_picked":["ats:Leaping Hammer","ats:Blood Oath"],"picked":"ats:Shell Defense","floor":12}],"player_experience":1411660,"relics_obtained":[{"floor":9,"key":"Darkstone Periapt"},{"floor":12,"key":"ats:Originium"},{"floor":12,"key":"Singing Bowl"}],"event_choices":[],"is_beta":false,"boss_relics":[],"items_purged_floors":[],"is_endless":false,"potions_floor_spawned":[8,12],"killed_by":"Gensokyo:Kokoro","ascension_level":0}}