{"host":"l99crexq2sc8megk","time":1611403880,"event":{"mods":["BaseMod","Hermit","Minty Spire (QoL Compilation)","Quick Restart","StSLib","The Cursed"],"gold_per_floor":[109,19,31,108,124,153,153,170,170,170,181,181,191,191,191,286,286,313,325,317,353,385,397,409,409],"floor_reached":24,"language":"ZHS","playtime":757,"items_purged":[],"score":356,"play_id":"0cec2d74-73cc-4c22-a7c9-918a6e2c24dc","local_time":"20210123201120","is_ascension_mode":true,"campfire_choices":[{"data":"Uppercut","floor":7.0,"key":"SMITH"},{"data":"Corruption","floor":10.0,"key":"SMITH"},{"data":"Second Wind","floor":15.0,"key":"SMITH"},{"data":"Whirlwind","floor":23,"key":"SMITH"}],"circlet_count":0,"master_deck":["AscendersBane","Strike_R","Strike_R","Strike_R","Strike_R","Strike_R","Defend_R","Defend_R","Defend_R","Defend_R","Bash","Second Wind+1","Uppercut+1","Metallicize","Rampage","Corruption+1","Whirlwind+1","Impervious","CurseOfTheBell"],"relics":["Coffee Dripper","Nunchaku","Oddly Smooth Stone","Golden Idol","Calling Bell","MawBank","Meat on the Bone","Champion Belt"],"acts_visited":["Exordium","TheCity"],"potions_floor_usage":[24,24],"damage_taken":[{"damage":6.0,"enemies":"Cultist","floor":1.0,"turns":3.0},{"damage":0.0,"enemies":"2 Louse","floor":3.0,"turns":2.0},{"damage":0.0,"enemies":"Jaw Worm","floor":5.0,"turns":3.0},{"damage":19.0,"enemies":"Lagavulin","floor":6.0,"turns":6.0},{"damage":8.0,"enemies":"Looter","floor":8.0,"turns":3.0},{"damage":1.0,"enemies":"3 Louse","floor":11.0,"turns":4.0},{"damage":19.0,"enemies":"Exordium Thugs","floor":13.0,"turns":5.0},{"damage":1.0,"enemies":"Slime Boss","floor":16.0,"turns":9.0},{"damage":0.0,"enemies":"3 Byrds","floor":18.0,"turns":5.0},{"damage":26,"enemies":"Spheric Guardian","floor":21,"turns":6},{"damage":40,"enemies":"Cultist and Chosen","floor":22,"turns":8},{"damage":16,"enemies":"Slavers","floor":24,"turns":1}],"seed_played":"7620991654216301627","potions_obtained":[{"floor":3.0,"key":"Explosive Potion"},{"floor":8.0,"key":"Strength Potion"},{"floor":18.0,"key":"DuplicationPotion"},{"floor":20,"key":"BlessingOfTheForge"}],"is_trial":false,"path_per_floor":["M","$","M","?","M","E","R","M","T","R","M","$","M","?","R","B",null,"M","?","?","M","M","R","E"],"character_chosen":"IRONCLAD","items_purchased":["Uppercut","Explosive Potion"],"campfire_rested":0,"item_purchase_floors":[2,2],"current_hp_per_floor":[62,62,62,62,62,43,43,35,35,35,34,34,15,15,15,14,55,55,55,55,41,13,13,0,0],"gold":409,"neow_bonus":"BOSS_RELIC","is_daily":false,"chose_seed":false,"campfire_upgraded":4,"win_rate":0.0,"timestamp":1611403880,"path_taken":["M","?","M","?","M","E","R","M","T","R","M","$","M","?","R","BOSS","M","?","?","?","M","R","E"],"items_purchased_type":["Card","Potion"],"build_version":"2020-12-22","purchased_purges":0,"victory":false,"max_hp_per_floor":[75,75,75,75,75,75,75,75,75,75,75,75,75,68,68,68,68,68,68,68,68,68,68,68,68],"card_choices":[{"not_picked":["Cleave","Clothesline"],"picked":"Second Wind","floor":1.0},{"not_picked":["Sever Soul","Iron Wave"],"picked":"Metallicize","floor":3.0},{"not_picked":["Armaments","Sword Boomerang"],"picked":"Rampage","floor":5.0},{"not_picked":["Sentinel","Reckless Charge","Clothesline"],"picked":"SKIP","floor":6.0},{"not_picked":["Havoc","Dropkick"],"picked":"Corruption","floor":8.0},{"not_picked":["Clothesline","Armaments","Entrench"],"picked":"SKIP","floor":11.0},{"not_picked":["Body Slam","Flex"],"picked":"Whirlwind","floor":13.0},{"not_picked":["Feed","Berserk"],"picked":"Impervious","floor":16.0},{"not_picked":["Sword Boomerang","Heavy Blade","Perfected Strike"],"picked":"SKIP","floor":18.0},{"not_picked":["Cleave+1","Sword Boomerang","Feed"],"picked":"SKIP","floor":21},{"not_picked":["True Grit","Wild Strike+1","Spot Weakness"],"picked":"SKIP","floor":22}],"player_experience":365316,"relics_obtained":[{"floor":6.0,"key":"Nunchaku"},{"floor":9.0,"key":"Oddly Smooth Stone"},{"floor":17.0,"key":"MawBank"},{"floor":17.0,"key":"Meat on the Bone"},{"floor":17.0,"key":"Champion Belt"}],"event_choices":[{"damage_healed":0.0,"max_hp_gain":0.0,"max_hp_loss":0.0,"gold_gain":77.0,"event_name":"Golden Wing","player_choice":"Gained Gold","floor":4.0,"gold_loss":0.0,"damage_taken":0.0},{"damage_healed":0.0,"max_hp_gain":0.0,"max_hp_loss":7.0,"gold_gain":0.0,"event_name":"Golden Idol","player_choice":"Lose Max HP","floor":14.0,"gold_loss":0.0,"damage_taken":0.0,"relics_obtained":["Golden Idol"]},{"damage_healed":0,"gold_gain":0,"player_choice":"Ignored","damage_taken":0,"max_hp_gain":0,"max_hp_loss":0,"event_name":"The Mausoleum","floor":19,"gold_loss":0},{"damage_healed":0,"gold_gain":0,"player_choice":"Bought 1 Potion","damage_taken":0,"max_hp_gain":0,"max_hp_loss":0,"event_name":"The Woman in Blue","floor":20,"gold_loss":0}],"is_beta":false,"boss_relics":[{"not_picked":["Snecko Eye","Philosopher\u0027s Stone"],"picked":"Calling Bell"}],"items_purged_floors":[],"is_endless":false,"potions_floor_spawned":[3,6,8,18],"killed_by":"Slavers","ascension_level":16}}