{"host":"k0kjm4m87pwj4phr","time":1611366566,"event":{"mods":["BaseMod","Colored Map","Colored Powertips","Minty Spire (QoL Compilation)","Permanent Neow","Quick Restart","Relic Stats","StSLib","óô»ðÖ¸ÄÏ"],"gold_per_floor":[119,44,44,58,77,77,102,102,177,211,226,301,333,347,347,347,347],"floor_reached":16,"language":"ZHS","playtime":577,"items_purged":[],"score":220,"play_id":"fe7ffe16-98fb-4722-9e60-02de9fcf110f","local_time":"20210123094926","is_ascension_mode":true,"campfire_choices":[{"data":"Bullet Time","floor":6,"key":"SMITH"},{"data":"Eviscerate","floor":8,"key":"SMITH"},{"floor":15,"key":"REST"}],"circlet_count":0,"master_deck":["AscendersBane","Strike_G","Strike_G","Strike_G","Strike_G","Defend_G","Defend_G+1","Survivor+1","Neutralize","Infinite Blades+1","Underhanded Strike+1","Masterful Stab+1","Bullet Time+1","Eviscerate+1","Footwork","Wraith Form v2","Expertise"],"relics":["Astrolabe","Odd Mushroom","War Paint","Bird Faced Urn"],"acts_visited":["Exordium"],"potions_floor_usage":[13,13,16],"damage_taken":[{"damage":0,"enemies":"Small Slimes","floor":1,"turns":2},{"damage":0,"enemies":"2 Louse","floor":4,"turns":2},{"damage":4,"enemies":"Jaw Worm","floor":5,"turns":3},{"damage":4,"enemies":"The Mushroom Lair","floor":7,"turns":3},{"damage":8,"enemies":"Gremlin Nob","floor":10,"turns":3},{"damage":3,"enemies":"Looter","floor":11,"turns":3},{"damage":17,"enemies":"3 Sentries","floor":13,"turns":5},{"damage":6,"enemies":"Blue Slaver","floor":14,"turns":5},{"damage":39,"enemies":"Hexaghost","floor":16,"turns":9}],"seed_played":"2947868960711812343","potions_obtained":[{"floor":1,"key":"CultistPotion"},{"floor":4,"key":"PowerPotion"},{"floor":13,"key":"BlessingOfTheForge"}],"is_trial":false,"path_per_floor":["M","?","$","M","M","R","?","R","T","E","M","?","E","M","R","B"],"character_chosen":"THE_SILENT","items_purchased":[],"campfire_rested":1,"item_purchase_floors":[],"current_hp_per_floor":[59,59,59,59,55,55,51,51,51,43,40,29,12,12,31,0,0],"gold":347,"neow_bonus":"BOSS_RELIC","is_daily":false,"chose_seed":false,"campfire_upgraded":2,"win_rate":0.0,"timestamp":1611366566,"path_taken":["M","?","$","M","M","R","?","R","T","E","M","?","E","M","R","BOSS"],"items_purchased_type":[],"build_version":"2020-12-22","purchased_purges":0,"victory":false,"max_hp_per_floor":[66,66,66,66,66,66,66,66,66,66,66,66,66,66,66,66,66],"relic_stats":{"counters":[9,35],"Astrolabe":["Infinite Blades","Underhanded Strike","Masterful Stab"],"Bird Faced Urn":[10],"War Paint":["Defend_G","Survivor"],"obtain_stats":[{"Astrolabe":0,"Bird Faced Urn":13,"Odd Mushroom":7,"War Paint":10,"Ring of the Snake":0},{"Astrolabe":0,"Bird Faced Urn":7,"Odd Mushroom":4,"War Paint":5,"Ring of the Snake":0},{"Astrolabe":0,"Bird Faced Urn":21,"Odd Mushroom":10,"War Paint":13,"Ring of the Snake":0}]},"card_choices":[{"not_picked":["Dagger Spray","Bane","Endless Agony"],"picked":"SKIP","floor":1},{"not_picked":["Cloak And Dagger","Catalyst"],"picked":"Bullet Time","floor":4},{"not_picked":["Quick Slash","Infinite Blades"],"picked":"Eviscerate","floor":5},{"not_picked":["Dodge and Roll","Bane"],"picked":"Footwork","floor":10},{"not_picked":["Deadly Poison","Catalyst"],"picked":"Wraith Form v2","floor":11},{"not_picked":["PiercingWail","Terror"],"picked":"Expertise","floor":13},{"not_picked":["Sucker Punch","Heel Hook","Flying Knee"],"picked":"SKIP","floor":14}],"player_experience":440865,"relics_obtained":[{"floor":7,"key":"Odd Mushroom"},{"floor":10,"key":"War Paint"},{"floor":13,"key":"Bird Faced Urn"}],"event_choices":[{"cards_removed":["Strike_G"],"damage_healed":0,"gold_gain":0,"player_choice":"Card Removal","damage_taken":0,"max_hp_gain":0,"max_hp_loss":0,"event_name":"The Cleric","floor":2,"gold_loss":75},{"damage_healed":0,"gold_gain":0,"player_choice":"Fought Mushrooms","damage_taken":0,"max_hp_gain":0,"max_hp_loss":0,"event_name":"Mushrooms","floor":7,"gold_loss":0},{"damage_healed":0,"gold_gain":75,"player_choice":"Gather Gold","damage_taken":11,"max_hp_gain":0,"max_hp_loss":0,"event_name":"World of Goop","floor":12,"gold_loss":0}],"is_beta":false,"boss_relics":[],"items_purged_floors":[],"is_endless":false,"potions_floor_spawned":[1,4,13],"killed_by":"Hexaghost","ascension_level":20}}