{"host":"vyjryxuuuxkt43k4","time":1611379259,"event":{"mods":["AchievementEnabler","BaseMod","Colored Map","DeckTracker","Keyboard Shortcuts","Minty Spire (QoL Compilation)","Permanent Neow","Quick Restart","StSLib","SuperFastMode","everything is the same but u backflip on backflip"],"gold_per_floor":[117,117,40,40,40,73,73,73,119,119,119,119,119,132,132,222,222,243,270,320,333,351,351,26,61,111,111,124,174,2,25,25,25,25],"floor_reached":33,"language":"KOR","playtime":908,"items_purged":[],"score":501,"play_id":"e43ca09c-6909-4148-a474-38c9399f2ac2","local_time":"20210123142059","is_ascension_mode":true,"campfire_choices":[{"data":"Carnage","floor":8.0,"key":"SMITH"},{"floor":10.0,"key":"REST"},{"data":"Double Tap","floor":15.0,"key":"SMITH"},{"data":"Offering","floor":23.0,"key":"SMITH"},{"data":"Inflame","floor":32.0,"key":"SMITH"}],"circlet_count":0,"master_deck":["AscendersBane","Strike_R","Strike_R","Strike_R","Defend_R","Defend_R","Defend_R","Defend_R","Bash","Shrug It Off","Carnage+1","Double Tap+1","Headbutt","Offering+1","Shrug It Off","Pummel","Burning Pact+1","Inflame+1"],"relics":["Burning Blood","Tiny Chest","Bag of Preparation","Golden Idol","Pen Nib","Bottled Lightning","Juzu Bracelet","Coffee Dripper","Bronze Scales","TungstenRod","Ornamental Fan","Lantern","TheAbacus","Red Skull"],"acts_visited":["Exordium","TheCity"],"potions_floor_usage":[33],"damage_taken":[{"damage":6.0,"enemies":"Cultist","floor":1.0,"turns":4.0},{"damage":32.0,"enemies":"Gremlin Nob","floor":6.0,"turns":4.0},{"damage":11.0,"enemies":"Small Slimes","floor":14.0,"turns":3.0},{"damage":42.0,"enemies":"Hexaghost","floor":16.0,"turns":7.0},{"damage":18.0,"enemies":"2 Thieves","floor":18.0,"turns":3.0},{"damage":12.0,"enemies":"Chosen","floor":21.0,"turns":3.0},{"damage":7.0,"enemies":"Centurion and Healer","floor":22.0,"turns":3.0},{"damage":18.0,"enemies":"Book of Stabbing","floor":25.0,"turns":3.0},{"damage":5.0,"enemies":"Cultist and Chosen","floor":28.0,"turns":3.0},{"damage":28,"enemies":"Champ","floor":33,"turns":3}],"seed_played":"3358312467311623189","potions_obtained":[{"floor":14.0,"key":"Block Potion"},{"floor":16.0,"key":"Fire Potion"},{"floor":25.0,"key":"AttackPotion"},{"floor":28.0,"key":"Energy Potion"}],"is_trial":false,"path_per_floor":["M","?","$","?","?","E","T","R","T","R","?","?","?","M","R","B",null,"M","T","?","M","M","R","$","E","T","?","M","?","$","T","R","B"],"character_chosen":"IRONCLAD","items_purchased":["Carnage","TungstenRod","TheAbacus"],"campfire_rested":1,"item_purchase_floors":[3,24,30],"current_hp_per_floor":[68,61,61,50,50,24,24,24,24,44,34,68,68,63,63,27,58,46,46,40,34,33,33,33,21,21,21,22,22,22,22,22,0,0],"gold":25,"neow_bonus":"RANDOM_COMMON_RELIC","is_daily":false,"chose_seed":false,"campfire_upgraded":4,"win_rate":0.0,"timestamp":1611379259,"path_taken":["M","?","$","?","?","E","?","R","T","R","?","?","?","M","R","BOSS","M","?","?","M","M","R","$","E","T","?","M","?","$","?","R","BOSS"],"items_purchased_type":["Card","Relic","Relic"],"build_version":"2020-12-22","purchased_purges":0,"victory":false,"max_hp_per_floor":[75,75,75,75,68,68,68,68,68,68,68,68,68,68,68,68,68,68,68,68,68,68,68,68,68,68,68,68,68,68,68,68,68,68],"card_choices":[{"not_picked":["Cleave","Havoc"],"picked":"Shrug It Off","floor":1.0},{"not_picked":["Armaments","Burning Pact"],"picked":"Double Tap","floor":6.0},{"not_picked":["Spot Weakness","Warcry"],"picked":"Headbutt","floor":14.0},{"not_picked":["Berserk","Immolate"],"picked":"Offering","floor":16.0},{"not_picked":["Cleave","Body Slam"],"picked":"Shrug It Off","floor":18.0},{"not_picked":["Perfected Strike","True Grit"],"picked":"Pummel","floor":21.0},{"not_picked":["Headbutt+1","Cleave","Rupture"],"picked":"SKIP","floor":22.0},{"not_picked":["Twin Strike","Armaments"],"picked":"Burning Pact+1","floor":25.0},{"not_picked":["Wild Strike","Flex"],"picked":"Inflame","floor":28.0}],"player_experience":248984,"relics_obtained":[{"floor":6.0,"key":"Pen Nib"},{"floor":7.0,"key":"Bottled Lightning"},{"floor":9.0,"key":"Juzu Bracelet"},{"floor":19.0,"key":"Bronze Scales"},{"floor":25.0,"key":"Ornamental Fan"},{"floor":26.0,"key":"Lantern"},{"floor":31.0,"key":"Red Skull"}],"event_choices":[{"cards_removed":["Strike_R"],"damage_healed":0.0,"max_hp_gain":0.0,"max_hp_loss":0.0,"gold_gain":0.0,"event_name":"Golden Wing","player_choice":"Card Removal","floor":2.0,"gold_loss":0.0,"damage_taken":7.0},{"damage_healed":0.0,"max_hp_gain":0.0,"max_hp_loss":0.0,"gold_gain":0.0,"event_name":"Scrap Ooze","player_choice":"Success","floor":4.0,"gold_loss":0.0,"damage_taken":11.0,"relics_obtained":["Bag of Preparation"]},{"damage_healed":0.0,"max_hp_gain":0.0,"max_hp_loss":7.0,"gold_gain":0.0,"event_name":"Golden Idol","player_choice":"Lose Max HP","floor":5.0,"gold_loss":0.0,"damage_taken":0.0,"relics_obtained":["Golden Idol"]},{"damage_healed":0.0,"max_hp_gain":0.0,"max_hp_loss":0.0,"gold_gain":0.0,"event_name":"Wheel of Change","player_choice":"Damaged","floor":11.0,"gold_loss":0.0,"damage_taken":10.0},{"damage_healed":34.0,"max_hp_gain":0.0,"max_hp_loss":0.0,"gold_gain":0.0,"event_name":"Wheel of Change","player_choice":"Full Heal","floor":12.0,"gold_loss":0.0,"damage_taken":0.0},{"damage_healed":0.0,"max_hp_gain":0.0,"max_hp_loss":0.0,"gold_gain":0.0,"event_name":"Liars Game","player_choice":"Ignored","floor":13.0,"gold_loss":0.0,"damage_taken":0.0},{"damage_healed":0.0,"max_hp_gain":0.0,"max_hp_loss":0.0,"gold_gain":50.0,"event_name":"FaceTrader","player_choice":"Touch","floor":20.0,"gold_loss":0.0,"damage_taken":6.0},{"cards_removed":["Strike_R"],"damage_healed":0.0,"max_hp_gain":0.0,"max_hp_loss":0.0,"gold_gain":0.0,"event_name":"Back to Basics","player_choice":"Elegance","floor":27.0,"gold_loss":0.0,"damage_taken":0.0},{"damage_healed":0.0,"max_hp_gain":0.0,"max_hp_loss":0.0,"gold_gain":50.0,"event_name":"Nest","player_choice":"Stole From Cult","floor":29.0,"gold_loss":0.0,"damage_taken":0.0}],"is_beta":false,"boss_relics":[{"not_picked":["Fusion Hammer","Runic Pyramid"],"picked":"Coffee Dripper"}],"items_purged_floors":[],"is_endless":false,"potions_floor_spawned":[14,16,25,28],"killed_by":"Champ","ascension_level":19}}