{"host":"7vyuhf36gh5rmcz2","time":1611423378,"event":{"mods":["AchievementEnabler","BaseMod","Highlight Path","Minty Spire (QoL Compilation)","StSLib"],"gold_per_floor":[159,177,177,189,189,189,221,221,221,221,57,72,87,106,106,234,234,248,298,313,313,313],"floor_reached":21,"language":"ENG","playtime":1046,"items_purged":[],"score":281,"play_id":"ec718fc5-fd2b-44eb-8ab1-8bc40383f595","local_time":"20210123173618","is_ascension_mode":true,"campfire_choices":[{"data":"Searing Blow","floor":6,"key":"SMITH"},{"floor":8,"key":"REST"},{"data":"Mayhem","floor":15,"key":"SMITH"}],"circlet_count":0,"master_deck":["AscendersBane","Strike_R","Strike_R","Strike_R+1","Strike_R+1","Defend_R","Defend_R","Defend_R","Defend_R","Bash","Flex+1","True Grit","Metallicize","Searing Blow+1","Uppercut+1","Mayhem+1","Headbutt+1","Battle Trance","Ghostly Armor","Barricade"],"relics":["Tiny House","Molten Egg 2","Gremlin Horn","Golden Idol","Sozu"],"acts_visited":["Exordium","TheCity"],"potions_floor_usage":[7,13,16,16],"damage_taken":[{"damage":8,"enemies":"Jaw Worm","floor":1,"turns":5},{"damage":0,"enemies":"2 Louse","floor":2,"turns":3},{"damage":1,"enemies":"Small Slimes","floor":4,"turns":4},{"damage":22,"enemies":"Lagavulin","floor":7,"turns":6},{"damage":6,"enemies":"2 Fungi Beasts","floor":12,"turns":4},{"damage":0,"enemies":"Gremlin Gang","floor":13,"turns":2},{"damage":2,"enemies":"Exordium Wildlife","floor":14,"turns":4},{"damage":20,"enemies":"The Guardian","floor":16,"turns":9},{"damage":2,"enemies":"Chosen","floor":18,"turns":4},{"damage":24,"enemies":"3 Byrds","floor":20,"turns":7},{"damage":40,"enemies":"Centurion and Healer","floor":21,"turns":6}],"seed_played":"9066687142736182927","potions_obtained":[{"floor":0,"key":"DuplicationPotion"},{"floor":1,"key":"CultistPotion"},{"floor":4,"key":"Fire Potion"},{"floor":12,"key":"SneckoOil"},{"floor":13,"key":"FearPotion"}],"is_trial":false,"path_per_floor":["M","M","?","M","?","R","E","R","T","?","$","M","M","M","R","B",null,"M","?","M","M"],"character_chosen":"IRONCLAD","items_purchased":["Mayhem"],"campfire_rested":1,"item_purchase_floors":[11],"current_hp_per_floor":[69,69,62,61,44,44,22,47,47,47,47,41,41,39,39,19,64,62,62,38,0,0],"gold":313,"neow_bonus":"BOSS_RELIC","is_daily":false,"chose_seed":false,"campfire_upgraded":2,"win_rate":0.0,"timestamp":1611423378,"path_taken":["M","M","?","M","?","R","E","R","T","?","$","M","M","M","R","BOSS","M","?","M","?"],"items_purchased_type":["Card"],"build_version":"2020-12-22","purchased_purges":0,"victory":false,"max_hp_per_floor":[85,85,85,85,85,85,85,85,85,79,79,79,79,79,79,79,79,79,79,79,79,79],"card_choices":[{"not_picked":["Headbutt","Infernal Blade"],"picked":"Flex","floor":0},{"not_picked":["Infernal Blade","Anger"],"picked":"True Grit","floor":1},{"not_picked":["Body Slam","Twin Strike"],"picked":"Metallicize","floor":2},{"not_picked":["Intimidate","Offering"],"picked":"Searing Blow","floor":4},{"not_picked":["Clothesline+1","Havoc"],"picked":"Uppercut+1","floor":7},{"not_picked":["Infernal Blade","Flex"],"picked":"Headbutt+1","floor":12},{"not_picked":["Havoc","Warcry"],"picked":"Battle Trance","floor":13},{"not_picked":["Havoc","Evolve"],"picked":"Ghostly Armor","floor":14},{"not_picked":["Exhume","Double Tap"],"picked":"Barricade","floor":16},{"not_picked":["Bloodletting+1","Headbutt+1","Havoc+1"],"picked":"SKIP","floor":18},{"not_picked":["Heavy Blade+1","Armaments","Sword Boomerang+1"],"picked":"SKIP","floor":20}],"player_experience":540741,"relics_obtained":[{"floor":7,"key":"Molten Egg 2"},{"floor":9,"key":"Gremlin Horn"}],"event_choices":[{"cards_removed":["Strike_R"],"damage_healed":0,"gold_gain":0,"player_choice":"Card Removal","damage_taken":7,"max_hp_gain":0,"max_hp_loss":0,"event_name":"Golden Wing","floor":3,"gold_loss":0},{"damage_healed":0,"gold_gain":0,"player_choice":"Entered Light","damage_taken":17,"max_hp_gain":0,"max_hp_loss":0,"event_name":"Shining Light","floor":5,"gold_loss":0,"cards_upgraded":["Flex","Strike_R"]},{"damage_healed":0,"gold_gain":0,"player_choice":"Lose Max HP","damage_taken":0,"relics_obtained":["Golden Idol"],"max_hp_gain":0,"max_hp_loss":6,"event_name":"Golden Idol","floor":10,"gold_loss":0},{"damage_healed":0,"gold_gain":100,"player_choice":"Bet on Murderer","damage_taken":0,"max_hp_gain":0,"max_hp_loss":0,"event_name":"The Joust","floor":19,"gold_loss":50}],"is_beta":false,"boss_relics":[{"not_picked":["Busted Crown","Runic Dome"],"picked":"Sozu"}],"items_purged_floors":[],"is_endless":false,"potions_floor_spawned":[1,4,12,13,20],"killed_by":"Centurion and Healer","ascension_level":11}}