{"host":"yuhibl5o0ay6idau","time":1611445919,"event":{"mods":["Act Like it!","Aspiration","BaseMod","Better Altar","Better Match","Better Note","Better Sensory Stone","Better Skull","Better Third Choice","CCEM","Colored Map","Colored Powertips","Conspire","DeckTracker","GifTheSpireLib","Highlight Path","Jedi Mod","Minty Spire (QoL Compilation)","Permanent Neow","Quick Restart","Random Character Button","Replay The Spire","StSLib","Stuff the Spire","SuperFastMode","vexMod"],"gold_per_floor":[112,128,143,10,25,59,59,87,87,117,143,43,43,69,69,168,168,185,196,19,19,19,50,50,80,80,91,66,117,160,10,10,121,148,168,168,195,20,40,58,58,245,245,245,20,20,20,20,20,20,20,20,20,20,20,20],"floor_reached":55,"language":"ENG","playtime":4979,"items_purged":["Injury","Strike_B","Strike_B","Strike_B","Reprogram+1","Fusion+1","Defend_B"],"score":999,"play_id":"6a4168ba-c907-4bbb-86cf-b25b9c27c205","local_time":"20210123155159","is_ascension_mode":true,"campfire_choices":[{"data":"Zap","floor":7,"key":"SMITH"},{"data":"Dualcast","floor":13,"key":"SMITH"},{"data":"Tempest","floor":15,"key":"SMITH"},{"data":"StuffTheSpire:CopiaOfFamine","floor":24,"key":"SMITH"},{"data":"ReplayTheSpireMod:Calculation Training","floor":32,"key":"SMITH"},{"data":"StuffTheSpire:Synthwave","floor":41,"key":"SMITH"},{"floor":44,"key":"RECALL"},{"data":"jedi:overflow","floor":49,"key":"SMITH"},{"data":"Electrodynamics","floor":52,"key":"SMITH"}],"circlet_count":0,"master_deck":["Defend_B","Defend_B","Zap+1","Go for the Eyes","jedi:blockon","Tempest+1","jedi:markofdeath+1","Core Surge","Leap","jedi:BurstFrost","jedi:overflow+1","Seek","StuffTheSpire:Synthwave+1","ReplayTheSpireMod:Calculation Training+1","Defragment+1","StuffTheSpire:CopiaOfFamine+1","Leap","jedi:BurstFrost+1","Electrodynamics+1","Reinforced Body+1"],"relics":["Cracked Core","jedi:firstaidkit","CCEMRelics:GrindingGear","StuffTheSpire:Experiment12","jedi:archwizardhat","StuffTheSpire:Barrel","CCEMRelics:FryingPan","Ancient Tea Set","vexMod:BigBerry","StoneCalendar","CCEMRelics:JestersCrown","Iron Hammer","CeramicFish","Bottled Tornado","Astrolabe","vexMod:BarristanHead","jedi:ominousloannote","StuffTheSpire:MayFlowers"],"acts_visited":["Exordium","TheCity","TheBeyond","TheEnding"],"potions_floor_usage":[6,8,8,23,55,55,55],"damage_taken":[{"damage":1,"enemies":"Cultist","floor":1,"turns":3},{"damage":7,"enemies":"Jaw Worm","floor":2,"turns":5},{"damage":0,"enemies":"Small Slimes","floor":3,"turns":3},{"damage":7,"enemies":"Blue Slaver","floor":5,"turns":4},{"damage":27,"enemies":"3 Sentries","floor":6,"turns":8},{"damage":7,"enemies":"Gremlin Nob","floor":8,"turns":3},{"damage":11,"enemies":"3 Sentries","floor":10,"turns":6},{"damage":8,"enemies":"Replay:BlueRogue","floor":11,"turns":4},{"damage":7,"enemies":"Lagavulin","floor":14,"turns":6},{"damage":11,"enemies":"The Guardian","floor":16,"turns":10},{"damage":0,"enemies":"Chosen","floor":18,"turns":4},{"damage":23,"enemies":"3 Byrds","floor":19,"turns":6},{"damage":7,"enemies":"Book of Stabbing","floor":23,"turns":5},{"damage":6,"enemies":"Replay:Snechameleon","floor":25,"turns":4},{"damage":0,"enemies":"conspire:HollyBat","floor":27,"turns":4},{"damage":8,"enemies":"conspire:SneckoGhost","floor":30,"turns":5},{"damage":7,"enemies":"Collector","floor":33,"turns":8},{"damage":0,"enemies":"3 Darklings","floor":35,"turns":3},{"damage":3,"enemies":"Orb Walker","floor":39,"turns":4},{"damage":0,"enemies":"Sphere and 2 Shapes","floor":40,"turns":4},{"damage":0,"enemies":"3 Darklings","floor":46,"turns":3},{"damage":0,"enemies":"Transient","floor":47,"turns":5},{"damage":0,"enemies":"Spire Growth","floor":48,"turns":3},{"damage":62,"enemies":"Time Eater","floor":50,"turns":10},{"damage":104,"enemies":"Shield and Spear","floor":54,"turns":7},{"damage":30,"enemies":"The Heart","floor":55,"turns":3}],"seed_played":"6339753318879840295","potions_obtained":[{"floor":1,"key":"SteroidPotion"},{"floor":5,"key":"CultistPotion"},{"floor":6,"key":"LiquidMemories"},{"floor":10,"key":"jedi:wingpotion"},{"floor":11,"key":"Reflective Coating"},{"floor":18,"key":"SteroidPotion"},{"floor":25,"key":"jedi:tentaclejuice"},{"floor":27,"key":"LiquidBronze"},{"floor":40,"key":"Dexterity Potion"}],"is_trial":false,"path_per_floor":["M","M","M","$","M","E","R","E","T","E","E","$","R","E","R","B",null,"M","M","$","?","?","E","R","E","T","M","?","T","E","$","R","B",null,"M","?","T","$","M","M","R","$","T","R","$","M","M","M","R","B",null,"R","$","E","B"],"character_chosen":"DEFECT","items_purchased":["jedi:markofdeath+1","Defragment+1","jedi:ominousloannote"],"campfire_rested":0,"item_purchase_floors":[4,20,42],"current_hp_per_floor":[67,67,67,67,63,48,48,41,41,37,32,32,32,35,35,40,96,96,105,105,85,85,89,89,91,91,91,91,91,83,83,83,95,103,103,103,103,103,105,105,105,105,105,105,105,105,105,105,105,57,93,93,93,27,0,0],"gold":20,"neow_bonus":"ONE_RARE_RELIC","is_daily":false,"chose_seed":false,"campfire_upgraded":8,"win_rate":0.0,"timestamp":1611445919,"path_taken":["M","M","M","$","?","E","R","E","T","E","E","$","R","E","R","BOSS","M","M","$","?","?","E","R","E","T","M","?","?","E","$","R","BOSS","M","?","?","$","?","M","R","?","T","R","$","M","M","?","R","BOSS","R","$","E","BOSS"],"items_purchased_type":["Card","Card","Relic"],"build_version":"2020-12-22","purchased_purges":7,"victory":false,"max_hp_per_floor":[75,75,75,75,75,75,75,75,75,75,75,75,75,75,75,75,105,105,105,105,105,105,105,105,105,105,105,105,105,105,105,105,105,105,105,105,105,105,105,105,105,105,105,105,105,105,105,105,105,105,105,105,105,105,105,105],"card_choices":[{"not_picked":["Sunder","BasicCrystalCard"],"picked":"Go for the Eyes","floor":1},{"not_picked":["Steam","Panic Button"],"picked":"jedi:blockon","floor":2},{"not_picked":["Turbo","Stack"],"picked":"Tempest","floor":3},{"not_picked":["Panic Button","jedi:BurstLightning","Go for the Eyes"],"picked":"SKIP","floor":5},{"not_picked":["Recycle","Static Discharge"],"picked":"Core Surge","floor":6},{"not_picked":["aspiration:Polymerization","Streamline"],"picked":"Leap","floor":8},{"not_picked":["Cold Snap","ReplayTheSpireMod:Repulse","Rebound"],"picked":"SKIP","floor":10},{"not_picked":["Compile Driver","Buffer"],"picked":"jedi:BurstFrost","floor":11},{"not_picked":["Reinforced Body","StuffTheSpire:LoadUp"],"picked":"jedi:overflow","floor":14},{"not_picked":["Reboot","StuffTheSpire:LaunchingStrike"],"picked":"Seek","floor":16},{"not_picked":["Stack","conspire:SharedLibrary"],"picked":"StuffTheSpire:Synthwave","floor":18},{"not_picked":["jedi:BurstFrost","Reinforced Body+1"],"picked":"ReplayTheSpireMod:Calculation Training","floor":19},{"not_picked":["jedi:BurstLightning","Steam","Turbo"],"picked":"SKIP","floor":23},{"not_picked":["jedi:blockon","StuffTheSpire:GlassShard"],"picked":"Leap","floor":25},{"not_picked":["conspire:SharedLibrary+1","jedi:BurstLightning","StuffTheSpire:SnapShoot"],"picked":"SKIP","floor":27},{"not_picked":["Genetic Algorithm+1","Leap"],"picked":"jedi:BurstFrost+1","floor":30},{"not_picked":["ReplayTheSpireMod:Omega Cannon","jedi:darknesscall"],"picked":"Electrodynamics","floor":33},{"not_picked":["jedi:BurstFrost+1","Compile Driver","Beam Cell+1"],"picked":"SKIP","floor":35},{"not_picked":["Auto Shields+1","Steam+1","Scrape+1"],"picked":"SKIP","floor":39},{"not_picked":["Gash+1","Crystallizer","Steam+1"],"picked":"SKIP","floor":40},{"not_picked":["Hologram+1","StuffTheSpire:Rend+1","Go for the Eyes+1"],"picked":"SKIP","floor":46},{"not_picked":["Stack+1","Rebound+1","Coolheaded"],"picked":"SKIP","floor":47},{"not_picked":["Steam Power+1","Doom and Gloom","Beam Cell+1"],"picked":"SKIP","floor":48},{"not_picked":["Rip and Tear+1","Storm","StuffTheSpire:Purify"],"picked":"SKIP","floor":54}],"player_experience":465738,"relics_obtained":[{"floor":6,"key":"CCEMRelics:GrindingGear"},{"floor":8,"key":"StuffTheSpire:Experiment12"},{"floor":9,"key":"jedi:archwizardhat"},{"floor":10,"key":"StuffTheSpire:Barrel"},{"floor":11,"key":"CCEMRelics:FryingPan"},{"floor":14,"key":"Ancient Tea Set"},{"floor":23,"key":"StoneCalendar"},{"floor":25,"key":"CCEMRelics:JestersCrown"},{"floor":26,"key":"Iron Hammer"},{"floor":29,"key":"CeramicFish"},{"floor":30,"key":"Bottled Tornado"},{"floor":37,"key":"vexMod:BarristanHead"},{"floor":54,"key":"StuffTheSpire:MayFlowers"}],"event_choices":[{"damage_healed":0,"gold_gain":0,"player_choice":"Ignored","damage_taken":0,"max_hp_gain":0,"max_hp_loss":0,"event_name":"Ghosts","floor":22,"gold_loss":0},{"damage_healed":0,"gold_gain":3,"player_choice":"1","damage_taken":0,"max_hp_gain":0,"max_hp_loss":0,"event_name":"betterStone:BetterStone","floor":36,"gold_loss":0}],"is_beta":false,"boss_relics":[{"not_picked":["Honey Jar","aspiration:RunicSpoon"],"picked":"vexMod:BigBerry"},{"not_picked":["Snecko Eye","aspiration:IroncladSkillbook"],"picked":"Astrolabe"}],"items_purged_floors":[4,12,20,31,38,42,45],"is_endless":false,"potions_floor_spawned":[1,5,6,10,11,18,25,27,33,40,46,47,48],"killed_by":"The Heart","ascension_level":6}}