{"host":"d1za9dvx43o9v494","time":1611444113,"event":{"mods":["2.2 Compatiblity","BaseMod","Better-Laid Plans","Displayed Cursed Tome","Emptier Cage","Minty Spire (QoL Compilation)","Permanent Neow","Relic Sorter","Spire Arcade","StSLib","The Animator"],"gold_per_floor":[121,139,139,157,172,198,138,138,161,98,98,98,126,156,156,268,268,287,287,309,320,320,320,359,303,303,330,344,361,389,389,389,490,490,519,449,481,495,539,539,570,570,570,603,627,658,680,692,704,716,728,740,0,32,32],"floor_reached":56,"language":"ENG","playtime":8754,"items_purged":["animator:Strike","animator:Strike"],"score":1359,"play_id":"3e0a420e-065c-4441-8c39-e9c74a92b312","local_time":"20210124022153","is_ascension_mode":true,"campfire_choices":[{"data":"animator:IzunaHatsuse","floor":8.0,"key":"SMITH"},{"data":"animator:DolaSchwi","floor":11.0,"key":"SMITH"},{"data":"animator:YunYun","floor":15.0,"key":"SMITH"},{"data":"animator:Tatsumaki","floor":23.0,"key":"SMITH"},{"data":"animator:Soujiro","floor":32.0,"key":"SMITH"},{"floor":40.0,"key":"RECALL"},{"data":"animator:Urushihara","floor":42.0,"key":"SMITH"},{"floor":49.0,"key":"REST"},{"data":"animator:GoblinSlayer","floor":52,"key":"SMITH"}],"circlet_count":0,"master_deck":["animator:Strike_LogHorizon","animator:Defend_LogHorizon","animator:Strike","animator:Defend","animator:Defend+1","animator:Defend","animator:Tohya","animator:Minori","animator:KrulTepes","animator:IzunaHatsuse+1","animator:DolaSchwi+1","animator:DolaSchwi+1","animator:YunYun+1","animator:GoblinSlayer+1","animator:Jibril","animator:Soujiro+1","animator:Tatsumaki+1","animator:Jibril","animator:Naotsugu+1","animator:RundelhausCode","animator:IzunaHatsuse+1","animator:Rimuru","animator:Serara+1","animator:Marielle+1","animator:Tetora","animator:Tetora","animator:DwarfShaman","animator:Rayneshia","animator:FeridBathory","animator:Priestess+1","animator:HighElfArcher","animator:Urushihara+1","animator:CrowleyEusford","animator:Millim+1","animator:Serara+1","animator:Witch+1","animator:Spearman","animator:Serara+1","animator:Yoichi","animator:Sonic+1","animator:DolaSchwi+1","animator:Yoichi","animator:FeridBathory","animator:Hans"],"relics":["animator:LivingPicture","animator:TheMissingPiece","Regal Pillow","Blood Vial","The Courier","Orichalcum","Blood Vial","Prayer Wheel","animator:CursedBlade","Question Card","Happy Flower","Blood Vial","Potion Belt","Bag of Marbles","Blood Vial","Mark of Pain","InkBottle","Blood Vial","MawBank","Ginger","DollysMirror","War Paint","animator:ShionDessert","Art of War","Vajra","Pantograph"],"acts_visited":["Exordium","TheCity","TheBeyond","TheEnding"],"potions_floor_usage":[55,55,55],"damage_taken":[{"damage":8.0,"enemies":"Jaw Worm","floor":1.0,"turns":6.0},{"damage":7.0,"enemies":"Cultist","floor":2.0,"turns":5.0},{"damage":0.0,"enemies":"Small Slimes","floor":4.0,"turns":3.0},{"damage":42.0,"enemies":"Gremlin Gang","floor":5.0,"turns":5.0},{"damage":21.0,"enemies":"Lagavulin","floor":6.0,"turns":6.0},{"damage":15.0,"enemies":"3 Sentries","floor":13.0,"turns":5.0},{"damage":2.0,"enemies":"Red Slaver","floor":14.0,"turns":3.0},{"damage":24.0,"enemies":"The Guardian","floor":16.0,"turns":7.0},{"damage":1.0,"enemies":"Chosen","floor":18.0,"turns":3.0},{"damage":14.0,"enemies":"3 Byrds","floor":20.0,"turns":5.0},{"damage":14.0,"enemies":"Centurion and Healer","floor":21.0,"turns":5.0},{"damage":11.0,"enemies":"Snake Plant","floor":24.0,"turns":5.0},{"damage":35.0,"enemies":"Slavers","floor":27.0,"turns":4.0},{"damage":7.0,"enemies":"Shelled Parasite and Fungi","floor":28.0,"turns":4.0},{"damage":2.0,"enemies":"Snecko","floor":29.0,"turns":4.0},{"damage":17.0,"enemies":"animator:HornedBat","floor":30.0,"turns":4.0},{"damage":41.0,"enemies":"Champ","floor":33.0,"turns":10.0},{"damage":13.0,"enemies":"3 Darklings","floor":35.0,"turns":5.0},{"damage":0.0,"enemies":"Orb Walker","floor":37.0,"turns":4.0},{"damage":10.0,"enemies":"Sphere and 2 Shapes","floor":38.0,"turns":2.0},{"damage":17.0,"enemies":"3 Darklings","floor":39.0,"turns":5.0},{"damage":43.0,"enemies":"Giant Head","floor":41.0,"turns":9.0},{"damage":10.0,"enemies":"Nemesis","floor":44.0,"turns":5.0},{"damage":25.0,"enemies":"Spire Growth","floor":45.0,"turns":5.0},{"damage":0.0,"enemies":"Jaw Worm Horde","floor":46.0,"turns":1.0},{"damage":18.0,"enemies":"Writhing Mass","floor":47.0,"turns":4.0},{"damage":83.0,"enemies":"Donu and Deca","floor":50.0,"turns":10.0},{"damage":30,"enemies":"Shield and Spear","floor":54,"turns":6},{"damage":187,"enemies":"The Heart","floor":55,"turns":14}],"seed_played":"-2896936705778765644","potions_obtained":[{"floor":1.0,"key":"GamblersBrew"},{"floor":2.0,"key":"SteroidPotion"},{"floor":5.0,"key":"Fire Potion"},{"floor":14.0,"key":"SmokeBomb"},{"floor":21.0,"key":"SkillPotion"},{"floor":24.0,"key":"PowerPotion"},{"floor":28.0,"key":"AttackPotion"},{"floor":29.0,"key":"BlessingOfTheForge"},{"floor":30.0,"key":"ColorlessPotion"},{"floor":37.0,"key":"LiquidMemories"},{"floor":39.0,"key":"Dexterity Potion"},{"floor":44.0,"key":"animator:FalseLifePotion"},{"floor":46.0,"key":"Swift Potion"},{"floor":54,"key":"Weak Potion"}],"is_trial":false,"path_per_floor":["M","M","?","M","M","E","$","R","T","$","R","?","E","M","R","B",null,"M","?","M","M","T","R","M","$","T","E","M","M","E","?","R","B",null,"M","$","M","M","M","R","E","R","T","E","M","M","M","T","R","B",null,"R","$","E","B",null],"character_chosen":"THE_ANIMATOR","items_purchased":["animator:YunYun","animator:Tetora","animator:Urushihara","DollysMirror","War Paint","animator:ShionDessert","Art of War","Vajra","DuplicationPotion"],"campfire_rested":1,"item_purchase_floors":[10,25,36,53,53,53,53,53,53],"current_hp_per_floor":[64,57,57,57,15,6,6,6,6,6,6,6,15,23,23,9,72,71,71,59,49,49,49,43,43,43,18,18,24,13,13,13,7,78,66,66,74,69,60,60,27,27,27,25,16,27,19,19,58,5,82,82,82,52,12],"gold":32,"neow_bonus":"TEN_PERCENT_HP_BONUS","is_daily":false,"chose_seed":true,"campfire_upgraded":7,"win_rate":0.0,"timestamp":1611444113,"path_taken":["M","M","?","M","M","E","?","R","T","$","R","?","E","M","R","BOSS","M","?","?","M","?","R","M","$","T","E","M","M","E","?","R","BOSS","M","$","M","?","M","R","E","R","T","E","M","M","M","?","R","BOSS","R","$","E","BOSS"],"items_purchased_type":["Card","Card","Card","Relic","Relic","Relic","Relic","Relic","Potion"],"build_version":"2020-12-22","purchased_purges":2,"victory":true,"max_hp_per_floor":[72,72,72,72,72,72,72,72,72,72,72,72,72,72,72,72,72,72,72,73,73,73,73,74,74,74,74,75,77,77,77,77,78,78,79,79,79,79,79,79,81,81,81,81,81,82,82,82,82,82,82,82,82,82,82],"card_choices":[{"not_picked":["animator:CrowleyEusford","animator:Tet"],"picked":"animator:KrulTepes","floor":1.0},{"not_picked":["animator:Verdia","animator:Isuzu"],"picked":"animator:IzunaHatsuse","floor":2.0},{"not_picked":["animator:DwarfShaman","animator:Verdia"],"picked":"animator:DolaSchwi","floor":4.0},{"not_picked":["animator:DolaCouronne","animator:DolaRiku"],"picked":"animator:DolaSchwi","floor":5.0},{"not_picked":["animator:CrowleyEusford","animator:DwarfShaman","animator:Priestess"],"picked":"SKIP","floor":6.0},{"not_picked":["animator:YaoHaDucy","animator:Genos","animator:Spearman"],"picked":"SKIP","floor":13.0},{"not_picked":["animator:Shuna","animator:MetalKnight"],"picked":"animator:GoblinSlayer","floor":14.0},{"not_picked":["animator:Aqua","animator:Millim"],"picked":"animator:Jibril","floor":14.0},{"not_picked":["animator:Wiz","animator:Saitama"],"picked":"animator:Soujiro","floor":16.0},{"not_picked":["animator:DwarfShaman+1","animator:Arpeggio"],"picked":"animator:Tatsumaki","floor":18.0},{"not_picked":["animator:DolaSchwi","animator:FielNirvalen"],"picked":"animator:Jibril","floor":18.0},{"not_picked":["animator:DolaCouronne","animator:TukaLunaMarceau"],"picked":"animator:Naotsugu+1","floor":20.0},{"not_picked":["animator:CowGirl","animator:Isuzu"],"picked":"animator:RundelhausCode","floor":20.0},{"not_picked":["animator:Yoichi+1","animator:Serara"],"picked":"animator:IzunaHatsuse+1","floor":21.0},{"not_picked":["animator:Shion+1","animator:Tetora"],"picked":"animator:Rimuru","floor":21.0},{"not_picked":["animator:Marielle","animator:Vanir","animator:Tet+1"],"picked":"animator:Serara","floor":24.0},{"not_picked":["animator:YunYun","animator:LeleiLaLalena","animator:Tetora+1"],"picked":"animator:Marielle","floor":24.0},{"not_picked":["animator:Tohya","animator:Marielle","animator:Isuzu"],"picked":"animator:Tetora","floor":27.0},{"not_picked":["animator:Tet","animator:Mitsuba+1","animator:Millim+1"],"picked":"animator:DwarfShaman","floor":28.0},{"not_picked":["animator:KrulTepes+1","animator:DolaCouronne","animator:ChlammyZell","animator:HiiragiShinya"],"picked":"SKIP","floor":28.0},{"not_picked":["animator:Minori","animator:IzunaHatsuse","animator:YunYun"],"picked":"animator:Rayneshia","floor":29.0},{"not_picked":["animator:Mitsurugi+1","animator:TukaLunaMarceau","animator:Kuribayashi","animator:MumenRider"],"picked":"SKIP","floor":29.0},{"not_picked":["animator:Marielle","animator:Shuna","animator:DolaCouronne","animator:Tetora"],"picked":"SKIP","floor":30.0},{"not_picked":["animator:Wiz","animator:PinaCoLada","animator:Henrietta"],"picked":"animator:FeridBathory","floor":33.0},{"not_picked":["animator:Mitsuba","animator:LizardPriest+1","animator:Naotsugu"],"picked":"animator:Priestess+1","floor":35.0},{"not_picked":["animator:Spearman","animator:LizardPriest","animator:DwarfShaman"],"picked":"animator:HighElfArcher","floor":35.0},{"not_picked":["animator:Mikaela","animator:IzunaHatsuse+1","animator:Hakurou+1"],"picked":"animator:CrowleyEusford","floor":37.0},{"not_picked":["animator:DolaCouronne+1","animator:Verdia+1","animator:Jibril"],"picked":"animator:Millim+1","floor":37.0},{"not_picked":["animator:DolaCouronne","animator:Mitsuba+1","animator:Geryuganshoop+1","animator:MumenRider+1"],"picked":"SKIP","floor":38.0},{"not_picked":["animator:Verdia","animator:YunYun","animator:Shuna+1","animator:Shinoa+1"],"picked":"SKIP","floor":38.0},{"not_picked":["animator:Tet+1","animator:DolaCouronne+1","animator:Rayneshia+1"],"picked":"animator:Serara+1","floor":39.0},{"not_picked":["animator:Tetora+1","animator:Tohya","animator:Shion"],"picked":"animator:Witch+1","floor":39.0},{"not_picked":["animator:HighElfArcher","animator:GuildGirl","animator:CowGirl"],"picked":"animator:Spearman","floor":41.0},{"not_picked":["animator:Megumin+1","animator:Naotsugu","animator:Melzalgald+1"],"picked":"animator:Serara+1","floor":44.0},{"not_picked":["animator:DolaStephanie+1","animator:Chris+1","animator:Naotsugu+1","animator:Kuribayashi+1"],"picked":"SKIP","floor":45.0},{"not_picked":["animator:IzunaHatsuse+1","animator:Chris+1","animator:Kaijin+1","animator:Genos+1"],"picked":"SKIP","floor":45.0},{"not_picked":["animator:Bozes","animator:Chris","animator:Mitsurugi"],"picked":"animator:Yoichi","floor":46.0},{"not_picked":["animator:Kaijin","animator:Soujiro","animator:SilverFang+1"],"picked":"animator:Sonic+1","floor":46.0},{"not_picked":["animator:Isuzu+1","animator:DolaRiku","animator:Tyuule+1"],"picked":"animator:DolaSchwi+1","floor":47.0},{"not_picked":["animator:Yuuichirou","animator:Mitsuba","animator:Shinoa"],"picked":"animator:Yoichi","floor":47.0},{"not_picked":["animator:Rayneshia","animator:Verdia+1","animator:DolaSchwi+1"],"picked":"animator:Hans","floor":54}],"player_experience":286059,"relics_obtained":[{"floor":6.0,"key":"Blood Vial"},{"floor":6.0,"key":"The Courier"},{"floor":9.0,"key":"Orichalcum"},{"floor":13.0,"key":"Blood Vial"},{"floor":13.0,"key":"Prayer Wheel"},{"floor":22.0,"key":"Question Card"},{"floor":26.0,"key":"Happy Flower"},{"floor":27.0,"key":"Blood Vial"},{"floor":27.0,"key":"Potion Belt"},{"floor":30.0,"key":"Bag of Marbles"},{"floor":33.0,"key":"Blood Vial"},{"floor":41.0,"key":"InkBottle"},{"floor":44.0,"key":"Blood Vial"},{"floor":44.0,"key":"MawBank"},{"floor":48.0,"key":"Ginger"},{"floor":54,"key":"Pantograph"}],"event_choices":[{"damage_healed":0.0,"max_hp_gain":0.0,"max_hp_loss":0.0,"gold_gain":0.0,"event_name":"WeMeetAgain","player_choice":"Gave Potion","floor":3.0,"gold_loss":0.0,"damage_taken":0.0,"relics_obtained":["Regal Pillow"]},{"damage_healed":0.0,"max_hp_gain":0.0,"max_hp_loss":0.0,"gold_gain":0.0,"event_name":"Upgrade Shrine","player_choice":"Upgraded","floor":12.0,"gold_loss":0.0,"damage_taken":0.0,"cards_upgraded":["animator:DolaSchwi"]},{"damage_healed":0.0,"max_hp_gain":0.0,"max_hp_loss":0.0,"gold_gain":0.0,"event_name":"N\u0027loth","player_choice":"Ignored","floor":19.0,"gold_loss":0.0,"damage_taken":0.0},{"damage_healed":0.0,"max_hp_gain":0.0,"max_hp_loss":0.0,"gold_gain":0.0,"event_name":"Upgrade Shrine","player_choice":"Upgraded","floor":31.0,"gold_loss":0.0,"damage_taken":0.0,"cards_upgraded":["animator:Serara"]}],"is_beta":false,"boss_relics":[{"not_picked":["Black Star","Fusion Hammer"],"picked":"animator:CursedBlade"},{"not_picked":["Empty Cage","Calling Bell"],"picked":"Mark of Pain"}],"items_purged_floors":[7,53],"is_endless":false,"potions_floor_spawned":[1,2,5,14,21,24,28,29,30,37,39,44,46,54],"ascension_level":1}}