{"host":"q9hwjkbjmh6bz9mm","time":1611424460,"event":{"mods":["2.2 Compatiblity","Act Like it!","Aspiration","BaseMod","Better Match","Better Third Choice","BetterRewards","Conspire","DNKmod","Dark Map","Exacting","Friendly Minions","GifTheSpireLib","GungeonMod","Halation","Hubris","Minty Spire (QoL Compilation)","MostiFishMod","Quarter Circle Forward PUNCH!","Replay The Spire","Small Relic Pack","Spire Arcade","StSLib","Td1madao Mod","The Animator","The Blue Laboratory","The Exalted","The Wild Card","Waifu the Spire","Wide Potions","???Mod??????Boss","??????REMEMod"],"gold_per_floor":[1013,1029,1043,1057,1085,1085,1104,1137,1210,1385,1419,1419,1438,605,605,702,702,714,146,156,156,156,156],"floor_reached":22,"language":"ENG","playtime":2222,"items_purged":["Regret"],"score":387,"play_id":"5d21a8e1-c644-400f-97e0-f76747b63ca3","local_time":"20210123095420","is_ascension_mode":true,"campfire_choices":[{"data":"Bromod:ExaltedBlade","floor":12,"key":"SMITH"},{"data":"ReplayTheSpireMod:Private Reserves","floor":15,"key":"SMITH"}],"circlet_count":0,"master_deck":["Bromod:Strike_Bro","Bromod:Strike_Bro","Bromod:Strike_Bro","Bromod:Defend_Bro","Bromod:Defend_Bro","Bromod:Defend_Bro","Bromod:Defend_Bro","Bromod:SlashDash","Bromod:SlashDash","Bromod:SlashDash","ReplayTheSpireMod:Scrap Shanks","Bromod:TargetCracker+1","Bromod:LifeStrike","Bromod:HeatedCharge+1","Bromod:OrganShatter","Bromod:QuickDraw","Bromod:BriefRespite","Bromod:BodyCount","Bromod:ExaltedBlade+1","Bromod:KillingBlow","Bromod:Stormbringer","Doubt","Bromod:ConditionOverload","Bromod:SteelFiber","ReplayTheSpireMod:Private Reserves+1","Bromod:VoltaicStrike","Bromod:Foundry","Bromod:Continuity+1","MostiFishMod:Neptune","MostiFishMod:TheEndOfMoonlight","MostiFishMod:SparklingWater","MostiFishMod:FantasySummer","MostiFishMod:NightSea","Bromod:PressurePoint","Bromod:ReflexCoil+1","Bromod:RadialBlind+1"],"relics":["Bromod:Ordis","Bromod:AscarisDevice","DaveBox","REME_ComplimentaryCards","Civilization","Matryoshka","hubris:64BitClover","Happy Flower","SynthV:TestCard","Replay:Mystery Machine","Snack Pack","InkBottle","Replay:Bottled Steam","Dream Catcher","Question Card","qcfpunch:Fighting_Gloves","qcfpunch:Necklace_of_Skulls","MoonlightInvasionPlan","TungstenRod","aspiration:Nostalgia","DemoMod:Dog","Bromod:BleedingDragonKey","Bromod:DecayingDragonKey","Bromod:ExtinguishedDragonKey","Bromod:HobbledDragonKey"],"acts_visited":["Exordium","TheCity"],"potions_floor_usage":[4,7,11,13],"damage_taken":[{"damage":0,"enemies":"2 Louse","floor":1,"turns":3},{"damage":0,"enemies":"conspire:RoseBush","floor":2,"turns":5},{"damage":0,"enemies":"Small Slimes","floor":3,"turns":2},{"damage":8,"enemies":"2 Fungi Beasts","floor":4,"turns":2},{"damage":13,"enemies":"conspire:MimicChest","floor":5,"turns":3},{"damage":10,"enemies":"Exordium Thugs","floor":7,"turns":2},{"damage":25,"enemies":"Lagavulin","floor":8,"turns":5},{"damage":0,"enemies":"Gremlin Nob","floor":11,"turns":2},{"damage":15,"enemies":"Exordium Wildlife","floor":13,"turns":3},{"damage":22,"enemies":"Slime Boss","floor":16,"turns":9},{"damage":12,"enemies":"Chosen","floor":18,"turns":3},{"damage":14,"enemies":"3 Byrds","floor":20,"turns":5},{"damage":43,"enemies":"3 Cultists","floor":22,"turns":4}],"seed_played":"-3379608146866141589","potions_obtained":[{"floor":2,"key":"Bromod:EnergyRestore"},{"floor":3,"key":"Bromod:Endo"},{"floor":4,"key":"FearPotion"},{"floor":11,"key":"FearPotion"},{"floor":13,"key":"blueLaboratory:RememoryPotion"},{"floor":18,"key":"Elixir"}],"is_trial":false,"path_per_floor":["M","M","M","M","?","?","M","E","T","?","E","R","M","$","R","B",null,"M","$","M","?","M"],"character_chosen":"THE_EXALTED","items_purchased":["Matryoshka","Bromod:TargetCracker+1","Bromod:LifeStrike","Bromod:HeatedCharge+1","Question Card","qcfpunch:Fighting_Gloves","ReplayTheSpireMod:Private Reserves","Bromod:VoltaicStrike","Bromod:Foundry","TungstenRod","aspiration:Nostalgia","Bromod:ReflexCoil+1"],"campfire_rested":0,"item_purchase_floors":[0,0,0,0,14,14,14,14,14,19,19,19],"current_hp_per_floor":[102,105,110,107,110,110,122,110,110,110,117,117,124,124,124,126,140,135,135,154,39,0,0],"gold":156,"neow_bonus":"","is_daily":false,"chose_seed":false,"campfire_upgraded":2,"win_rate":0.0,"timestamp":1611424460,"path_taken":["M","M","M","M","?","?","M","E","T","?","E","R","M","$","R","BOSS","M","$","M","?","M"],"items_purchased_type":["Relic","Card","Card","Card","Relic","Relic","Card","Card","Card","Relic","Relic","Card"],"build_version":"2020-12-22","purchased_purges":1,"victory":false,"max_hp_per_floor":[102,105,110,115,120,120,125,130,130,130,135,135,140,140,140,145,145,150,150,155,39,39,39],"card_choices":[{"not_picked":["Bromod:Foundry","Bromod:Redirection"],"picked":"Bromod:OrganShatter","floor":1},{"not_picked":["Bromod:SlipMagazine","Bromod:Foundry","Bromod:Provoked","Bromod:SlashDash"],"picked":"Bromod:QuickDraw","floor":2},{"not_picked":["Bromod:Vitality","Bromod:BodyCount","Bromod:Patagium","Bromod:Redirection"],"picked":"Bromod:BriefRespite","floor":3},{"not_picked":["Bromod:Vitality","Bromod:SlashDash","Bromod:SeismicWave","Bromod:TargetCracker"],"picked":"Bromod:BodyCount","floor":4},{"not_picked":["Bromod:PointBlank","Bromod:BloodRush","Bromod:RadialBlind","Bromod:Patagium"],"picked":"Bromod:ExaltedBlade","floor":5},{"not_picked":["Bromod:PointStrike","Bromod:BulletJump","Bromod:FormaBlueprint","Bromod:HornetStrike"],"picked":"Bromod:KillingBlow","floor":7},{"not_picked":["Bromod:Vitality","Bromod:FastHands","Bromod:OrganShatter","Bromod:Provoked"],"picked":"Bromod:Stormbringer","floor":8},{"not_picked":["Bromod:ShatteringImpact","Bromod:HornetStrike","Bromod:FormaBlueprint","Bromod:OrganShatter"],"picked":"Bromod:ConditionOverload","floor":11},{"not_picked":["Bromod:BulletJump","Bromod:FastHands","Bromod:Maglev","Bromod:SlashDash"],"picked":"Bromod:SteelFiber","floor":13},{"not_picked":["Bromod:ExaltedBlade","Bromod:Blaze","Bromod:ThermiteRounds","Bromod:ToxicBarrage","Bromod:DriftingContact"],"picked":"Bromod:Continuity","floor":16},{"not_picked":["Bromod:BulletJump","Bromod:PointStrike+1","Bromod:SlashDash","Bromod:SlipMagazine","Bromod:OrganShatter"],"picked":"Bromod:PressurePoint","floor":18},{"not_picked":["Bromod:Vitality","Bromod:KillingBlow","Bromod:ReflexCoil+1","Bromod:BodyCount+1","Bromod:Redirection"],"picked":"Bromod:RadialBlind+1","floor":20}],"player_experience":796121,"relics_obtained":[{"floor":1,"key":"SynthV:TestCard"},{"floor":5,"key":"Replay:Mystery Machine"},{"floor":8,"key":"InkBottle"},{"floor":9,"key":"Replay:Bottled Steam"},{"floor":11,"key":"Dream Catcher"},{"floor":16,"key":"qcfpunch:Necklace_of_Skulls"}],"event_choices":[{"damage_healed":0,"gold_gain":0,"player_choice":"Box","damage_taken":0,"relics_obtained":["Snack Pack"],"max_hp_gain":0,"max_hp_loss":0,"event_name":"Big Fish","floor":6,"gold_loss":0,"cards_obtained":["Regret"]},{"damage_healed":0,"gold_gain":175,"player_choice":"AGREE","damage_taken":1210,"max_hp_gain":0,"max_hp_loss":0,"event_name":"betterThird:BetterSerpent","floor":10,"gold_loss":0}],"is_beta":false,"boss_relics":[{"not_picked":["OneHitWonderSystem","ExusiaiGun"],"picked":"MoonlightInvasionPlan"}],"items_purged_floors":[19],"is_endless":false,"potions_floor_spawned":[2,3,4,5,11,16,18,20],"killed_by":"3 Cultists","ascension_level":6}}