{"host":"lnnm69al9x392px5","time":1611374336,"event":{"mods":["BaseMod","Downfall","Minty Spire (QoL Compilation)","StSLib"],"gold_per_floor":[99,116,136,146,163,263,310,324,324,336,366,366,393,409,429,429,429,429],"floor_reached":16,"language":"ENG","playtime":585,"items_purged":[],"score":116,"play_id":"bd85e2b3-b213-4512-aeb1-e0d687560145","local_time":"20210122195856","is_ascension_mode":false,"campfire_choices":[{"data":"Dramatic Entrance","floor":1,"key":"SMITH"},{"floor":12,"key":"REST"}],"circlet_count":0,"master_deck":["sneckomod:Strike","sneckomod:Strike","sneckomod:Strike","sneckomod:Defend","sneckomod:Defend","sneckomod:Defend","sneckomod:TailWhip","sneckomod:SnekBite","sneckomod:Unknown","sneckomod:Unknown","Dramatic Entrance+1","sneckomod:DiceBlock","sneckomod:DiceBoulder","sneckomod:SoulDraw","sneckomod:UnknownBlock","Uppercut","sneckomod:UnknownVulnerable","sneckomod:Unknown1Cost","sneckomod:MorePower","sneckomod:UnknownClassBLUE+1","sneckomod:Unknown2Cost","sneckomod:Unknown0Cost"],"relics":["sneckomod:SneckoSoul","Art of War","Bronze Scales","Omamori"],"acts_visited":["Exordium"],"potions_floor_usage":[16,16],"damage_taken":[{"damage":5,"enemies":"Small Slimes","floor":2,"turns":2},{"damage":0,"enemies":"Cultist","floor":3,"turns":2},{"damage":0,"enemies":"2 Louse","floor":4,"turns":1},{"damage":12,"enemies":"Exordium Thugs","floor":5,"turns":5},{"damage":0,"enemies":"Lots of Slimes","floor":8,"turns":2},{"damage":0,"enemies":"2 Fungi Beasts","floor":10,"turns":2},{"damage":37,"enemies":"Lagavulin","floor":11,"turns":7},{"damage":38,"enemies":"Gremlin Nob","floor":13,"turns":6},{"damage":13,"enemies":"Exordium Thugs","floor":14,"turns":3},{"damage":0,"enemies":"3 Louse","floor":15,"turns":2},{"damage":13,"enemies":"SI_SHIV_ARCHETYPE","floor":16,"turns":5}],"seed_played":"-8325962015211322912","potions_obtained":[{"floor":2,"key":"SpeedPotion"},{"floor":3,"key":"CultistPotion"},{"floor":13,"key":"Block Potion"},{"floor":14,"key":"PowerPotion"}],"is_trial":false,"path_per_floor":["R","M","M","M","M","?","T","M","R","M","E","R","E","M","M","B"],"character_chosen":"THE_SNECKO","items_purchased":[],"campfire_rested":1,"item_purchase_floors":[],"current_hp_per_floor":[90,85,85,85,73,73,73,73,73,73,36,63,25,12,12,0,0,0],"gold":429,"neow_bonus":"RANDOM_COLORLESS","is_daily":false,"chose_seed":false,"campfire_upgraded":1,"win_rate":0.0,"timestamp":1611374336,"path_taken":["R","M","M","M","M","?","T","M","R","M","E","R","E","?","M","BOSS"],"items_purchased_type":[],"build_version":"2020-12-22","purchased_purges":0,"victory":false,"max_hp_per_floor":[90,90,90,90,90,90,90,90,90,90,90,90,90,90,90,90,90,90],"card_choices":[{"not_picked":["Blind","Discovery"],"picked":"Dramatic Entrance","floor":0},{"not_picked":["sneckomod:QuickBite","sneckomod:UnknownBlock"],"picked":"sneckomod:UnknownVulnerable","floor":2},{"not_picked":["sneckomod:SoulCleanse","sneckomod:UnknownWeak"],"picked":"sneckomod:DiceBlock","floor":3},{"not_picked":["sneckomod:MasterEye","sneckomod:DiceCrush"],"picked":"sneckomod:DiceBoulder","floor":4},{"not_picked":["sneckomod:SoulRoll","sneckomod:UnknownCommonSkill"],"picked":"sneckomod:SoulDraw","floor":5},{"not_picked":["sneckomod:ImprovisedAttack","sneckomod:DiceBlock"],"picked":"sneckomod:UnknownBlock","floor":8},{"not_picked":["sneckomod:MasterEye","sneckomod:DiceBoulder"],"picked":"sneckomod:UnknownVulnerable","floor":10},{"not_picked":["sneckomod:SoulRoll","sneckomod:MasterEye"],"picked":"sneckomod:Unknown1Cost","floor":11},{"not_picked":["sneckomod:UnknownExhaust","sneckomod:UnknownDraw"],"picked":"sneckomod:MorePower","floor":13},{"not_picked":["sneckomod:UnknownClassTHE_BRONZE_AUTOMATON+1","sneckomod:UnknownClassHEXA_GHOST_PURPLE+1"],"picked":"sneckomod:UnknownClassBLUE+1","floor":14},{"not_picked":["sneckomod:QuickBite","sneckomod:UnknownDraw"],"picked":"sneckomod:Unknown2Cost","floor":14},{"not_picked":["sneckomod:QuickBite","sneckomod:UnknownX"],"picked":"sneckomod:Unknown0Cost","floor":15}],"player_experience":240562,"relics_obtained":[{"floor":7,"key":"Art of War"},{"floor":11,"key":"Bronze Scales"},{"floor":13,"key":"Omamori"}],"event_choices":[],"is_beta":false,"boss_relics":[],"items_purged_floors":[],"is_endless":false,"potions_floor_spawned":[2,3,13,14],"killed_by":"SI_SHIV_ARCHETYPE","ascension_level":0}}