{"host":"70zhvo5nwrhp1mbg","time":1611367289,"event":{"mods":["BaseMod","Colored Map","Colored Powertips","Filter the Spire","Highlight Path","Minty Spire (QoL Compilation)","Rare Cards Sparkle","StSLib"],"gold_per_floor":[110,110,110,110,130,170,194,194,243,18,52,52,95,60,60,191,191,204,204,129,150,171,171,171,209,236,11,11,42,42,57,57,183,483,497,497,197,215,1,1,1,44,71,71,86,86,86,105,105,105],"floor_reached":51,"language":"ENG","playtime":6283,"items_purged":[],"score":980,"play_id":"180ec492-3f57-4108-9fe3-4d94a2e47246","local_time":"20210122210129","is_ascension_mode":true,"campfire_choices":[{"floor":8,"key":"REST"},{"floor":12,"key":"REST"},{"data":"Rage","floor":15,"key":"SMITH"},{"floor":23,"key":"REST"},{"floor":28,"key":"REST"},{"floor":30,"key":"REST"},{"data":"Ghostly Armor","floor":32,"key":"SMITH"},{"data":"Inflame","floor":40,"key":"SMITH"},{"floor":44,"key":"REST"},{"data":"Barricade","floor":47,"key":"SMITH"},{"floor":49,"key":"REST"}],"circlet_count":0,"master_deck":["Strike_R","Strike_R","Strike_R","Strike_R","Strike_R","Defend_R","Defend_R+1","Defend_R+1","Defend_R","Perfected Strike","Flex","Ghostly Armor+1","Rage+1","Evolve","Reckless Charge","Reaper","Spot Weakness+1","Searing Blow+1","Anger+1","Cleave+1","Whirlwind+1","Shrug It Off+1","Barricade+1","CurseOfTheBell","Power Through","Inflame+1","Body Slam+1","Impervious","Headbutt+1","Whirlwind+1","Inflame"],"relics":["Burning Blood","Orichalcum","Golden Idol","Pen Nib","Vajra","Membership Card","Blood Vial","Art of War","Oddly Smooth Stone","Runic Pyramid","White Beast Statue","Thread and Needle","Unceasing Top","Potion Belt","Mango","Strawberry","Centennial Puzzle","Calling Bell","Toy Ornithopter","Molten Egg 2","Old Coin","HornCleat","Medical Kit","Boot","Juzu Bracelet","ClockworkSouvenir","Meat on the Bone","Smiling Mask","War Paint"],"acts_visited":["Exordium","TheCity","TheBeyond"],"potions_floor_usage":[11,22,25,29,29,31,33,33,50,50,50,50,50],"damage_taken":[{"damage":11,"enemies":"Small Slimes","floor":1,"turns":5},{"damage":0,"enemies":"2 Louse","floor":5,"turns":3},{"damage":29,"enemies":"Gremlin Nob","floor":6,"turns":5},{"damage":9,"enemies":"Jaw Worm","floor":7,"turns":3},{"damage":27,"enemies":"3 Sentries","floor":11,"turns":10},{"damage":29,"enemies":"Gremlin Nob","floor":13,"turns":5},{"damage":45,"enemies":"The Guardian","floor":16,"turns":14},{"damage":2,"enemies":"Chosen","floor":18,"turns":6},{"damage":17,"enemies":"Spheric Guardian","floor":21,"turns":4},{"damage":40,"enemies":"Chosen and Byrds","floor":22,"turns":7},{"damage":57,"enemies":"Gremlin Leader","floor":25,"turns":8},{"damage":39,"enemies":"Slavers","floor":29,"turns":5},{"damage":0,"enemies":"Sentry and Sphere","floor":31,"turns":4},{"damage":58,"enemies":"Collector","floor":33,"turns":8},{"damage":4,"enemies":"Orb Walker","floor":35,"turns":4},{"damage":5,"enemies":"3 Shapes","floor":38,"turns":4},{"damage":21,"enemies":"Nemesis","floor":42,"turns":8},{"damage":0,"enemies":"Maw","floor":45,"turns":7},{"damage":20,"enemies":"Jaw Worm Horde","floor":48,"turns":3},{"damage":104,"enemies":"Time Eater","floor":50,"turns":12}],"seed_played":"-3731547207798337471","potions_obtained":[{"floor":7,"key":"DuplicationPotion"},{"floor":11,"key":"Swift Potion"},{"floor":16,"key":"ColorlessPotion"},{"floor":18,"key":"FearPotion"},{"floor":21,"key":"Dexterity Potion"},{"floor":22,"key":"Dexterity Potion"},{"floor":25,"key":"PowerPotion"},{"floor":29,"key":"Block Potion"},{"floor":31,"key":"Energy Potion"},{"floor":33,"key":"Strength Potion"},{"floor":35,"key":"Ancient Potion"},{"floor":38,"key":"Energy Potion"},{"floor":42,"key":"Strength Potion"}],"is_trial":false,"path_per_floor":["M","?","?","?","M","E","M","R","T","$","E","R","E","?","R","B",null,"M","?","?","M","M","R","T","E","T","$","R","E","R","M","R","B",null,"M","?","$","M","$","R","?","E","T","R","M","T","R","M","R","B",null],"character_chosen":"IRONCLAD","items_purchased":["Membership Card","Blood Vial","Mango","Strawberry","HornCleat","Fire Potion","Medical Kit","Boot","Juzu Bracelet","ClockworkSouvenir","Body Slam+1","Impervious"],"campfire_rested":7,"item_purchase_floors":[10,10,27,27,37,37,37,37,39,39,39,39],"current_hp_per_floor":[67,67,67,72,78,55,52,77,77,77,58,83,62,83,83,46,75,81,81,81,72,40,65,65,28,28,49,80,67,98,106,106,54,93,102,102,102,105,105,105,105,91,91,106,106,106,106,92,106,41],"gold":105,"neow_bonus":"RANDOM_COMMON_RELIC","is_daily":false,"chose_seed":false,"campfire_upgraded":4,"win_rate":0.0,"timestamp":1611367289,"path_taken":["M","?","?","?","M","E","M","R","T","$","E","R","E","?","R","BOSS","M","?","?","M","M","R","?","E","T","$","R","E","R","M","R","BOSS","M","?","$","M","$","R","?","E","T","R","M","?","R","M","R","BOSS"],"items_purchased_type":["Relic","Relic","Relic","Relic","Relic","Potion","Relic","Relic","Relic","Relic","Card","Card"],"build_version":"2020-12-22","purchased_purges":0,"victory":true,"max_hp_per_floor":[80,80,80,85,85,85,85,85,85,85,85,85,85,85,85,85,85,85,85,85,85,85,85,85,85,85,106,106,106,106,106,106,106,106,106,106,106,106,106,106,106,106,106,106,106,106,106,106,106,106],"card_choices":[{"not_picked":["Twin Strike","Clash"],"picked":"Perfected Strike","floor":1},{"not_picked":["Warcry","Body Slam"],"picked":"Flex","floor":5},{"not_picked":["Armaments","Brutality"],"picked":"Ghostly Armor","floor":6},{"not_picked":["Twin Strike","Sword Boomerang"],"picked":"Rage","floor":7},{"not_picked":["Dual Wield","Entrench"],"picked":"Evolve","floor":11},{"not_picked":["True Grit","Havoc"],"picked":"Reckless Charge","floor":13},{"not_picked":["Offering","Brutality"],"picked":"Reaper","floor":16},{"not_picked":["Wild Strike","Cleave"],"picked":"Spot Weakness+1","floor":18},{"not_picked":["Disarm+1","Fire Breathing"],"picked":"Searing Blow+1","floor":21},{"not_picked":["Body Slam+1","Cleave"],"picked":"Anger+1","floor":22},{"not_picked":["Intimidate","Heavy Blade+1"],"picked":"Cleave+1","floor":25},{"not_picked":["Anger","Searing Blow"],"picked":"Whirlwind+1","floor":29},{"not_picked":["Rupture","Battle Trance"],"picked":"Shrug It Off+1","floor":31},{"not_picked":["Exhume","Reaper"],"picked":"Barricade","floor":33},{"not_picked":["Headbutt+1","Cleave+1"],"picked":"Power Through","floor":35},{"not_picked":["Reckless Charge+1","Body Slam+1"],"picked":"Inflame","floor":38},{"not_picked":["Armaments+1","Iron Wave+1"],"picked":"Headbutt+1","floor":42},{"not_picked":["Havoc","Barricade"],"picked":"Whirlwind+1","floor":45},{"not_picked":["Ghostly Armor+1","Shrug It Off"],"picked":"Inflame","floor":48}],"player_experience":446863,"relics_obtained":[{"floor":6,"key":"Pen Nib"},{"floor":9,"key":"Vajra"},{"floor":11,"key":"Art of War"},{"floor":13,"key":"Oddly Smooth Stone"},{"floor":24,"key":"Thread and Needle"},{"floor":25,"key":"Unceasing Top"},{"floor":26,"key":"Potion Belt"},{"floor":29,"key":"Centennial Puzzle"},{"floor":34,"key":"Toy Ornithopter"},{"floor":34,"key":"Molten Egg 2"},{"floor":34,"key":"Old Coin"},{"floor":42,"key":"Meat on the Bone"},{"floor":43,"key":"Smiling Mask"},{"floor":46,"key":"War Paint"}],"event_choices":[{"damage_healed":0,"gold_gain":0,"player_choice":"Take Wound","damage_taken":0,"relics_obtained":["Golden Idol"],"max_hp_gain":0,"max_hp_loss":0,"event_name":"Golden Idol","floor":2,"gold_loss":0,"cards_obtained":["Injury"]},{"damage_healed":0,"gold_gain":0,"player_choice":"Ignored","damage_taken":0,"max_hp_gain":0,"max_hp_loss":0,"event_name":"Golden Wing","floor":3,"gold_loss":0},{"damage_healed":0,"gold_gain":0,"player_choice":"Donut","damage_taken":0,"max_hp_gain":5,"max_hp_loss":0,"event_name":"Big Fish","floor":4,"gold_loss":0},{"damage_healed":21,"gold_gain":0,"player_choice":"Healed","damage_taken":0,"max_hp_gain":0,"max_hp_loss":0,"event_name":"The Cleric","floor":14,"gold_loss":35},{"damage_healed":0,"gold_gain":0,"player_choice":"Opened","damage_taken":0,"relics_obtained":["White Beast Statue"],"max_hp_gain":0,"max_hp_loss":0,"event_name":"The Mausoleum","floor":19,"gold_loss":0},{"cards_removed":["Injury"],"damage_healed":0,"gold_gain":0,"player_choice":"Gave Gold","damage_taken":0,"max_hp_gain":0,"max_hp_loss":0,"event_name":"Beggar","floor":20,"gold_loss":75},{"cards_removed":["Bash"],"damage_healed":0,"gold_gain":0,"player_choice":"Removed Attack","damage_taken":0,"max_hp_gain":0,"max_hp_loss":0,"event_name":"Falling","floor":36,"gold_loss":0},{"damage_healed":0,"gold_gain":0,"player_choice":"Ignored","damage_taken":0,"max_hp_gain":0,"max_hp_loss":0,"event_name":"Mysterious Sphere","floor":41,"gold_loss":0}],"is_beta":false,"boss_relics":[{"not_picked":["Pandora\u0027s Box","Cursed Key"],"picked":"Runic Pyramid"},{"not_picked":["Mark of Pain","Black Blood"],"picked":"Calling Bell"}],"items_purged_floors":[],"is_endless":false,"potions_floor_spawned":[7,11,16,18,21,22,25,29,31,33,35,38,42,45,48],"ascension_level":6}}