{"host":"neeznpvpgo0qgfkd","time":1611431443,"event":{"mods":["AchievementEnabler","BaseMod","BetterRewards","Colored Map","Colored Powertips","Exacting","Minty Spire (QoL Compilation)","Permanent Neow","Quick Restart","Shop Mod"],"gold_per_floor":[114,139,139,198,123,166,199,199,253,253,284,284,327,327,327,423,423,447,447,447,462,462,498,498,498,498,541,369,403,426,457,457,552,552,566,566,622,953,234,272,272,316,362,393,409,409,409],"floor_reached":46,"language":"ENG","playtime":3146,"items_purged":["Writhe"],"score":1421,"play_id":"5188f57a-2422-451c-8efa-d649a283d1df","local_time":"20210123145043","is_ascension_mode":true,"campfire_choices":[{"floor":15.0,"key":"REST"},{"floor":24.0,"key":"REST"},{"floor":32.0,"key":"REST"},{"floor":41,"key":"RECALL"}],"circlet_count":0,"master_deck":["AscendersBane","Strike_G","Strike_G+1","Strike_G","Strike_G","Strike_G","Defend_G","Defend_G","Defend_G+1","Defend_G+1","Defend_G","Survivor","Neutralize","Noxious Fumes","Bane+1","Escape Plan","Accuracy","Underhanded Strike+1","Cloak And Dagger+1","Quick Slash+1","Envenom+1","Flechettes+1","After Image","Dagger Spray+1","Flying Knee+1","Blur+1","After Image","Dagger Spray+1","Deadly Poison+1","Dodge and Roll+1","Corpse Explosion+1","Bane+1","The Bomb+1","Flying Knee+1","Well Laid Plans+1","Cloak And Dagger+1","Mayhem","Slice+1","Escape Plan+1","Infinite Blades"],"relics":["Ring of the Serpent","Gremlin Horn","Molten Egg 2","Sling","Golden Idol","Blue Candle","Bag of Marbles","Pen Nib","Shuriken","Pantograph","Anchor","Toxic Egg 2","Enchiridion","Potion Belt","Blood Vial","Akabeko","Ancient Tea Set","WristBlade","Prayer Wheel","Old Coin","StrikeDummy","Happy Flower","Boot","Bottled Lightning","War Paint","Omamori"],"acts_visited":["Exordium","TheCity","TheBeyond"],"potions_floor_usage":[33,37,40,40,44],"damage_taken":[{"damage":2.0,"enemies":"Jaw Worm","floor":1.0,"turns":4.0},{"damage":2.0,"enemies":"Small Slimes","floor":2.0,"turns":4.0},{"damage":0.0,"enemies":"2 Louse","floor":4.0,"turns":4.0},{"damage":12.0,"enemies":"Lagavulin","floor":6.0,"turns":5.0},{"damage":0.0,"enemies":"2 Fungi Beasts","floor":7.0,"turns":3.0},{"damage":0.0,"enemies":"Gremlin Nob","floor":11.0,"turns":1.0},{"damage":4.0,"enemies":"3 Sentries","floor":13.0,"turns":6.0},{"damage":13.0,"enemies":"Hexaghost","floor":16.0,"turns":7.0},{"damage":17.0,"enemies":"Shell Parasite","floor":18.0,"turns":4.0},{"damage":12.0,"enemies":"2 Thieves","floor":21.0,"turns":4.0},{"damage":3.0,"enemies":"Slavers","floor":23.0,"turns":4.0},{"damage":6.0,"enemies":"Gremlin Leader","floor":27.0,"turns":4.0},{"damage":7.0,"enemies":"Book of Stabbing","floor":29.0,"turns":4.0},{"damage":15.0,"enemies":"Snake Plant","floor":30.0,"turns":4.0},{"damage":11.0,"enemies":"Centurion and Healer","floor":31.0,"turns":4.0},{"damage":25,"enemies":"Automaton","floor":33,"turns":9},{"damage":2,"enemies":"3 Shapes","floor":35,"turns":3},{"damage":19,"enemies":"2 Orb Walkers","floor":37,"turns":5},{"damage":0,"enemies":"Mind Bloom Boss Battle","floor":38,"turns":2},{"damage":18,"enemies":"Nemesis","floor":40,"turns":5},{"damage":7,"enemies":"Giant Head","floor":42,"turns":6},{"damage":21,"enemies":"Reptomancer","floor":44,"turns":3},{"damage":0,"enemies":"Orb Walker","floor":45,"turns":3},{"damage":30,"enemies":"Nemesis","floor":46,"turns":2}],"seed_played":"-3527584374113755754","potions_obtained":[{"floor":1.0,"key":"ColorlessPotion"},{"floor":6.0,"key":"SkillPotion"},{"floor":6.0,"key":"AttackPotion"},{"floor":13.0,"key":"Block Potion"},{"floor":16.0,"key":"Dexterity Potion"},{"floor":18.0,"key":"SpeedPotion"},{"floor":23.0,"key":"Strength Potion"},{"floor":29.0,"key":"Poison Potion"},{"floor":30.0,"key":"Energy Potion"},{"floor":33,"key":"Energy Potion"},{"floor":37,"key":"Weak Potion"},{"floor":38,"key":"Dexterity Potion"},{"floor":40,"key":"Poison Potion"},{"floor":42,"key":"CunningPotion"}],"is_trial":false,"path_per_floor":["M","M","?","M","?","E","M","?","T","?","E","?","E","T","R","B",null,"M","?","?","M","?","E","R","?","T","E","$","E","M","M","R","B",null,"M","?","?","?","$","E","R","E","T","E","M","E"],"character_chosen":"THE_SILENT","items_purchased":["Gremlin Horn","Molten Egg 2","Sling","Noxious Fumes","Bane+1","Akabeko","Dagger Spray+1","Cloak And Dagger+1","Mayhem","StrikeDummy","Happy Flower"],"campfire_rested":3,"item_purchase_floors":[0,0,0,0,0,28,28,39,39,39,39],"current_hp_per_floor":[57,55,55,55,55,43,52,32,32,6,6,6,2,2,21,33,58,41,41,41,29,42,39,58,37,37,31,31,26,22,13,32,34,58,58,58,41,66,66,48,48,43,43,24,26,0,0],"gold":409,"neow_bonus":"","is_daily":false,"chose_seed":false,"campfire_upgraded":0,"win_rate":0.0,"timestamp":1611431443,"path_taken":["M","M","?","M","?","E","M","?","T","?","E","?","E","?","R","BOSS","M","?","?","M","?","E","R","?","T","E","?","E","M","M","R","BOSS","M","?","?","?","$","E","R","E","T","E","M","E"],"items_purchased_type":["Relic","Relic","Relic","Card","Card","Relic","Card","Card","Card","Relic","Relic"],"build_version":"2020-12-22","purchased_purges":1,"victory":false,"max_hp_per_floor":[66,66,66,66,66,66,66,66,66,66,66,66,66,66,66,66,66,66,66,66,66,66,66,66,66,66,66,66,66,66,66,66,66,66,66,66,66,66,66,66,66,66,66,66,66,66,66],"card_choices":[{"not_picked":["Acrobatics","Dodge and Roll"],"picked":"Escape Plan","floor":1.0},{"not_picked":["Choke+1","Deadly Poison"],"picked":"Accuracy","floor":2.0},{"not_picked":["Catalyst","Cloak And Dagger"],"picked":"Underhanded Strike+1","floor":4.0},{"not_picked":["Deflect","Expertise"],"picked":"Cloak And Dagger","floor":6.0},{"not_picked":["Backflip","Wraith Form v2"],"picked":"Quick Slash+1","floor":7.0},{"not_picked":["Slice+1","Setup"],"picked":"Envenom","floor":11.0},{"not_picked":["Backflip","Storm of Steel"],"picked":"Flechettes+1","floor":13.0},{"not_picked":["Storm of Steel","Doppelganger"],"picked":"After Image","floor":16.0},{"not_picked":["Reflex","Dagger Throw+1"],"picked":"Dagger Spray+1","floor":18.0},{"not_picked":["Dagger Throw+1","Sucker Punch+1"],"picked":"Flying Knee+1","floor":21.0},{"not_picked":["PiercingWail+1","Dagger Throw+1"],"picked":"Blur+1","floor":23.0},{"not_picked":["Poisoned Stab+1","Quick Slash+1"],"picked":"After Image","floor":27.0},{"not_picked":["Masterful Stab+1","Setup+1"],"picked":"Deadly Poison+1","floor":29.0},{"not_picked":["Dagger Spray+1","Sucker Punch+1"],"picked":"Dodge and Roll+1","floor":30.0},{"not_picked":["Reflex+1","Acrobatics+1","Flechettes+1"],"picked":"SKIP","floor":31.0},{"not_picked":["Die Die Die+1","Burst+1"],"picked":"Corpse Explosion+1","floor":33},{"not_picked":["Prepared+1","Poisoned Stab+1"],"picked":"Bane+1","floor":35},{"not_picked":["Secret Weapon+1","Enlightenment+1"],"picked":"The Bomb+1","floor":36},{"not_picked":["Dagger Throw+1","Underhanded Strike+1"],"picked":"Flying Knee+1","floor":37},{"not_picked":["Choke+1","Bouncing Flask+1"],"picked":"Well Laid Plans+1","floor":38},{"not_picked":["Tactician+1","Flechettes+1"],"picked":"Slice+1","floor":40},{"not_picked":["Choke+1","Poisoned Stab+1"],"picked":"Escape Plan+1","floor":42},{"not_picked":["Reflex+1","Choke+1","Dagger Spray+1"],"picked":"SKIP","floor":44},{"not_picked":["Cloak And Dagger+1","Dash+1"],"picked":"Infinite Blades","floor":45},{"not_picked":["Blur+1","Concentrate+1","Sucker Punch+1"],"picked":"SKIP","floor":45}],"player_experience":1911800,"relics_obtained":[{"floor":6.0,"key":"Blue Candle"},{"floor":9.0,"key":"Bag of Marbles"},{"floor":11.0,"key":"Shuriken"},{"floor":13.0,"key":"Pantograph"},{"floor":23.0,"key":"Toxic Egg 2"},{"floor":25.0,"key":"Enchiridion"},{"floor":26.0,"key":"Potion Belt"},{"floor":27.0,"key":"Blood Vial"},{"floor":29.0,"key":"Ancient Tea Set"},{"floor":37,"key":"Prayer Wheel"},{"floor":38,"key":"Old Coin"},{"floor":40,"key":"Boot"},{"floor":42,"key":"Bottled Lightning"},{"floor":43,"key":"War Paint"},{"floor":44,"key":"Omamori"}],"event_choices":[{"damage_healed":0.0,"max_hp_gain":0.0,"max_hp_loss":0.0,"gold_gain":0.0,"event_name":"Golden Idol","player_choice":"Take Wound","floor":3.0,"gold_loss":0.0,"damage_taken":0.0,"relics_obtained":["Golden Idol"],"cards_obtained":["Injury"]},{"cards_removed":["Injury"],"damage_healed":0.0,"max_hp_gain":0.0,"max_hp_loss":0.0,"gold_gain":0.0,"event_name":"The Cleric","player_choice":"Card Removal","floor":5.0,"gold_loss":75.0,"damage_taken":0.0},{"damage_healed":0.0,"max_hp_gain":0.0,"max_hp_loss":0.0,"gold_gain":0.0,"event_name":"Shining Light","player_choice":"Entered Light","floor":8.0,"gold_loss":0.0,"damage_taken":20.0,"cards_upgraded":["Cloak And Dagger","Strike_G"]},{"damage_healed":0.0,"max_hp_gain":0.0,"max_hp_loss":0.0,"gold_gain":0.0,"event_name":"Scrap Ooze","player_choice":"Success","floor":10.0,"gold_loss":0.0,"damage_taken":26.0,"relics_obtained":["Pen Nib"]},{"damage_healed":0.0,"max_hp_gain":0.0,"max_hp_loss":0.0,"gold_gain":0.0,"event_name":"Living Wall","player_choice":"Grow","floor":12.0,"gold_loss":0.0,"damage_taken":0.0,"cards_upgraded":["Envenom"]},{"damage_healed":0.0,"max_hp_gain":0.0,"max_hp_loss":0.0,"gold_gain":0.0,"event_name":"Ghosts","player_choice":"Ignored","floor":19.0,"gold_loss":0.0,"damage_taken":0.0},{"damage_healed":0.0,"max_hp_gain":0.0,"max_hp_loss":0.0,"gold_gain":0.0,"event_name":"The Mausoleum","player_choice":"Opened","floor":20.0,"gold_loss":0.0,"damage_taken":0.0,"relics_obtained":["Anchor"],"cards_obtained":["Writhe"]},{"damage_healed":13.0,"max_hp_gain":0.0,"max_hp_loss":0.0,"gold_gain":0.0,"event_name":"The Library","player_choice":"Heal","floor":22.0,"gold_loss":0.0,"damage_taken":0.0},{"damage_healed":0.0,"max_hp_gain":0.0,"max_hp_loss":0.0,"gold_gain":0.0,"event_name":"Cursed Tome","player_choice":"Obtained Book","floor":25.0,"gold_loss":0.0,"damage_taken":21.0},{"damage_healed":0,"gold_gain":0,"player_choice":"Memory 1","damage_taken":0,"max_hp_gain":0,"max_hp_loss":0,"event_name":"SensoryStone","floor":36,"gold_loss":0},{"damage_healed":0,"gold_gain":0,"player_choice":"Fight","damage_taken":0,"max_hp_gain":0,"max_hp_loss":0,"event_name":"Mysterious Sphere","floor":37,"gold_loss":0},{"damage_healed":0,"gold_gain":0,"player_choice":"Fight","damage_taken":0,"max_hp_gain":0,"max_hp_loss":0,"event_name":"MindBloom","floor":38,"gold_loss":0}],"is_beta":false,"boss_relics":[{"not_picked":["Busted Crown","HoveringKite"],"picked":"Ring of the Serpent"},{"not_picked":["Runic Dome","Philosopher\u0027s Stone"],"picked":"WristBlade"}],"items_purged_floors":[39],"is_endless":false,"potions_floor_spawned":[1,6,13,16,18,23,29,30,33,37,38,40],"killed_by":"Nemesis","ascension_level":15}}