{"host":"qbvxbacgnxuisbbe","time":1611436954,"event":{"mods":["Alarm Clock","BaseMod","Minty Spire (QoL Compilation)","StSLib","Wide Potions"],"gold_per_floor":[118,118,118,118,131,131,156,156,156,187,203,237,256,279,279,377,377,397,397,414,430,430,430,443,458,458,458,458,458,89,106,106,106,106],"floor_reached":33,"language":"ENG","playtime":783,"items_purged":["Defend_R"],"score":340,"play_id":"bfcceb1b-c065-42f0-996b-7492a4ce3ce2","local_time":"20210123212234","is_ascension_mode":false,"campfire_choices":[{"data":"Clothesline","floor":6,"key":"SMITH"},{"data":"Immolate","floor":8,"key":"SMITH"},{"data":"Pain","floor":15,"key":"PURGE"},{"data":"Defend_R","floor":23,"key":"PURGE"},{"data":"Defend_R","floor":28,"key":"PURGE"},{"data":"Defend_R","floor":32,"key":"PURGE"}],"circlet_count":0,"master_deck":["Strike_R","Strike_R","Strike_R","Strike_R","Bash","Clothesline+1","Combust","Immolate+1","Clash","Immolate+1","Uppercut","Shrug It Off+1"],"relics":["Burning Blood","Potion Belt","WarpedTongs","Bronze Scales","Peace Pipe","Red Skull","Art of War","Bag of Marbles","Black Star","Tiny Chest","Orichalcum"],"acts_visited":["Exordium","TheCity"],"potions_floor_usage":[16,18,24,30,31,33],"damage_taken":[{"damage":1,"enemies":"2 Louse","floor":1,"turns":3},{"damage":12,"enemies":"Small Slimes","floor":5,"turns":4},{"damage":25,"enemies":"Gremlin Nob","floor":7,"turns":4},{"damage":22,"enemies":"Lagavulin","floor":10,"turns":5},{"damage":0,"enemies":"Cultist","floor":11,"turns":2},{"damage":20,"enemies":"Gremlin Nob","floor":12,"turns":4},{"damage":0,"enemies":"Exordium Wildlife","floor":13,"turns":2},{"damage":0,"enemies":"Slime Boss","floor":16,"turns":2},{"damage":1,"enemies":"Shell Parasite","floor":18,"turns":3},{"damage":6,"enemies":"Spheric Guardian","floor":20,"turns":3},{"damage":2,"enemies":"3 Cultists","floor":21,"turns":2},{"damage":29,"enemies":"Centurion and Healer","floor":24,"turns":4},{"damage":12,"enemies":"Snecko","floor":25,"turns":4},{"damage":0,"enemies":"Snake Plant","floor":31,"turns":2},{"damage":34,"enemies":"Automaton","floor":33,"turns":6}],"seed_played":"380045103192442","potions_obtained":[{"floor":7,"key":"LiquidMemories"},{"floor":11,"key":"EssenceOfSteel"},{"floor":12,"key":"Dexterity Potion"},{"floor":16,"key":"PowerPotion"},{"floor":18,"key":"ColorlessPotion"},{"floor":24,"key":"AttackPotion"}],"is_trial":false,"path_per_floor":["M","?","?","?","M","R","E","R","T","E","M","E","M","T","R","B",null,"M","?","M","M","?","R","M","M","T","?","R","?","$","M","R","B"],"character_chosen":"IRONCLAD","items_purchased":["Orichalcum","Fruit Juice","Strength Potion"],"campfire_rested":0,"item_purchase_floors":[30,30,30],"current_hp_per_floor":[88,88,88,88,82,82,63,63,63,47,53,39,45,45,45,51,88,88,88,88,88,88,88,65,59,59,42,42,42,47,53,53,19,19],"gold":106,"neow_bonus":"TEN_PERCENT_HP_BONUS","is_daily":false,"chose_seed":false,"campfire_upgraded":2,"win_rate":0.0,"timestamp":1611436954,"path_taken":["M","?","?","?","?","R","E","R","T","E","M","E","M","?","R","BOSS","M","?","M","?","?","R","M","M","T","?","R","?","$","M","R","BOSS"],"items_purchased_type":["Relic","Potion","Potion"],"build_version":"2020-12-22","purchased_purges":1,"victory":false,"max_hp_per_floor":[88,88,88,88,88,88,88,88,88,88,88,88,88,88,88,88,88,88,88,88,88,88,88,88,88,88,93,93,93,98,98,98,98,98],"card_choices":[{"not_picked":["Feel No Pain","Twin Strike"],"picked":"Clothesline","floor":1},{"not_picked":["Searing Blow","Pummel"],"picked":"Combust","floor":5},{"not_picked":["Iron Wave","Thunderclap"],"picked":"Immolate","floor":7},{"not_picked":["Sever Soul","Power Through","Havoc"],"picked":"SKIP","floor":10},{"not_picked":["Sword Boomerang","Wild Strike"],"picked":"Clash","floor":11},{"not_picked":["Thunderclap","Headbutt","Body Slam"],"picked":"SKIP","floor":12},{"not_picked":["Juggernaut","Flex","Thunderclap"],"picked":"SKIP","floor":13},{"not_picked":["Thunderclap","Wild Strike+1","Headbutt+1"],"picked":"SKIP","floor":18},{"not_picked":["Anger","Body Slam"],"picked":"Uppercut","floor":20},{"not_picked":["Cleave","Perfected Strike","Metallicize"],"picked":"SKIP","floor":21},{"not_picked":["Cleave","Carnage"],"picked":"Shrug It Off+1","floor":24},{"not_picked":["Body Slam","Havoc","Heavy Blade"],"picked":"SKIP","floor":25},{"not_picked":["Sword Boomerang","Second Wind","Dropkick+1"],"picked":"SKIP","floor":31}],"player_experience":126807,"relics_obtained":[{"floor":7,"key":"Bronze Scales"},{"floor":9,"key":"Peace Pipe"},{"floor":10,"key":"Red Skull"},{"floor":12,"key":"Art of War"},{"floor":14,"key":"Bag of Marbles"},{"floor":26,"key":"Tiny Chest"}],"event_choices":[{"damage_healed":0,"gold_gain":0,"player_choice":"Box","damage_taken":0,"relics_obtained":["Potion Belt"],"max_hp_gain":0,"max_hp_loss":0,"event_name":"Big Fish","floor":2,"gold_loss":0,"cards_obtained":["Regret"]},{"cards_removed":["Regret"],"damage_healed":0,"gold_gain":0,"player_choice":"Forget","damage_taken":0,"max_hp_gain":0,"max_hp_loss":0,"event_name":"Living Wall","floor":3,"gold_loss":0},{"damage_healed":0,"gold_gain":0,"player_choice":"Rummage","damage_taken":0,"relics_obtained":["WarpedTongs"],"max_hp_gain":0,"max_hp_loss":0,"event_name":"Accursed Blacksmith","floor":4,"gold_loss":0,"cards_obtained":["Pain"]},{"damage_healed":0,"gold_gain":0,"player_choice":"Copied","damage_taken":0,"max_hp_gain":0,"max_hp_loss":0,"event_name":"Duplicator","floor":19,"gold_loss":0,"cards_obtained":["Immolate"]},{"cards_removed":["Strike_R"],"damage_healed":0,"gold_gain":0,"player_choice":"Elegance","damage_taken":0,"max_hp_gain":0,"max_hp_loss":0,"event_name":"Back to Basics","floor":22,"gold_loss":0},{"damage_healed":0,"gold_gain":0,"player_choice":"Shed Blood","damage_taken":22,"max_hp_gain":5,"max_hp_loss":0,"event_name":"Forgotten Altar","floor":27,"gold_loss":0},{"damage_healed":0,"gold_gain":0,"player_choice":"Ignored","damage_taken":0,"max_hp_gain":0,"max_hp_loss":0,"event_name":"Cursed Tome","floor":29,"gold_loss":0}],"is_beta":false,"boss_relics":[{"not_picked":["Calling Bell","Mark of Pain"],"picked":"Black Star"}],"items_purged_floors":[30],"is_endless":false,"potions_floor_spawned":[7,11,12,16,18,24],"killed_by":"Automaton","ascension_level":0}}