{"host":"d17dpptiltdcqz9s","time":1611403974,"event":{"mods":["BaseMod","Colored Powertips","Downfall","Minty Spire (QoL Compilation)","Replay The Spire","StSLib","The Bug Knight"],"gold_per_floor":[117,117,100,158,58,86,86,115,115,115,65,75,92,107,107,180,180,194,194,206,206,305,317,110,110,110,110,110,110,110,125,125,125,125,125,125],"floor_reached":35,"language":"ZHS","playtime":1586,"items_purged":["downfall:Haunted","Defend_R","Strike_R"],"score":444,"play_id":"0373053a-4ebe-4238-8a76-4ffba11100a8","local_time":"20210123201254","is_ascension_mode":true,"campfire_choices":[{"data":"Flex","floor":7,"key":"SMITH"},{"data":"Run Through","floor":10,"key":"SMITH"},{"data":"Intimidate","floor":10,"key":"SMITH"},{"floor":15,"key":"REST"},{"floor":25,"key":"REST"},{"floor":30,"key":"REST"},{"data":"Dramatic Entrance","floor":32,"key":"SMITH"},{"data":"Bash","floor":32,"key":"SMITH"},{"data":"Sword Boomerang","floor":34,"key":"SMITH"},{"data":"Reaper","floor":34,"key":"SMITH"}],"circlet_count":0,"master_deck":["AscendersBane","Strike_R","Strike_R","Defend_R","Defend_R","Bash+1","Intimidate+1","Shrug It Off","Flex+1","Clash","Clash","Warcry","Run Through+1","Sword Boomerang+1","Sever Soul","Eclipse","Life Link+1","Dropkick+1","Dramatic Entrance+1","Reaper+1"],"relics":["Burning Blood","ReplayTheSpireMod:CursedCoin","Magic Flower","Replay:Arrowhead","Replay:Rubber Ducky","Replay:Bronze Core","Onion Ring","Pet Ghost"],"acts_visited":["Exordium","TheCity"],"potions_floor_usage":[8,8,16,23],"damage_taken":[{"damage":4,"enemies":"2 Louse","floor":1,"turns":4},{"damage":30,"enemies":"3 Sentries","floor":6,"turns":10},{"damage":30,"enemies":"Gremlin Nob","floor":8,"turns":4},{"damage":4,"enemies":"Small Slimes","floor":12,"turns":2},{"damage":2,"enemies":"Jaw Worm","floor":13,"turns":2},{"damage":16,"enemies":"Large Slime","floor":14,"turns":4},{"damage":44,"enemies":"Hexaghost","floor":16,"turns":8},{"damage":12,"enemies":"Shell Parasite","floor":18,"turns":3},{"damage":26,"enemies":"2 Thieves","floor":20,"turns":4},{"damage":24,"enemies":"Snake Plant","floor":23,"turns":2},{"damage":2,"enemies":"Cultist and Chosen","floor":31,"turns":6},{"damage":84,"enemies":"Champ","floor":35,"turns":8}],"seed_played":"76049166870890135","potions_obtained":[{"floor":1,"key":"HeartOfIron"},{"floor":4,"key":"bronze:BurnAndBuffPotion"},{"floor":12,"key":"AttackPotion"},{"floor":16,"key":"LiquidMemories"}],"is_trial":false,"path_per_floor":["M","?","$","?","$","E","R","E","T","R","?","M","M","M","R","B",null,"M","?","M","?","?","M","$","R","PTL","PTL","T","$","R","M","R","T","R","B"],"character_chosen":"IRONCLAD","items_purchased":["ReplayTheSpireMod:CursedCoin","Flex","Clash","Dramatic Entrance"],"campfire_rested":3,"item_purchase_floors":[3,3,3,24],"current_hp_per_floor":[70,70,70,70,70,46,46,25,25,25,25,30,37,30,52,17,61,58,44,27,27,27,12,12,36,36,36,36,36,60,67,67,67,67,0,0],"gold":125,"neow_bonus":"RANDOM_EVENT","is_daily":false,"chose_seed":false,"campfire_upgraded":7,"win_rate":0.0,"timestamp":1611403974,"path_taken":["M","?","$","?","$","E","R","E","T","R","?","M","M","?","R","BOSS","M","?","M","?","?","M","?","R","PTL","PTL","T","$","R","M","R","?","R","BOSS"],"items_purchased_type":["Relic","Card","Card","Card"],"build_version":"2020-12-22","purchased_purges":3,"victory":false,"max_hp_per_floor":[75,75,75,75,75,75,75,75,75,75,75,75,75,75,75,75,75,75,80,80,80,80,80,80,80,80,80,80,80,80,80,80,80,80,80,80],"card_choices":[{"not_picked":["Blood for Blood","Combust"],"picked":"Shrug It Off","floor":1},{"not_picked":["Shrug It Off","Searing Blow"],"picked":"Warcry","floor":4},{"not_picked":["Havoc","Battle Trance"],"picked":"Run Through","floor":6},{"not_picked":["True Grit","Headbutt"],"picked":"Sword Boomerang","floor":8},{"not_picked":["True Grit","ReplayTheSpireMod:Limb From Limb"],"picked":"Sever Soul","floor":12},{"not_picked":["Shrug It Off","Wild Strike","Twin Strike"],"picked":"SKIP","floor":13},{"not_picked":["Anger","Heavy Blade","Combust"],"picked":"SKIP","floor":14},{"not_picked":["Reaper","Offering"],"picked":"Eclipse","floor":16},{"not_picked":["Body Slam","Havoc+1","Anger"],"picked":"SKIP","floor":18},{"not_picked":["Thunderclap","ReplayReversal"],"picked":"Life Link+1","floor":20},{"not_picked":["Flame Barrier","Sword Boomerang"],"picked":"Dropkick+1","floor":23},{"not_picked":["Havoc","Shrug It Off"],"picked":"Reaper","floor":31}],"player_experience":173794,"relics_obtained":[{"floor":6,"key":"Magic Flower"},{"floor":8,"key":"Replay:Arrowhead"},{"floor":9,"key":"Replay:Rubber Ducky"},{"floor":28,"key":"Onion Ring"},{"floor":33,"key":"Pet Ghost"}],"event_choices":[{"damage_healed":0,"gold_gain":0,"cards_transformed":["Strike_R"],"player_choice":"Change","damage_taken":0,"max_hp_gain":0,"max_hp_loss":0,"event_name":"Living Wall","floor":0,"gold_loss":0,"cards_obtained":["Intimidate"]},{"cards_removed":["Defend_R"],"damage_healed":0,"gold_gain":0,"player_choice":"Card Removal","damage_taken":0,"max_hp_gain":0,"max_hp_loss":0,"event_name":"The Cleric","floor":11,"gold_loss":50},{"damage_healed":0,"gold_gain":0,"player_choice":"Shed Blood","damage_taken":19,"max_hp_gain":5,"max_hp_loss":0,"event_name":"Forgotten Altar","floor":19,"gold_loss":0},{"damage_healed":0,"gold_gain":99,"player_choice":"Stole From Cult","damage_taken":0,"max_hp_gain":0,"max_hp_loss":0,"event_name":"Nest","floor":22,"gold_loss":0}],"is_beta":false,"boss_relics":[{"not_picked":["Snecko Eye","Ring of Chaos"],"picked":"Replay:Bronze Core"}],"items_purged_floors":[3,5,24],"is_endless":false,"potions_floor_spawned":[1,12,16],"killed_by":"Champ","ascension_level":14}}