{"host":"bf9sa99gaumonoeu","time":1611444843,"event":{"mods":["AchievementEnabler","Act Like it!","Aspiration","BaseMod","Bestiary","Block Reminder","Colored Map","Colored Powertips","Downfall","Friendly Minions","Gensokyo","GifTheSpireLib","Googly Eyes","Hallownest","Hermit","Highlight Path","Jorbs\u0027s Wanderer Trilogy","KinomotoSakuraMod(????)","Koishi","Marisa????????","Minty Spire (QoL Compilation)","Rare Cards Sparkle","Relic Stats","Spire Arcade","StSLib","The Administrix","The Animator","The Bug Knight","The Construct","The Cursed","The Hierophant","The Mystic","The Necromancer","The Poker Player","The Runesmith","The Senshi","The Servant 0.9.4","ojb\u0027s Info Mod"],"gold_per_floor":[99,114,129,58,71,71,71,71,90,90,90,90,90,119,133,160,160,178,197,222,239,256,272,272,285,285,383,383,183,203,213,213,643,82,82,16,45,62,62,94,119,0,20,125,125,125,138,153,169,169,187,187,213,113,130,160,160,160,172,188,188,188,216,38,38,38,38],"floor_reached":64,"language":"ENG","playtime":6874,"items_purged":[],"score":1829,"play_id":"e97fc386-c1ad-4f3b-bc8b-66029c36a451","local_time":"20210123213403","is_ascension_mode":true,"campfire_choices":[{"floor":1,"key":"RECALL"},{"data":"Guardian:RollAttack","floor":6,"key":"SMITH"},{"data":"Guardian:Recover","floor":10,"key":"SMITH"},{"data":"Guardian:PrimingBeam","floor":12,"key":"SMITH"},{"data":"Guardian:TemporalShield","floor":25,"key":"SMITH"},{"data":"Guardian:BaubleBeam","floor":35,"key":"SMITH"},{"data":"1","floor":42,"key":"LIFT"},{"data":"2","floor":50,"key":"LIFT"},{"data":"3","floor":54,"key":"LIFT"},{"data":"Apotheosis","floor":61,"key":"SMITH"}],"circlet_count":0,"master_deck":["Guardian:CurlUp","Guardian:Planning","Guardian:PrimingBeam+1","Guardian:RollAttack+1","Sucker Punch","Bouncing Flask+1","Guardian:Recover+1","Guardian:VentSteam","Guardian:ExploitGems","Guardian:TimeCapacitor","Guardian:BaubleBeam+1","Guardian:Reroute","Guardian:TemporalShield+1","Guardian:SentryBeam","Unload","Deflect","Malaise+1","Guardian:BronzeOrb+1","Guardian:ExploitGems","Guardian:Recover","Guardian:PiercingHide","Guardian:Clone","Guardian:BronzeOrb","Guardian:ShieldSpikes","Guardian:ExploitGems","Expertise","Flying Knee","Guardian:ChargeCore","Guardian:GuardianWhirl","Guardian:TemporalShield+1","Apotheosis+1"],"relics":["Guardian:ModeShifterPlus","Bronze Scales","Ancient Tea Set","Gensokyo:OccultBall","Gensokyo:PortableGap","Bird Faced Urn","InkBottle","Runesmith:Locket","Bag of Marbles","Strawberry","Busted Crown","downfall:HeartBlessingRed","downfall:HeartBlessingGreen","OrangePellets","DollysMirror","aspiration:ChemicalBlood","Akabeko","Incense Burner","aspiration:FetidBarrel","Gambling Chip","Girya","Letter Opener","Strawberry","downfall:HeartBlessingBlue","aspiration:StickyExplosives","Ornamental Fan"],"acts_visited":["Gensokyo:Gensokyo","Gensokyo:Gensokyoer","Gensokyo:Gensokyoest","TheEnding"],"potions_floor_usage":[19,23,33,63,63,63],"damage_taken":[{"damage":10,"enemies":"Gensokyo:Gryphon","floor":2,"turns":4},{"damage":0,"enemies":"Gensokyo:3_Fairies","floor":3,"turns":5},{"damage":2,"enemies":"Gensokyo:2_Kodama","floor":5,"turns":5},{"damage":5,"enemies":"Gensokyo:VengefulSpirit","floor":9,"turns":5},{"damage":1,"enemies":"Gensokyo:Aya","floor":14,"turns":5},{"damage":8,"enemies":"Gensokyo:CorruptedTreant","floor":15,"turns":3},{"damage":2,"enemies":"Gensokyo:Cirno","floor":14,"turns":8},{"damage":3,"enemies":"Gensokyo:Python_and_Kodama","floor":16,"turns":4},{"damage":2,"enemies":"Gensokyo:3_Kodama","floor":17,"turns":4},{"damage":0,"enemies":"Gensokyo:Aya","floor":18,"turns":5},{"damage":0,"enemies":"Gensokyo:LivingMonolith","floor":19,"turns":3},{"damage":1,"enemies":"Gensokyo:Kitsune","floor":20,"turns":2},{"damage":11,"enemies":"Gensokyo:Python_and_Kodama","floor":21,"turns":3},{"damage":0,"enemies":"Gensokyo:VengefulSpirit","floor":23,"turns":3},{"damage":21,"enemies":"IC_STATUS_ARCHETYPE","floor":23,"turns":8},{"damage":1,"enemies":"Gensokyo:3_Dogs","floor":26,"turns":4},{"damage":1,"enemies":"Gensokyo:AngelMirror","floor":27,"turns":3},{"damage":42,"enemies":"Gensokyo:Wraith","floor":29,"turns":3},{"damage":0,"enemies":"downfall:FleeingMerchant","floor":32,"turns":4},{"damage":6,"enemies":"Gensokyo:Reisen","floor":33,"turns":7},{"damage":0,"enemies":"Gensokyo:Slime_Group","floor":34,"turns":4},{"damage":0,"enemies":"Gensokyo:Koishi","floor":36,"turns":5},{"damage":0,"enemies":"Gensokyo:Tenshi","floor":37,"turns":3},{"damage":0,"enemies":"Gensokyo:Monolith_and_Dog","floor":39,"turns":2},{"damage":10,"enemies":"DF_ARCHETYPE_CLAW","floor":40,"turns":7},{"damage":0,"enemies":"Gensokyo:3_Boulders","floor":43,"turns":2},{"damage":0,"enemies":"Gensokyo:AncientGuardian","floor":44,"turns":1},{"damage":0,"enemies":"Gensokyo:3_Boulders","floor":45,"turns":4},{"damage":0,"enemies":"Gensokyo:4_Bats","floor":47,"turns":3},{"damage":0,"enemies":"Gensokyo:Kasen","floor":49,"turns":4},{"damage":0,"enemies":"Gensokyo:AtlasGolem","floor":51,"turns":2},{"damage":0,"enemies":"Gensokyo:Doremy","floor":52,"turns":5},{"damage":0,"enemies":"Gensokyo:Sharpion","floor":55,"turns":1},{"damage":0,"enemies":"Gensokyo:Rafflesia","floor":56,"turns":3},{"damage":31,"enemies":"WA_ARCHETYPE_DIVINITY","floor":57,"turns":6},{"damage":0,"enemies":"downfall:CharBossMerchant","floor":59,"turns":7},{"damage":35,"enemies":"downfall:NeowBoss","floor":62,"turns":16},{"damage":93,"enemies":"downfall:NeowBossFinal","floor":63,"turns":9}],"seed_played":"-9028007939035006273","potions_obtained":[{"floor":9,"key":"champ:CounterPotion"},{"floor":15,"key":"LiquidBronze"},{"floor":14,"key":"PowerPotion"},{"floor":18,"key":"DistilledChaos"},{"floor":19,"key":"Fruit Juice"},{"floor":20,"key":"Guardian:BlockOnCardUsePotion"},{"floor":23,"key":"AttackPotion"},{"floor":37,"key":"bronze:BurnAndBuffPotion"},{"floor":45,"key":"CultistPotion"},{"floor":52,"key":"DuplicationPotion"},{"floor":63,"key":"bronze:BurnAndBuffPotion"},{"floor":63,"key":"bronze:BurnAndBuffPotion"}],"is_trial":false,"path_per_floor":["R","M","M","COS","M","R","T","?","M","R","?","R","?","E","M","E","T","M","M","E","M","M","M","?","M","M","B",null,"R","M","M","?","M","COS","T","$","E","M","R","E","E","?","M","B",null,"R","M","M","M","?","M","T","E","R","M","E","?","R","M","M","B",null,"E","$","R","B","B",null],"character_chosen":"GUARDIAN","items_purchased":["Guardian:PiercingHide","Apotheosis"],"campfire_rested":0,"item_purchase_floors":[32,60],"current_hp_per_floor":[88,78,78,78,76,76,76,76,71,71,71,71,71,70,64,62,62,59,57,59,64,63,52,49,49,49,30,86,86,86,85,85,43,43,43,45,41,41,41,43,45,45,45,37,83,83,83,83,83,83,83,83,90,100,100,100,100,100,100,100,69,100,100,100,100,65,12],"gold":38,"neow_bonus":"TEN_PERCENT_HP_BONUS","is_daily":false,"chose_seed":false,"campfire_upgraded":6,"win_rate":0.0,"timestamp":1611444843,"path_taken":["R","M","M","COS","M","R","T","?","?","R","?","R","?","E","M","E","T","M","?","E","M","M","M","?","M","M","BOSS","R","M","M","?","M","COS","T","?","E","M","R","E","E","?","M","BOSS","R","M","M","M","?","?","T","E","R","M","E","?","R","M","M","BOSS","E","$","R","BOSS","BOSS"],"items_purchased_type":["Card","Card"],"build_version":"2020-12-22","purchased_purges":0,"victory":true,"max_hp_per_floor":[88,88,88,88,88,88,88,88,88,88,88,88,80,80,77,77,77,77,77,77,82,82,82,89,86,86,86,86,86,86,86,86,86,86,86,86,86,86,86,83,83,83,83,83,83,83,83,83,83,83,83,83,90,100,100,100,100,100,100,100,100,100,100,100,100,100,100],"relic_stats":{"OrangePellets":[17],"Busted Crown":48,"counters":[38,170],"Ornamental Fan":[32],"Bronze Scales":[358],"Bird Faced Urn":[21],"Gambling Chip":[24],"Letter Opener":[233],"obtain_stats":[{"Guardian:ModeShifterPlus":41,"Runesmith:Locket":15,"downfall:HeartBlessingGreen":25,"Incense Burner":33,"Ancient Tea Set":9,"Gensokyo:PortableGap":13,"Frozen Eye":36,"DollysMirror":30,"downfall:HeartBlessingBlue":50,"Strawberry":22,"Gambling Chip":36,"Gensokyo:OccultBall":11,"InkBottle":14,"aspiration:ChemicalBlood":31,"Girya":36,"aspiration:StickyExplosives":52,"downfall:HeartBlessingRed":25,"aspiration:FetidBarrel":34,"Guardian:ModeShifter":0,"Letter Opener":37,"Akabeko":33,"OrangePellets":30,"Busted Crown":24,"Ornamental Fan":59,"Bronze Scales":7,"Bird Faced Urn":14,"Bag of Marbles":18},{"Guardian:ModeShifterPlus":25,"Runesmith:Locket":7,"downfall:HeartBlessingGreen":15,"Incense Burner":20,"Ancient Tea Set":4,"Gensokyo:PortableGap":4,"Frozen Eye":21,"DollysMirror":18,"downfall:HeartBlessingBlue":30,"Strawberry":13,"Gambling Chip":22,"Gensokyo:OccultBall":4,"InkBottle":7,"aspiration:ChemicalBlood":18,"Girya":22,"aspiration:StickyExplosives":32,"downfall:HeartBlessingRed":15,"aspiration:FetidBarrel":21,"Guardian:ModeShifter":0,"Letter Opener":23,"Akabeko":20,"OrangePellets":18,"Busted Crown":15,"Ornamental Fan":36,"Bronze Scales":3,"Bird Faced Urn":5,"Bag of Marbles":10},{"Guardian:ModeShifterPlus":108,"Runesmith:Locket":35,"downfall:HeartBlessingGreen":67,"Incense Burner":88,"Ancient Tea Set":16,"Gensokyo:PortableGap":19,"Frozen Eye":92,"DollysMirror":77,"downfall:HeartBlessingBlue":122,"Strawberry":56,"Gambling Chip":93,"Gensokyo:OccultBall":19,"InkBottle":35,"aspiration:ChemicalBlood":77,"Girya":96,"aspiration:StickyExplosives":128,"downfall:HeartBlessingRed":67,"aspiration:FetidBarrel":91,"Guardian:ModeShifter":0,"Letter Opener":99,"Akabeko":83,"OrangePellets":77,"Busted Crown":67,"Ornamental Fan":145,"Bronze Scales":14,"Bird Faced Urn":24,"Bag of Marbles":48}],"InkBottle":[66]},"card_choices":[{"not_picked":["Guardian:VentSteam","Guardian:ChargeCore"],"picked":"Guardian:Planning","floor":2},{"not_picked":["Guardian:Suspension","Guardian:Preprogram"],"picked":"Guardian:PrimingBeam","floor":3},{"not_picked":["Guardian:Incinerate","Guardian:EvasiveProtocol"],"picked":"Guardian:RollAttack","floor":5},{"not_picked":["Guardian:ArmoredProtocol","Guardian:Gem_Red"],"picked":"Guardian:Recover","floor":9},{"not_picked":["Guardian:Gem_Red","Guardian:PrismaticBarrier"],"picked":"Guardian:VentSteam","floor":14},{"not_picked":["Guardian:ChargeCore","Guardian:Suspension"],"picked":"Guardian:ExploitGems","floor":15},{"not_picked":["Guardian:DonusPower","Guardian:DecasProtection"],"picked":"Guardian:TimeCapacitor","floor":14},{"not_picked":["Guardian:Suspension","Guardian:SpikerProtocol","Guardian:TemporalStrike"],"picked":"SKIP","floor":16},{"not_picked":["Guardian:WalkerClaw","Guardian:TemporalStrike"],"picked":"Guardian:Gem_Green","floor":17},{"not_picked":["Guardian:Recover","Guardian:Incinerate"],"picked":"Guardian:BaubleBeam","floor":18},{"not_picked":["Guardian:PrimingBeam","Guardian:Gem_Cyan"],"picked":"Guardian:Reroute","floor":19},{"not_picked":["Guardian:VentSteam","Guardian:WalkerClaw"],"picked":"Guardian:Gem_Purple","floor":20},{"not_picked":["Guardian:ShieldCharger","Guardian:ArmoredProtocol"],"picked":"Guardian:TemporalShield","floor":21},{"not_picked":["Guardian:Reroute","Guardian:Harden"],"picked":"Guardian:Gem_Yellow","floor":23},{"not_picked":["Guardian:AncientConstruct","Guardian:GatlingBeam"],"picked":"Guardian:Gem_Synthetic","floor":23},{"not_picked":[],"picked":"Guardian:SentryBeam","floor":26},{"not_picked":["Guardian:TemporalStrike"],"picked":"SKIP","floor":27},{"not_picked":[],"picked":"Guardian:BronzeOrb+1","floor":29},{"not_picked":[],"picked":"Guardian:Recover","floor":32},{"not_picked":[],"picked":"Guardian:Gem_Fragmented","floor":33},{"not_picked":["Guardian:Clone"],"picked":"SKIP","floor":34},{"not_picked":[],"picked":"Guardian:Clone","floor":34},{"not_picked":[],"picked":"Guardian:BronzeOrb","floor":36},{"not_picked":["Guardian:SentryBeam"],"picked":"SKIP","floor":37},{"not_picked":[],"picked":"Guardian:ShieldSpikes","floor":39},{"not_picked":[],"picked":"Guardian:ExploitGems","floor":40},{"not_picked":["Guardian:Incinerate"],"picked":"SKIP","floor":43},{"not_picked":["Guardian:Repulse"],"picked":"SKIP","floor":44},{"not_picked":[],"picked":"Guardian:Gem_Red","floor":45},{"not_picked":[],"picked":"Guardian:ChargeCore","floor":47},{"not_picked":[],"picked":"Guardian:GuardianWhirl","floor":49},{"not_picked":["Guardian:ChargeCore"],"picked":"SKIP","floor":51},{"not_picked":[],"picked":"Guardian:TemporalShield+1","floor":52},{"not_picked":[],"picked":"Guardian:Gem_Red","floor":55},{"not_picked":["Guardian:PrimingBeam"],"picked":"SKIP","floor":56},{"not_picked":["Guardian:RollAttack+1"],"picked":"SKIP","floor":59}],"player_experience":1204150,"relics_obtained":[{"floor":7,"key":"Bronze Scales"},{"floor":14,"key":"Bird Faced Urn"},{"floor":14,"key":"InkBottle"},{"floor":15,"key":"Runesmith:Locket"},{"floor":18,"key":"Bag of Marbles"},{"floor":19,"key":"Gensokyo:OccultBall"},{"floor":23,"key":"Gensokyo:OccultBall"},{"floor":31,"key":"aspiration:ChemicalBlood"},{"floor":33,"key":"Incense Burner"},{"floor":36,"key":"Girya"},{"floor":37,"key":"Letter Opener"},{"floor":40,"key":"Gensokyo:OccultBall"},{"floor":49,"key":"Strawberry"},{"floor":51,"key":"Gensokyo:OccultBall"},{"floor":52,"key":"aspiration:StickyExplosives"},{"floor":59,"key":"Ornamental Fan"}],"event_choices":[],"is_beta":false,"boss_relics":[{"not_picked":["Runesmith:UraniumAnvil","aspiration:FutureDiary"],"picked":"Busted Crown"},{"not_picked":["construct:ClawGrip","Pandora\u0027s Box"],"picked":"Guardian:ModeShifterPlus"}],"items_purged_floors":[],"is_endless":false,"potions_floor_spawned":[9,15,14,18,19,20,21,23,26,27,37,43,45,51,52,55,59],"ascension_level":1}}