{"host":"baymyijz6sxaqj5s","time":1611366880,"event":{"mods":["AchievementEnabler","BaseMod","Colored Map","Colored Powertips","DeckTracker","Highlight Path","KOR Keyword Fix","Keyboard Shortcuts","Minty Spire (QoL Compilation)","StSLib","SuperFastMode","everything is the same but u backflip on backflip"],"gold_per_floor":[111,127,138,154,154,167,186,186,186,201,201,201,201,201,201,302,302,314,327,327,327],"floor_reached":20,"language":"KOR","playtime":802,"items_purged":[],"score":193,"play_id":"bf65c5b0-526b-48e7-a48a-4719297ceafa","local_time":"20210123105440","is_ascension_mode":true,"campfire_choices":[{"data":"Survivor","floor":8,"key":"SMITH"},{"data":"Blur","floor":11,"key":"SMITH"},{"data":"Deflect","floor":15,"key":"SMITH"}],"circlet_count":0,"master_deck":["Strike_G","Strike_G","Strike_G","Strike_G","Strike_G","Defend_G","Defend_G","Defend_G","Defend_G","Defend_G","Survivor+1","Neutralize","Prepared","Flying Knee","Blur+1","Deflect+1","Poisoned Stab","All Out Attack","Leg Sweep+1","Backflip"],"relics":["Ring of the Snake","Centennial Puzzle","Runic Pyramid"],"acts_visited":["Exordium","TheCity"],"potions_floor_usage":[6,16,16,18],"damage_taken":[{"damage":0,"enemies":"Cultist","floor":1,"turns":5},{"damage":3,"enemies":"Jaw Worm","floor":2,"turns":8},{"damage":0,"enemies":"2 Louse","floor":3,"turns":4},{"damage":3,"enemies":"2 Fungi Beasts","floor":4,"turns":4},{"damage":16,"enemies":"Lots of Slimes","floor":6,"turns":7},{"damage":0,"enemies":"Blue Slaver","floor":7,"turns":7},{"damage":0,"enemies":"2 Fungi Beasts","floor":10,"turns":4},{"damage":55,"enemies":"The Guardian","floor":16,"turns":16},{"damage":30,"enemies":"Spheric Guardian","floor":18,"turns":16},{"damage":9,"enemies":"Chosen","floor":19,"turns":9},{"damage":39,"enemies":"Snecko","floor":20,"turns":14}],"seed_played":"-529924641227826726","potions_obtained":[{"floor":4,"key":"Regen Potion"},{"floor":6,"key":"DistilledChaos"},{"floor":13,"key":"LiquidBronze"},{"floor":13,"key":"Fire Potion"},{"floor":16,"key":"Strength Potion"},{"floor":19,"key":"GamblersBrew"}],"is_trial":false,"path_per_floor":["M","M","M","M","?","M","M","R","T","M","R","?","?","$","R","B",null,"M","M","M"],"character_chosen":"THE_SILENT","items_purchased":[],"campfire_rested":0,"item_purchase_floors":[],"current_hp_per_floor":[77,74,74,71,71,70,70,70,70,70,70,70,70,70,70,15,77,47,38,0,0],"gold":327,"neow_bonus":"TEN_PERCENT_HP_BONUS","is_daily":false,"chose_seed":false,"campfire_upgraded":3,"win_rate":0.0,"timestamp":1611366880,"path_taken":["M","M","M","?","?","M","M","R","T","M","R","?","?","$","R","BOSS","M","?","M"],"items_purchased_type":[],"build_version":"2020-12-22","purchased_purges":0,"victory":false,"max_hp_per_floor":[77,77,77,77,77,77,77,77,77,77,77,77,77,77,77,77,77,77,77,77,77],"card_choices":[{"not_picked":["Slice","Acrobatics"],"picked":"Prepared","floor":1},{"not_picked":["Blade Dance","Calculated Gamble","Skewer"],"picked":"SKIP","floor":2},{"not_picked":["Underhanded Strike","Caltrops"],"picked":"Flying Knee","floor":3},{"not_picked":["Bane","Flechettes"],"picked":"Blur","floor":4},{"not_picked":["A Thousand Cuts","Setup"],"picked":"Deflect","floor":6},{"not_picked":["Flying Knee","PiercingWail"],"picked":"Poisoned Stab","floor":7},{"not_picked":["Expertise","Heel Hook"],"picked":"All Out Attack","floor":10},{"not_picked":["Setup","Poisoned Stab"],"picked":"Leg Sweep+1","floor":18},{"not_picked":["Blade Dance","Flying Knee"],"picked":"Backflip","floor":19}],"player_experience":72397,"relics_obtained":[{"floor":9,"key":"Centennial Puzzle"}],"event_choices":[{"damage_healed":0,"gold_gain":0,"player_choice":"Ignored","damage_taken":0,"max_hp_gain":0,"max_hp_loss":0,"event_name":"Liars Game","floor":5,"gold_loss":0},{"damage_healed":0,"gold_gain":0,"player_choice":"Ignored","damage_taken":0,"max_hp_gain":0,"max_hp_loss":0,"event_name":"Golden Idol","floor":12,"gold_loss":0},{"damage_healed":0,"gold_gain":0,"player_choice":"Got Potions","damage_taken":0,"max_hp_gain":0,"max_hp_loss":0,"event_name":"Lab","floor":13,"gold_loss":0}],"is_beta":false,"boss_relics":[{"not_picked":["Runic Dome","SacredBark"],"picked":"Runic Pyramid"}],"items_purged_floors":[],"is_endless":false,"potions_floor_spawned":[4,6,16,19],"killed_by":"Snecko","ascension_level":3}}