{"host":"gtz8yj9lxpmw991i","time":1611384028,"event":{"mods":["AchievementEnabler","Act Like it!","Aspiration","BaseMod","Colored Map","Colored Powertips","Dota2Spire","Friendly Minions","Gensokyo","GifTheSpireLib","Hallownest","Hermit","Highlight Path","KinomotoSakuraMod(木之本樱)","Koishi","Lobotomy","LobotomyExtend","Marisa（F雨　魔理沙）","Minty Spire (QoL Compilation)","Quick Restart","Rare Cards Sparkle","Relic Stats","Remilia（蕾米莉亚）","Replay The Spire","RumiaBox-露米娅的神秘盒子","Spicy Shops","StSLib","The Administrix","The Animator","The Blackbeard","The Bug Knight","The Cursed","The Hierophant","The Marked","The Mystic","The Runesmith","The Servant 0.9.4","Yakumo Yukari mod","Youmu（魂魄妖梦）","Yuyuko","vexMod","【功能Mod】混沌之环修复补丁","【功能Mod】聪明的最终Boss","【遗物卡牌】REMEMod"],"gold_per_floor":[115,108,125,144,144,124,124],"floor_reached":6,"language":"ZHS","playtime":500,"items_purged":[],"score":48,"play_id":"c3d77080-6a63-47f4-ace3-7880bc862cce","local_time":"20210123144028","is_ascension_mode":false,"campfire_choices":[],"circlet_count":0,"master_deck":["hierophant:Strike_Hierophant","hierophant:Strike_Hierophant","hierophant:Strike_Hierophant","hierophant:Strike_Hierophant","hierophant:Punish","hierophant:Defend_Hierophant","hierophant:Defend_Hierophant","hierophant:Defend_Hierophant","hierophant:Defend_Hierophant","hierophant:ChurchCoffers","AdministrixMod:ImmortalClarity","Scorched","hierophant:Purify","hierophant:HolyVerse","hierophant:HammerAndAnvil","Regret"],"relics":["hierophant:PropheticMaskRelic","REME_ComplimentaryCards","CogitoBucket","AddBug","SecretRecord","Baka2","SecretRecord"],"acts_visited":["Exordium"],"potions_floor_usage":[],"damage_taken":[{"damage":0,"enemies":"Small Slimes","floor":1,"turns":3},{"damage":0,"enemies":"2 Louse","floor":2,"turns":1},{"damage":44,"enemies":"Jaw Worm","floor":3,"turns":2},{"damage":13,"enemies":"Exordium Wildlife","floor":4,"turns":2},{"damage":14,"enemies":"3 Sentries","floor":6,"turns":2}],"seed_played":"-2999627578364053085","potions_obtained":[{"floor":2,"key":"Explosive Potion"},{"floor":4,"key":"Elixir"}],"is_trial":false,"path_per_floor":["M","M","M","M","?","E"],"character_chosen":"HIEROPHANT","items_purchased":[],"campfire_rested":0,"item_purchase_floors":[],"current_hp_per_floor":[75,75,31,18,18,4,4],"gold":124,"neow_bonus":"","is_daily":false,"chose_seed":false,"campfire_upgraded":0,"win_rate":0.0,"timestamp":1611384028,"path_taken":["M","M","M","M","?","E"],"items_purchased_type":[],"build_version":"2020-12-22","purchased_purges":0,"victory":false,"max_hp_per_floor":[75,75,75,75,75,75,75],"relic_stats":{"counters":[5,10],"obtain_stats":[{"CogitoBucket":0,"Baka2":2,"hierophant:PropheticMaskRelic":0,"AddBug":1,"SecretRecord":1,"Baka":1,"REME_ComplimentaryCards":0},{"CogitoBucket":0,"Baka2":2,"hierophant:PropheticMaskRelic":0,"AddBug":1,"SecretRecord":1,"Baka":1,"REME_ComplimentaryCards":0},{"CogitoBucket":0,"Baka2":4,"hierophant:PropheticMaskRelic":0,"AddBug":3,"SecretRecord":3,"Baka":3,"REME_ComplimentaryCards":0}]},"card_choices":[{"not_picked":["MeatLantern","SpiderBud"],"picked":"Scorched","floor":1},{"not_picked":["hierophant:FaithHealing","hierophant:EyeForCoin"],"picked":"hierophant:Purify","floor":1},{"not_picked":["hierophant:Refuge","hierophant:TollTheBells"],"picked":"hierophant:HolyVerse","floor":2},{"not_picked":["hierophant:SolarFlare","hierophant:Martyrdom"],"picked":"hierophant:Kindle","floor":3},{"not_picked":["hierophant:MorningPrayer","hierophant:FlamingChariot"],"picked":"hierophant:HammerAndAnvil","floor":4},{"not_picked":["BeautyBeast","OSAHOGD","Bloodbath"],"picked":"Singing Bowl","floor":4}],"player_experience":58067,"relics_obtained":[{"floor":1,"key":"AddBug"},{"floor":1,"key":"Baka"},{"floor":1,"key":"LetterFromLob"},{"floor":2,"key":"LetterFromLob"},{"floor":2,"key":"Baka2"},{"floor":3,"key":"LetterFromLob"},{"floor":4,"key":"SecretRecord"},{"floor":4,"key":"LetterFromLob"}],"event_choices":[{"damage_healed":0,"gold_gain":0,"player_choice":"Box","damage_taken":0,"relics_obtained":["Runesmith:Nanobots"],"max_hp_gain":0,"max_hp_loss":0,"event_name":"Big Fish","floor":5,"gold_loss":0,"cards_obtained":["Regret"]}],"is_beta":false,"boss_relics":[],"items_purged_floors":[],"is_endless":false,"potions_floor_spawned":[2,3,4],"killed_by":"3 Sentries","ascension_level":0}}