{"host":"Rich","time":1611370841,"event":{"mods":["AchievementEnabler","BaseMod","Highlight Path","Minty Spire (QoL Compilation)","Relic Stats"],"gold_per_floor":[114,39,189,6,6,44,60,85,136,171,206,206,247,272,272,272,272],"floor_reached":16,"language":"ENG","playtime":397,"items_purged":["Doubt"],"score":286,"play_id":"7c937b01-6693-4b62-9cc5-c49a68c2e2bc","local_time":"20210122220041","is_ascension_mode":true,"campfire_choices":[{"floor":12,"key":"REST"},{"data":"Cloak And Dagger","floor":15,"key":"SMITH"}],"circlet_count":0,"master_deck":["AscendersBane","Strike_G+1","Strike_G","Strike_G","Strike_G","Strike_G","Defend_G","Defend_G","Defend_G","Defend_G","Survivor","Neutralize+1","Cloak And Dagger+1","PiercingWail","Predator","Blade Dance","Flying Knee","Dagger Spray","Crippling Poison","Dagger Throw","Finisher"],"relics":["Ring of the Snake","NeowsBlessing","Golden Idol","Blood Vial","Smiling Mask","Whetstone","Odd Mushroom","Pantograph"],"acts_visited":["Exordium"],"potions_floor_usage":[8,10,13],"damage_taken":[{"damage":0,"enemies":"2 Louse","floor":1,"turns":1},{"damage":0,"enemies":"3 Sentries","floor":6,"turns":1},{"damage":0,"enemies":"Jaw Worm","floor":7,"turns":1},{"damage":0,"enemies":"Small Slimes","floor":8,"turns":3},{"damage":24,"enemies":"Lagavulin","floor":10,"turns":6},{"damage":9,"enemies":"The Mushroom Lair","floor":11,"turns":5},{"damage":22,"enemies":"Gremlin Nob","floor":13,"turns":4},{"damage":9,"enemies":"Blue Slaver","floor":14,"turns":4},{"damage":9,"enemies":"Hexaghost","floor":16,"turns":8}],"seed_played":"-4773467800798866202","potions_obtained":[{"floor":1,"key":"DistilledChaos"},{"floor":8,"key":"Fire Potion"},{"floor":10,"key":"Ancient Potion"}],"is_trial":false,"path_per_floor":["M","?","?","$","?","E","M","M","T","E","?","R","E","M","R","B"],"character_chosen":"THE_SILENT","items_purchased":["PiercingWail","Strength Potion"],"campfire_rested":1,"item_purchase_floors":[4,4],"current_hp_per_floor":[59,59,59,59,59,59,60,60,60,36,29,47,27,20,20,38,38],"gold":272,"neow_bonus":"THREE_ENEMY_KILL","is_daily":false,"chose_seed":false,"campfire_upgraded":1,"win_rate":0.0,"timestamp":1611370841,"path_taken":["M","?","?","$","?","E","M","M","T","E","?","R","E","?","R","BOSS"],"items_purchased_type":["Card","Potion"],"build_version":"2020-12-18","purchased_purges":1,"victory":false,"max_hp_per_floor":[66,66,66,66,60,60,60,60,60,60,60,60,60,60,60,60,60],"relic_stats":{"Blood Vial":9,"counters":[9,33],"Golden Idol":43,"Pantograph":25,"Whetstone":["Neutralize","Strike_G"],"Smiling Mask":0,"obtain_stats":[{"Blood Vial":6,"NeowsBlessing":0,"Golden Idol":5,"Pantograph":13,"Whetstone":10,"Odd Mushroom":11,"Smiling Mask":9,"Ring of the Snake":0},{"Blood Vial":2,"NeowsBlessing":0,"Golden Idol":1,"Pantograph":7,"Whetstone":5,"Odd Mushroom":6,"Smiling Mask":4,"Ring of the Snake":0},{"Blood Vial":2,"NeowsBlessing":0,"Golden Idol":1,"Pantograph":21,"Whetstone":12,"Odd Mushroom":17,"Smiling Mask":6,"Ring of the Snake":0}],"Ring of the Snake":[18]},"card_choices":[{"not_picked":["Choke","Sucker Punch"],"picked":"Cloak And Dagger","floor":1},{"not_picked":["Eviscerate","Blur"],"picked":"Predator","floor":6},{"not_picked":["Dagger Spray","Deadly Poison"],"picked":"Blade Dance","floor":7},{"not_picked":["Acrobatics","Dodge and Roll"],"picked":"Flying Knee","floor":8},{"not_picked":["Underhanded Strike","Quick Slash"],"picked":"Dagger Spray","floor":10},{"not_picked":["Bane","Cloak And Dagger"],"picked":"Crippling Poison","floor":11},{"not_picked":["Prepared","Acrobatics"],"picked":"Dagger Throw","floor":13},{"not_picked":["Deflect","All Out Attack"],"picked":"Finisher","floor":14}],"player_experience":2008856,"relics_obtained":[{"floor":6,"key":"Blood Vial"},{"floor":9,"key":"Smiling Mask"},{"floor":10,"key":"Whetstone"},{"floor":11,"key":"Odd Mushroom"},{"floor":13,"key":"Pantograph"}],"event_choices":[{"cards_removed":["Defend_G"],"damage_healed":0,"gold_gain":0,"player_choice":"Card Removal","damage_taken":0,"max_hp_gain":0,"max_hp_loss":0,"event_name":"The Cleric","floor":2,"gold_loss":75},{"damage_healed":0,"gold_gain":150,"player_choice":"AGREE","damage_taken":0,"max_hp_gain":0,"max_hp_loss":0,"event_name":"Liars Game","floor":3,"gold_loss":0,"cards_obtained":["Doubt"]},{"damage_healed":0,"gold_gain":0,"player_choice":"Lose Max HP","damage_taken":0,"relics_obtained":["Golden Idol"],"max_hp_gain":0,"max_hp_loss":6,"event_name":"Golden Idol","floor":5,"gold_loss":0},{"damage_healed":0,"gold_gain":0,"player_choice":"Fought Mushrooms","damage_taken":0,"max_hp_gain":0,"max_hp_loss":0,"event_name":"Mushrooms","floor":11,"gold_loss":0}],"is_beta":true,"boss_relics":[],"items_purged_floors":[4],"is_endless":false,"potions_floor_spawned":[1,8,10],"killed_by":"Hexaghost","ascension_level":20}}