{"host":"agbyy69nq62afhwx","time":1611413117,"event":{"mods":["BaseMod","Colored Map","DeckTracker","Highlight Path","Keyboard Shortcuts","Minty Spire (QoL Compilation)","Quick Restart","StSLib","SuperFastMode","everything is the same but u backflip on backflip"],"gold_per_floor":[11,11,11,29,44,44,75,75,98,136,151,169,160,3,3,96,96,114,139,157,173,173,173,207,230,275,275,275,290,290,313,313,404,467,480,209,209,108,108,108,122,122,175,175,0,0,36,61,61,61],"floor_reached":51,"language":"KOR","playtime":1564,"items_purged":["Strike_B","Strike_B"],"score":1548,"play_id":"d0604547-e168-46f1-a5ba-4ad8f35ec81a","local_time":"20210123234517","is_ascension_mode":true,"campfire_choices":[{"data":"Darkness","floor":6.0,"key":"SMITH"},{"data":"Defragment","floor":8.0,"key":"SMITH"},{"data":"Defragment","floor":15.0,"key":"SMITH"},{"data":"Capacitor","floor":23.0,"key":"SMITH"},{"data":"Zap","floor":27.0,"key":"SMITH"},{"data":"Heatsinks","floor":30.0,"key":"SMITH"},{"floor":32.0,"key":"REST"},{"data":"Amplify","floor":40.0,"key":"SMITH"},{"data":"Buffer","floor":44.0,"key":"SMITH"},{"data":"Defragment","floor":49,"key":"SMITH"}],"circlet_count":0,"master_deck":["AscendersBane","Strike_B","Defend_B","Defend_B","Defend_B","Defend_B","Zap+1","Dualcast","Darkness+1","Capacitor+1","Electrodynamics+1","Chill","Glacier","Defragment+1","Go for the Eyes+1","Stack","Heatsinks+1","Defragment+1","Compile Driver+1","Conserve Battery","Amplify+1","Turbo+1","Skim+1","Ghostly","Ghostly","Ghostly+1","Compile Driver+1","Defragment+1","Finesse","Buffer+1"],"relics":["Cracked Core","Golden Idol","Happy Flower","Bag of Marbles","Molten Egg 2","Velvet Choker","Blue Candle","Regal Pillow","Tiny House","War Paint","DataDisk","Red Mask","Shuriken"],"acts_visited":["Exordium","TheCity","TheBeyond"],"potions_floor_usage":[47,50,50],"damage_taken":[{"damage":0.0,"enemies":"2 Louse","floor":1.0,"turns":2.0},{"damage":12.0,"enemies":"Jaw Worm","floor":4.0,"turns":3.0},{"damage":0.0,"enemies":"Cultist","floor":5.0,"turns":3.0},{"damage":33.0,"enemies":"Lagavulin","floor":7.0,"turns":6.0},{"damage":8.0,"enemies":"Gremlin Nob","floor":10.0,"turns":4.0},{"damage":4.0,"enemies":"Blue Slaver","floor":11.0,"turns":4.0},{"damage":0.0,"enemies":"Large Slime","floor":12.0,"turns":7.0},{"damage":2.0,"enemies":"Exordium Thugs","floor":13.0,"turns":4.0},{"damage":2.0,"enemies":"Hexaghost","floor":16.0,"turns":8.0},{"damage":1.0,"enemies":"Chosen","floor":18.0,"turns":5.0},{"damage":10.0,"enemies":"3 Byrds","floor":19.0,"turns":4.0},{"damage":10.0,"enemies":"Sentry and Sphere","floor":20.0,"turns":4.0},{"damage":7.0,"enemies":"Cultist and Chosen","floor":21.0,"turns":6.0},{"damage":0.0,"enemies":"Book of Stabbing","floor":24.0,"turns":6.0},{"damage":3.0,"enemies":"3 Cultists","floor":25.0,"turns":5.0},{"damage":12.0,"enemies":"Snecko","floor":29.0,"turns":7.0},{"damage":1.0,"enemies":"Snake Plant","floor":31.0,"turns":4.0},{"damage":0.0,"enemies":"Collector","floor":33.0,"turns":10.0},{"damage":0.0,"enemies":"3 Darklings","floor":35.0,"turns":4.0},{"damage":1.0,"enemies":"Orb Walker","floor":41.0,"turns":3.0},{"damage":0,"enemies":"Reptomancer","floor":47,"turns":5},{"damage":0,"enemies":"Sphere and 2 Shapes","floor":48,"turns":6},{"damage":0,"enemies":"Awakened One","floor":50,"turns":14}],"seed_played":"-2437150876251503787","potions_obtained":[{"floor":4.0,"key":"FearPotion"},{"floor":5.0,"key":"SteroidPotion"},{"floor":10.0,"key":"DistilledChaos"},{"floor":11.0,"key":"DuplicationPotion"},{"floor":35.0,"key":"SneckoOil"},{"floor":47,"key":"DuplicationPotion"}],"is_trial":false,"path_per_floor":["M","?","?","M","M","R","E","R","T","E","M","M","M","$","R","B",null,"M","M","M","M","?","R","E","M","T","R","?","M","R","M","R","B",null,"M","$","?","$","?","R","M","$","T","R","?","$","E","M","R","B",null],"character_chosen":"DEFECT","items_purchased":["Compile Driver+1","Conserve Battery","War Paint","Finesse"],"campfire_rested":1,"item_purchase_floors":[14,14,36,38],"current_hp_per_floor":[78,77,77,65,65,65,32,32,32,24,20,20,18,18,18,16,62,61,51,41,34,34,34,34,31,31,31,31,19,19,18,38,38,43,43,43,43,43,41,41,40,40,40,40,40,40,40,40,40,40],"gold":61,"neow_bonus":"TWENTY_PERCENT_HP_BONUS","is_daily":false,"chose_seed":false,"campfire_upgraded":9,"win_rate":0.0,"timestamp":1611413117,"path_taken":["M","?","?","M","M","R","E","R","T","E","M","M","?","$","R","BOSS","M","M","M","M","?","R","E","M","T","R","?","M","R","?","R","BOSS","M","$","?","$","?","R","M","$","T","R","?","?","E","M","R","BOSS"],"items_purchased_type":["Card","Card","Relic","Card"],"build_version":"2020-12-22","purchased_purges":2,"victory":true,"max_hp_per_floor":[85,77,77,77,77,77,77,77,77,77,77,77,77,77,77,77,77,77,77,77,77,38,38,38,38,38,38,38,38,38,38,38,38,43,43,43,43,43,41,41,41,41,41,41,41,41,41,41,41,41],"card_choices":[{"not_picked":["Hologram","Consume"],"picked":"Darkness","floor":1.0},{"not_picked":["Go for the Eyes","BootSequence"],"picked":"Chill","floor":4.0},{"not_picked":["Auto Shields","Rebound"],"picked":"Glacier","floor":5.0},{"not_picked":["Glacier","Consume"],"picked":"Defragment","floor":7.0},{"not_picked":["Lockon+1","Ball Lightning+1"],"picked":"Go for the Eyes+1","floor":10.0},{"not_picked":["Conserve Battery","Ball Lightning+1"],"picked":"Stack","floor":11.0},{"not_picked":["Coolheaded","Steam"],"picked":"Heatsinks","floor":12.0},{"not_picked":["Rebound+1","Rainbow"],"picked":"Defragment","floor":13.0},{"not_picked":["Multi-Cast","Fission"],"picked":"Amplify","floor":16.0},{"not_picked":["Tempest","Stack","Turbo"],"picked":"SKIP","floor":18.0},{"not_picked":["Streamline+1","Melter+1","Sweeping Beam+1"],"picked":"SKIP","floor":19.0},{"not_picked":["Cold Snap+1","Barrage+1"],"picked":"Turbo+1","floor":20.0},{"not_picked":["Lockon+1","Chill"],"picked":"Skim","floor":21.0},{"not_picked":["Rebound+1","Fusion","Gash+1"],"picked":"SKIP","floor":24.0},{"not_picked":["Amplify","Redo","Beam Cell+1"],"picked":"SKIP","floor":25.0},{"not_picked":["Cold Snap+1","Beam Cell+1"],"picked":"Compile Driver+1","floor":29.0},{"not_picked":["Go for the Eyes+1","Rebound+1","Sunder+1"],"picked":"SKIP","floor":31.0},{"not_picked":["Meteor Strike+1","Fission"],"picked":"Core Surge+1","floor":33.0},{"not_picked":["Beam Cell+1","Loop"],"picked":"Defragment","floor":35.0},{"not_picked":["Stack","Steam+1"],"picked":"Buffer","floor":41.0},{"not_picked":["Meteor Strike+1","Hologram","Lockon+1"],"picked":"SKIP","floor":47},{"not_picked":["Gash+1","Streamline+1","Tempest"],"picked":"SKIP","floor":48}],"player_experience":449301,"relics_obtained":[{"floor":7.0,"key":"Happy Flower"},{"floor":9.0,"key":"Bag of Marbles"},{"floor":10.0,"key":"Molten Egg 2"},{"floor":24.0,"key":"Blue Candle"},{"floor":26.0,"key":"Regal Pillow"},{"floor":43.0,"key":"DataDisk"},{"floor":47,"key":"Shuriken"}],"event_choices":[{"damage_healed":0.0,"max_hp_gain":0.0,"max_hp_loss":8.0,"gold_gain":0.0,"event_name":"Golden Idol","player_choice":"Lose Max HP","floor":2.0,"gold_loss":0.0,"damage_taken":0.0,"relics_obtained":["Golden Idol"]},{"damage_healed":0.0,"max_hp_gain":0.0,"max_hp_loss":0.0,"gold_gain":0.0,"event_name":"Match and Keep!","player_choice":"2 cards matched","floor":3.0,"gold_loss":0.0,"damage_taken":0.0,"cards_obtained":["Capacitor","Electrodynamics"]},{"damage_healed":0.0,"max_hp_gain":0.0,"max_hp_loss":39.0,"gold_gain":0.0,"event_name":"Ghosts","player_choice":"Became a Ghost","floor":22.0,"gold_loss":0.0,"damage_taken":0.0,"cards_obtained":["Ghostly","Ghostly","Ghostly"]},{"cards_removed":["Strike_B"],"damage_healed":0.0,"max_hp_gain":0.0,"max_hp_loss":0.0,"gold_gain":0.0,"event_name":"Purifier","player_choice":"Purged","floor":28.0,"gold_loss":0.0,"damage_taken":0.0},{"cards_removed":["Core Surge"],"damage_healed":0.0,"max_hp_gain":0.0,"max_hp_loss":0.0,"gold_gain":0.0,"event_name":"Falling","player_choice":"Removed Attack","floor":37.0,"gold_loss":0.0,"damage_taken":0.0},{"damage_healed":0.0,"max_hp_gain":0.0,"max_hp_loss":2.0,"gold_gain":0.0,"event_name":"Winding Halls","player_choice":"Max HP","floor":39.0,"gold_loss":0.0,"damage_taken":0.0},{"damage_healed":0,"gold_gain":0,"player_choice":"Paid","damage_taken":0,"relics_obtained":["Red Mask"],"max_hp_gain":0,"max_hp_loss":0,"event_name":"Tomb of Lord Red Mask","floor":45,"gold_loss":175}],"is_beta":false,"boss_relics":[{"not_picked":["SacredBark","SlaversCollar"],"picked":"Velvet Choker"},{"not_picked":["Philosopher\u0027s Stone","Pandora\u0027s Box"],"picked":"Tiny House"}],"items_purged_floors":[14,36],"is_endless":false,"potions_floor_spawned":[4,5,10,11,18,24,29,33,35,47],"ascension_level":16}}