{"host":"J","time":1611441064,"event":{"mods":["AchievementEnabler","BaseMod","Block Reminder","Highlight Path","Minty Spire (QoL Compilation)","Permanent Neow","Quick Restart","Relic Stats"],"gold_per_floor":[114,124,142,217,66,100,100,100,100],"floor_reached":8,"language":"ENG","playtime":845,"items_purged":[],"score":81,"play_id":"bdf3fcfc-7aeb-4f84-a680-2865da0acb18","local_time":"20210123233104","is_ascension_mode":true,"campfire_choices":[{"data":"Chaos","floor":7,"key":"SMITH"}],"circlet_count":0,"master_deck":["Strike_B","Strike_B","Strike_B","Defend_B","Defend_B","Defend_B","Zap","Dualcast","Sweeping Beam","Cold Snap","Consume","Chaos+1"],"relics":["Cracked Core","Toy Ornithopter","Smiling Mask"],"acts_visited":["Exordium"],"potions_floor_usage":[8],"damage_taken":[{"damage":1.0,"enemies":"Cultist","floor":1.0,"turns":3.0},{"damage":0.0,"enemies":"Small Slimes","floor":2.0,"turns":2.0},{"damage":1.0,"enemies":"2 Louse","floor":3.0,"turns":3.0},{"damage":45,"enemies":"3 Sentries","floor":6,"turns":6},{"damage":31,"enemies":"Gremlin Nob","floor":8,"turns":3}],"seed_played":"110615882902410875","potions_obtained":[{"floor":2.0,"key":"Energy Potion"},{"floor":6,"key":"PowerPotion"}],"is_trial":false,"path_per_floor":["M","M","M","?","$","E","R","E"],"character_chosen":"DEFECT","items_purchased":["Toy Ornithopter"],"campfire_rested":0,"item_purchase_floors":[5],"current_hp_per_floor":[67,67,66,55,55,10,10,0,0],"gold":100,"neow_bonus":"REMOVE_TWO","is_daily":false,"chose_seed":false,"campfire_upgraded":1,"win_rate":0.0,"timestamp":1611441064,"path_taken":["M","M","?","?","$","E","R","E"],"items_purchased_type":["Relic"],"build_version":"2020-12-18","purchased_purges":0,"victory":false,"max_hp_per_floor":[68,68,68,68,68,68,68,68,68],"relic_stats":{"counters":[5,17],"Smiling Mask":0,"obtain_stats":[{"Cracked Core":0,"Smiling Mask":6,"Toy Ornithopter":5},{"Cracked Core":0,"Smiling Mask":4,"Toy Ornithopter":3},{"Cracked Core":0,"Smiling Mask":14,"Toy Ornithopter":8}],"Toy Ornithopter":5},"card_choices":[{"not_picked":["Streamline","Hologram"],"picked":"Sweeping Beam","floor":1.0},{"not_picked":["Auto Shields","Coolheaded"],"picked":"Cold Snap","floor":2.0},{"not_picked":["Leap","Reinforced Body"],"picked":"Consume","floor":3.0},{"not_picked":["Gash","Hello World"],"picked":"Chaos","floor":6}],"player_experience":177442,"relics_obtained":[{"floor":6,"key":"Smiling Mask"}],"event_choices":[{"damage_healed":0.0,"max_hp_gain":0.0,"max_hp_loss":0.0,"gold_gain":75.0,"event_name":"World of Goop","player_choice":"Gather Gold","floor":4.0,"gold_loss":0.0,"damage_taken":11.0}],"is_beta":true,"boss_relics":[],"items_purged_floors":[],"is_endless":false,"potions_floor_spawned":[2,6],"killed_by":"Gremlin Nob","ascension_level":9}}