{"host":"hry4lcefviisd2vw","time":1611363262,"event":{"mods":["BaseMod","Highlight Path","Hubris","Jorbs\u0027s Wanderer Trilogy","Minty Spire (QoL Compilation)","Permanent Neow","Replay The Spire","Shop Mod","StSLib","The Cursed","The Servant 0.9.4"],"gold_per_floor":[109,109,119,119,45,70,82,114,126,165,177,204,230,261,334,447,459,439,279,296,296,314,314,348,365,391,416,429,439,439,453,453,555,555,566,582,593,646,646,676,676,676,701,701,801,818,837,870,870,870],"floor_reached":51,"language":"ENG","playtime":11885,"items_purged":["Regret"],"score":903,"play_id":"d87689e1-fdf2-48bf-a141-905cc46824d2","local_time":"20210122165422","is_ascension_mode":true,"campfire_choices":[{"data":"TheCursedMod:LuckyCharm","floor":7,"key":"SMITH"},{"data":"TheCursedMod:ManaCirculation","floor":23,"key":"SMITH"},{"floor":32,"key":"REST"},{"data":"TheCursedMod:CollectTribute","floor":41,"key":"SMITH"},{"floor":44,"key":"REST"},{"floor":49,"key":"REST"}],"circlet_count":0,"master_deck":["TheCursedMod:Defend_TheCursed+1","TheCursedMod:Defend_TheCursed+1","TheCursedMod:CursedWand","TheCursedMod:CleanUpWorkshop","TheCursedMod:Dregs","Apotheosis+1","TheCursedMod:LuckyCharm+1","TheCursedMod:HellfireBreathing","TheCursedMod:CollectTribute+1","TheCursedMod:FleshFromBone","TheCursedMod:ManaCirculation+1","TheCursedMod:AbyssShockwave","Impatience","TheCursedMod:AshesToAshes","TheCursedMod:BloodBarrier+1","TheCursedMod:SurpriseAttack+1","Pot Of Greed","Pot Of Greed","TheCursedMod:Obscuration+1","TheCursedMod:CursedMace","Decay","Pot Of Greed","TheCursedMod:RavingStaff+1","TheCursedMod:NeowsMight","TheCursedMod:Dregs","Doubt","TheCursedMod:HellfireBreathing","TheCursedMod:VoidForm","TheCursedMod:CursedShiv+1"],"relics":["TheCursedMod:BlackMagic101","MawBank","HornCleat","War Paint","Onion Ring","hubris:VirtuousBlindfold","hubris:Towel","Juzu Bracelet","Grinning Jar","Anchor","Kintsugi","Thread and Needle","hubris:Icosahedron","Replay:Bottled Steam","Blue Doll","Bag of Preparation"],"acts_visited":["Exordium","TheCity","TheBeyond"],"potions_floor_usage":[18,18,22,27,31,33,33,38,46],"damage_taken":[{"damage":0,"enemies":"Jaw Worm","floor":1,"turns":3},{"damage":2,"enemies":"Small Slimes","floor":3,"turns":4},{"damage":5,"enemies":"3 Sentries","floor":6,"turns":7},{"damage":0,"enemies":"2 Louse","floor":8,"turns":4},{"damage":3,"enemies":"Replay:BlueRogue","floor":10,"turns":6},{"damage":1,"enemies":"Large Slime","floor":12,"turns":5},{"damage":0,"enemies":"Blue Slaver","floor":13,"turns":3},{"damage":3,"enemies":"Looter","floor":14,"turns":4},{"damage":3,"enemies":"The Guardian","floor":16,"turns":15},{"damage":4,"enemies":"2 Thieves","floor":18,"turns":5},{"damage":0,"enemies":"Spheric Guardian","floor":20,"turns":3},{"damage":8,"enemies":"Snake Plant","floor":22,"turns":6},{"damage":21,"enemies":"Gremlin Leader","floor":24,"turns":8},{"damage":3,"enemies":"Cultist and Chosen","floor":25,"turns":6},{"damage":19,"enemies":"Slavers","floor":27,"turns":4},{"damage":0,"enemies":"Centurion and Healer","floor":28,"turns":6},{"damage":6,"enemies":"3 Cultists","floor":29,"turns":5},{"damage":0,"enemies":"Snecko","floor":31,"turns":8},{"damage":4,"enemies":"Champ","floor":33,"turns":11},{"damage":0,"enemies":"3 Shapes","floor":35,"turns":4},{"damage":0,"enemies":"3 Darklings","floor":36,"turns":4},{"damage":0,"enemies":"Maw","floor":37,"turns":6},{"damage":22,"enemies":"2 Orb Walkers","floor":38,"turns":4},{"damage":0,"enemies":"Giant Head","floor":40,"turns":5},{"damage":0,"enemies":"Writhing Mass","floor":46,"turns":3},{"damage":41,"enemies":"Jaw Worm Horde","floor":47,"turns":4},{"damage":0,"enemies":"R_Hoarder","floor":48,"turns":6},{"damage":2,"enemies":"Awakened One","floor":50,"turns":6}],"seed_played":"8111820223178644334","potions_obtained":[{"floor":1,"key":"AttackPotion"},{"floor":6,"key":"Strength Potion"},{"floor":8,"key":"Weak Potion"},{"floor":13,"key":"Block Potion"},{"floor":18,"key":"Strength Potion"},{"floor":25,"key":"Explosive Potion"},{"floor":29,"key":"LiquidMemories"},{"floor":31,"key":"Strength Potion"},{"floor":35,"key":"PowerPotion"},{"floor":38,"key":"DuplicationPotion"},{"floor":47,"key":"SteroidPotion"},{"floor":48,"key":"Ancient Potion"}],"is_trial":false,"path_per_floor":["M","?","M","?","$","E","R","M","T","E","?","M","M","M","R","B",null,"M","$","M","?","M","R","E","M","T","E","M","M","?","M","R","B",null,"M","M","M","?","?","E","R","?","T","R","?","M","M","E","R","B",null],"character_chosen":"THE_CURSED","items_purchased":["TheCursedMod:HellfireBreathing","Impatience"],"campfire_rested":3,"item_purchase_floors":[5,19],"current_hp_per_floor":[68,68,66,59,59,54,54,54,54,51,51,50,50,47,47,44,68,64,64,64,64,56,56,35,32,32,13,13,7,7,7,27,23,68,68,68,68,46,46,46,46,46,46,66,66,66,25,25,45,43],"gold":870,"neow_bonus":"RANDOM_COLORLESS_2","is_daily":false,"chose_seed":false,"campfire_upgraded":3,"win_rate":0.0,"timestamp":1611363262,"path_taken":["M","?","M","?","$","E","R","M","T","E","?","M","M","M","R","BOSS","M","$","M","?","M","R","E","M","T","E","M","M","?","M","R","BOSS","M","M","M","?","?","E","R","?","T","R","?","M","M","E","R","BOSS"],"items_purchased_type":["Card","Card"],"build_version":"2020-12-22","purchased_purges":1,"victory":true,"max_hp_per_floor":[68,68,68,68,68,68,68,68,68,68,68,68,68,68,68,68,68,68,68,68,68,68,68,68,68,68,68,68,68,68,68,68,68,68,68,68,68,68,68,68,68,68,68,68,68,68,68,68,68,68],"card_choices":[{"not_picked":["ReplayTheSpireMod:Brewmster","Poisoned Strike"],"picked":"Apotheosis","floor":0.0},{"not_picked":["TheCursedMod:CursedStaff","TheCursedMod:CircleOfFlame"],"picked":"TheCursedMod:LuckyCharm","floor":1},{"not_picked":["TheCursedMod:CircleOfFlame","TheCursedMod:ReleasedKnowledge","TheCursedMod:TacticalStrike"],"picked":"SKIP","floor":3},{"not_picked":["TheCursedMod:CursedAmulet","TheCursedMod:RavingStaff"],"picked":"TheCursedMod:CollectTribute","floor":6},{"not_picked":["TheCursedMod:TacticalStrike","TheCursedMod:Hemoplague","TheCursedMod:WearCloak"],"picked":"SKIP","floor":8},{"not_picked":["TheCursedMod:WearCloak","TheCursedMod:CursedMace","TheCursedMod:FuryStrike"],"picked":"SKIP","floor":10},{"not_picked":["TheCursedMod:CursedBlade","TheCursedMod:SurpriseAttack"],"picked":"TheCursedMod:FleshFromBone","floor":12},{"not_picked":["TheCursedMod:SurpriseAttack","TheCursedMod:Stretching","TheCursedMod:CircleOfCorruption"],"picked":"SKIP","floor":13},{"not_picked":["TheCursedMod:RavingStaff","TheCursedMod:CursedBlade","TheCursedMod:CursedAmulet"],"picked":"SKIP","floor":14},{"not_picked":["TheCursedMod:CollectTribute","TheCursedMod:ParallelWorld"],"picked":"TheCursedMod:ManaCirculation","floor":16},{"not_picked":["TheCursedMod:EmpowerCircles","TheCursedMod:CircleOfFlame"],"picked":"TheCursedMod:AbyssShockwave","floor":18},{"not_picked":["TheCursedMod:Torture+1","TheCursedMod:FleshFromBone","TheCursedMod:SoulCrush"],"picked":"SKIP","floor":20},{"not_picked":["TheCursedMod:CircleOfWindfury+1","TheCursedMod:Grudge"],"picked":"TheCursedMod:AshesToAshes","floor":22},{"not_picked":["TheCursedMod:Hemoplague","TheCursedMod:CursedArmor"],"picked":"TheCursedMod:BloodBarrier+1","floor":24},{"not_picked":["TheCursedMod:Hemoplague","TheCursedMod:Stretching"],"picked":"TheCursedMod:SurpriseAttack+1","floor":25},{"not_picked":["TheCursedMod:StingEye","TheCursedMod:Wield"],"picked":"TheCursedMod:Obscuration+1","floor":27},{"not_picked":["TheCursedMod:CursedBlade+1","TheCursedMod:CircleOfBlood"],"picked":"TheCursedMod:CursedMace","floor":28},{"not_picked":["TheCursedMod:SmokeScreen","TheCursedMod:DoubleShield","TheCursedMod:TacticalStrike+1"],"picked":"SKIP","floor":29},{"not_picked":["TheCursedMod:WearCloak","TheCursedMod:Obscuration"],"picked":"TheCursedMod:RavingStaff+1","floor":31},{"not_picked":["TheCursedMod:UltimatePain","TheCursedMod:ShockAndAwe"],"picked":"TheCursedMod:NeowsMight","floor":33},{"not_picked":["TheCursedMod:StingEye","TheCursedMod:PrepareRite+1","TheCursedMod:FleshFromBone+1"],"picked":"SKIP","floor":35},{"not_picked":["TheCursedMod:RavingStaff+1","TheCursedMod:RapidMovement+1","TheCursedMod:CircleOfCorruption+1"],"picked":"SKIP","floor":36},{"not_picked":["TheCursedMod:CursedMace+1","TheCursedMod:Torture"],"picked":"TheCursedMod:HellfireBreathing","floor":37},{"not_picked":["TheCursedMod:CircleOfWindfury","TheCursedMod:SpreadPlague+1"],"picked":"TheCursedMod:VoidForm","floor":40},{"not_picked":["TheCursedMod:SmokeScreen","TheCursedMod:SpreadPlague+1"],"picked":"TheCursedMod:CursedShiv+1","floor":46},{"not_picked":["TheCursedMod:CircleOfFlame+1","TheCursedMod:FleshFromBone","TheCursedMod:WearCloak+1"],"picked":"SKIP","floor":47},{"not_picked":["TheCursedMod:DoubleShield+1","TheCursedMod:SpitefulPray","TheCursedMod:ParallelWorld"],"picked":"SKIP","floor":48}],"player_experience":432212,"relics_obtained":[{"floor":6,"key":"MawBank"},{"floor":9,"key":"HornCleat"},{"floor":10,"key":"War Paint"},{"floor":24,"key":"Juzu Bracelet"},{"floor":26,"key":"Grinning Jar"},{"floor":27,"key":"Anchor"},{"floor":38,"key":"Thread and Needle"},{"floor":40,"key":"Replay:Bottled Steam"},{"floor":43,"key":"Blue Doll"},{"floor":48,"key":"Bag of Preparation"}],"event_choices":[{"damage_healed":0,"gold_gain":0,"player_choice":"Grow","damage_taken":0,"max_hp_gain":0,"max_hp_loss":0,"event_name":"Living Wall","floor":2,"gold_loss":0,"cards_upgraded":["Apotheosis"]},{"cards_removed":["TheCursedMod:Strike_TheCursed"],"damage_healed":0,"gold_gain":0,"player_choice":"Card Removal","damage_taken":7,"max_hp_gain":0,"max_hp_loss":0,"event_name":"Golden Wing","floor":4,"gold_loss":0},{"damage_healed":0,"gold_gain":0,"player_choice":"Box","damage_taken":0,"relics_obtained":["Onion Ring"],"max_hp_gain":0,"max_hp_loss":0,"event_name":"Big Fish","floor":11,"gold_loss":0,"cards_obtained":["Regret"]},{"damage_healed":0,"gold_gain":0,"player_choice":"Smashed Altar","damage_taken":0,"max_hp_gain":0,"max_hp_loss":0,"event_name":"Forgotten Altar","floor":30,"gold_loss":0,"cards_obtained":["Decay"]},{"damage_healed":0,"gold_gain":0,"player_choice":"Fight","damage_taken":0,"max_hp_gain":0,"max_hp_loss":0,"event_name":"Mysterious Sphere","floor":38,"gold_loss":0},{"damage_healed":0,"gold_gain":100,"player_choice":"Pray","damage_taken":0,"max_hp_gain":0,"max_hp_loss":0,"event_name":"Golden Shrine","floor":45,"gold_loss":0}],"is_beta":false,"boss_relics":[{"not_picked":["Snecko Eye","Replay:Grab Bag"],"picked":"hubris:VirtuousBlindfold"},{"not_picked":["hubris:RunicObelisk","Replay:Bronze Core"],"picked":"Kintsugi"}],"items_purged_floors":[19],"is_endless":false,"potions_floor_spawned":[1,6,8,13,18,25,29,31,35,38,47,48],"ascension_level":1}}