{"host":"d7fiu2yjkssjxoz6","time":1611441021,"event":{"mods":["AchievementEnabler","BaseMod","Duelist Mod","Minty Spire (QoL Compilation)","StSLib"],"gold_per_floor":[140,160,19,30,48,78,78,107,107,107,127,127,145,165,165,268,268,284,298,316,316,316,316,348,368,368,203,203,213,228,256,256,354,354,366,381,393,393,293,293,293],"floor_reached":40,"language":"ENG","playtime":2273,"items_purged":[],"score":847,"play_id":"e80b72cc-f8d5-4ad5-8679-0efad32c9475","local_time":"20210123143021","is_ascension_mode":true,"campfire_choices":[{"data":"theDuelist:Metronome","floor":7.0,"key":"SMITH"},{"data":"theDuelist:OrbMetronome","floor":12,"key":"SMITH"},{"floor":15,"key":"REST"},{"data":"theDuelist:RareAttackMetronome","floor":23,"key":"SMITH"},{"data":"theDuelist:RareAttackMetronome","floor":28,"key":"SMITH"},{"floor":32,"key":"REST"}],"circlet_count":0,"master_deck":["theDuelist:YamiForm","theDuelist:AttackMetronome","theDuelist:RareMonsterMetronome+1","theDuelist:UncommonAttackMetronome","theDuelist:OrbMetronome+1","theDuelist:ArcaneMonsterMetronome+1","theDuelist:AttackMetronome","theDuelist:EarthquakeGiant","Parasite","theDuelist:YamiForm","theDuelist:BlockMetronome","theDuelist:AttackTheMoon+1","theDuelist:BlockMetronome","theDuelist:AttackTheMoon","Ghostly+1","theDuelist:EarthquakeGiant","theDuelist:RareAttackMetronome+1","theDuelist:BlockMetronome","theDuelist:AttackMetronome","theDuelist:SuperheavyMetronome+1","theDuelist:GiantSoldierSteel+1","theDuelist:AttackMetronome","Ghostly+1","Ghostly+1","theDuelist:BlockMetronome","theDuelist:AttackMetronome","CurseOfTheBell","theDuelist:MachineMonsterMetronome+1","theDuelist:RareAttackMetronome+1","theDuelist:BlockGolem+1","Ghostly+1","theDuelist:TrapMetronome","theDuelist:DinosaurMetronome+1","theDuelist:ClearKuriboh+1","RitualDagger","Ghostly+1","theDuelist:Metronome+1","theDuelist:SkillMetronome","theDuelist:SkillMetronome","theDuelist:MagicHoleGolem","theDuelist:DragonMetronome+1","theDuelist:DeltaMagnet"],"relics":["theDuelist:MillenniumPuzzle","theDuelist:CardPoolRelic","theDuelist:CardPoolBasicRelic","theDuelist:BoosterPackPoolRelic","theDuelist:CardPoolAddRelic","theDuelist:CardPoolMinusRelic","theDuelist:CardPoolSaveRelic","theDuelist:CardPoolOptionsRelic","Anchor","Toxic Egg 2","Busted Crown","Torii","Question Card","theDuelist:ResummonBranch","Calling Bell","theDuelist:DuelistTeaSet","theDuelist:MillenniumPeriapt","Du-Vu Doll","Anchor"],"acts_visited":["Exordium","TheCity","TheBeyond"],"potions_floor_usage":[33],"damage_taken":[{"damage":2.0,"enemies":"Cultist","floor":1.0,"turns":3.0},{"damage":0.0,"enemies":"Jaw Worm","floor":2.0,"turns":1.0},{"damage":0.0,"enemies":"2 Louse","floor":4.0,"turns":2.0},{"damage":0.0,"enemies":"Exordium Wildlife","floor":5.0,"turns":3.0},{"damage":10.0,"enemies":"3 Sentries","floor":6.0,"turns":5.0},{"damage":20.0,"enemies":"Gremlin Nob","floor":8.0,"turns":4.0},{"damage":0,"enemies":"Large Slime","floor":11,"turns":2},{"damage":0,"enemies":"3 Louse","floor":14,"turns":2},{"damage":11,"enemies":"The Guardian","floor":16,"turns":10},{"damage":0,"enemies":"2 Thieves","floor":18,"turns":4},{"damage":6,"enemies":"Shell Parasite","floor":19,"turns":5},{"damage":0,"enemies":"Cultist and Chosen","floor":20,"turns":5},{"damage":0,"enemies":"Gremlin Leader","floor":24,"turns":9},{"damage":17,"enemies":"3 Cultists","floor":25,"turns":5},{"damage":0,"enemies":"Chosen and Byrds","floor":29,"turns":5},{"damage":1,"enemies":"Snake Plant","floor":30,"turns":4},{"damage":1,"enemies":"theDuelist:KaibaA2","floor":31,"turns":5},{"damage":0,"enemies":"Collector","floor":33,"turns":12},{"damage":11,"enemies":"3 Darklings","floor":35,"turns":5},{"damage":13,"enemies":"3 Shapes","floor":36,"turns":5},{"damage":0,"enemies":"Writhing Mass","floor":37,"turns":6},{"damage":17,"enemies":"Giant Head","floor":40,"turns":8}],"seed_played":"4780192621592210439","potions_obtained":[{"floor":1.0,"key":"Swift Potion"},{"floor":5.0,"key":"Strength Potion"},{"floor":8.0,"key":"EssenceOfSteel"},{"floor":33,"key":"SpeedPotion"}],"is_trial":false,"path_per_floor":["M","M","$","M","M","E","R","E","T","?","M","R","?","M","R","B",null,"M","M","M","?","?","R","E","M","T","?","R","M","M","E","R","B",null,"M","M","M","?","?","E"],"character_chosen":"THE_DUELIST","items_purchased":["theDuelist:MagicHoleGolem","theDuelist:AttackMetronome"],"campfire_rested":2,"item_purchase_floors":[3,3],"current_hp_per_floor":[78,78,78,78,78,68,68,48,48,41,41,41,41,41,67,56,80,80,74,74,44,38,38,38,21,21,21,21,21,20,19,32,32,41,30,17,17,17,17,0,0],"gold":293,"neow_bonus":"TEN_PERCENT_HP_BONUS","is_daily":false,"chose_seed":false,"campfire_upgraded":4,"win_rate":0.0,"timestamp":1611441021,"path_taken":["M","M","?","M","M","E","R","E","T","?","M","R","?","?","R","BOSS","M","M","M","?","?","R","E","M","T","?","R","M","?","E","R","BOSS","M","M","M","?","?","E"],"items_purchased_type":["Card","Card"],"build_version":"2020-12-22","purchased_purges":0,"victory":false,"max_hp_per_floor":[88,88,88,88,88,88,88,88,88,88,88,88,88,88,88,88,88,88,88,88,44,44,44,44,44,44,44,44,44,44,44,44,44,44,44,44,44,44,44,44,44],"card_choices":[{"not_picked":["theDuelist:WormWarlord","theDuelist:BattleFootballer","theDuelist:DestructPotion","theDuelist:Wiseman"],"picked":"theDuelist:AttackTheMoon","floor":1.0},{"not_picked":["theDuelist:ZombieMetronome","theDuelist:WarriorMetronome","theDuelist:MegatypeMetronome","theDuelist:MachineMetronome"],"picked":"theDuelist:RareAttackMetronome","floor":2.0},{"not_picked":["theDuelist:SpiderMetronome","theDuelist:SpellMetronome","theDuelist:AttackTrapMetronome","theDuelist:OjamaMetronome"],"picked":"theDuelist:AttackMetronome","floor":4.0},{"not_picked":["theDuelist:UndeadMetronome","theDuelist:PredaplantMetronome","theDuelist:PlantMetronome","theDuelist:CombatMetronome"],"picked":"theDuelist:OrbMetronome","floor":5.0},{"not_picked":["theDuelist:GraniteLoyalist","theDuelist:WormWarlord","theDuelist:DestroyerGolem","theDuelist:SolemnStrike"],"picked":"theDuelist:EarthquakeGiant","floor":6.0},{"not_picked":["theDuelist:BigFire","theDuelist:Jinzo","theDuelist:ScrapFactory+1","theDuelist:BattleFootballer+1"],"picked":"theDuelist:BlockGolem+1","floor":8.0},{"not_picked":["theDuelist:ClearKuriboh","theDuelist:WormKing","theDuelist:GreenGraveOni+1","theDuelist:OneForOne+1","theDuelist:EarthEffigy+1"],"picked":"SKIP","floor":11},{"not_picked":["theDuelist:EvilswarmHeliotrope","theDuelist:FuryFire","theDuelist:GraniteLoyalist","theDuelist:WormWarlord"],"picked":"theDuelist:EarthquakeGiant","floor":14},{"not_picked":["theDuelist:EvilswarmHeliotrope","theDuelist:GreyGreedOni+1","theDuelist:MagicCylinder","theDuelist:SolemnStrike"],"picked":"theDuelist:YamiForm","floor":16},{"not_picked":["theDuelist:TimeSeal+1","theDuelist:Jinzo"],"picked":"theDuelist:AttackTheMoon+1","floor":18},{"not_picked":["theDuelist:ArcaneMetronome+1","theDuelist:BugMetronome+1","theDuelist:RoseMetronome+1"],"picked":"SKIP","floor":19},{"not_picked":["theDuelist:PelagicMetronome+1","theDuelist:RareSpireMetronome+1"],"picked":"theDuelist:ArcaneMonsterMetronome+1","floor":20},{"not_picked":["theDuelist:ArcaneMonsterMetronome+1","theDuelist:AttackTrapMetronome"],"picked":"theDuelist:DinosaurMetronome+1","floor":24},{"not_picked":["theDuelist:BattleguardKing","theDuelist:FuryFire"],"picked":"theDuelist:GiantSoldierSteel+1","floor":25},{"not_picked":["theDuelist:AncientMetronome+1","theDuelist:BlockSpellMetronome+1","theDuelist:LabyrinthNightmareMetronome+1"],"picked":"theDuelist:MachineMonsterMetronome+1","floor":29},{"not_picked":["theDuelist:ArcaneMetronome+1","theDuelist:MayakashiMetronome+1","theDuelist:PlantMetronome+1"],"picked":"theDuelist:RareMonsterMetronome+1","floor":30},{"not_picked":["theDuelist:Sangan+1","theDuelist:GolemSentry+1","theDuelist:Blockman","theDuelist:Solidarity"],"picked":"SKIP","floor":31},{"not_picked":["theDuelist:BattleOx+1","theDuelist:RedHeadedOni+1","theDuelist:ForbiddenLance"],"picked":"theDuelist:YamiForm","floor":33},{"not_picked":["theDuelist:BigFire+1","theDuelist:Blockman+1","theDuelist:ForbiddenLance+2"],"picked":"theDuelist:ClearKuriboh+1","floor":35},{"not_picked":["theDuelist:FieldMetronome+1","theDuelist:TidalMetronome+1","theDuelist:WyrmMetronome+1"],"picked":"theDuelist:SuperheavyMetronome+1","floor":36},{"not_picked":["theDuelist:RecklessMetronome+1","theDuelist:RockMetronome+1","theDuelist:UncommonAttackMetronome+1"],"picked":"theDuelist:DragonMetronome+1","floor":37}],"player_experience":245880,"relics_obtained":[{"floor":6.0,"key":"Anchor"},{"floor":8.0,"key":"Toxic Egg 2"},{"floor":24,"key":"Torii"},{"floor":26,"key":"Question Card"},{"floor":31,"key":"theDuelist:ResummonBranch"},{"floor":34,"key":"theDuelist:DuelistTeaSet"},{"floor":34,"key":"theDuelist:MillenniumPeriapt"},{"floor":34,"key":"Du-Vu Doll"}],"event_choices":[{"cards_removed":["theDuelist:PowerMetronome"],"damage_healed":0.0,"max_hp_gain":0.0,"max_hp_loss":0.0,"gold_gain":0.0,"event_name":"Golden Wing","player_choice":"Card Removal","floor":10.0,"gold_loss":0.0,"damage_taken":7.0},{"damage_healed":0,"gold_gain":0,"player_choice":"Sold Attack Metronome for 18 Gold.","duelist":true,"damage_taken":0,"max_hp_gain":0,"max_hp_loss":0,"event_name":"Card Trader","floor":13,"gold_loss":0},{"damage_healed":0,"gold_gain":0,"player_choice":"Became a Ghost","damage_taken":0,"max_hp_gain":0,"max_hp_loss":44,"event_name":"Ghosts","floor":21,"gold_loss":0,"cards_obtained":["Ghostly","Ghostly","Ghostly","Ghostly","Ghostly"]},{"damage_healed":0,"gold_gain":0,"player_choice":"Joined the Cult","damage_taken":6,"max_hp_gain":0,"max_hp_loss":0,"event_name":"Nest","floor":22,"gold_loss":0,"cards_obtained":["RitualDagger"]},{"damage_healed":0,"gold_gain":0,"player_choice":"Purchased R. Attack Metronome for 165 Gold.","duelist":true,"damage_taken":0,"max_hp_gain":0,"max_hp_loss":0,"event_name":"Card Trader","floor":27,"gold_loss":0},{"damage_healed":0,"gold_gain":0,"player_choice":"Delta Electro","duelist":true,"damage_taken":0,"max_hp_gain":0,"max_hp_loss":0,"event_name":"Egyptian Village","floor":38,"gold_loss":0,"cards_obtained":["Delta Electromagnet Warrior"]},{"damage_healed":0,"gold_gain":0,"player_choice":"Duplicated Relic - Anchor","duelist":true,"damage_taken":0,"max_hp_gain":0,"max_hp_loss":0,"event_name":"Relic Duplicator","floor":39,"gold_loss":0}],"is_beta":false,"boss_relics":[{"not_picked":["Cursed Key","Mark of Pain"],"picked":"Busted Crown"},{"not_picked":["Runic Dome","theDuelist:MillenniumKey"],"picked":"Calling Bell"}],"items_purged_floors":[],"is_endless":false,"potions_floor_spawned":[1,5,8,14,18,20,29,30,33,35,36],"killed_by":"Giant Head","ascension_level":9}}