{"host":"8by3m8mve9y2rhh4","time":1611416309,"event":{"mods":["BaseMod","Minty Spire (QoL Compilation)","Quick Restart"],"gold_per_floor":[109,109,123,123,123,154,154,168,191,217,217,256,256,279,279,399,399,423,438,461,461,75,75,118,136,136,157,195,195,226,250,250,379,379,394,354,5,0,59,59,92,92,92,125,225,243,277,300,300,300,300],"floor_reached":50,"language":"ENG","playtime":1842,"items_purged":["Strike_G"],"score":688,"play_id":"21b56458-d426-49d4-a89b-a994cd6f0c0b","local_time":"20210123153829","is_ascension_mode":true,"campfire_choices":[{"floor":7,"key":"REST"},{"floor":15,"key":"REST"},{"floor":23,"key":"RECALL"},{"floor":29,"key":"REST"},{"floor":32,"key":"REST"},{"floor":40,"key":"REST"},{"floor":42,"key":"REST"},{"floor":49,"key":"REST"}],"circlet_count":0,"master_deck":["Defend_G","Defend_G","Defend_G+1","Defend_G+1","Survivor+1","Neutralize+1","Flying Knee+1","Sucker Punch+1","Dash+1","Poisoned Stab","Corpse Explosion","Dagger Spray+1","Terror","Bane","Envenom","Crippling Poison+1","Catalyst","Blade Dance","Deadly Poison","Dodge and Roll+1","Burst","Tactician+1","Leg Sweep+1","Bane+1","Noxious Fumes","Poisoned Stab","Backflip+1","Backflip+1","Noxious Fumes+1"],"relics":["Empty Cage","Centennial Puzzle","Snake Skull","Pantograph","Golden Idol","Juzu Bracelet","Sozu","Lee\u0027s Waffle","PreservedInsect","Whetstone","Blood Vial","Lantern","Astrolabe","HornCleat","Red Mask","Tough Bandages","White Beast Statue","Pen Nib","Toxic Egg 2"],"acts_visited":["Exordium","TheCity","TheBeyond"],"potions_floor_usage":[6,12,24],"damage_taken":[{"damage":7,"enemies":"Small Slimes","floor":1,"turns":5},{"damage":0,"enemies":"2 Louse","floor":3,"turns":2},{"damage":23,"enemies":"Lagavulin","floor":6,"turns":7},{"damage":0,"enemies":"Cultist","floor":8,"turns":3},{"damage":13,"enemies":"Gremlin Nob","floor":10,"turns":4},{"damage":32,"enemies":"3 Sentries","floor":12,"turns":8},{"damage":0,"enemies":"2 Fungi Beasts","floor":14,"turns":3},{"damage":41,"enemies":"Slime Boss","floor":16,"turns":12},{"damage":5,"enemies":"Spheric Guardian","floor":18,"turns":4},{"damage":12,"enemies":"2 Thieves","floor":19,"turns":3},{"damage":11,"enemies":"Snecko","floor":20,"turns":5},{"damage":32,"enemies":"Gremlin Leader","floor":24,"turns":5},{"damage":9,"enemies":"Shelled Parasite and Fungi","floor":25,"turns":6},{"damage":0,"enemies":"3 Cultists","floor":27,"turns":2},{"damage":22,"enemies":"Slavers","floor":28,"turns":4},{"damage":12,"enemies":"Gremlin Leader","floor":30,"turns":3},{"damage":20,"enemies":"Sentry and Sphere","floor":31,"turns":4},{"damage":20,"enemies":"Champ","floor":33,"turns":7},{"damage":1,"enemies":"Orb Walker","floor":35,"turns":3},{"damage":47,"enemies":"2 Orb Walkers","floor":39,"turns":5},{"damage":13,"enemies":"Giant Head","floor":41,"turns":5},{"damage":23,"enemies":"Reptomancer","floor":44,"turns":6},{"damage":5,"enemies":"3 Shapes","floor":46,"turns":3},{"damage":33,"enemies":"Nemesis","floor":47,"turns":7},{"damage":1,"enemies":"Jaw Worm Horde","floor":48,"turns":2},{"damage":59,"enemies":"Time Eater","floor":50,"turns":8}],"seed_played":"-6657514294095843800","potions_obtained":[{"floor":1,"key":"Explosive Potion"},{"floor":6,"key":"Swift Potion"},{"floor":10,"key":"DuplicationPotion"}],"is_trial":false,"path_per_floor":["M","?","M","?","?","E","R","M","T","E","?","E","?","M","R","B",null,"M","M","M","?","$","R","E","M","T","M","E","R","E","M","R","B",null,"M","?","$","?","?","R","E","R","T","E","?","M","E","M","R","B"],"character_chosen":"THE_SILENT","items_purchased":["Envenom","Lee\u0027s Waffle","Noxious Fumes","Poisoned Stab","HornCleat"],"campfire_rested":7,"item_purchase_floors":[22,22,37,37,37],"current_hp_per_floor":[63,68,68,53,53,30,52,52,52,39,39,7,7,7,27,11,69,64,52,41,41,76,76,44,35,35,35,13,35,25,7,29,36,76,75,75,75,75,29,51,40,62,62,41,41,38,7,8,30,0,0],"gold":300,"neow_bonus":"BOSS_RELIC","is_daily":false,"chose_seed":false,"campfire_upgraded":0,"win_rate":0.0,"timestamp":1611416309,"path_taken":["M","?","M","?","?","E","R","?","T","E","?","E","?","M","R","BOSS","M","M","M","?","$","R","E","M","T","M","E","R","E","M","R","BOSS","M","?","$","?","?","R","E","R","T","E","?","M","E","M","R","BOSS"],"items_purchased_type":["Card","Relic","Card","Card","Relic"],"build_version":"2020-12-22","purchased_purges":1,"victory":false,"max_hp_per_floor":[70,75,75,75,75,75,75,75,75,75,69,69,69,69,69,69,69,69,69,69,69,76,76,76,76,76,76,76,76,76,76,76,76,76,76,76,76,76,76,76,76,76,76,76,76,76,76,76,76,76,76],"card_choices":[{"not_picked":["Expertise","Finisher"],"picked":"Flying Knee","floor":1},{"not_picked":["Reflex","Slice","Acrobatics"],"picked":"SKIP","floor":3},{"not_picked":["Bullet Time","Prepared"],"picked":"Dagger Throw","floor":6},{"not_picked":["Well Laid Plans","Deflect"],"picked":"Sucker Punch","floor":8},{"not_picked":["Deflect","Cloak And Dagger","Flying Knee"],"picked":"SKIP","floor":10},{"not_picked":["Outmaneuver","Acrobatics"],"picked":"Dash","floor":12},{"not_picked":["Expertise","Tactician"],"picked":"Poisoned Stab","floor":14},{"not_picked":["Adrenaline","Venomology"],"picked":"Corpse Explosion","floor":16},{"not_picked":["Underhanded Strike","Bane","PiercingWail+1"],"picked":"SKIP","floor":18},{"not_picked":["All Out Attack","Masterful Stab"],"picked":"Dagger Spray","floor":19},{"not_picked":["Backstab","Dagger Spray"],"picked":"Terror","floor":20},{"not_picked":["Masterful Stab","Skewer"],"picked":"Crippling Poison+1","floor":24},{"not_picked":["Backflip+1","Expertise"],"picked":"Catalyst","floor":25},{"not_picked":["Sucker Punch","Endless Agony+1","Well Laid Plans"],"picked":"SKIP","floor":27},{"not_picked":["Endless Agony","Skewer"],"picked":"Blade Dance","floor":28},{"not_picked":["Wraith Form v2","Underhanded Strike+1"],"picked":"Deadly Poison","floor":30},{"not_picked":["Reflex","Well Laid Plans"],"picked":"Dodge and Roll+1","floor":31},{"not_picked":["Adrenaline","Glass Knife"],"picked":"Burst","floor":33},{"not_picked":["Dagger Spray","Deflect","Masterful Stab+1"],"picked":"SKIP","floor":35},{"not_picked":["Dodge and Roll+1","Finisher+1"],"picked":"Backflip+1","floor":41},{"not_picked":["Accuracy","Underhanded Strike"],"picked":"Backflip+1","floor":44},{"not_picked":["Prepared","Flying Knee+1","Slice"],"picked":"SKIP","floor":46},{"not_picked":["Glass Knife","Heel Hook","Phantasmal Killer+1"],"picked":"SKIP","floor":47},{"not_picked":["Finisher+1","Tactician+1"],"picked":"Noxious Fumes+1","floor":48}],"player_experience":724834,"relics_obtained":[{"floor":6,"key":"Centennial Puzzle"},{"floor":9,"key":"Snake Skull"},{"floor":10,"key":"Pantograph"},{"floor":12,"key":"Juzu Bracelet"},{"floor":24,"key":"PreservedInsect"},{"floor":26,"key":"Whetstone"},{"floor":28,"key":"Blood Vial"},{"floor":30,"key":"Lantern"},{"floor":39,"key":"Tough Bandages"},{"floor":41,"key":"White Beast Statue"},{"floor":44,"key":"Pen Nib"},{"floor":47,"key":"Toxic Egg 2"}],"event_choices":[{"damage_healed":0,"gold_gain":0,"player_choice":"Donut","damage_taken":0,"max_hp_gain":5,"max_hp_loss":0,"event_name":"Big Fish","floor":2,"gold_loss":0},{"damage_healed":0,"gold_gain":0,"player_choice":"Entered Light","damage_taken":15,"max_hp_gain":0,"max_hp_loss":0,"event_name":"Shining Light","floor":4,"gold_loss":0,"cards_upgraded":["Flying Knee","Survivor"]},{"damage_healed":0,"gold_gain":0,"player_choice":"Upgraded","damage_taken":0,"max_hp_gain":0,"max_hp_loss":0,"event_name":"Upgrade Shrine","floor":5,"gold_loss":0,"cards_upgraded":["Neutralize"]},{"damage_healed":0,"gold_gain":0,"player_choice":"Lose Max HP","damage_taken":0,"relics_obtained":["Golden Idol"],"max_hp_gain":0,"max_hp_loss":6,"event_name":"Golden Idol","floor":11,"gold_loss":0},{"damage_healed":0,"gold_gain":0,"player_choice":"Forge","damage_taken":0,"max_hp_gain":0,"max_hp_loss":0,"event_name":"Accursed Blacksmith","floor":13,"gold_loss":0,"cards_upgraded":["Sucker Punch"]},{"damage_healed":0,"gold_gain":0,"cards_transformed":["Strike_G"],"player_choice":"Transformed","damage_taken":0,"max_hp_gain":0,"max_hp_loss":0,"event_name":"Transmorgrifier","floor":21,"gold_loss":0,"cards_obtained":["Bane"]},{"damage_healed":0,"gold_gain":0,"player_choice":"Upgraded Two","damage_taken":0,"max_hp_gain":0,"max_hp_loss":0,"event_name":"Designer","floor":36,"gold_loss":40,"cards_upgraded":["Defend_G","Defend_G"]},{"damage_healed":0,"gold_gain":0,"player_choice":"Paid","damage_taken":0,"relics_obtained":["Red Mask"],"max_hp_gain":0,"max_hp_loss":0,"event_name":"Tomb of Lord Red Mask","floor":38,"gold_loss":5},{"damage_healed":0,"gold_gain":0,"player_choice":"Fight","damage_taken":0,"max_hp_gain":0,"max_hp_loss":0,"event_name":"Mysterious Sphere","floor":39,"gold_loss":0},{"damage_healed":0,"gold_gain":100,"player_choice":"Pray","damage_taken":0,"max_hp_gain":0,"max_hp_loss":0,"event_name":"Golden Shrine","floor":45,"gold_loss":0}],"is_beta":false,"boss_relics":[{"not_picked":["Snecko Eye","SacredBark"],"picked":"Sozu"},{"not_picked":["Fusion Hammer","HoveringKite"],"picked":"Astrolabe"}],"items_purged_floors":[22],"is_endless":false,"potions_floor_spawned":[1,6,10,25,27,30,31,35,44,46,47,48],"killed_by":"Time Eater","ascension_level":1}}