{"host":"ufl0k2so27eic2iy","time":1611403705,"event":{"mods":["BaseMod","Downfall","Minty Spire (QoL Compilation)","StSLib","The Animator"],"gold_per_floor":[99,114,124,138,123,141,213,242,392,392,403,421,421,456,471,574,574,574,589,605,605,605,642,642,669,369,104,104,36,36,61,87,197,197,197,226,252,312,340,440,440,469,512,179,198,198,234,244,266,266,266,307,7,7,7,7,7,7],"floor_reached":56,"language":"ENG","playtime":3472,"items_purged":["champ:Strike+1","champ:Strike+1","champ:Strike+1"],"score":965,"play_id":"9f689f33-9cc4-4c90-b682-49b5c00e55d3","local_time":"20210123120825","is_ascension_mode":true,"campfire_choices":[{"data":"champ:Execute","floor":1,"key":"SMITH"},{"data":"champ:Duel","floor":10,"key":"SMITH"},{"data":"champ:Circumvent","floor":13,"key":"SMITH"},{"floor":18,"key":"RECALL"},{"data":"champ:Taunt","floor":26,"key":"SMITH"},{"data":"expansioncontent:StudyTheSpire","floor":28,"key":"SMITH"},{"data":"champ:Lariat","floor":35,"key":"SMITH"},{"floor":54,"key":"REST"}],"circlet_count":0,"master_deck":["champ:Strike+1","champ:Defend+1","champ:Defend+1","champ:Defend+1","champ:Defend+1","champ:Execute+1","champ:Taunt+1","Dark Shackles","champ:SwordSigil","champ:FlashCut","champ:BringItOn","champ:ShieldWall","champ:Duel+1","champ:DefensiveShout","champ:Circumvent+1","champ:StanceDance","champ:TripleStrike","champ:FlashCut","champ:SteelEdge","champ:AdrenalArmor+1","champ:GutPunch","champ:SkillfulDodge","champ:VampiricStrike","expansioncontent:StudyTheSpire+1","champ:Lariat+1","champ:DefensiveStyle","champ:MurderStrike","champ:EnchantShield","champ:FocusedDefense","champ:FlashCut+1","expansioncontent:QuickStudy","champ:Circumvent+1","champ:DefensiveShout+1","champ:SkillfulDodge+1","champ:EnGarde+1","champ:IronFortress","champ:EnGarde+1","Magnetism"],"relics":["champ:ChampionCrown","Letter Opener","Omamori","Art of War","SlaversCollar","CeramicFish","Bird Faced Urn","downfall:HeartBlessingRed","downfall:HeartBlessingGreen","downfall:HeartBlessingBlue","Dead Branch","Cursed Key","champ:FightingForDummies","Anchor","Ginger"],"acts_visited":["Exordium","TheCity","TheBeyond","TheEnding"],"potions_floor_usage":[33,50,56,56],"damage_taken":[{"damage":10,"enemies":"2 Louse","floor":2,"turns":2},{"damage":17,"enemies":"Small Slimes","floor":3,"turns":4},{"damage":10,"enemies":"Jaw Worm","floor":4,"turns":4},{"damage":20,"enemies":"downfall:FleeingMerchant","floor":5,"turns":4},{"damage":0,"enemies":"3 Louse","floor":6,"turns":4},{"damage":16,"enemies":"Gremlin Nob","floor":8,"turns":3},{"damage":15,"enemies":"Exordium Wildlife","floor":11,"turns":4},{"damage":15,"enemies":"Gremlin Gang","floor":12,"turns":5},{"damage":0,"enemies":"Lagavulin","floor":14,"turns":5},{"damage":8,"enemies":"Large Slime","floor":15,"turns":4},{"damage":22,"enemies":"SI_SHIV_ARCHETYPE","floor":16,"turns":10},{"damage":26,"enemies":"Shell Parasite","floor":19,"turns":4},{"damage":35,"enemies":"3 Byrds","floor":20,"turns":5},{"damage":47,"enemies":"Gremlin Leader","floor":23,"turns":8},{"damage":14,"enemies":"downfall:FleeingMerchant","floor":27,"turns":4},{"damage":31,"enemies":"downfall:FleeingMerchant","floor":29,"turns":4},{"damage":10,"enemies":"Book of Stabbing","floor":31,"turns":4},{"damage":20,"enemies":"3 Cultists","floor":32,"turns":7},{"damage":22,"enemies":"WA_ARCHETYPE_CALM","floor":33,"turns":8},{"damage":10,"enemies":"3 Darklings","floor":36,"turns":5},{"damage":0,"enemies":"Orb Walker","floor":37,"turns":2},{"damage":0,"enemies":"downfall:FleeingMerchant","floor":38,"turns":3},{"damage":38,"enemies":"Sphere and 2 Shapes","floor":39,"turns":5},{"damage":0,"enemies":"Jaw Worm Horde","floor":42,"turns":4},{"damage":17,"enemies":"Nemesis","floor":43,"turns":7},{"damage":0,"enemies":"3 Darklings","floor":45,"turns":5},{"damage":8,"enemies":"Reptomancer","floor":47,"turns":7},{"damage":0,"enemies":"Spire Growth","floor":48,"turns":5},{"damage":0,"enemies":"Maw","floor":49,"turns":7},{"damage":27,"enemies":"DF_ARCHETYPE_ORBS","floor":50,"turns":14},{"damage":91,"enemies":"downfall:CharBossMerchant","floor":52,"turns":10},{"damage":22,"enemies":"downfall:NeowBoss","floor":55,"turns":19},{"damage":172,"enemies":"downfall:NeowBossFinal","floor":56,"turns":8}],"seed_played":"2891613555068776791","potions_obtained":[{"floor":8,"key":"BlessingOfTheForge"},{"floor":11,"key":"Strength Potion"},{"floor":12,"key":"SpeedPotion"},{"floor":14,"key":"CultistPotion"},{"floor":20,"key":"champ:CounterPotion"},{"floor":33,"key":"EssenceOfSteel"},{"floor":46,"key":"champ:TechniquePotion"}],"is_trial":false,"path_per_floor":["R","M","M","M","$","M","T","E","?","R","M","M","R","E","M","B",null,"R","M","M","?","?","E","T","T","R","$","R","$","?","E","M","B",null,"R","M","M","$","M","?","T","M","E","?","M","?","E","M","M","B",null,"E","$","R","B","B"],"character_chosen":"THE_CHAMP","items_purchased":["expansioncontent:StudyTheSpire","champ:DefensiveStyle","expansioncontent:QuickStudy","Magnetism"],"campfire_rested":1,"item_purchase_floors":[27,29,38,53],"current_hp_per_floor":[90,90,83,83,83,83,83,67,67,67,67,67,67,67,59,57,90,90,74,74,74,74,62,62,62,72,70,70,59,59,61,53,55,100,100,100,100,100,74,74,74,76,67,113,113,113,107,111,113,110,113,54,54,87,90,0,0,0],"gold":7,"neow_bonus":"RANDOM_COLORLESS","is_daily":false,"chose_seed":false,"campfire_upgraded":6,"win_rate":0.0,"timestamp":1611403705,"path_taken":["R","M","M","M","$","M","T","E","?","R","M","M","R","E","M","BOSS","R","M","M","?","?","E","T","?","R","$","R","?","?","E","M","BOSS","R","M","M","$","M","?","T","?","E","?","M","?","E","M","M","BOSS","E","$","R","BOSS","BOSS"],"items_purchased_type":["Card","Card","Card","Card"],"build_version":"2020-12-22","purchased_purges":3,"victory":false,"max_hp_per_floor":[90,90,90,90,90,90,90,90,90,90,90,90,90,90,90,90,90,90,90,90,90,90,90,90,90,100,100,100,100,100,100,100,100,100,100,100,100,100,100,100,100,100,100,113,113,113,113,113,113,113,113,113,113,113,113,113,113,113],"card_choices":[{"not_picked":["Dramatic Entrance","Flash of Steel"],"picked":"Dark Shackles","floor":0},{"not_picked":["champ:PreemptiveStrike","champ:ShieldSigil"],"picked":"champ:SwordSigil","floor":2},{"not_picked":["champ:Circumvent","champ:CrookedStrike"],"picked":"champ:FlashCut","floor":3},{"not_picked":["champ:Encircle","champ:Parry"],"picked":"champ:BringItOn","floor":4},{"not_picked":["champ:PerfectedStrike","champ:PreemptiveStrike"],"picked":"champ:ShieldWall","floor":5},{"not_picked":["champ:PreemptiveStrike","champ:FalseCounter"],"picked":"champ:Duel","floor":6},{"not_picked":["champ:CrownThrow","champ:Shatter"],"picked":"champ:DefensiveShout","floor":8},{"not_picked":["champ:FanOfKnives","champ:BringItOn"],"picked":"champ:Circumvent","floor":11},{"not_picked":["champ:UltimateStance","champ:EndlessRage"],"picked":"champ:StanceDance","floor":12},{"not_picked":["champ:CalledShot","champ:Endure"],"picked":"champ:TripleStrike","floor":14},{"not_picked":["champ:ShieldSlam","champ:BringItOn"],"picked":"champ:FlashCut","floor":15},{"not_picked":["champ:DancingMaster","champ:IgnorePain"],"picked":"champ:SteelEdge","floor":16},{"not_picked":["champ:PerfectedStrike+1","champ:ShieldSigil"],"picked":"champ:AdrenalArmor+1","floor":19},{"not_picked":["champ:BerserkerStyle","champ:ShieldSlam"],"picked":"champ:GutPunch","floor":20},{"not_picked":["champ:GutPunch","champ:BerserkersShout"],"picked":"champ:SkillfulDodge","floor":23},{"not_picked":["champ:FanOfKnives","champ:ShieldSlam"],"picked":"champ:VampiricStrike","floor":27},{"not_picked":["champ:BringItOn+1","champ:SwordSigil"],"picked":"champ:Lariat","floor":29},{"not_picked":["champ:RapidStrikes","champ:Backstep","champ:TornadoPunch"],"picked":"SKIP","floor":31},{"not_picked":["champ:FalseCounter","champ:Backstep"],"picked":"champ:MurderStrike","floor":32},{"not_picked":["champ:CheapShot","champ:DancingMaster"],"picked":"champ:EnchantShield","floor":33},{"not_picked":["champ:PreciseThrust","champ:BladeFlurry"],"picked":"champ:FocusedDefense","floor":36},{"not_picked":["champ:AdrenalArmor","champ:GutPunch+1"],"picked":"champ:FlashCut+1","floor":37},{"not_picked":["champ:RecklessLeap+1","champ:TripleStrike","champ:AdrenalArmor"],"picked":"SKIP","floor":38},{"not_picked":["champ:StanceDance+1","champ:EnragedBash+1"],"picked":"champ:Circumvent+1","floor":39},{"not_picked":["champ:CrookedStrike","champ:Backstep"],"picked":"champ:DefensiveShout+1","floor":42},{"not_picked":["champ:Shatter+1","champ:Backstep+1"],"picked":"champ:SkillfulDodge+1","floor":43},{"not_picked":["champ:Shatter","champ:SetATrap+1","champ:FaceSlap+1"],"picked":"SKIP","floor":45},{"not_picked":["champ:GladiatorForm","champ:EnGarde+1","champ:StanceDance"],"picked":"SKIP","floor":47},{"not_picked":["champ:GladiatorForm","champ:StanceDance"],"picked":"champ:EnGarde+1","floor":47},{"not_picked":["champ:SkillfulDodge+1","champ:PerfectedStrike+1","champ:EndlessRage"],"picked":"SKIP","floor":48},{"not_picked":["champ:DefensiveShout","champ:StanceDance"],"picked":"champ:IronFortress","floor":49},{"not_picked":["champ:CalledShot","champ:TornadoPunch+1"],"picked":"champ:EnGarde+1","floor":52}],"player_experience":2753465,"relics_obtained":[{"floor":7,"key":"Letter Opener"},{"floor":8,"key":"Omamori"},{"floor":14,"key":"Art of War"},{"floor":24,"key":"Bird Faced Urn"},{"floor":31,"key":"Dead Branch"},{"floor":43,"key":"champ:FightingForDummies"},{"floor":47,"key":"Anchor"},{"floor":52,"key":"Ginger"}],"event_choices":[{"damage_healed":0,"gold_gain":0,"player_choice":"Ignored","damage_taken":0,"max_hp_gain":0,"max_hp_loss":0,"event_name":"Vampires","floor":30,"gold_loss":0},{"damage_healed":0,"gold_gain":0,"player_choice":"Got Potions","damage_taken":0,"max_hp_gain":0,"max_hp_loss":0,"event_name":"Lab","floor":46,"gold_loss":0}],"is_beta":false,"boss_relics":[{"not_picked":["SacredBark","Empty Cage"],"picked":"SlaversCollar"},{"not_picked":["Snecko Eye","Black Star"],"picked":"Cursed Key"}],"items_purged_floors":[27,38,53],"is_endless":false,"potions_floor_spawned":[8,11,12,14,15,20,32,33,36,42,45,48,49],"killed_by":"downfall:NeowBossFinal","ascension_level":2}}