{"host":"mpptac75auyxsbzs","time":1611423864,"event":{"mods":["BaseMod","Downfall","Minty Spire (QoL Compilation)","Random Character Button","StSLib","SuperFastMode"],"gold_per_floor":[349,369,389,664,675,575,575,650,668,684,700,388,420,433,449,449,449,449],"floor_reached":16,"language":"ENG","playtime":1060,"items_purged":["Regret"],"score":106,"play_id":"1df2002a-5af8-423b-ab95-f11b3986d5fc","local_time":"20210123184424","is_ascension_mode":false,"campfire_choices":[{"floor":1,"key":"RECALL"},{"data":"Slimebound:PressTheAttack","floor":6,"key":"SMITH"}],"circlet_count":0,"master_deck":["Slimebound:Strike_Slimebound","Slimebound:Strike_Slimebound","Slimebound:Strike_Slimebound","Slimebound:Tackle","Slimebound:Defend_Slimebound","Slimebound:Defend_Slimebound+1","Slimebound:Defend_Slimebound","Slimebound:Defend_Slimebound","Slimebound:Split","Slimebound:CorrosiveSpit+1","downfall:Haunted","Slimebound:PressTheAttack+1","Slimebound:LeechingTouch","Slimebound:Dissolve","Slimebound:SplitMire","Slimebound:Schlurp","Slimebound:FinishingTackle","Slimebound:AcidTongue","Slimebound:Gluttony","Slimebound:LeechingTouch","Slimebound:GoopSpray"],"relics":["Slimebound:AbsorbEndCombat","downfall:HeartBlessingRed","Sling","War Paint"],"acts_visited":["Exordium"],"potions_floor_usage":[11,13,13,15,16],"damage_taken":[{"damage":9,"enemies":"2 Louse","floor":2,"turns":3},{"damage":9,"enemies":"Cultist","floor":3,"turns":3},{"damage":15,"enemies":"Small Slimes","floor":5,"turns":3},{"damage":13,"enemies":"Gremlin Gang","floor":9,"turns":4},{"damage":11,"enemies":"3 Louse","floor":10,"turns":3},{"damage":25,"enemies":"Exordium Thugs","floor":11,"turns":3},{"damage":1,"enemies":"downfall:FleeingMerchant","floor":12,"turns":4},{"damage":4,"enemies":"Gremlin Nob","floor":13,"turns":3},{"damage":7,"enemies":"Blue Slaver","floor":14,"turns":2},{"damage":10,"enemies":"Gremlin Gang","floor":15,"turns":4},{"damage":17,"enemies":"WA_ARCHETYPE_RETAIN","floor":16,"turns":2}],"seed_played":"7722875096097674945","potions_obtained":[{"floor":2,"key":"Energy Potion"},{"floor":8,"key":"downfall:CursedFountainPotion"},{"floor":9,"key":"bronze:BurnAndBuffPotion"},{"floor":11,"key":"EssenceOfSteel"},{"floor":13,"key":"PowerPotion"},{"floor":14,"key":"SkillPotion"}],"is_trial":false,"path_per_floor":["R","M","M","?","M","R","T","?","M","M","M","$","E","M","M","B"],"character_chosen":"SLIMEBOUND","items_purchased":["Slimebound:AcidTongue","Sling"],"campfire_rested":0,"item_purchase_floors":[12,12],"current_hp_per_floor":[65,58,53,53,40,40,40,40,31,24,7,14,18,17,15,0,0,0],"gold":449,"neow_bonus":"TWO_FIFTY_GOLD","is_daily":false,"chose_seed":false,"campfire_upgraded":1,"win_rate":0.0,"timestamp":1611423864,"path_taken":["R","M","M","?","?","R","T","?","M","M","?","$","E","M","M","BOSS"],"items_purchased_type":["Card","Relic"],"build_version":"2020-12-22","purchased_purges":1,"victory":false,"max_hp_per_floor":[65,65,65,65,65,65,65,65,65,65,65,65,65,65,65,65,65,65],"card_choices":[{"not_picked":["Slimebound:ProtectTheBoss","Slimebound:ServeAndProtect"],"picked":"Slimebound:PressTheAttack","floor":2},{"not_picked":["Slimebound:LivingWall","Slimebound:GoopSpray"],"picked":"Slimebound:LeechingTouch","floor":3},{"not_picked":["Slimebound:ProtectTheBoss","Slimebound:GoopTackle"],"picked":"Slimebound:Dissolve","floor":5},{"not_picked":["Slimebound:SlimeTap","Slimebound:Repurpose","Slimebound:LevelUp"],"picked":"SKIP","floor":9},{"not_picked":["Slimebound:BestDefense","Slimebound:ServeAndProtect"],"picked":"Slimebound:SplitMire","floor":10},{"not_picked":["Slimebound:Prepare","Slimebound:ProtectTheBoss"],"picked":"Slimebound:Schlurp","floor":11},{"not_picked":["Slimebound:RallyTheTroops","Slimebound:ComboTackle"],"picked":"Slimebound:FinishingTackle","floor":12},{"not_picked":["Slimebound:SlimeSlap","Slimebound:Nibble"],"picked":"Slimebound:Gluttony","floor":13},{"not_picked":["Slimebound:GrowthPunch","Slimebound:GoopSpray"],"picked":"Slimebound:LeechingTouch","floor":14},{"not_picked":["Slimebound:SlimeBarrage","Slimebound:SplitMire"],"picked":"Slimebound:GoopSpray","floor":15}],"player_experience":240984,"relics_obtained":[{"floor":13,"key":"War Paint"}],"event_choices":[],"is_beta":false,"boss_relics":[],"items_purged_floors":[12],"is_endless":false,"potions_floor_spawned":[2,9,11,13,14],"killed_by":"WA_ARCHETYPE_RETAIN","ascension_level":0}}