{"host":"c3lc60y5x60jlt1y","time":1611430004,"event":{"mods":["AchievementEnabler","BaseMod","Bestiary","Colored Map","Minty Spire (QoL Compilation)","Quick Restart","StSLib","ojb\u0027s Info Mod"],"gold_per_floor":[119,119,269,5,17,17,43,43,43,53,53,53,53,64,64,138,138,150,50,68,28,45,45,45],"floor_reached":23,"language":"ENG","playtime":2024,"items_purged":["Doubt","Defend_B"],"score":359,"play_id":"92a45eb4-e5ba-4b1f-a73a-277eb6842346","local_time":"20210123212644","is_ascension_mode":true,"campfire_choices":[{"data":"Glacier","floor":6,"key":"SMITH"},{"floor":8,"key":"REST"},{"data":"Defragment","floor":11,"key":"SMITH"},{"data":"Compile Driver","floor":15,"key":"SMITH"}],"circlet_count":0,"master_deck":["AscendersBane","Strike_B","Strike_B","Strike_B","Defend_B","Defend_B","Defend_B","Zap","Dualcast","Seek+1","Sweeping Beam","Defragment+1","Steam+1","Glacier+1","Compile Driver+1","Conserve Battery","Undo","Echo Form","Go for the Eyes","Turbo","Chill"],"relics":["Cracked Core","Dead Branch","Ornamental Fan","Nuclear Battery"],"acts_visited":["Exordium","TheCity"],"potions_floor_usage":[7,16,20,22,23],"damage_taken":[{"damage":9,"enemies":"Small Slimes","floor":1,"turns":3},{"damage":0,"enemies":"2 Louse","floor":5,"turns":3},{"damage":44,"enemies":"Gremlin Nob","floor":7,"turns":4},{"damage":2,"enemies":"Jaw Worm","floor":10,"turns":5},{"damage":8,"enemies":"Large Slime","floor":14,"turns":8},{"damage":6,"enemies":"Hexaghost","floor":16,"turns":11},{"damage":0,"enemies":"Chosen","floor":18,"turns":6},{"damage":16,"enemies":"Shell Parasite","floor":20,"turns":8},{"damage":0,"enemies":"Snake Plant","floor":22,"turns":5},{"damage":51,"enemies":"Gremlin Leader","floor":23,"turns":10}],"seed_played":"3461777976271470962","potions_obtained":[{"floor":7,"key":"Ancient Potion"},{"floor":14,"key":"BlessingOfTheForge"},{"floor":18,"key":"ColorlessPotion"},{"floor":21,"key":"LiquidMemories"},{"floor":21,"key":"GamblersBrew"}],"is_trial":false,"path_per_floor":["M","?","?","$","M","R","E","R","T","M","R","?","?","M","R","B",null,"M","$","M","?","M","E"],"character_chosen":"DEFECT","items_purchased":["Defragment","AttackPotion","Steam"],"campfire_rested":1,"item_purchase_floors":[4,4,4],"current_hp_per_floor":[55,48,48,48,48,48,4,25,25,23,23,2,25,17,17,11,56,56,56,40,40,40,0,0],"gold":45,"neow_bonus":"ONE_RANDOM_RARE_CARD","is_daily":false,"chose_seed":false,"campfire_upgraded":3,"win_rate":0.0,"timestamp":1611430004,"path_taken":["M","?","?","$","M","R","E","R","T","M","R","?","?","?","R","BOSS","M","$","M","?","M","E"],"items_purchased_type":["Card","Potion","Card"],"build_version":"2020-12-22","purchased_purges":2,"victory":false,"max_hp_per_floor":[71,71,71,71,71,71,71,71,71,71,71,71,71,71,71,71,71,71,71,71,71,71,71,71],"card_choices":[{"not_picked":["Aggregate","Turbo"],"picked":"Sweeping Beam","floor":1},{"not_picked":["Ball Lightning","Stack"],"picked":"Glacier","floor":5},{"not_picked":["Barrage","Multi-Cast"],"picked":"Compile Driver","floor":7},{"not_picked":["Turbo","Fusion"],"picked":"Conserve Battery","floor":10},{"not_picked":["Streamline","Leap"],"picked":"Undo","floor":14},{"not_picked":["Electrodynamics","Multi-Cast"],"picked":"Echo Form","floor":16},{"not_picked":["Hologram","Barrage"],"picked":"Go for the Eyes","floor":18},{"not_picked":["Go for the Eyes","Cold Snap"],"picked":"Turbo","floor":20},{"not_picked":["Sweeping Beam","White Noise"],"picked":"Chill","floor":22}],"player_experience":8438877,"relics_obtained":[{"floor":7,"key":"Dead Branch"},{"floor":9,"key":"Ornamental Fan"}],"event_choices":[{"cards_removed":["Strike_B"],"damage_healed":0,"gold_gain":0,"player_choice":"Card Removal","damage_taken":7,"max_hp_gain":0,"max_hp_loss":0,"event_name":"Golden Wing","floor":2,"gold_loss":0},{"damage_healed":0,"gold_gain":150,"player_choice":"AGREE","damage_taken":0,"max_hp_gain":0,"max_hp_loss":0,"event_name":"Liars Game","floor":3,"gold_loss":0,"cards_obtained":["Doubt"]},{"damage_healed":0,"gold_gain":0,"player_choice":"Entered Light","damage_taken":21,"max_hp_gain":0,"max_hp_loss":0,"event_name":"Shining Light","floor":12,"gold_loss":0,"cards_upgraded":["Seek","Steam"]},{"damage_healed":23,"gold_gain":0,"player_choice":"Banana","damage_taken":0,"max_hp_gain":0,"max_hp_loss":0,"event_name":"Big Fish","floor":13,"gold_loss":0},{"damage_healed":0,"gold_gain":0,"player_choice":"Bought 3 Potions","damage_taken":0,"max_hp_gain":0,"max_hp_loss":0,"event_name":"The Woman in Blue","floor":21,"gold_loss":0}],"is_beta":false,"boss_relics":[{"not_picked":["Velvet Choker","Busted Crown"],"picked":"Nuclear Battery"}],"items_purged_floors":[4,19],"is_endless":false,"potions_floor_spawned":[7,14,18],"killed_by":"Gremlin Leader","ascension_level":18}}