{"host":"qik6c64y69p9jmph","time":1611361854,"event":{"mods":["AchievementEnabler","BaseMod","Highlight Path","Minty Spire (QoL Compilation)","Quick Restart","StSLib","Synergy Search"],"gold_per_floor":[110,33,33,33,46,75,75,92,92,119,135,135,135,310,310,310,310],"floor_reached":16,"language":"ENG","playtime":427,"items_purged":[],"score":198,"play_id":"51c821a3-bf94-4a21-9e22-c555be9cc243","local_time":"20210122193054","is_ascension_mode":true,"campfire_choices":[{"data":"Eruption","floor":7,"key":"SMITH"},{"data":"Defend_P","floor":12,"key":"SMITH"},{"data":"Defend_P","floor":15,"key":"SMITH"}],"circlet_count":0,"master_deck":["Strike_P","Strike_P","Strike_P","Strike_P","Defend_P+1","Defend_P","Defend_P","Defend_P+1","Eruption+1","Vigilance","CarveReality","FollowUp","Doubt"],"relics":["PureWater","NeowsBlessing","Yang","Nunchaku","PreservedInsect","Ancient Tea Set"],"acts_visited":["Exordium"],"potions_floor_usage":[10,11,11],"damage_taken":[{"damage":0,"enemies":"2 Louse","floor":1,"turns":1},{"damage":0,"enemies":"Cultist","floor":5,"turns":1},{"damage":0,"enemies":"Lagavulin","floor":6,"turns":2},{"damage":0,"enemies":"Jaw Worm","floor":8,"turns":1},{"damage":0,"enemies":"3 Sentries","floor":10,"turns":4},{"damage":10,"enemies":"Lots of Slimes","floor":11,"turns":3},{"damage":73,"enemies":"The Guardian","floor":16,"turns":6}],"seed_played":"5993038107415537497","potions_obtained":[{"floor":5,"key":"Regen Potion"},{"floor":8,"key":"Energy Potion"},{"floor":10,"key":"BlessingOfTheForge"}],"is_trial":false,"path_per_floor":["M","?","$","?","M","E","R","M","T","E","M","R","$","?","R","B"],"character_chosen":"WATCHER","items_purchased":[],"campfire_rested":0,"item_purchase_floors":[],"current_hp_per_floor":[72,72,72,72,72,72,72,72,72,72,67,67,67,67,67,0,0],"gold":310,"neow_bonus":"THREE_ENEMY_KILL","is_daily":false,"chose_seed":false,"campfire_upgraded":3,"win_rate":0.0,"timestamp":1611361854,"path_taken":["M","?","?","?","M","E","R","M","T","E","?","R","?","?","R","BOSS"],"items_purchased_type":[],"build_version":"2020-12-22","purchased_purges":0,"victory":false,"max_hp_per_floor":[72,72,72,72,72,72,72,72,72,72,72,72,72,72,72,72,72],"card_choices":[{"not_picked":["Prostrate","Weave"],"picked":"CarveReality","floor":1},{"not_picked":["WreathOfFlame","Consecrate"],"picked":"FollowUp","floor":5},{"not_picked":["CutThroughFate","Pray","BowlingBash"],"picked":"SKIP","floor":6},{"not_picked":["SashWhip","Consecrate","JustLucky"],"picked":"SKIP","floor":8},{"not_picked":["SpiritShield","ClearTheMind","FollowUp"],"picked":"SKIP","floor":10},{"not_picked":["SashWhip","Crescendo","MentalFortress"],"picked":"SKIP","floor":11}],"player_experience":534488,"relics_obtained":[{"floor":6,"key":"Nunchaku"},{"floor":9,"key":"PreservedInsect"},{"floor":10,"key":"Ancient Tea Set"}],"event_choices":[{"damage_healed":0,"gold_gain":0,"player_choice":"Paid Gold","damage_taken":0,"relics_obtained":["Yang"],"max_hp_gain":0,"max_hp_loss":0,"event_name":"WeMeetAgain","floor":2,"gold_loss":77},{"damage_healed":0,"gold_gain":0,"player_choice":"Ignored","damage_taken":0,"max_hp_gain":0,"max_hp_loss":0,"event_name":"Purifier","floor":4,"gold_loss":0},{"damage_healed":0,"gold_gain":175,"player_choice":"AGREE","damage_taken":0,"max_hp_gain":0,"max_hp_loss":0,"event_name":"Liars Game","floor":14,"gold_loss":0,"cards_obtained":["Doubt"]}],"is_beta":false,"boss_relics":[],"items_purged_floors":[],"is_endless":false,"potions_floor_spawned":[5,8,10],"killed_by":"The Guardian","ascension_level":5}}