{"host":"bxn2em57qlx5u4i0","time":1611366372,"event":{"mods":["BaseMod","Colored Map","Colored Powertips","Highlight Path","Minty Spire (QoL Compilation)","Random Character Button","Relic Sorter","Relic Stats","StSLib","SuperFastMode"],"gold_per_floor":[119,119,135,210,190,216,234,234,234,234,247,257,284,294,294,368,368,382,382,398,160,160,160],"floor_reached":22,"language":"ENG","playtime":523,"items_purged":["Strike_G"],"score":442,"play_id":"16088158-bcc1-4c05-a6db-9fbc17d79590","local_time":"20210122204612","is_ascension_mode":true,"campfire_choices":[{"data":"Dagger Spray","floor":8.0,"key":"SMITH"},{"data":"Neutralize","floor":10.0,"key":"SMITH"},{"data":"Noxious Fumes","floor":15.0,"key":"SMITH"}],"circlet_count":0,"master_deck":["AscendersBane","Strike_G","Strike_G","Strike_G","Strike_G","Defend_G","Defend_G","Defend_G","Defend_G","Defend_G","Survivor","Neutralize+1","PiercingWail","Dagger Spray+1","Endless Agony","Bouncing Flask","Deadly Poison","Noxious Fumes+1","Malaise","Catalyst","Calculated Gamble"],"relics":["Ring of the Snake","NeowsBlessing","Blue Candle","Ornamental Fan","Tiny Chest","Sozu","ClockworkSouvenir"],"acts_visited":["Exordium","TheCity"],"potions_floor_usage":[16,16],"damage_taken":[{"damage":0.0,"enemies":"Jaw Worm","floor":1.0,"turns":1.0},{"damage":0.0,"enemies":"Cultist","floor":3.0,"turns":1.0},{"damage":0.0,"enemies":"Gremlin Nob","floor":6.0,"turns":1.0},{"damage":3.0,"enemies":"2 Louse","floor":7.0,"turns":2.0},{"damage":0.0,"enemies":"Blue Slaver","floor":11.0,"turns":5.0},{"damage":9.0,"enemies":"Exordium Thugs","floor":12.0,"turns":9.0},{"damage":15.0,"enemies":"3 Sentries","floor":13.0,"turns":6.0},{"damage":8.0,"enemies":"Gremlin Gang","floor":14.0,"turns":4.0},{"damage":11,"enemies":"The Guardian","floor":16,"turns":8},{"damage":2,"enemies":"Spheric Guardian","floor":18,"turns":3},{"damage":20,"enemies":"2 Thieves","floor":20,"turns":5},{"damage":29,"enemies":"Shelled Parasite and Fungi","floor":22,"turns":4}],"seed_played":"-5640049913404266038","potions_obtained":[{"floor":1.0,"key":"CunningPotion"},{"floor":2.0,"key":"Block Potion"},{"floor":12.0,"key":"PowerPotion"},{"floor":13.0,"key":"Explosive Potion"}],"is_trial":false,"path_per_floor":["M","?","M","?","?","E","M","R","T","R","M","M","E","M","R","B",null,"M","?","M","$","M"],"character_chosen":"THE_SILENT","items_purchased":["ClockworkSouvenir"],"campfire_rested":0,"item_purchase_floors":[21],"current_hp_per_floor":[59,59,59,48,48,48,45,45,45,45,45,36,21,13,13,2,50,48,48,28,28,0,0],"gold":160,"neow_bonus":"THREE_ENEMY_KILL","is_daily":false,"chose_seed":false,"campfire_upgraded":3,"win_rate":0.0,"timestamp":1611366372,"path_taken":["M","?","?","?","?","E","M","R","T","R","M","M","E","M","R","BOSS","M","?","?","?","M"],"items_purchased_type":["Relic"],"build_version":"2020-12-22","purchased_purges":1,"victory":false,"max_hp_per_floor":[66,66,66,66,66,66,66,66,66,66,66,66,66,66,66,66,66,66,66,66,66,66,66],"relic_stats":{"Sozu":1,"counters":[12,49],"Ornamental Fan":[52],"Blue Candle":[0],"Tiny Chest":0,"obtain_stats":[{"Sozu":17,"NeowsBlessing":0,"Ornamental Fan":9,"Blue Candle":6,"Tiny Chest":13,"Ring of the Snake":0,"ClockworkSouvenir":21},{"Sozu":9,"NeowsBlessing":0,"Ornamental Fan":4,"Blue Candle":3,"Tiny Chest":7,"Ring of the Snake":0,"ClockworkSouvenir":11},{"Sozu":37,"NeowsBlessing":0,"Ornamental Fan":5,"Blue Candle":3,"Tiny Chest":25,"Ring of the Snake":0,"ClockworkSouvenir":45}],"Ring of the Snake":[24]},"card_choices":[{"not_picked":["Caltrops","Underhanded Strike"],"picked":"PiercingWail","floor":1.0},{"not_picked":["Prepared","Dodge and Roll","Flechettes"],"picked":"SKIP","floor":3.0},{"not_picked":["Distraction","Tactician"],"picked":"Dagger Spray","floor":6.0},{"not_picked":["Quick Slash","Underhanded Strike"],"picked":"Endless Agony","floor":7.0},{"not_picked":["Catalyst","Bane"],"picked":"Bouncing Flask","floor":11.0},{"not_picked":["Underhanded Strike","Bane","Dagger Throw"],"picked":"SKIP","floor":12.0},{"not_picked":["Underhanded Strike","Bane","Dagger Throw"],"picked":"SKIP","floor":12.0},{"not_picked":["Finisher","Masterful Stab"],"picked":"Deadly Poison","floor":13.0},{"not_picked":["Distraction","Sucker Punch"],"picked":"Noxious Fumes","floor":14.0},{"not_picked":["Adrenaline","Corpse Explosion"],"picked":"Malaise","floor":16},{"not_picked":["Flying Knee","Setup","Dagger Throw"],"picked":"SKIP","floor":18},{"not_picked":["Deadly Poison","Flechettes"],"picked":"Calculated Gamble","floor":20}],"player_experience":2908798,"relics_obtained":[{"floor":6.0,"key":"Blue Candle"},{"floor":9.0,"key":"Ornamental Fan"},{"floor":13.0,"key":"Tiny Chest"}],"event_choices":[{"damage_healed":0.0,"max_hp_gain":0.0,"max_hp_loss":0.0,"gold_gain":0.0,"event_name":"Lab","player_choice":"Got Potions","floor":2.0,"gold_loss":0.0,"damage_taken":0.0},{"damage_healed":0.0,"max_hp_gain":0.0,"max_hp_loss":0.0,"gold_gain":75.0,"event_name":"World of Goop","player_choice":"Gather Gold","floor":4.0,"gold_loss":0.0,"damage_taken":11.0},{"damage_healed":0.0,"max_hp_gain":0.0,"max_hp_loss":0.0,"gold_gain":0.0,"event_name":"The Woman in Blue","player_choice":"Bought 1 Potion","floor":5.0,"gold_loss":0.0,"damage_taken":0.0},{"damage_healed":0,"gold_gain":0,"player_choice":"1 cards matched","damage_taken":0,"max_hp_gain":0,"max_hp_loss":0,"event_name":"Match and Keep!","floor":19,"gold_loss":0,"cards_obtained":["Catalyst"]}],"is_beta":false,"boss_relics":[{"not_picked":["HoveringKite","Astrolabe"],"picked":"Sozu"}],"items_purged_floors":[21],"is_endless":false,"potions_floor_spawned":[1,12,13,14,18],"killed_by":"Shelled Parasite and Fungi","ascension_level":20}}