{"host":"l6vifo5ajdb3p20b","time":1611415218,"event":{"mods":["2.2 Compatiblity","Arknights The Spire","BaseMod","Better Altar","Better Sensory Stone","Better Skull","Better Third Choice","BetterRewards","Block Reminder","Booster Modes","Card Forge","Colored Map","Defuse TimeMaze Blight","Energized Spire","Evolution","Minty Spire (QoL Compilation)","Relic Stats","StSLib","The Marked"],"gold_per_floor":[113,18,32,32,47,78,78,106,106,133,23,23,42,74,74,74,74],"floor_reached":16,"language":"ENG","playtime":837,"items_purged":["Strike_G"],"score":161,"play_id":"2ff388ec-0a65-4f30-b010-9ee8fbfb068a","local_time":"20210123222018","is_ascension_mode":true,"campfire_choices":[{"data":"Crippling Poison","floor":7,"key":"SMITH"},{"data":"Neutralize","floor":12,"key":"SMITH"},{"data":"Sucker Punch","floor":15,"key":"SMITH"}],"circlet_count":0,"master_deck":["Sucker Punch+1","Strike_G","Strike_G","Strike_G","Defend_G","Defend_G","Defend_G","Defend_G","Defend_G","Survivor","Neutralize+1","Flying Knee","Poisoned Stab+1","Backflip+1","Deadly Poison","Crippling Poison+1","PiercingWail","Unload","Accuracy","Deadly Poison","Deadly Poison"],"relics":["Hammer of Thor","Seething Fire","Anvil of the Gods","EVO:Axolotl","Philosopher\u0027s Stone","Bronze Scales","Matryoshka","Nunchaku","Vajra","PreservedInsect","Darkstone Periapt"],"acts_visited":["Exordium"],"potions_floor_usage":[6,8,10],"damage_taken":[{"damage":0,"enemies":"Jaw Worm","floor":1,"turns":4},{"damage":0,"enemies":"2 Louse","floor":3,"turns":3},{"damage":0,"enemies":"Cultist","floor":5,"turns":3},{"damage":5,"enemies":"Lagavulin","floor":6,"turns":5},{"damage":20,"enemies":"Gremlin Nob","floor":8,"turns":4},{"damage":0,"enemies":"3 Sentries","floor":10,"turns":6},{"damage":2,"enemies":"Large Slime","floor":13,"turns":4},{"damage":1,"enemies":"Gremlin Nob","floor":14,"turns":3},{"damage":30,"enemies":"Slime Boss","floor":16,"turns":6}],"seed_played":"-7055682570129687348","potions_obtained":[{"floor":5,"key":"DuplicationPotion"},{"floor":6,"key":"LiquidMemories"},{"floor":13,"key":"BlessingOfTheForge"},{"floor":14,"key":"SpeedPotion"}],"is_trial":false,"path_per_floor":["M","$","M","?","M","E","R","E","T","E","$","R","M","E","R","B"],"character_chosen":"THE_SILENT","items_purchased":["Poisoned Stab","Poison Potion","Accuracy"],"campfire_rested":0,"item_purchase_floors":[2,2,11],"current_hp_per_floor":[70,70,70,56,56,51,51,31,31,31,31,31,29,28,28,0,0],"gold":74,"neow_bonus":"BOSS_RELIC","is_daily":false,"chose_seed":false,"campfire_upgraded":3,"win_rate":0.0,"timestamp":1611415218,"path_taken":["M","$","M","?","M","E","R","E","T","E","$","R","M","E","R","BOSS"],"items_purchased_type":["Card","Potion","Card"],"build_version":"2020-12-22","purchased_purges":1,"victory":false,"max_hp_per_floor":[70,70,70,70,70,70,70,70,70,70,70,70,70,70,70,70,70],"relic_stats":{"Darkstone Periapt":0,"Nunchaku":[3],"counters":[9,38],"Bronze Scales":[27],"PreservedInsect":22,"obtain_stats":[{"Darkstone Periapt":14,"Nunchaku":9,"Matryoshka":8,"Anvil of the Gods":0,"Bronze Scales":6,"Vajra":9,"Philosopher\u0027s Stone":0,"Hammer of Thor":0,"PreservedInsect":10,"EVO:Axolotl":0,"Seething Fire":0,"Ring of the Snake":0},{"Darkstone Periapt":8,"Nunchaku":5,"Matryoshka":5,"Anvil of the Gods":0,"Bronze Scales":4,"Vajra":5,"Philosopher\u0027s Stone":0,"Hammer of Thor":0,"PreservedInsect":6,"EVO:Axolotl":0,"Seething Fire":0,"Ring of the Snake":0},{"Darkstone Periapt":32,"Nunchaku":19,"Matryoshka":19,"Anvil of the Gods":0,"Bronze Scales":15,"Vajra":19,"Philosopher\u0027s Stone":0,"Hammer of Thor":0,"PreservedInsect":25,"EVO:Axolotl":0,"Seething Fire":0,"Ring of the Snake":0}]},"card_choices":[{"not_picked":["Outmaneuver","Dagger Throw"],"picked":"Flying Knee","floor":1},{"not_picked":["Flying Knee","Outmaneuver"],"picked":"Backflip","floor":3},{"not_picked":["Prepared","Reflex"],"picked":"Deadly Poison","floor":5},{"not_picked":["Leg Sweep","Reflex"],"picked":"Crippling Poison","floor":6},{"not_picked":["Dagger Throw","Outmaneuver"],"picked":"PiercingWail","floor":8},{"not_picked":["Quick Slash","Dagger Throw"],"picked":"Unload","floor":10},{"not_picked":["Sucker Punch","Masterful Stab"],"picked":"Deadly Poison","floor":13},{"not_picked":["Eviscerate","Blur"],"picked":"Deadly Poison","floor":14}],"player_experience":852241,"relics_obtained":[{"floor":6,"key":"Bronze Scales"},{"floor":8,"key":"Matryoshka"},{"floor":9,"key":"Nunchaku"},{"floor":9,"key":"Vajra"},{"floor":10,"key":"PreservedInsect"},{"floor":14,"key":"Darkstone Periapt"}],"event_choices":[{"damage_healed":70,"gold_gain":0,"player_choice":"Upgrade","damage_taken":14,"max_hp_gain":0,"max_hp_loss":70,"event_name":"betterThird:BetterShining","floor":4,"gold_loss":0,"cards_upgraded":["Backflip","Poisoned Stab"]}],"is_beta":false,"boss_relics":[],"items_purged_floors":[11],"is_endless":false,"potions_floor_spawned":[5,6,13,14],"killed_by":"Slime Boss","ascension_level":1}}