{"host":"b7mawubrjc2hdxhd","time":1611405665,"event":{"mods":["AchievementEnabler","BaseMod","BetterRewards","Ironclad Rager","Minty Spire (QoL Compilation)","Relic Stats","Spicy Shops","Spire Arcade","StSLib"],"gold_per_floor":[112,122,142,2,2,33,51,85,109,109,109,109,132,146,146,271,271,291,291,216,216,230,271,271,309,309,323,323,358,123,73,73,196,196,219,283,301,395,24,24,67,67,136,136,174,46,64,64,64,64],"floor_reached":51,"language":"ENG","playtime":3015,"items_purged":[],"score":907,"play_id":"3d4bf29f-a2d4-4c33-bc81-c6bd605bb64c","local_time":"20210123124105","is_ascension_mode":true,"campfire_choices":[{"floor":10,"key":"REST"},{"floor":12,"key":"REST"},{"floor":15,"key":"REST"},{"floor":28,"key":"REST"},{"floor":32,"key":"REST"},{"floor":40,"key":"REST"},{"floor":42,"key":"REST"},{"data":"Panache","floor":49,"key":"SMITH"}],"circlet_count":0,"master_deck":["Strike_G","Strike_G","Strike_G","Strike_G","Strike_G","Defend_G","Defend_G","Defend_G","Defend_G+1","Defend_G+1","Survivor","Neutralize","Footwork","Panache+1","Quick Slash","Deflect","Dodge and Roll","Infinite Blades+1","PiercingWail","Deflect","Deflect","Backflip","Catalyst","Unload","Bane","RitualDagger","Cloak And Dagger","Grand Finale","Sucker Punch+1","Sucker Punch+1","Bouncing Flask","Caltrops","Corpse Explosion","CurseOfTheBell","Backstab","Acrobatics","Leg Sweep+1","Panache","Blade Dance+1","Impatience+1","Prepared+1","Parasite","Choke"],"relics":["Ring of the Snake","Membership Card","Torii","Paper Crane","Calipers","Mango","Cauldron","Happy Flower","Golden Idol","Mummified Hand","Juzu Bracelet","Snake Skull","Busted Crown","War Paint","MutagenicStrength","Unceasing Top","Turnip","Bottled Lightning","PreservedInsect","Letter Opener","Calling Bell","Blood Vial","Sundial","Pocketwatch","Gambling Chip","Bronze Scales","Potion Belt","Toxic Egg 2","Lantern","Ninja Scroll","Tough Bandages","Shuriken"],"acts_visited":["Exordium","TheCity","TheBeyond"],"potions_floor_usage":[13,16,16,50,50],"damage_taken":[{"damage":0,"enemies":"Cultist","floor":1,"turns":4},{"damage":0,"enemies":"2 Louse","floor":2,"turns":5},{"damage":0,"enemies":"Jaw Worm","floor":3,"turns":8},{"damage":27,"enemies":"Gremlin Nob","floor":6,"turns":6},{"damage":1,"enemies":"Red Slaver","floor":7,"turns":3},{"damage":1,"enemies":"Lagavulin","floor":8,"turns":9},{"damage":0,"enemies":"Looter","floor":13,"turns":4},{"damage":0,"enemies":"Large Slime","floor":14,"turns":6},{"damage":24,"enemies":"Hexaghost","floor":16,"turns":12},{"damage":2,"enemies":"Shell Parasite","floor":18,"turns":7},{"damage":9,"enemies":"Spheric Guardian","floor":22,"turns":6},{"damage":14,"enemies":"Book of Stabbing","floor":23,"turns":6},{"damage":10,"enemies":"Gremlin Leader","floor":25,"turns":7},{"damage":0,"enemies":"Cultist and Chosen","floor":27,"turns":5},{"damage":0,"enemies":"Book of Stabbing","floor":29,"turns":6},{"damage":40,"enemies":"Automaton","floor":33,"turns":9},{"damage":6,"enemies":"3 Shapes","floor":35,"turns":4},{"damage":53,"enemies":"2 Orb Walkers","floor":36,"turns":6},{"damage":0,"enemies":"3 Darklings","floor":37,"turns":3},{"damage":0,"enemies":"Giant Head","floor":41,"turns":7},{"damage":14,"enemies":"Nemesis","floor":45,"turns":5},{"damage":0,"enemies":"Writhing Mass","floor":47,"turns":3},{"damage":57,"enemies":"Time Eater","floor":50,"turns":10}],"seed_played":"7273950733309810524","potions_obtained":[{"floor":13,"key":"Energy Potion"},{"floor":18,"key":"FairyPotion"},{"floor":29,"key":"Swift Potion"},{"floor":45,"key":"PowerPotion"},{"floor":47,"key":"SkillPotion"}],"is_trial":false,"path_per_floor":["M","M","M","$","?","E","M","E","T","R","?","R","M","M","R","B",null,"M","?","?","?","M","E","?","E","T","M","R","E","$","?","R","B",null,"M","?","M","?","$","R","E","R","T","?","E","$","M","$","R","B",null],"character_chosen":"THE_SILENT","items_purchased":["Membership Card","Paper Crane","Calipers","Mango","Footwork","Explosive Potion","FearPotion","Panache","Cauldron","Infinite Blades","Happy Flower","PreservedInsect","Letter Opener","Caltrops","Bronze Scales","Potion Belt","Toxic Egg 2","Panache","Shuriken"],"campfire_rested":7,"item_purchase_floors":[0,0,0,0,0,0,0,0,4,4,4,30,30,30,39,39,39,39,46],"current_hp_per_floor":[52,52,52,52,52,25,24,23,23,48,48,73,73,73,84,60,84,82,82,82,76,67,53,53,43,43,43,68,68,68,68,84,44,84,78,27,29,29,29,54,56,81,81,81,69,69,71,71,71,16],"gold":64,"neow_bonus":"","is_daily":false,"chose_seed":false,"campfire_upgraded":1,"win_rate":0.0,"timestamp":1611405665,"path_taken":["M","?","M","$","?","E","M","E","T","R","?","R","M","M","R","BOSS","M","?","?","?","M","E","?","E","T","M","R","E","$","?","R","BOSS","M","?","M","?","?","R","E","R","T","?","E","$","M","$","R","BOSS"],"items_purchased_type":["Relic","Relic","Relic","Relic","Card","Potion","Potion","Card","Relic","Card","Relic","Relic","Relic","Card","Relic","Relic","Relic","Card","Relic"],"build_version":"2020-12-22","purchased_purges":0,"victory":true,"max_hp_per_floor":[84,84,84,84,84,84,84,84,84,84,84,84,84,84,84,84,84,84,84,84,84,84,84,84,84,84,84,84,84,84,84,84,84,84,84,84,84,84,84,84,84,84,84,84,84,84,84,84,84,84],"relic_stats":{"Torii":41,"Happy Flower":[41],"counters":[77,399],"Golden Idol":194,"Snake Skull":[31],"PreservedInsect":172,"Juzu Bracelet":0,"Letter Opener":[196],"War Paint":["Defend_G","Defend_G"],"Blood Vial":12,"Tough Bandages":[21],"Busted Crown":30,"Mummified Hand":[62],"Sundial":[2],"Shuriken":[11],"Gambling Chip":[3],"Bronze Scales":[58],"Turnip":[0],"obtain_stats":[{"Calipers":0,"CeramicFish":43,"HoveringKite":17,"Ginger":10,"Blood Vial":9,"DollysMirror":13,"Sundial":34,"HandDrill":0,"Toxic Egg 2":39,"Happy Flower":4,"Letter Opener":3,"Paper Crane":7,"War Paint":23,"Question Card":9,"Akabeko":41,"WarpedTongs":13,"SlaversCollar":17,"Runic Dome":0,"Shuriken":46,"MutagenicStrength":24,"Bronze Scales":39,"Molten Egg 2":11,"Black Star":34,"StrikeDummy":7,"Unceasing Top":25,"Pocketwatch":0,"Meat on the Bone":26,"Darkstone Periapt":12,"Lantern":21,"Regal Pillow":39,"Torii":0,"Mango":0,"Snake Skull":9,"Juzu Bracelet":8,"PrismaticShard":4,"Smiling Mask":9,"Tough Bandages":45,"TheAbacus":21,"Matryoshka":6,"WristBlade":0,"Mummified Hand":41,"Ninja Scroll":43,"Gambling Chip":36,"Tiny Chest":13,"Ring of the Snake":0,"Potion Belt":39,"NeowsBlessing":0,"Golden Idol":8,"The Courier":23,"PreservedInsect":30,"Frozen Egg 2":9,"Orichalcum":5,"White Beast Statue":8,"Calling Bell":34,"Cauldron":4,"Busted Crown":17,"Ornamental Fan":27,"Turnip":26,"Membership Card":0,"Bottled Lightning":29},{"Calipers":54,"CeramicFish":23,"HoveringKite":36,"Ginger":33,"Blood Vial":33,"DollysMirror":52,"Sundial":70,"HandDrill":27,"Toxic Egg 2":73,"Happy Flower":57,"Letter Opener":28,"Paper Crane":45,"War Paint":66,"Question Card":33,"Akabeko":23,"WarpedTongs":34,"SlaversCollar":10,"Runic Dome":54,"Shuriken":25,"MutagenicStrength":66,"Bronze Scales":73,"Molten Egg 2":46,"Black Star":19,"StrikeDummy":5,"Unceasing Top":67,"Pocketwatch":0,"Meat on the Bone":14,"Darkstone Periapt":52,"Lantern":12,"Regal Pillow":22,"Torii":54,"Mango":54,"Snake Skull":60,"Juzu Bracelet":60,"PrismaticShard":3,"Smiling Mask":45,"Tough Bandages":75,"TheAbacus":12,"Matryoshka":31,"WristBlade":37,"Mummified Hand":23,"Ninja Scroll":74,"Gambling Chip":72,"Tiny Chest":52,"Ring of the Snake":0,"Potion Belt":73,"NeowsBlessing":47,"Golden Idol":51,"The Courier":13,"PreservedInsect":69,"Frozen Egg 2":5,"Orichalcum":44,"White Beast Statue":33,"Calling Bell":70,"Cauldron":57,"Busted Crown":63,"Ornamental Fan":14,"Turnip":67,"Membership Card":54,"Bottled Lightning":69},{"Calipers":258,"CeramicFish":98,"HoveringKite":169,"Ginger":153,"Blood Vial":153,"DollysMirror":233,"Sundial":361,"HandDrill":115,"Toxic Egg 2":374,"Happy Flower":275,"Letter Opener":120,"Paper Crane":207,"War Paint":334,"Question Card":153,"Akabeko":98,"WarpedTongs":156,"SlaversCollar":38,"Runic Dome":258,"Shuriken":108,"MutagenicStrength":334,"Bronze Scales":374,"Molten Egg 2":209,"Black Star":76,"StrikeDummy":21,"Unceasing Top":341,"Pocketwatch":0,"Meat on the Bone":54,"Darkstone Periapt":233,"Lantern":45,"Regal Pillow":91,"Torii":258,"Mango":258,"Snake Skull":293,"Juzu Bracelet":293,"PrismaticShard":12,"Smiling Mask":207,"Tough Bandages":386,"TheAbacus":45,"Matryoshka":137,"WristBlade":174,"Mummified Hand":98,"Ninja Scroll":381,"Gambling Chip":371,"Tiny Chest":233,"Ring of the Snake":0,"Potion Belt":374,"NeowsBlessing":210,"Golden Idol":224,"The Courier":49,"PreservedInsect":352,"Frozen Egg 2":21,"Orichalcum":203,"White Beast Statue":153,"Calling Bell":361,"Cauldron":275,"Busted Crown":315,"Ornamental Fan":54,"Turnip":341,"Membership Card":258,"Bottled Lightning":352}],"Unceasing Top":[53],"Ring of the Snake":[46],"Pocketwatch":[12]},"card_choices":[{"not_picked":["Concentrate","Acrobatics"],"picked":"Quick Slash","floor":1},{"not_picked":["Quick Slash","Setup"],"picked":"Deflect","floor":2},{"not_picked":["Prepared","Catalyst"],"picked":"Dodge and Roll","floor":3},{"not_picked":["Prepared","Deadly Poison"],"picked":"PiercingWail","floor":6},{"not_picked":["Poisoned Stab","Predator"],"picked":"Deflect","floor":7},{"not_picked":["Eviscerate","Footwork"],"picked":"Deflect","floor":8},{"not_picked":["Acrobatics","Blur"],"picked":"Backflip","floor":13},{"not_picked":["Cloak And Dagger","Tactician"],"picked":"Catalyst","floor":14},{"not_picked":["Malaise","Glass Knife"],"picked":"Unload","floor":16},{"not_picked":[],"picked":"Bane","floor":18},{"not_picked":[],"picked":"Cloak And Dagger","floor":22},{"not_picked":[],"picked":"Grand Finale","floor":23},{"not_picked":[],"picked":"Sucker Punch+1","floor":25},{"not_picked":[],"picked":"Sucker Punch+1","floor":27},{"not_picked":[],"picked":"Bouncing Flask","floor":29},{"not_picked":[],"picked":"Corpse Explosion","floor":33},{"not_picked":[],"picked":"Backstab","floor":35},{"not_picked":[],"picked":"Acrobatics","floor":36},{"not_picked":[],"picked":"Leg Sweep+1","floor":37},{"not_picked":[],"picked":"Blade Dance+1","floor":41},{"not_picked":[],"picked":"Impatience+1","floor":44},{"not_picked":[],"picked":"Prepared+1","floor":45},{"not_picked":[],"picked":"Choke","floor":47}],"player_experience":59370,"relics_obtained":[{"floor":6,"key":"Mummified Hand"},{"floor":8,"key":"Juzu Bracelet"},{"floor":9,"key":"Snake Skull"},{"floor":23,"key":"War Paint"},{"floor":25,"key":"Unceasing Top"},{"floor":26,"key":"Turnip"},{"floor":29,"key":"Bottled Lightning"},{"floor":34,"key":"Blood Vial"},{"floor":34,"key":"Sundial"},{"floor":34,"key":"Pocketwatch"},{"floor":36,"key":"Gambling Chip"},{"floor":41,"key":"Lantern"},{"floor":43,"key":"Ninja Scroll"},{"floor":45,"key":"Tough Bandages"}],"event_choices":[{"damage_healed":0,"gold_gain":0,"player_choice":"Take Wound","damage_taken":0,"relics_obtained":["Golden Idol"],"max_hp_gain":0,"max_hp_loss":0,"event_name":"Golden Idol","floor":5,"gold_loss":0,"cards_obtained":["Injury"]},{"damage_healed":0,"gold_gain":0,"player_choice":"Upgraded","damage_taken":0,"max_hp_gain":0,"max_hp_loss":0,"event_name":"Upgrade Shrine","floor":11,"gold_loss":0,"cards_upgraded":["Infinite Blades"]},{"damage_healed":0,"gold_gain":0,"player_choice":"Ignored","damage_taken":0,"max_hp_gain":0,"max_hp_loss":0,"event_name":"Ghosts","floor":19,"gold_loss":0},{"cards_removed":["Injury"],"damage_healed":0,"gold_gain":0,"player_choice":"Gave Gold","damage_taken":0,"max_hp_gain":0,"max_hp_loss":0,"event_name":"Beggar","floor":20,"gold_loss":75},{"damage_healed":0,"gold_gain":0,"player_choice":"Joined the Cult","damage_taken":6,"max_hp_gain":0,"max_hp_loss":0,"event_name":"Nest","floor":21,"gold_loss":0,"cards_obtained":["RitualDagger"]},{"damage_healed":0,"gold_gain":0,"player_choice":"Inject Mutagens","damage_taken":0,"relics_obtained":["MutagenicStrength"],"max_hp_gain":0,"max_hp_loss":0,"event_name":"Drug Dealer","floor":24,"gold_loss":0},{"damage_healed":0,"gold_gain":0,"player_choice":"Bet on Murderer","damage_taken":0,"max_hp_gain":0,"max_hp_loss":0,"event_name":"The Joust","floor":31,"gold_loss":50},{"damage_healed":0,"gold_gain":0,"player_choice":"Fight","damage_taken":0,"max_hp_gain":0,"max_hp_loss":0,"event_name":"Mysterious Sphere","floor":36,"gold_loss":0},{"damage_healed":0,"gold_gain":0,"player_choice":"Memory 1","damage_taken":0,"max_hp_gain":0,"max_hp_loss":0,"event_name":"SensoryStone","floor":44,"gold_loss":0}],"is_beta":false,"boss_relics":[{"not_picked":["Runic Pyramid","Runic Dome"],"picked":"Busted Crown"},{"not_picked":["Tiny House","SlaversCollar"],"picked":"Calling Bell"}],"items_purged_floors":[],"is_endless":false,"potions_floor_spawned":[7,8,13,14,18,29,33,35,45,47],"ascension_level":1}}