{"host":"b995t17pt6d05w8c","time":1611426628,"event":{"mods":["AchievementEnabler","BaseMod","Colored Map","DeckTracker","Keyboard Shortcuts","Minty Spire (QoL Compilation)","Permanent Neow","SuperFastMode"],"gold_per_floor":[368,368,368,385,16,16,30,30,30,30,56,56,69,69,69,159,159,179,195,74,74,74,74,93,93,169,182,182,198,61,61,61],"floor_reached":31,"language":"KOR","playtime":539,"items_purged":["Strike_B","Strike_B"],"score":443,"play_id":"c783b6b9-0b4e-4ad8-a32f-941cc16695f1","local_time":"20210124033028","is_ascension_mode":true,"campfire_choices":[{"data":"Defragment","floor":6.0,"key":"SMITH"},{"floor":10.0,"key":"REST"},{"floor":15,"key":"REST"},{"floor":23,"key":"REST"},{"floor":25,"key":"REST"}],"circlet_count":0,"master_deck":["AscendersBane","Strike_B","Defend_B","Defend_B","Defend_B","Zap","Dualcast","Ball Lightning","Steam","Ball Lightning","Defragment+1","BootSequence","Conserve Battery","Coolheaded","Meteor Strike+1","Aggregate","Fusion+1","Turbo","Chill","Electrodynamics","Compile Driver+1","FTL+1"],"relics":["Cracked Core","ClockworkSouvenir","The Courier","Art of War","Golden Idol","Molten Egg 2","Sozu","Singing Bowl","Orrery"],"acts_visited":["Exordium","TheCity"],"potions_floor_usage":[16,16],"damage_taken":[{"damage":9.0,"enemies":"Jaw Worm","floor":1.0,"turns":4.0},{"damage":9.0,"enemies":"Small Slimes","floor":4.0,"turns":3.0},{"damage":0.0,"enemies":"2 Louse","floor":7.0,"turns":2.0},{"damage":20,"enemies":"3 Sentries","floor":11,"turns":5},{"damage":1,"enemies":"2 Fungi Beasts","floor":13,"turns":3},{"damage":14,"enemies":"Hexaghost","floor":16,"turns":9},{"damage":18,"enemies":"Spheric Guardian","floor":18,"turns":4},{"damage":16,"enemies":"Chosen","floor":19,"turns":4},{"damage":17,"enemies":"Snake Plant","floor":24,"turns":4},{"damage":22,"enemies":"Centurion and Healer","floor":27,"turns":10},{"damage":31,"enemies":"Sentry and Sphere","floor":29,"turns":8},{"damage":16,"enemies":"Snake Plant","floor":31,"turns":2}],"seed_played":"2503868818486919244","potions_obtained":[{"floor":4.0,"key":"PotionOfCapacity"},{"floor":11,"key":"FearPotion"},{"floor":16,"key":"FairyPotion"}],"is_trial":false,"path_per_floor":["M","?","?","M","$","R","M","?","T","R","E","?","M","T","R","B",null,"M","M","$","?","?","R","M","R","T","M","?","M","$","M"],"character_chosen":"DEFECT","items_purchased":["Defragment","ClockworkSouvenir","BootSequence","Turbo","Orrery"],"campfire_rested":4,"item_purchase_floors":[5,5,5,20,30],"current_hp_per_floor":[37,37,37,28,28,28,28,21,21,42,22,22,21,21,40,26,55,37,21,21,21,17,36,19,38,38,18,18,11,15,0,0],"gold":61,"neow_bonus":"TWO_FIFTY_GOLD","is_daily":false,"chose_seed":false,"campfire_upgraded":1,"win_rate":0.0,"timestamp":1611426628,"path_taken":["M","?","?","M","?","R","M","?","T","R","E","?","M","?","R","BOSS","M","M","$","?","?","R","M","R","T","?","?","M","?","M"],"items_purchased_type":["Card","Relic","Card","Card","Relic"],"build_version":"2020-12-22","purchased_purges":2,"victory":false,"max_hp_per_floor":[71,71,71,71,71,71,71,71,71,71,71,64,64,64,64,64,64,64,64,64,64,64,64,64,64,64,66,66,66,70,70,70],"card_choices":[{"not_picked":["Barrage","Gash"],"picked":"Ball Lightning","floor":1.0},{"not_picked":["Doom and Gloom","Barrage"],"picked":"Ball Lightning","floor":4.0},{"not_picked":["Hello World","Beam Cell","Rebound"],"picked":"SKIP","floor":7.0},{"not_picked":["Beam Cell","Go for the Eyes"],"picked":"Conserve Battery","floor":11},{"not_picked":["Cold Snap","FTL"],"picked":"Coolheaded","floor":13},{"not_picked":["Amplify","Fission"],"picked":"Meteor Strike+1","floor":16},{"not_picked":["Loop","Rebound+1"],"picked":"Aggregate","floor":18},{"not_picked":["Gash+1","Steam"],"picked":"Fusion+1","floor":19},{"not_picked":["BootSequence","Sweeping Beam+1","Steam"],"picked":"SKIP","floor":24},{"not_picked":["Melter+1","Compile Driver+1","Hologram"],"picked":"Singing Bowl","floor":27},{"not_picked":["Meteor Strike+1","Barrage+1"],"picked":"Chill","floor":29},{"not_picked":["Force Field","Reprogram"],"picked":"Electrodynamics","floor":30},{"not_picked":["Streamline+1","Steam Power","Redo+1"],"picked":"Singing Bowl","floor":30},{"not_picked":["Beam Cell+1","Consume","Darkness"],"picked":"Singing Bowl","floor":30},{"not_picked":["Coolheaded","Streamline+1"],"picked":"Compile Driver+1","floor":30},{"not_picked":["Turbo","Hologram"],"picked":"FTL+1","floor":30}],"player_experience":167495,"relics_obtained":[{"floor":9.0,"key":"The Courier"},{"floor":11,"key":"Art of War"},{"floor":14,"key":"Molten Egg 2"},{"floor":26,"key":"Singing Bowl"}],"event_choices":[{"damage_healed":0.0,"max_hp_gain":0.0,"max_hp_loss":0.0,"gold_gain":0.0,"cards_transformed":["Strike_B"],"event_name":"Living Wall","player_choice":"Change","floor":2.0,"gold_loss":0.0,"damage_taken":0.0,"cards_obtained":["Steam"]},{"damage_healed":0.0,"max_hp_gain":0.0,"max_hp_loss":0.0,"gold_gain":0.0,"event_name":"Scrap Ooze","player_choice":"Fled","floor":3.0,"gold_loss":0.0,"damage_taken":0.0},{"cards_removed":["Defend_B"],"damage_healed":0.0,"max_hp_gain":0.0,"max_hp_loss":0.0,"gold_gain":0.0,"event_name":"Golden Wing","player_choice":"Card Removal","floor":8.0,"gold_loss":0.0,"damage_taken":7.0},{"damage_healed":0,"gold_gain":0,"player_choice":"Lose Max HP","damage_taken":0,"relics_obtained":["Golden Idol"],"max_hp_gain":0,"max_hp_loss":7,"event_name":"Golden Idol","floor":12,"gold_loss":0},{"damage_healed":0,"gold_gain":0,"player_choice":"Ignored","damage_taken":0,"max_hp_gain":0,"max_hp_loss":0,"event_name":"The Mausoleum","floor":21,"gold_loss":0},{"damage_healed":0,"gold_gain":0,"player_choice":"Bought 0 Potions","damage_taken":0,"max_hp_gain":0,"max_hp_loss":0,"event_name":"The Woman in Blue","floor":22,"gold_loss":0},{"damage_healed":0,"gold_gain":0,"player_choice":"Ignored","damage_taken":0,"max_hp_gain":0,"max_hp_loss":0,"event_name":"Cursed Tome","floor":28,"gold_loss":0}],"is_beta":false,"boss_relics":[{"not_picked":["SlaversCollar","Philosopher\u0027s Stone"],"picked":"Sozu"}],"items_purged_floors":[5,20],"is_endless":false,"potions_floor_spawned":[4,11,16,24,29],"killed_by":"Snake Plant","ascension_level":18}}