{"host":"qbvxbacgnxuisbbe","time":1611436143,"event":{"mods":["Alarm Clock","BaseMod","Minty Spire (QoL Compilation)","StSLib","Wide Potions"],"gold_per_floor":[110,110,124,134,153,181,181,198,246,271,290,309,309,309],"floor_reached":13,"language":"ENG","playtime":505,"items_purged":[],"score":104,"play_id":"4108bf7e-dd9c-4f3b-baf1-9e57641418dc","local_time":"20210123210903","is_ascension_mode":true,"campfire_choices":[{"floor":7,"key":"DIG"}],"circlet_count":0,"master_deck":["Strike_R","Strike_R","Strike_R","Strike_R","Strike_R","Defend_R","Defend_R","Defend_R","Bash","Disarm","Dropkick","Havoc","Havoc","Shockwave","Clothesline","Burning Pact","Feel No Pain","Shockwave"],"relics":["Burning Blood","Shovel","Question Card","Omamori","Centennial Puzzle"],"acts_visited":["Exordium"],"potions_floor_usage":[8,10,13],"damage_taken":[{"damage":7,"enemies":"2 Louse","floor":1,"turns":2},{"damage":4,"enemies":"Cultist","floor":3,"turns":3},{"damage":9,"enemies":"Jaw Worm","floor":4,"turns":2},{"damage":19,"enemies":"2 Fungi Beasts","floor":5,"turns":4},{"damage":16,"enemies":"Gremlin Nob","floor":6,"turns":5},{"damage":21,"enemies":"Exordium Wildlife","floor":8,"turns":4},{"damage":38,"enemies":"Lagavulin","floor":10,"turns":7},{"damage":4,"enemies":"Blue Slaver","floor":11,"turns":3},{"damage":14,"enemies":"Large Slime","floor":12,"turns":7},{"damage":10,"enemies":"Gremlin Nob","floor":13,"turns":2}],"seed_played":"-4314129944480954402","potions_obtained":[{"floor":1,"key":"Swift Potion"},{"floor":5,"key":"GamblersBrew"},{"floor":11,"key":"ColorlessPotion"}],"is_trial":false,"path_per_floor":["M","?","M","M","M","E","R","M","T","E","M","M","E"],"character_chosen":"IRONCLAD","items_purchased":[],"campfire_rested":0,"item_purchase_floors":[],"current_hp_per_floor":[87,87,88,85,72,62,62,47,47,15,17,9,0,0],"gold":309,"neow_bonus":"TEN_PERCENT_HP_BONUS","is_daily":false,"chose_seed":false,"campfire_upgraded":0,"win_rate":0.0,"timestamp":1611436143,"path_taken":["M","?","M","M","?","E","R","M","T","E","M","M","E"],"items_purchased_type":[],"build_version":"2020-12-22","purchased_purges":0,"victory":false,"max_hp_per_floor":[88,88,88,88,88,88,88,88,88,88,88,88,88,88],"card_choices":[{"not_picked":["Flex","Flame Barrier"],"picked":"Disarm","floor":1},{"not_picked":["Body Slam","Iron Wave"],"picked":"Havoc","floor":3},{"not_picked":["Heavy Blade","Sword Boomerang"],"picked":"Havoc","floor":4},{"not_picked":["Ghostly Armor","Wild Strike","Anger"],"picked":"SKIP","floor":5},{"not_picked":["Rage","Iron Wave"],"picked":"Shockwave","floor":6},{"not_picked":["Sword Boomerang","Anger","Flame Barrier"],"picked":"Clothesline","floor":8},{"not_picked":["Perfected Strike","Sword Boomerang","Power Through"],"picked":"Burning Pact","floor":10},{"not_picked":["Pummel","Shrug It Off","Sentinel"],"picked":"Feel No Pain","floor":11},{"not_picked":["Offering","Body Slam","Headbutt"],"picked":"Shockwave","floor":12}],"player_experience":126302,"relics_obtained":[{"floor":6,"key":"Shovel"},{"floor":7,"key":"Question Card"},{"floor":9,"key":"Omamori"},{"floor":10,"key":"Centennial Puzzle"}],"event_choices":[{"damage_healed":0,"gold_gain":0,"cards_transformed":["Defend_R"],"player_choice":"Transformed","damage_taken":0,"max_hp_gain":0,"max_hp_loss":0,"event_name":"Transmorgrifier","floor":2,"gold_loss":0,"cards_obtained":["Dropkick"]}],"is_beta":false,"boss_relics":[],"items_purged_floors":[],"is_endless":false,"potions_floor_spawned":[1,5,11],"killed_by":"Gremlin Nob","ascension_level":1}}