{"host":"ebj6lkgm8suah319","time":1611420062,"event":{"mods":["2.2 Compatiblity","AchievementEnabler","BaseMod","Block Reminder","Colored Map","Colored Powertips","Minty Spire (QoL Compilation)","Quick Restart","Rare Cards Sparkle","Relic Stats","SuperFastMode"],"gold_per_floor":[113,83,8,8,24,55,55,5,32,32,32,60,74,101,101,178,178,192,202,219,219,51,51,66,93,93,125,125,125,125],"floor_reached":29,"language":"ENG","playtime":662,"items_purged":["Strike_R"],"score":562,"play_id":"d933f044-f6d2-4cc0-854f-dfb592ae26e8","local_time":"20210123114102","is_ascension_mode":true,"campfire_choices":[{"data":"Perfected Strike","floor":7,"key":"SMITH"},{"data":"True Grit","floor":11,"key":"SMITH"},{"data":"Flame Barrier","floor":15,"key":"SMITH"},{"floor":23,"key":"REST"},{"floor":28,"key":"REST"}],"circlet_count":0,"master_deck":["AscendersBane","Strike_R","Strike_R","Strike_R","Strike_R","Defend_R","Defend_R","Defend_R","Defend_R","Bash+1","Twin Strike","Perfected Strike+1","True Grit+1","Barricade","Flame Barrier+1","Fiend Fire","Armaments+1","Disarm","Pommel Strike","Feel No Pain+1","Dropkick","Shame","Dark Embrace+1"],"relics":["Burning Blood","NeowsBlessing","Mercury Hourglass","Vajra","Oddly Smooth Stone","Darkstone Periapt","Cursed Key","OrangePellets","Orichalcum","InkBottle","Bag of Preparation"],"acts_visited":["Exordium","TheCity"],"potions_floor_usage":[2,25,27],"damage_taken":[{"damage":0,"enemies":"2 Louse","floor":1,"turns":1},{"damage":0,"enemies":"Cultist","floor":5,"turns":1},{"damage":0,"enemies":"3 Sentries","floor":6,"turns":2},{"damage":16,"enemies":"Gremlin Nob","floor":12,"turns":3},{"damage":0,"enemies":"Small Slimes","floor":13,"turns":2},{"damage":14,"enemies":"3 Sentries","floor":14,"turns":6},{"damage":37,"enemies":"Hexaghost","floor":16,"turns":12},{"damage":3,"enemies":"Chosen","floor":18,"turns":5},{"damage":12,"enemies":"Shell Parasite","floor":19,"turns":12},{"damage":13,"enemies":"Centurion and Healer","floor":20,"turns":4},{"damage":0,"enemies":"Cultist and Chosen","floor":24,"turns":8},{"damage":24,"enemies":"Book of Stabbing","floor":25,"turns":7},{"damage":23,"enemies":"Slavers","floor":27,"turns":6},{"damage":75,"enemies":"Gremlin Leader","floor":29,"turns":7}],"seed_played":"2682197696753391368","potions_obtained":[{"floor":2,"key":"Fruit Juice"},{"floor":2,"key":"SpeedPotion"},{"floor":5,"key":"Energy Potion"},{"floor":6,"key":"Weak Potion"},{"floor":16,"key":"LiquidMemories"},{"floor":19,"key":"SteroidPotion"}],"is_trial":false,"path_per_floor":["M","?","$","?","M","E","R","$","T","$","R","E","M","E","R","B",null,"M","M","M","?","$","R","M","E","T","E","R","E"],"character_chosen":"IRONCLAD","items_purchased":["True Grit","OrangePellets"],"campfire_rested":2,"item_purchase_floors":[8,22],"current_hp_per_floor":[74,79,79,79,80,80,80,80,80,80,80,70,76,68,68,37,69,72,66,59,36,36,61,67,49,55,38,65,0,0],"gold":125,"neow_bonus":"THREE_ENEMY_KILL","is_daily":false,"chose_seed":false,"campfire_upgraded":3,"win_rate":0.0,"timestamp":1611420062,"path_taken":["M","?","?","?","?","E","R","$","T","$","R","E","M","E","R","BOSS","M","M","M","?","$","R","M","E","T","E","R","E"],"items_purchased_type":["Card","Relic"],"build_version":"2020-12-22","purchased_purges":1,"victory":false,"max_hp_per_floor":[75,80,80,80,80,80,80,80,80,80,80,80,80,80,80,80,80,80,80,80,85,85,85,85,85,91,91,91,91,91],"relic_stats":{"Darkstone Periapt":6,"OrangePellets":[1],"counters":[14,76],"Bag of Preparation":[2],"Orichalcum":[24],"Cursed Key":1,"obtain_stats":[{"Darkstone Periapt":14,"OrangePellets":22,"NeowsBlessing":0,"Vajra":9,"Oddly Smooth Stone":12,"Bag of Preparation":27,"Orichalcum":25,"Cursed Key":17,"Burning Blood":0,"InkBottle":26,"Mercury Hourglass":6},{"Darkstone Periapt":6,"OrangePellets":10,"NeowsBlessing":0,"Vajra":3,"Oddly Smooth Stone":4,"Bag of Preparation":13,"Orichalcum":12,"Cursed Key":7,"Burning Blood":0,"InkBottle":12,"Mercury Hourglass":3},{"Darkstone Periapt":15,"OrangePellets":48,"NeowsBlessing":0,"Vajra":4,"Oddly Smooth Stone":7,"Bag of Preparation":69,"Orichalcum":63,"Cursed Key":27,"Burning Blood":0,"InkBottle":63,"Mercury Hourglass":4}],"Burning Blood":67,"InkBottle":[4],"Mercury Hourglass":[240]},"card_choices":[{"not_picked":["True Grit","Bloodletting"],"picked":"Twin Strike","floor":1},{"not_picked":["Clash","Warcry","Twin Strike"],"picked":"SKIP","floor":5},{"not_picked":["Havoc","Reckless Charge"],"picked":"Perfected Strike","floor":6},{"not_picked":["Flex","Power Through"],"picked":"Barricade","floor":12},{"not_picked":["Warcry","Rampage","Anger"],"picked":"SKIP","floor":13},{"not_picked":["Iron Wave","Hemokinesis"],"picked":"Flame Barrier","floor":14},{"not_picked":["Double Tap","Barricade"],"picked":"Fiend Fire","floor":16},{"not_picked":["Twin Strike","Warcry"],"picked":"Armaments+1","floor":18},{"not_picked":["Blood for Blood","Battle Trance"],"picked":"Disarm","floor":19},{"not_picked":["Cleave","Armaments"],"picked":"Pommel Strike","floor":20},{"not_picked":["Searing Blow","Body Slam"],"picked":"Feel No Pain+1","floor":24},{"not_picked":["Carnage","Iron Wave"],"picked":"Dropkick","floor":25},{"not_picked":["Dropkick","Cleave"],"picked":"Dark Embrace+1","floor":27}],"player_experience":53751,"relics_obtained":[{"floor":6,"key":"Mercury Hourglass"},{"floor":9,"key":"Vajra"},{"floor":12,"key":"Oddly Smooth Stone"},{"floor":14,"key":"Darkstone Periapt"},{"floor":25,"key":"Orichalcum"},{"floor":26,"key":"InkBottle"},{"floor":27,"key":"Bag of Preparation"}],"event_choices":[{"damage_healed":0,"gold_gain":0,"player_choice":"Bought 2 Potions","damage_taken":0,"max_hp_gain":0,"max_hp_loss":0,"event_name":"The Woman in Blue","floor":2,"gold_loss":0},{"damage_healed":0,"gold_gain":0,"player_choice":"Upgraded","damage_taken":0,"max_hp_gain":0,"max_hp_loss":0,"event_name":"Upgrade Shrine","floor":4,"gold_loss":0,"cards_upgraded":["Bash"]},{"damage_healed":0,"gold_gain":0,"player_choice":"Shed Blood","damage_taken":28,"max_hp_gain":5,"max_hp_loss":0,"event_name":"Forgotten Altar","floor":21,"gold_loss":0}],"is_beta":false,"boss_relics":[{"not_picked":["SlaversCollar","Astrolabe"],"picked":"Cursed Key"}],"items_purged_floors":[3],"is_endless":false,"potions_floor_spawned":[5,6,14,16,18,19],"killed_by":"Gremlin Leader","ascension_level":17}}