{"host":"45yz5qp3g5urlpd5","time":1611445337,"event":{"mods":["Act Like it!","BaseMod","Colored Powertips","Gensokyo","Minty Spire (QoL Compilation)","Relic Stats","StSLib"],"gold_per_floor":[115,115,115,131,143,143,174,174,201,201,49,49,49,69,69,170,170,170,170],"floor_reached":18,"language":"ENG","playtime":388,"items_purged":["Pain"],"score":239,"play_id":"cf2224cf-bec3-4d30-8172-2e9260b477d4","local_time":"20210123184217","is_ascension_mode":true,"campfire_choices":[{"data":"Reinforced Body","floor":6,"key":"SMITH"},{"data":"Core Surge","floor":10,"key":"SMITH"},{"floor":12,"key":"REST"},{"data":"Gensokyo:CrescentMoonSlash","floor":15,"key":"SMITH"}],"circlet_count":0,"master_deck":["AscendersBane","Strike_B","Strike_B","Strike_B","Strike_B","Defend_B","Defend_B","Defend_B","Defend_B","Zap","Dualcast","Ball Lightning","Gensokyo:CrescentMoonSlash+1","Rebound","Reinforced Body+1","Core Surge+1","Doom and Gloom+1","Turbo","Conserve Battery","Clumsy","Hologram","Reboot"],"relics":["FrozenCore","NeowsBlessing","Gensokyo:LunaticRedEyes","Orichalcum","Bag of Marbles","Gensokyo:NagashiBinaDoll"],"acts_visited":["Gensokyo:Gensokyo","Gensokyo:Gensokyoer"],"potions_floor_usage":[7],"damage_taken":[{"damage":0,"enemies":"Gensokyo:Python","floor":1,"turns":1},{"damage":2,"enemies":"Gensokyo:3_Fairies","floor":4,"turns":1},{"damage":0,"enemies":"Gensokyo:Gryphon","floor":5,"turns":1},{"damage":34,"enemies":"Gensokyo:Aya","floor":7,"turns":6},{"damage":0,"enemies":"Gensokyo:LivingMonolith","floor":14,"turns":3},{"damage":31,"enemies":"Gensokyo:Kokoro","floor":16,"turns":12},{"damage":0,"enemies":"Gensokyo:3_Dogs","floor":18,"turns":1}],"seed_played":"284332133725642307","potions_obtained":[{"floor":4,"key":"Swift Potion"},{"floor":7,"key":"Strength Potion"},{"floor":14,"key":"FocusPotion"}],"is_trial":false,"path_per_floor":["M","?","?","M","M","R","E","?","T","R","$","R","?","M","R","B",null,"M"],"character_chosen":"DEFECT","items_purchased":["Turbo","Conserve Battery"],"campfire_rested":1,"item_purchase_floors":[11,11],"current_hp_per_floor":[68,57,57,55,55,55,21,21,21,21,21,43,43,43,43,12,59,59,59],"gold":170,"neow_bonus":"THREE_ENEMY_KILL","is_daily":false,"chose_seed":false,"campfire_upgraded":3,"win_rate":0.0,"timestamp":1611445337,"path_taken":["M","?","?","M","?","R","E","?","T","R","$","R","?","M","R","BOSS","M"],"items_purchased_type":["Card","Card"],"build_version":"2020-12-22","purchased_purges":1,"victory":false,"max_hp_per_floor":[75,75,75,75,75,75,75,75,75,75,75,75,75,75,75,75,75,75,75],"relic_stats":{"counters":[7,25],"Orichalcum":[24],"obtain_stats":[{"NeowsBlessing":0,"Gensokyo:NagashiBinaDoll":13,"Bag of Marbles":9,"Orichalcum":7,"Cracked Core":0,"Gensokyo:LunaticRedEyes":3,"FrozenCore":17},{"NeowsBlessing":0,"Gensokyo:NagashiBinaDoll":4,"Bag of Marbles":4,"Orichalcum":4,"Cracked Core":0,"Gensokyo:LunaticRedEyes":1,"FrozenCore":6},{"NeowsBlessing":0,"Gensokyo:NagashiBinaDoll":9,"Bag of Marbles":9,"Orichalcum":9,"Cracked Core":0,"Gensokyo:LunaticRedEyes":1,"FrozenCore":24}],"FrozenCore":[0]},"card_choices":[{"not_picked":["Steam","Storm"],"picked":"Ball Lightning","floor":1},{"not_picked":["Go for the Eyes","Redo"],"picked":"Rebound","floor":4},{"not_picked":["Stack","Streamline"],"picked":"Reinforced Body","floor":5},{"not_picked":["Compile Driver","Cold Snap"],"picked":"Core Surge","floor":7},{"not_picked":["Sweeping Beam","Fission"],"picked":"Hologram","floor":14},{"not_picked":["All For One","Thunder Strike"],"picked":"Reboot","floor":16}],"player_experience":302654,"relics_obtained":[{"floor":7,"key":"Orichalcum"},{"floor":9,"key":"Bag of Marbles"}],"event_choices":[],"is_beta":false,"boss_relics":[{"not_picked":["Runic Dome","Snecko Eye"],"picked":"FrozenCore"}],"items_purged_floors":[11],"is_endless":false,"potions_floor_spawned":[4,7,14],"killed_by":"Gensokyo:3_Dogs","ascension_level":11}}