{"host":"dm4yvegl9um2tlqd","time":1611428983,"event":{"mods":["2.2 Compatiblity","AchievementEnabler","BaseMod","Colored Map","DeckTracker","Highlight Path","KOR Keyword Fix","Keyboard Shortcuts","Minty Spire (QoL Compilation)","Permanent Neow","Quick Restart","Random Character Button","StSLib","SuperFastMode","everything is the same but u backflip on backflip"],"gold_per_floor":[40,40,80,121,20,70,149,207,207,251,251,289,239,21,21,46,46],"floor_reached":16,"language":"KOR","playtime":559,"items_purged":["Strike_G"],"score":185,"play_id":"7e67c585-cbd4-4b7c-a632-a20236c39dd6","local_time":"20210124040943","is_ascension_mode":true,"campfire_choices":[{"data":"Cloak And Dagger","floor":11.0,"key":"SMITH"},{"floor":15.0,"key":"REST"}],"circlet_count":0,"master_deck":["Strike_G","Strike_G","Strike_G","Defend_G","Defend_G","Defend_G","Defend_G","Defend_G","Survivor","Neutralize","HandOfGreed+1","Blade Dance","Blade Dance","Leg Sweep","Cloak And Dagger+1","Blade Dance","PiercingWail","Blade Dance","Impatience"],"relics":["Ring of the Snake","Juzu Bracelet","Odd Mushroom","Bird Faced Urn","Mummified Hand"],"acts_visited":["Exordium"],"potions_floor_usage":[16,16],"damage_taken":[{"damage":0.0,"enemies":"Cultist","floor":1.0,"turns":3.0},{"damage":0.0,"enemies":"Small Slimes","floor":3.0,"turns":3.0},{"damage":3.0,"enemies":"Jaw Worm","floor":4.0,"turns":4.0},{"damage":1.0,"enemies":"Lagavulin","floor":6.0,"turns":6.0},{"damage":19.0,"enemies":"The Mushroom Lair","floor":7.0,"turns":7.0},{"damage":26.0,"enemies":"Gremlin Nob","floor":8.0,"turns":4.0},{"damage":0.0,"enemies":"Red Slaver","floor":10.0,"turns":3.0},{"damage":10.0,"enemies":"Large Slime","floor":12.0,"turns":5.0},{"damage":34,"enemies":"Slime Boss","floor":16,"turns":7}],"seed_played":"-2304194603751162996","potions_obtained":[{"floor":4.0,"key":"ColorlessPotion"},{"floor":7.0,"key":"DuplicationPotion"},{"floor":8.0,"key":"FearPotion"},{"floor":10.0,"key":"CunningPotion"}],"is_trial":false,"path_per_floor":["M","?","M","M","$","E","?","E","T","M","R","M","?","$","R","B"],"character_chosen":"THE_SILENT","items_purchased":["SmokeBomb","Impatience","ColorlessPotion"],"campfire_rested":1,"item_purchase_floors":[5,14,14],"current_hp_per_floor":[63,63,63,60,60,59,40,14,14,14,14,4,4,4,25,0,0],"gold":46,"neow_bonus":"RANDOM_COLORLESS_2","is_daily":false,"chose_seed":false,"campfire_upgraded":1,"win_rate":0.0,"timestamp":1611428983,"path_taken":["M","?","?","M","$","E","?","E","T","M","R","M","?","?","R","BOSS"],"items_purchased_type":["Potion","Card","Potion"],"build_version":"2020-12-22","purchased_purges":1,"victory":false,"max_hp_per_floor":[70,70,70,70,70,70,70,70,70,70,70,70,70,70,70,70,70],"card_choices":[{"not_picked":["Apotheosis","Magnetism"],"picked":"HandOfGreed","floor":0.0},{"not_picked":["Well Laid Plans","Outmaneuver"],"picked":"Blade Dance","floor":1.0},{"not_picked":["Terror","Predator"],"picked":"Blade Dance","floor":3.0},{"not_picked":["Skewer","All Out Attack"],"picked":"Leg Sweep","floor":4.0},{"not_picked":["Distraction","Grand Finale"],"picked":"Cloak And Dagger","floor":6.0},{"not_picked":["Leg Sweep","Slice"],"picked":"Blade Dance","floor":7.0},{"not_picked":["Leg Sweep","Dodge and Roll","Distraction"],"picked":"SKIP","floor":8.0},{"not_picked":["Riddle With Holes","Acrobatics"],"picked":"PiercingWail","floor":10.0},{"not_picked":["Setup","Eviscerate"],"picked":"Blade Dance","floor":12.0}],"player_experience":82972,"relics_obtained":[{"floor":6.0,"key":"Juzu Bracelet"},{"floor":7.0,"key":"Odd Mushroom"},{"floor":8.0,"key":"Bird Faced Urn"},{"floor":9.0,"key":"Mummified Hand"}],"event_choices":[{"damage_healed":0.0,"max_hp_gain":0.0,"max_hp_loss":0.0,"gold_gain":0.0,"event_name":"Accursed Blacksmith","player_choice":"Forge","floor":2.0,"gold_loss":0.0,"damage_taken":0.0,"cards_upgraded":["HandOfGreed"]},{"damage_healed":0.0,"max_hp_gain":0.0,"max_hp_loss":0.0,"gold_gain":0.0,"event_name":"Mushrooms","player_choice":"Fought Mushrooms","floor":7.0,"gold_loss":0.0,"damage_taken":0.0},{"cards_removed":["Strike_G"],"damage_healed":0.0,"max_hp_gain":0.0,"max_hp_loss":0.0,"gold_gain":0.0,"event_name":"The Cleric","player_choice":"Card Removal","floor":13.0,"gold_loss":50.0,"damage_taken":0.0}],"is_beta":false,"boss_relics":[],"items_purged_floors":[14],"is_endless":false,"potions_floor_spawned":[4,7,8,10],"killed_by":"Slime Boss","ascension_level":9}}