{"host":"gafwejejal4v72m6","time":1611393635,"event":{"mods":["Aspiration","BaseMod","BetterRewards","Clockwork Mod","Conspire","Hermit","Hubris","Minty Spire (QoL Compilation)","Rare Cards Sparkle","Shop Mod","StSLib","The Necromancer"],"gold_per_floor":[120,154,54,80,123,123,166,166,191,257,330,305,111,177,177,199,199],"floor_reached":16,"language":"RUS","playtime":10331,"items_purged":[],"score":189,"play_id":"231011a5-35a7-4c11-b14b-23cff8cb8b95","local_time":"20210123162035","is_ascension_mode":true,"campfire_choices":[{"floor":6.0,"key":"REST"},{"floor":8.0,"key":"REST"},{"floor":15,"key":"REST"}],"circlet_count":0,"master_deck":["hermit:Strike_Hermit","hermit:Strike_Hermit","hermit:Strike_Hermit","hermit:Strike_Hermit","hermit:Defend_Hermit","hermit:Defend_Hermit","hermit:Defend_Hermit","hermit:Defend_Hermit","hermit:Snapshot","hermit:Covet","hermit:Scavenge","hermit:EyeOfTheStorm","hermit:LoneWolf","hermit:Coalescence","hermit:GhostlyPresence","conspire:SpireCoStock","conspire:SpireCoStock","hermit:ShadowCloak","hermit:EyeOfTheStorm","hermit:Deadeye","hermit:Vantage","hermit:Virtue","hermit:GhostlyPresence","hermit:Coalescence"],"relics":["hermit:Momento","OrangePellets","hubris:CuriousFeather","Bronze Scales","Juzu Bracelet","Peace Pipe","Orichalcum"],"acts_visited":["Exordium"],"potions_floor_usage":[16],"damage_taken":[{"damage":6.0,"enemies":"conspire:RoseBush","floor":1.0,"turns":4.0},{"damage":25.0,"enemies":"conspire:MimicChest","floor":2.0,"turns":8.0},{"damage":6.0,"enemies":"Jaw Worm","floor":4.0,"turns":4.0},{"damage":2.0,"enemies":"2 Louse","floor":5.0,"turns":3.0},{"damage":15.0,"enemies":"Exordium Wildlife","floor":7.0,"turns":6.0},{"damage":45.0,"enemies":"Gremlin Nob","floor":11.0,"turns":6.0},{"damage":4.0,"enemies":"Looter","floor":12.0,"turns":4.0},{"damage":6,"enemies":"conspire:2 RoseBushes","floor":14,"turns":6},{"damage":40,"enemies":"Slime Boss","floor":16,"turns":6}],"seed_played":"-7239802086465738447","potions_obtained":[{"floor":2.0,"key":"DistilledChaos"},{"floor":4.0,"key":"PowerPotion"},{"floor":5.0,"key":"FairyPotion"},{"floor":11.0,"key":"hermit:Eclipse"}],"is_trial":false,"path_per_floor":["M","?","?","M","M","R","M","R","T","?","?","M","$","M","R","B"],"character_chosen":"HERMIT","items_purchased":["hermit:Scavenge","OrangePellets","hermit:EyeOfTheStorm","hubris:CuriousFeather","hermit:LoneWolf","hermit:Coalescence","Orichalcum","hermit:GhostlyPresence"],"campfire_rested":3,"item_purchase_floors":[0,0,0,0,0,0,13,13],"current_hp_per_floor":[38,13,13,7,5,27,12,34,34,34,22,18,18,12,34,0,0],"gold":199,"neow_bonus":"","is_daily":false,"chose_seed":false,"campfire_upgraded":0,"win_rate":0.0,"timestamp":1611393635,"path_taken":["M","?","?","?","M","R","M","R","T","?","?","M","?","M","R","BOSS"],"items_purchased_type":["Card","Relic","Card","Relic","Card","Card","Relic","Card"],"build_version":"2020-12-22","purchased_purges":0,"victory":false,"max_hp_per_floor":[75,75,75,75,75,75,75,75,75,75,75,75,75,75,75,75,75],"card_choices":[{"not_picked":["hermit:ItchyTrigger","hermit:Midnight"],"picked":"hermit:GhostlyPresence","floor":1.0},{"not_picked":["hermit:FullyLoaded","hermit:EyeOfTheStorm"],"picked":"hermit:ShadowCloak","floor":4.0},{"not_picked":["hermit:BodyArmor","hermit:BigShot"],"picked":"hermit:EyeOfTheStorm","floor":5.0},{"not_picked":["hermit:Maintenance","hermit:Midnight"],"picked":"hermit:Deadeye","floor":7.0},{"not_picked":["hermit:HighCaliber","hermit:ItchyTrigger"],"picked":"hermit:Vantage","floor":11.0},{"not_picked":["hermit:Desperado","hermit:TrackingShot"],"picked":"hermit:Virtue","floor":12.0},{"not_picked":["hermit:Gestalt","hermit:Ricochet"],"picked":"hermit:Coalescence","floor":14}],"player_experience":85629,"relics_obtained":[{"floor":2.0,"key":"Bronze Scales"},{"floor":9.0,"key":"Juzu Bracelet"},{"floor":11.0,"key":"Peace Pipe"}],"event_choices":[{"damage_healed":0.0,"max_hp_gain":0.0,"max_hp_loss":0.0,"gold_gain":0.0,"event_name":"conspire:Investor","player_choice":"Invest 2","floor":3.0,"gold_loss":0.0,"damage_taken":0.0},{"damage_healed":0.0,"max_hp_gain":0.0,"max_hp_loss":0.0,"gold_gain":66.0,"event_name":"Golden Wing","player_choice":"Gained Gold","floor":10.0,"gold_loss":0.0,"damage_taken":0.0},{"damage_healed":0.0,"max_hp_gain":0.0,"max_hp_loss":0.0,"gold_gain":0.0,"event_name":"Dead Adventurer","player_choice":"Searched \u00272\u0027 times","floor":11.0,"gold_loss":0.0,"damage_taken":0.0}],"is_beta":false,"boss_relics":[],"items_purged_floors":[],"is_endless":false,"potions_floor_spawned":[2,4,5,11],"killed_by":"Slime Boss","ascension_level":7}}