{"host":"syozzdlzcqop4jia","time":1611442514,"event":{"mods":["BaseMod","Colored Powertips","Minty Spire (QoL Compilation)","Quick Restart"],"gold_per_floor":[110,121,134,146,146,146,163,196,266,292,310,310,310,326,326,326,326],"floor_reached":16,"language":"ENG","playtime":765,"items_purged":[],"score":114,"play_id":"ed3b9f3b-58ad-4866-96c5-808923d2b769","local_time":"20210123235514","is_ascension_mode":true,"campfire_choices":[{"floor":6,"key":"REST"},{"data":"Heavy Blade","floor":12,"key":"SMITH"},{"data":"Inflame","floor":15,"key":"SMITH"}],"circlet_count":0,"master_deck":["Strike_R","Strike_R","Strike_R","Strike_R","Strike_R","Defend_R","Defend_R","Defend_R","Defend_R+1","Bash+1","Anger","Pommel Strike","Ghostly Armor","Sword Boomerang","Heavy Blade+1","Cleave","Inflame+1"],"relics":["Burning Blood","NeowsBlessing","Toxic Egg 2","Pantograph","Smiling Mask"],"acts_visited":["Exordium"],"potions_floor_usage":[14,16],"damage_taken":[{"damage":0,"enemies":"Cultist","floor":1,"turns":1},{"damage":0,"enemies":"Jaw Worm","floor":2,"turns":1},{"damage":0,"enemies":"2 Louse","floor":3,"turns":1},{"damage":7,"enemies":"Looter","floor":4,"turns":3},{"damage":7,"enemies":"3 Louse","floor":7,"turns":5},{"damage":23,"enemies":"Lagavulin","floor":8,"turns":5},{"damage":9,"enemies":"2 Fungi Beasts","floor":11,"turns":3},{"damage":9,"enemies":"Red Slaver","floor":14,"turns":3},{"damage":80,"enemies":"The Guardian","floor":16,"turns":9}],"seed_played":"-8823546167564533157","potions_obtained":[{"floor":2,"key":"BlessingOfTheForge"},{"floor":7,"key":"SpeedPotion"},{"floor":8,"key":"Explosive Potion"}],"is_trial":false,"path_per_floor":["M","M","M","M","?","R","M","E","T","T","M","R","?","M","R","B"],"character_chosen":"IRONCLAD","items_purchased":[],"campfire_rested":1,"item_purchase_floors":[],"current_hp_per_floor":[80,80,80,79,63,80,79,62,62,62,59,59,80,77,77,0,0],"gold":326,"neow_bonus":"THREE_ENEMY_KILL","is_daily":false,"chose_seed":false,"campfire_upgraded":2,"win_rate":0.0,"timestamp":1611442514,"path_taken":["M","M","?","M","?","R","M","E","T","?","M","R","?","M","R","BOSS"],"items_purchased_type":[],"build_version":"2020-12-22","purchased_purges":0,"victory":false,"max_hp_per_floor":[80,80,80,80,80,80,80,80,80,80,80,80,80,80,80,80,80],"card_choices":[{"not_picked":["True Grit","Iron Wave"],"picked":"Anger","floor":1},{"not_picked":["Metallicize","Intimidate"],"picked":"Pommel Strike","floor":2},{"not_picked":["Havoc","Sever Soul"],"picked":"Ghostly Armor","floor":3},{"not_picked":["Havoc","True Grit"],"picked":"Sword Boomerang","floor":4},{"not_picked":["Fiend Fire","Clothesline","Flame Barrier"],"picked":"SKIP","floor":7},{"not_picked":["Berserk","Havoc+1"],"picked":"Heavy Blade","floor":8},{"not_picked":["Bloodletting+1","Shockwave+1"],"picked":"Cleave","floor":11},{"not_picked":["Clash","Power Through+1"],"picked":"Inflame","floor":14}],"player_experience":334833,"relics_obtained":[{"floor":8,"key":"Toxic Egg 2"},{"floor":9,"key":"Pantograph"},{"floor":10,"key":"Smiling Mask"}],"event_choices":[{"damage_healed":0,"gold_gain":0,"player_choice":"Entered Light","damage_taken":16,"max_hp_gain":0,"max_hp_loss":0,"event_name":"Shining Light","floor":5,"gold_loss":0,"cards_upgraded":["Bash","Defend_R"]},{"damage_healed":26,"gold_gain":0,"player_choice":"Banana","damage_taken":0,"max_hp_gain":0,"max_hp_loss":0,"event_name":"Big Fish","floor":13,"gold_loss":0}],"is_beta":false,"boss_relics":[],"items_purged_floors":[],"is_endless":false,"potions_floor_spawned":[2,7,8,11],"killed_by":"The Guardian","ascension_level":2}}