{"host":"irwdypew7j0recua","time":1611423584,"event":{"mods":["AchievementEnabler","BaseMod","Better Third Choice","Better Vampires","BetterRewards","Conspire","Custom Start","Downfall","Googly Eyes","Hermit","Infinite Spire","KomeijiMod","Marisa????????","Minty Spire (QoL Compilation)","Quick Restart","Rare Cards Sparkle","Reworked Bosses","Shop Mod","Spicy Shops","StSLib","The Construct","The Cursed","The Necromancer","WarShipGirlsR/????R mod"],"gold_per_floor":[114,128,140,140,151,151,186,186,186,202,212,232,232,263,263,368,368,384,384,399,399,399],"floor_reached":21,"language":"ENG","playtime":3064,"items_purged":[],"score":212,"play_id":"74a5fc1c-a85b-4116-bc6d-0fcdb66d086d","local_time":"20210123153944","is_ascension_mode":true,"campfire_choices":[{"data":"infinitespire:Collect","floor":6,"key":"SMITH"},{"data":"hermit:HighCaliber","floor":8,"key":"SMITH"},{"floor":15,"key":"REST"}],"circlet_count":0,"master_deck":["hermit:Strike_Hermit","hermit:Strike_Hermit","hermit:Strike_Hermit","hermit:Defend_Hermit","hermit:Defend_Hermit","hermit:Defend_Hermit","hermit:Defend_Hermit","hermit:Snapshot","hermit:Covet","hermit:Enervate","hermit:Ricochet","hermit:Glare","hermit:HighCaliber+1","infinitespire:Collect+1","hermit:FlashPowder","hermit:FinalCanter","hermit:RoundhouseKick","hermit:Determination","hermit:GoldenBullet+1"],"relics":["hermit:Momento","construct:BoolHorns","Matryoshka","Meat on the Bone","Runic Dome"],"acts_visited":["Exordium","TheCity"],"potions_floor_usage":[],"damage_taken":[{"damage":2,"enemies":"Jaw Worm","floor":1,"turns":3},{"damage":0,"enemies":"2 Louse","floor":2,"turns":2},{"damage":1,"enemies":"Cultist","floor":3,"turns":3},{"damage":3,"enemies":"Blue Slaver","floor":5,"turns":2},{"damage":9,"enemies":"Gremlin Nob","floor":7,"turns":3},{"damage":0,"enemies":"Large Slime","floor":10,"turns":2},{"damage":0,"enemies":"2 Fungi Beasts","floor":11,"turns":2},{"damage":0,"enemies":"Looter","floor":12,"turns":1},{"damage":8,"enemies":"Lagavulin","floor":14,"turns":3},{"damage":20,"enemies":"Hexaghost","floor":16,"turns":8},{"damage":17,"enemies":"2 Thieves","floor":18,"turns":3},{"damage":13,"enemies":"3 Byrds","floor":20,"turns":4},{"damage":41,"enemies":"Shelled Parasite and Fungi","floor":21,"turns":4}],"seed_played":"-5857018820900811658","potions_obtained":[{"floor":3,"key":"EssenceOfSteel"},{"floor":5,"key":"hexamod:SoulburnPotion"},{"floor":11,"key":"hexamod:SoulburnPotion"}],"is_trial":false,"path_per_floor":["M","M","M","?","M","R","E","R","T","M","M","M","?","E","R","B",null,"M","?","M","M"],"character_chosen":"HERMIT","items_purchased":[],"campfire_rested":1,"item_purchase_floors":[],"current_hp_per_floor":[68,68,67,50,47,47,38,38,38,38,38,38,38,30,51,43,70,53,53,40,0,0],"gold":399,"neow_bonus":"","is_daily":false,"chose_seed":false,"campfire_upgraded":2,"win_rate":0.0,"timestamp":1611423584,"path_taken":["M","M","M","?","M","R","E","R","T","M","M","M","?","E","R","BOSS","M","?","M","M"],"items_purchased_type":[],"build_version":"2020-12-22","purchased_purges":0,"victory":false,"max_hp_per_floor":[70,70,70,70,70,70,70,70,70,70,70,70,70,70,70,70,70,70,70,70,70,70],"card_choices":[{"not_picked":["hermit:Roulette","hermit:LowProfile"],"picked":"hermit:Ricochet","floor":1},{"not_picked":["hermit:Headshot","hermit:ShadowCloak"],"picked":"hermit:Glare","floor":2},{"not_picked":["hermit:Shortfuse","hermit:Feint"],"picked":"hermit:HighCaliber","floor":3},{"not_picked":["infinitespire:SealOfDarkness+","infinitespire:UltimateForm"],"picked":"infinitespire:Collect","floor":4},{"not_picked":["hermit:Roulette","hermit:NoHoldsBarred","hermit:BodyArmor"],"picked":"SKIP","floor":5},{"not_picked":["hermit:HeroicBravado","hermit:Malice"],"picked":"hermit:FlashPowder","floor":7},{"not_picked":["hermit:SprayPray","hermit:HoleUp","hermit:Snipe"],"picked":"SKIP","floor":10},{"not_picked":["hermit:ItchyTrigger","hermit:Ricochet","hermit:WideOpen"],"picked":"SKIP","floor":11},{"not_picked":["hermit:HighCaliber","hermit:LowProfile","hermit:Glare"],"picked":"SKIP","floor":12},{"not_picked":["hermit:Enervate","hermit:Feint","hermit:SprayPray"],"picked":"SKIP","floor":14},{"not_picked":["hermit:Purgatory","hermit:Dissolve"],"picked":"hermit:RoundhouseKick","floor":16},{"not_picked":["hermit:Deadeye","hermit:Maintenance+1"],"picked":"hermit:Determination","floor":18},{"not_picked":["hermit:WideOpen","hermit:Coalescence"],"picked":"hermit:GoldenBullet+1","floor":20}],"player_experience":173057,"relics_obtained":[{"floor":7,"key":"construct:BoolHorns"},{"floor":9,"key":"Matryoshka"},{"floor":14,"key":"Meat on the Bone"}],"event_choices":[{"damage_healed":0,"gold_gain":0,"player_choice":"1 cards matched","damage_taken":0,"max_hp_gain":0,"max_hp_loss":0,"event_name":"Match and Keep!","floor":13,"gold_loss":0,"cards_obtained":["hermit:FinalCanter"]},{"damage_healed":0,"gold_gain":0,"player_choice":"Ignored","damage_taken":0,"max_hp_gain":0,"max_hp_loss":0,"event_name":"Beggar","floor":19,"gold_loss":0}],"is_beta":false,"boss_relics":[{"not_picked":["Astrolabe","Tiny House"],"picked":"Runic Dome"}],"items_purged_floors":[],"is_endless":false,"potions_floor_spawned":[3,5,11,12,20],"killed_by":"Shelled Parasite and Fungi","ascension_level":2}}