{"host":"hwrdjx5eod2cxh09","time":1611415971,"event":{"mods":["AchievementEnabler","BaseMod","Bestiary","Minty Spire (QoL Compilation)","Relic Stats"],"gold_per_floor":[114,114,114,134,145,145,165,198,198,22,40,65,65,91,91,190,190,209,209,224,139,139,468,468,497,523,556,280,296,296,325,325,422,422,435,265,315,334,96,127,127,154,154,165,40,40,59,84,84,84],"floor_reached":51,"language":"ENG","playtime":3264,"items_purged":["Strike_P","Strike_P","Strike_P"],"score":915,"play_id":"8a8374c1-5764-4ced-bee8-885d9e6ff048","local_time":"20210124003251","is_ascension_mode":true,"campfire_choices":[{"data":"Eruption","floor":6.0,"key":"SMITH"},{"data":"Apotheosis","floor":13.0,"key":"SMITH"},{"floor":15.0,"key":"REST"},{"floor":24.0,"key":"REST"},{"floor":30.0,"key":"REST"},{"floor":32.0,"key":"REST"},{"floor":41.0,"key":"REST"},{"floor":49.0,"key":"REST"}],"circlet_count":0,"master_deck":["Strike_P+1","Defend_P","Defend_P","Defend_P+1","Defend_P","Eruption+1","Vigilance","Blasphemy+1","InnerPeace","Wallop","Indignation","Apotheosis+1","Devotion","TalkToTheHand","Perseverance","DevaForm","Meditate+1","Consecrate","Tantrum","ClearTheMind","ThirdEye","TalkToTheHand","Omniscience","BattleHymn+1","WheelKick","Adaptation+1","FearNoEvil+1"],"relics":["HolyWater","Du-Vu Doll","GoldenEye","Gambling Chip","Letter Opener","Sozu","Damaru","Matryoshka","Old Coin","Pen Nib","MealTicket","Ancient Tea Set","Shuriken","DollysMirror","Lizard Tail","Pocketwatch","Bottled Flame","Regal Pillow","Omamori","Girya","Akabeko"],"acts_visited":["Exordium","TheCity","TheBeyond"],"potions_floor_usage":[],"damage_taken":[{"damage":2.0,"enemies":"Jaw Worm","floor":1.0,"turns":4.0},{"damage":2.0,"enemies":"2 Louse","floor":4.0,"turns":2.0},{"damage":0.0,"enemies":"Cultist","floor":5.0,"turns":3.0},{"damage":0.0,"enemies":"2 Fungi Beasts","floor":7.0,"turns":3.0},{"damage":5.0,"enemies":"Lagavulin","floor":8.0,"turns":5.0},{"damage":0.0,"enemies":"Looter","floor":11.0,"turns":1.0},{"damage":31.0,"enemies":"3 Sentries","floor":12.0,"turns":12.0},{"damage":0.0,"enemies":"Gremlin Nob","floor":14.0,"turns":3.0},{"damage":6.0,"enemies":"Hexaghost","floor":16.0,"turns":8.0},{"damage":6.0,"enemies":"Shell Parasite","floor":18.0,"turns":5.0},{"damage":2.0,"enemies":"Chosen","floor":20.0,"turns":5.0},{"damage":40.0,"enemies":"Slavers","floor":23.0,"turns":5.0},{"damage":24.0,"enemies":"Gremlin Leader","floor":25.0,"turns":5.0},{"damage":0.0,"enemies":"Book of Stabbing","floor":27.0,"turns":5.0},{"damage":20.0,"enemies":"Snake Plant","floor":29.0,"turns":4.0},{"damage":7.0,"enemies":"Gremlin Leader","floor":31.0,"turns":7.0},{"damage":23.0,"enemies":"Champ","floor":33.0,"turns":8.0},{"damage":27.0,"enemies":"3 Shapes","floor":35.0,"turns":4.0},{"damage":0.0,"enemies":"Mind Bloom Boss Battle","floor":37.0,"turns":3.0},{"damage":21.0,"enemies":"3 Darklings","floor":38.0,"turns":4.0},{"damage":21.0,"enemies":"Reptomancer","floor":40.0,"turns":5.0},{"damage":4.0,"enemies":"Spire Growth","floor":44.0,"turns":4.0},{"damage":22.0,"enemies":"Maw","floor":47.0,"turns":5.0},{"damage":47.0,"enemies":"Nemesis","floor":48.0,"turns":7.0},{"damage":52,"enemies":"Awakened One","floor":50,"turns":8}],"seed_played":"-2373176321748785854","potions_obtained":[{"floor":4.0,"key":"Weak Potion"},{"floor":5.0,"key":"FairyPotion"},{"floor":8.0,"key":"Dexterity Potion"}],"is_trial":false,"path_per_floor":["M","?","?","M","M","R","M","E","T","$","M","E","R","E","R","B",null,"M","T","M","?","?","E","R","E","T","E","$","M","R","E","R","B",null,"M","$","?","M","$","E","R","T","T","M","$","?","M","E","R","B",null],"character_chosen":"WATCHER","items_purchased":["Apotheosis","ThirdEye","DollysMirror","WheelKick","Bottled Flame"],"campfire_rested":6,"item_purchase_floors":[10,28,28,36,39],"current_hp_per_floor":[70,70,56,54,54,54,54,49,49,49,49,18,18,18,39,33,72,66,66,64,64,64,24,45,21,21,21,36,16,37,30,51,28,72,45,60,60,39,54,33,69,69,69,65,72,72,50,3,39,12],"gold":84,"neow_bonus":"ONE_RANDOM_RARE_CARD","is_daily":false,"chose_seed":false,"campfire_upgraded":2,"win_rate":0.0,"timestamp":1611415971,"path_taken":["M","?","?","M","M","R","M","E","T","?","M","E","R","E","R","BOSS","M","?","M","?","?","E","R","E","T","E","$","?","R","E","R","BOSS","M","$","?","M","?","E","R","?","T","M","$","?","?","E","R","BOSS"],"items_purchased_type":["Card","Card","Relic","Card","Relic"],"build_version":"2020-12-22","purchased_purges":3,"victory":true,"max_hp_per_floor":[72,72,72,72,72,72,72,72,72,72,72,72,72,72,72,72,72,72,72,72,72,72,72,72,72,72,72,72,72,72,72,72,72,72,72,72,72,72,72,72,72,72,72,72,72,72,72,72,72,72],"relic_stats":{"Sozu":9,"Lizard Tail":0,"Regal Pillow":30,"counters":[25,125],"Shuriken":[25],"Gambling Chip":[57],"MealTicket":52,"Pen Nib":[13],"Letter Opener":[228],"GoldenEye":[18],"obtain_stats":[{"Girya":43,"Regal Pillow":40,"Damaru":19,"Pen Nib":25,"Omamori":42,"Letter Opener":14,"GoldenEye":9,"Ancient Tea Set":26,"Akabeko":48,"Old Coin":23,"Du-Vu Doll":8,"Sozu":17,"Lizard Tail":31,"Bottled Flame":39,"Matryoshka":21,"Shuriken":27,"DollysMirror":28,"Gambling Chip":12,"HolyWater":34,"MealTicket":26,"PureWater":0,"Pocketwatch":37},{"Girya":21,"Regal Pillow":21,"Damaru":10,"Pen Nib":13,"Omamori":21,"Letter Opener":8,"GoldenEye":5,"Ancient Tea Set":13,"Akabeko":24,"Old Coin":12,"Du-Vu Doll":5,"Sozu":9,"Lizard Tail":16,"Bottled Flame":20,"Matryoshka":11,"Shuriken":14,"DollysMirror":14,"Gambling Chip":7,"HolyWater":17,"MealTicket":13,"PureWater":0,"Pocketwatch":19},{"Girya":101,"Regal Pillow":101,"Damaru":46,"Pen Nib":61,"Omamori":101,"Letter Opener":33,"GoldenEye":17,"Ancient Tea Set":61,"Akabeko":117,"Old Coin":56,"Du-Vu Doll":17,"Sozu":41,"Lizard Tail":77,"Bottled Flame":96,"Matryoshka":51,"Shuriken":66,"DollysMirror":66,"Gambling Chip":30,"HolyWater":85,"MealTicket":61,"PureWater":0,"Pocketwatch":92}],"Pocketwatch":[8]},"card_choices":[{"not_picked":["Evaluate","Nirvana"],"picked":"InnerPeace","floor":1.0},{"not_picked":["Crescendo","EmptyFist"],"picked":"Wallop","floor":4.0},{"not_picked":["EmptyBody","Study"],"picked":"Indignation","floor":5.0},{"not_picked":["WaveOfTheHand","PathToVictory","Crescendo"],"picked":"SKIP","floor":7.0},{"not_picked":["Crescendo","PathToVictory","FearNoEvil"],"picked":"SKIP","floor":8.0},{"not_picked":["Swivel","FlurryOfBlows"],"picked":"Devotion","floor":11.0},{"not_picked":["SashWhip","Alpha"],"picked":"TalkToTheHand","floor":12.0},{"not_picked":["BowlingBash","Indignation"],"picked":"Perseverance","floor":14.0},{"not_picked":["ConjureBlade","Establishment"],"picked":"DevaForm","floor":16.0},{"not_picked":["BattleHymn","Consecrate"],"picked":"Meditate+1","floor":18.0},{"not_picked":["Halt","Weave+1"],"picked":"Consecrate","floor":20.0},{"not_picked":["Pray","Perseverance","Wallop"],"picked":"SKIP","floor":23.0},{"not_picked":["WreathOfFlame+1","CarveReality+1"],"picked":"ClearTheMind","floor":25.0},{"not_picked":["EmptyFist","PathToVictory","Crescendo"],"picked":"SKIP","floor":27.0},{"not_picked":["BowlingBash","FollowUp+1","Consecrate"],"picked":"SKIP","floor":29.0},{"not_picked":["Meditate","MasterReality","Prostrate"],"picked":"SKIP","floor":31.0},{"not_picked":["Judgement","MasterReality"],"picked":"Omniscience","floor":33.0},{"not_picked":["JustLucky","CarveReality"],"picked":"BattleHymn+1","floor":35.0},{"not_picked":["Halt+1","Pray"],"picked":"Adaptation+1","floor":37.0},{"not_picked":["ReachHeaven+1","FlyingSleeves+1","Evaluate+1"],"picked":"SKIP","floor":38.0},{"not_picked":["Crescendo+1","LikeWater"],"picked":"FearNoEvil+1","floor":40.0},{"not_picked":["ForeignInfluence+1","Adaptation+1","FlurryOfBlows"],"picked":"SKIP","floor":44.0},{"not_picked":["SpiritShield","Protect+1","FlyingSleeves"],"picked":"SKIP","floor":47.0},{"not_picked":["Fasting2","PathToVictory+1","CrushJoints"],"picked":"SKIP","floor":48.0}],"player_experience":261796,"relics_obtained":[{"floor":8.0,"key":"Du-Vu Doll"},{"floor":9.0,"key":"GoldenEye"},{"floor":12.0,"key":"Gambling Chip"},{"floor":14.0,"key":"Letter Opener"},{"floor":19.0,"key":"Damaru"},{"floor":23.0,"key":"Old Coin"},{"floor":25.0,"key":"Pen Nib"},{"floor":26.0,"key":"MealTicket"},{"floor":26.0,"key":"Ancient Tea Set"},{"floor":27.0,"key":"Shuriken"},{"floor":31.0,"key":"Lizard Tail"},{"floor":37.0,"key":"Pocketwatch"},{"floor":40.0,"key":"Regal Pillow"},{"floor":42.0,"key":"Omamori"},{"floor":43.0,"key":"Girya"},{"floor":48.0,"key":"Akabeko"}],"event_choices":[{"damage_healed":0.0,"max_hp_gain":0.0,"max_hp_loss":0.0,"gold_gain":0.0,"event_name":"Living Wall","player_choice":"Grow","floor":2.0,"gold_loss":0.0,"damage_taken":0.0,"cards_upgraded":["Blasphemy"]},{"damage_healed":0.0,"max_hp_gain":0.0,"max_hp_loss":0.0,"gold_gain":0.0,"event_name":"Shining Light","player_choice":"Entered Light","floor":3.0,"gold_loss":0.0,"damage_taken":14.0,"cards_upgraded":["Strike_P","Defend_P"]},{"damage_healed":0.0,"max_hp_gain":0.0,"max_hp_loss":0.0,"gold_gain":0.0,"event_name":"Addict","player_choice":"Obtained Relic","floor":21.0,"gold_loss":85.0,"damage_taken":0.0,"relics_obtained":["Matryoshka"]},{"damage_healed":0.0,"max_hp_gain":0.0,"max_hp_loss":0.0,"gold_gain":0.0,"event_name":"The Library","player_choice":"Read","floor":22.0,"gold_loss":0.0,"damage_taken":0.0,"cards_obtained":["Tantrum"]},{"damage_healed":0.0,"max_hp_gain":0.0,"max_hp_loss":0.0,"gold_gain":0.0,"event_name":"MindBloom","player_choice":"Fight","floor":37.0,"gold_loss":0.0,"damage_taken":0.0},{"damage_healed":0.0,"max_hp_gain":0.0,"max_hp_loss":0.0,"gold_gain":0.0,"event_name":"Match and Keep!","player_choice":"0 cards matched","floor":46.0,"gold_loss":0.0,"damage_taken":0.0,"cards_obtained":[]}],"is_beta":false,"boss_relics":[{"not_picked":["Ectoplasm","SlaversCollar"],"picked":"Sozu"},{"not_picked":["Philosopher\u0027s Stone","Coffee Dripper"],"picked":"HolyWater"}],"items_purged_floors":[28,36,45],"is_endless":false,"potions_floor_spawned":[4,5,8,11,18,23,25,27,33,37,40,47,48],"ascension_level":1}}