{"host":"ucrubczzhd6ttfof","time":1611440938,"event":{"mods":["100% Spire Juice","Aspiration","BaseMod","Better Match","Better Note","Booster Modes","CapriCore","Card Forge","Conspire","Downfall","Energized Spire","GifTheSpireLib","Glutton Mod","Halation","Hermit","Hubris","Jorbs\u0027s Wanderer Trilogy","Koishi","Marisa????????","Marked Mod","Minty Spire (QoL Compilation)","Permanent Neow","Reimu??????","Remove Card Discount Mod","Replay The Spire","Retaliation","Reworked Bosses","Spicy Shops","Spikes Relics","StSLib","Stuff the Spire","Td1madao Mod","The Animator","The Blue Laboratory","The Bug Knight","The Caster","The Cursed","The Hierophant","The Immortal","The Marked","The Mystic","The Valiant","TheBandit","TheSwordswoman","TheVacant","vexMod"],"gold_per_floor":[113,113,127,144,163,163,173,173,173,173,191,217,229,239,239,340,340,354,371,71,89,101,136,150,177,223,233,253,253,253,271,231,258,258,356,356,372,385,26,81,100,134,134,145,217,217,236,236,236,249,249,249,249],"floor_reached":52,"language":"ENG","playtime":3416,"items_purged":["theMarked:Parkour","Regret"],"score":534,"play_id":"96fcfd9c-b994-4a4e-a08f-22811154c9ba","local_time":"20210123142858","daily_mods":["SealedDeck","Heirloom"],"is_ascension_mode":false,"campfire_choices":[{"data":"theMarked:StartUp","floor":6,"key":"SMITH"},{"data":"theMarked:Indomitable","floor":8,"key":"SMITH"},{"data":"theMarked:SoldierForm","floor":10,"key":"SMITH"},{"data":"theMarked:ParalyzingBlade","floor":15,"key":"SMITH"},{"data":"theMarked:AttractMetal","floor":46,"key":"SMITH"},{"floor":49,"key":"REST"},{"floor":51,"key":"REST"}],"circlet_count":0,"master_deck":["theMarked:Indomitable+1","theMarked:StartUp+1","theMarked:TwofoldDefense","theMarked:TwofoldDefense","theMarked:Standoff","theMarked:SoldierForm+1","theMarked:ParalyzingBlade+1","theMarked:EmpowerWeapon","theMarked:WardOff","theMarked:ElementalBlade","theMarked:MysticalArsenal","theMarked:WardOff","theMarked:Challenge+1","theMarked:Static","theMarked:HeightenedSenses","theMarked:AttractMetal+1","theMarked:EternalStudent","Panacea","theMarked:SummonStrength"],"relics":["theMarked:ArtifactOfAir","Hammer of Thor","Seething Fire","Anvil of the Gods","SuspiciousGoo","theMarked:NailFile","MealTicket","ReplayTheSpireMod:DimensionalGlitch","Orichalcum","StuffTheSpire:Mouthbags","sneckomod:BlankCard","Lantern","aspiration:ArtOfWarUpgrade","Singing Bowl","Sozu","Torii","TheAbacus","Replay:Bottled Flurry","HollowMod:QueensCombRelic","Gremlin Horn","halation:PapillonHeart"],"acts_visited":["Exordium","TheCity","TheBeyond"],"potions_floor_usage":[7,12,13,16,21,27,33],"damage_taken":[{"damage":7,"enemies":"Jaw Worm","floor":1,"turns":5},{"damage":0,"enemies":"Cultist","floor":3,"turns":6},{"damage":0,"enemies":"conspire:RoseBush","floor":4,"turns":5},{"damage":0,"enemies":"Lots of Slimes","floor":5,"turns":8},{"damage":1,"enemies":"Red Slaver","floor":7,"turns":3},{"damage":0,"enemies":"3 Louse","floor":11,"turns":3},{"damage":5,"enemies":"HollowMod:MossKnight","floor":12,"turns":9},{"damage":0,"enemies":"2 Fungi Beasts","floor":13,"turns":5},{"damage":0,"enemies":"Looter","floor":14,"turns":4},{"damage":11,"enemies":"The Guardian","floor":16,"turns":11},{"damage":0,"enemies":"Chosen","floor":18,"turns":5},{"damage":0,"enemies":"conspire:FuzzyDice","floor":19,"turns":6},{"damage":3,"enemies":"Centurion and Healer","floor":21,"turns":6},{"damage":32,"enemies":"3 Cultists","floor":22,"turns":5},{"damage":6,"enemies":"HollowMod:Nosk","floor":23,"turns":6},{"damage":0,"enemies":"Snake Plant","floor":24,"turns":4},{"damage":8,"enemies":"Sentry and Sphere","floor":27,"turns":7},{"damage":0,"enemies":"Centurion and Healer","floor":28,"turns":4},{"damage":1,"enemies":"conspire:HollyBat","floor":31,"turns":5},{"damage":12,"enemies":"Gremlin Leader","floor":33,"turns":7},{"damage":8,"enemies":"conspire:MysteriousRune","floor":35,"turns":7},{"damage":0,"enemies":"Orb Walker","floor":37,"turns":5},{"damage":5,"enemies":"3 Darklings","floor":38,"turns":5},{"damage":26,"enemies":"Jaw Worm Horde","floor":41,"turns":6},{"damage":26,"enemies":"Nemesis","floor":42,"turns":7},{"damage":1,"enemies":"4 Shapes","floor":44,"turns":4},{"damage":16,"enemies":"Transient","floor":47,"turns":5},{"damage":17,"enemies":"Sphere and 2 Shapes","floor":50,"turns":4},{"damage":28,"enemies":"hubris:GrandSnecko","floor":52,"turns":5}],"seed_played":"8760997348803064116","potions_obtained":[{"floor":1,"key":"Energy Potion"},{"floor":11,"key":"sneckomod:MuddlingPotion"},{"floor":12,"key":"Block Potion"},{"floor":14,"key":"SkillPotion"},{"floor":18,"key":"sneckomod:MuddlingPotion"},{"floor":23,"key":"champ:CounterPotion"},{"floor":28,"key":"blueLaboratory:Moonshine"},{"floor":31,"key":"bronze:BurnAndBuffPotion"}],"is_trial":true,"path_per_floor":["M","?","M","M","M","R","M","R","T","R","M","E","M","M","R","B",null,"M","M","$","M","M","E","M","T","T","M","M","PTL","PTL","M","?","E","R","B",null,"M","M","$","?","M","E","R","M","T","R","M","?","R","M","R","B"],"character_chosen":"THE_DEFAULT","items_purchased":["theMarked:Static","Orichalcum","StuffTheSpire:Mouthbags","Torii","Panacea","TheAbacus"],"campfire_rested":2,"item_purchase_floors":[20,20,20,39,39,39],"current_hp_per_floor":[63,63,63,63,63,63,62,62,62,62,62,57,57,57,57,46,70,70,70,70,67,35,34,34,34,34,26,26,26,26,25,25,15,15,7,72,74,71,76,57,33,9,9,14,14,14,6,6,22,9,26,0,0],"gold":249,"neow_bonus":"","is_daily":false,"chose_seed":false,"campfire_upgraded":5,"win_rate":0.0,"timestamp":1611440938,"path_taken":["M","?","M","M","M","R","M","R","T","R","?","E","M","?","R","BOSS","M","M","$","M","M","E","?","?","T","M","?","PTL","PTL","M","?","E","R","BOSS","M","M","$","?","M","E","R","M","T","R","M","?","R","M","R","BOSS"],"items_purchased_type":["Card","Relic","Relic","Relic","Card","Relic"],"build_version":"2020-12-22","purchased_purges":2,"victory":false,"max_hp_per_floor":[70,70,70,70,70,70,70,70,70,70,70,70,70,70,70,70,70,70,70,70,70,70,70,70,70,70,70,70,70,70,70,70,72,72,72,72,74,76,76,76,78,54,54,56,56,56,58,55,55,57,57,57,57],"card_choices":[{"not_picked":["theMarked:Convert","theMarked:Improvise","theMarked:Aftermath"],"picked":"SKIP","floor":1},{"not_picked":["theMarked:Improvise","theMarked:Parkour"],"picked":"theMarked:ElementalBlade","floor":3},{"not_picked":["theMarked:Static","theMarked:Parry"],"picked":"theMarked:HeightenedSenses","floor":4},{"not_picked":["theMarked:SwordAndMagic","theMarked:Static"],"picked":"theMarked:MysticalArsenal","floor":5},{"not_picked":["theMarked:ElectricStrings","theMarked:SwordAndMagic","theMarked:WastefulAttack"],"picked":"SKIP","floor":7},{"not_picked":["theMarked:EmpowerWeapon","theMarked:Static","theMarked:Electrify"],"picked":"SKIP","floor":11},{"not_picked":["theMarked:Improvise","theMarked:ComboAttacks","theMarked:Static"],"picked":"SKIP","floor":12},{"not_picked":["theMarked:WastefulDefense","theMarked:ShockingTouch"],"picked":"theMarked:Parkour","floor":13},{"not_picked":["theMarked:Polarize","theMarked:WastefulDefense"],"picked":"theMarked:WardOff","floor":14},{"not_picked":["theMarked:TakeOffHeels","theMarked:Levitate"],"picked":"theMarked:Challenge","floor":16},{"not_picked":["theMarked:Aftermath","theMarked:Parkour+1","theMarked:TunnelVision"],"picked":"SKIP","floor":18},{"not_picked":["theMarked:Aftermath+1","theMarked:SwordAndMagic+1","theMarked:ElectricStrings"],"picked":"SKIP","floor":19},{"not_picked":["theMarked:RepellingDischarge","theMarked:ElectricStrings+1","theMarked:TwofoldDefense"],"picked":"SKIP","floor":21},{"not_picked":["theMarked:TakeCover","theMarked:ResourceFulStrike","theMarked:Generate"],"picked":"SKIP","floor":22},{"not_picked":["theMarked:ChainLightning","theMarked:Frustration+1","theMarked:HeightenedSenses"],"picked":"SKIP","floor":23},{"not_picked":["theMarked:TakeCover","theMarked:Frustration+1"],"picked":"theMarked:AttractMetal","floor":24},{"not_picked":["theMarked:ResourceFulStrike","theMarked:Frustration","theMarked:WastefulAttack+1"],"picked":"SKIP","floor":27},{"not_picked":["theMarked:WastefulAttack","theMarked:WardOff","theMarked:TunnelVision"],"picked":"SKIP","floor":28},{"not_picked":["theMarked:WastefulDefense+1","theMarked:UnarmedFury","theMarked:Static"],"picked":"SKIP","floor":31},{"not_picked":["theMarked:ShockingTouch","theMarked:Seal","theMarked:BanishingStrike"],"picked":"Singing Bowl","floor":33},{"not_picked":["theMarked:Snap","theMarked:Abjuration"],"picked":"theMarked:EternalStudent","floor":35},{"not_picked":["theMarked:RepellingDischarge+1","theMarked:ResourceFulStrike","theMarked:Overcharge+1"],"picked":"Singing Bowl","floor":37},{"not_picked":["theMarked:Reabsorb","theMarked:WardOff+1","theMarked:Improvise+1"],"picked":"Singing Bowl","floor":38},{"not_picked":["theMarked:Electrocute+1","theMarked:SwordAndMagic+1"],"picked":"theMarked:SummonStrength","floor":40},{"not_picked":["theMarked:Aftermath+1","theMarked:PowerFlow","theMarked:ParalyzingBlade+1"],"picked":"Singing Bowl","floor":41},{"not_picked":["theMarked:WardOff","theMarked:Static+1","theMarked:ResourceFulStrike+1"],"picked":"Singing Bowl","floor":42},{"not_picked":["theMarked:TakeCover","theMarked:TwofoldDefense","theMarked:ElectricStrings"],"picked":"Singing Bowl","floor":44},{"not_picked":["theMarked:WastefulDefense","theMarked:Frustration","theMarked:RepellingDischarge"],"picked":"Singing Bowl","floor":47},{"not_picked":["theMarked:ChainLightning+1","theMarked:Frustration+1","theMarked:BanishingStrike"],"picked":"Singing Bowl","floor":50}],"player_experience":760180,"relics_obtained":[{"floor":9,"key":"theMarked:NailFile"},{"floor":12,"key":"MealTicket"},{"floor":23,"key":"sneckomod:BlankCard"},{"floor":25,"key":"Lantern"},{"floor":26,"key":"Art of War"},{"floor":33,"key":"Singing Bowl"},{"floor":40,"key":"Replay:Bottled Flurry"},{"floor":42,"key":"HollowMod:QueensCombRelic"},{"floor":45,"key":"Gremlin Horn"}],"event_choices":[{"cards_removed":["theMarked:ComboAttacks"],"damage_healed":0,"gold_gain":0,"player_choice":"Purged","damage_taken":0,"max_hp_gain":0,"max_hp_loss":0,"event_name":"Purifier","floor":2,"gold_loss":0},{"damage_healed":0,"gold_gain":0,"player_choice":"Upgrade","damage_taken":0,"max_hp_gain":0,"max_hp_loss":0,"event_name":"Designer","floor":32,"gold_loss":40,"cards_upgraded":["theMarked:Challenge"]}],"is_beta":false,"boss_relics":[{"not_picked":["ChewingGum","vexMod:FluxCapacitor"],"picked":"ReplayTheSpireMod:DimensionalGlitch"},{"not_picked":["Abe\u0027s Treasure","Empty Cage"],"picked":"Sozu"}],"items_purged_floors":[20,39],"is_endless":false,"potions_floor_spawned":[1,11,12,14,18,23,28,31,38,47],"killed_by":"hubris:GrandSnecko","ascension_level":0}}