{"host":"takgv9cv6xf64vhq","time":1611381515,"event":{"mods":["BaseMod","Colored Powertips","Downfall","Marisa£®ÏF”Í°°ƒß¿Ì…≥£©","Minty Spire (QoL Compilation)","Replay The Spire","StSLib","The Cursed"],"gold_per_floor":[119,130,29,41,41,41,41,53,80,106,133,170,182,210,222,234,246,358,370,307,307],"floor_reached":20,"language":"ZHS","playtime":1594,"items_purged":[],"score":164,"play_id":"5f970116-8232-4039-bd21-95819a4935bd","local_time":"20210123135835","is_ascension_mode":false,"campfire_choices":[{"data":"Massacre","floor":6.0,"key":"SMITH"},{"data":"ReplayTheSpireMod:LeadingStrike","floor":17.0,"key":"SMITH"}],"circlet_count":0,"master_deck":["Strike_R","Strike_R","Strike_R","Strike_R","Strike_R","Defend_R","Defend_R","Defend_R","Defend_R","Bash","Massacre+1","Armaments","Metallicize","Impervious","ReplayTheSpireMod:LeadingStrike+1","Headbutt","Clothesline","Impervious"],"relics":["Burning Blood","ReplayTheSpireMod:Ring of Addiction","Ring of Hypnosis","Chameleon Ring","Toy Ornithopter","MawBank","Odd Mushroom","bronze:MakeshiftBattery"],"acts_visited":["Exordium","TheCity"],"potions_floor_usage":[],"damage_taken":[{"damage":2.0,"enemies":"Cultist","floor":1.0,"turns":5.0},{"damage":8.0,"enemies":"Small Slimes","floor":2.0,"turns":5.0},{"damage":3.0,"enemies":"2 Louse","floor":4.0,"turns":3.0},{"damage":0.0,"enemies":"Exordium Wildlife","floor":8.0,"turns":1.0},{"damage":2.0,"enemies":"3 Louse","floor":10.0,"turns":5.0},{"damage":18.0,"enemies":"Large Slime","floor":11.0,"turns":8.0},{"damage":15.0,"enemies":"The Mushroom Lair","floor":12.0,"turns":6.0},{"damage":5.0,"enemies":"2 Fungi Beasts","floor":14.0,"turns":4.0},{"damage":42.0,"enemies":"The Guardian","floor":18.0,"turns":15.0},{"damage":27,"enemies":"2 Thieves","floor":20,"turns":5}],"seed_played":"376063786960966384","potions_obtained":[{"floor":5.0,"key":"Block Potion"},{"floor":5.0,"key":"Flashbang"},{"floor":8.0,"key":"SkillPotion"},{"floor":11.0,"key":"FearPotion"},{"floor":12.0,"key":"Venom Potion"},{"floor":14.0,"key":"Elixir"},{"floor":18.0,"key":"Elixir"}],"is_trial":false,"path_per_floor":["M","M","$","M","?","R","?","M","T","M","M","?","$","M","PTL","PTL","R","B",null,"M"],"character_chosen":"IRONCLAD","items_purchased":["Cursed Concoction"],"campfire_rested":0,"item_purchase_floors":[3],"current_hp_per_floor":[80,78,78,80,80,80,80,80,80,80,68,64,64,70,70,70,70,44,80,53,53],"gold":307,"neow_bonus":"","is_daily":false,"chose_seed":false,"campfire_upgraded":2,"win_rate":0.0,"timestamp":1611381515,"path_taken":["M","M","$","M","?","R","?","?","T","M","?","?","?","M","PTL","PTL","R","BOSS","M"],"items_purchased_type":["Potion"],"build_version":"2020-12-22","purchased_purges":0,"victory":false,"max_hp_per_floor":[80,80,80,80,80,80,80,80,80,80,80,80,80,80,80,80,80,80,80,80,80],"card_choices":[{"not_picked":["Headbutt","Perfected Strike"],"picked":"Massacre","floor":1.0},{"not_picked":["Twin Strike","Battle Trance"],"picked":"Armaments","floor":2.0},{"not_picked":["Perfected Strike","Fire Breathing","Thunderclap"],"picked":"SKIP","floor":4.0},{"not_picked":["Anger","Rage"],"picked":"Metallicize","floor":8.0},{"not_picked":["ReplayTheSpireMod:Strike From Hell","Clash"],"picked":"Impervious","floor":10.0},{"not_picked":["Sword Boomerang","Body Slam"],"picked":"ReplayTheSpireMod:LeadingStrike","floor":11.0},{"not_picked":["Reckless Charge","Warcry"],"picked":"Headbutt","floor":12.0},{"not_picked":["ReplayTheSpireMod:Strike From Hell","Perfected Strike"],"picked":"Clothesline","floor":14.0},{"not_picked":["Corruption","Double Tap"],"picked":"Impervious","floor":18.0}],"player_experience":0,"relics_obtained":[{"floor":5.0,"key":"ReplayTheSpireMod:Ring of Addiction"},{"floor":5.0,"key":"Ring of Hypnosis"},{"floor":5.0,"key":"Chameleon Ring"},{"floor":5.0,"key":"Toy Ornithopter"},{"floor":9.0,"key":"MawBank"},{"floor":12.0,"key":"Odd Mushroom"}],"event_choices":[{"damage_healed":0.0,"max_hp_gain":0.0,"max_hp_loss":0.0,"gold_gain":0.0,"event_name":"Lab","player_choice":"Got Potions","floor":7.0,"gold_loss":0.0,"damage_taken":0.0},{"damage_healed":0.0,"max_hp_gain":0.0,"max_hp_loss":0.0,"gold_gain":0.0,"event_name":"Mushrooms","player_choice":"Fought Mushrooms","floor":12.0,"gold_loss":0.0,"damage_taken":0.0}],"is_beta":false,"boss_relics":[{"not_picked":["ChewingGum","Velvet Choker"],"picked":"bronze:MakeshiftBattery"}],"items_purged_floors":[],"is_endless":false,"potions_floor_spawned":[8,11,12,14,18],"killed_by":"2 Thieves","ascension_level":0}}