{"host":"51f0ad793vly1w6u","time":1611410954,"event":{"mods":["BaseMod","Colored Map","DeckTracker","Minty Spire (QoL Compilation)","Replay The Spire","StSLib","SuperFastMode"],"gold_per_floor":[118,128,46,63,77,77,93,121,121,121,46,56,56,56,56,153,153,168,93,104,104,51,51,150,181,204,204,204,214,224,238,238,342,342,357,412,412,428,448,448,480,480,503,514,514,547,565,575,575,575,575,575,64,132,132,132],"floor_reached":55,"language":"KOR","playtime":1743,"items_purged":["Strike_B","Languid"],"score":914,"play_id":"d1ad3308-5f9f-4521-bb2f-2e1c73d04f74","local_time":"20210123230914","is_ascension_mode":false,"campfire_choices":[{"data":"Capacitor","floor":6,"key":"SMITH"},{"data":"Zap","floor":10,"key":"SMITH"},{"floor":15,"key":"REST"},{"data":"Chaos","floor":23,"key":"SMITH"},{"data":"FIFO Queue","floor":28,"key":"SMITH"},{"floor":32,"key":"REST"},{"data":"Blizzard","floor":40,"key":"SMITH"},{"data":"Buffer","floor":42,"key":"SMITH"},{"data":"Turbo","floor":45,"key":"SMITH"},{"data":"Coolheaded","floor":49,"key":"SMITH"},{"data":"Turbo","floor":52,"key":"SMITH"}],"circlet_count":0,"master_deck":["Zap+1","Dualcast","Panic Button","Capacitor+1","Barrage","Auto Shields","Ball Lightning","Cold Snap","All For One","Glacier+1","Ball Lightning","Chaos+1","Coolheaded+1","FIFO Queue+1","Turbo+1","ReplayTheSpireMod:Calculation Training+1","Biased Cognition","Buffer+1","Sweeping Beam","FTL","Turbo+1","ReplayRNGCard","Coolheaded+1","ReplayTheSpireMod:System Scan+1","Blizzard+1","Barrage+1","Thunder Strike+1","Conserve Battery+1","Pot Of Greed","Pot Of Greed","Pot Of Greed"],"relics":["Cracked Core","NeowsBlessing","Odd Mushroom","Matryoshka","Replay:Mystery Machine","Sozu","Centennial Puzzle","Eternal Feather","Nunchaku","Ring of Peace","Pandora\u0027s Box","CaptainsWheel","Gremlin Food","Oddly Smooth Stone","CeramicFish","Replay:Baseball","Replay:Frozen Program","Replay:Antivirus Software","Grinning Jar"],"acts_visited":["Exordium","TheCity","TheBeyond","TheEnding"],"potions_floor_usage":[8,16,41,50],"damage_taken":[{"damage":0,"enemies":"Cultist","floor":1,"turns":1},{"damage":0,"enemies":"Jaw Worm","floor":2,"turns":1},{"damage":0,"enemies":"Small Slimes","floor":4,"turns":1},{"damage":31,"enemies":"Exordium Thugs","floor":5,"turns":6},{"damage":4,"enemies":"2 Fungi Beasts","floor":7,"turns":3},{"damage":17,"enemies":"The Mushroom Lair","floor":8,"turns":4},{"damage":5,"enemies":"Looter","floor":12,"turns":2},{"damage":30,"enemies":"Fading Forest","floor":16,"turns":11},{"damage":0,"enemies":"Spheric Guardian","floor":18,"turns":4},{"damage":8,"enemies":"2 Thieves","floor":20,"turns":3},{"damage":35,"enemies":"Replay:Snechameleon","floor":25,"turns":7},{"damage":10,"enemies":"Snake Plant","floor":29,"turns":5},{"damage":0,"enemies":"Snecko","floor":30,"turns":4},{"damage":0,"enemies":"Shelled Parasite and Fungi","floor":31,"turns":6},{"damage":8,"enemies":"Pondfish","floor":33,"turns":13},{"damage":0,"enemies":"Orb Walker","floor":35,"turns":4},{"damage":21,"enemies":"2 Orb Walkers","floor":36,"turns":7},{"damage":12,"enemies":"3 Darklings","floor":38,"turns":7},{"damage":5,"enemies":"Writhing Mass","floor":39,"turns":6},{"damage":32,"enemies":"Reptomancer","floor":41,"turns":8},{"damage":0,"enemies":"Spire Growth","floor":44,"turns":5},{"damage":0,"enemies":"Giant Head","floor":46,"turns":9},{"damage":0,"enemies":"4 Shapes","floor":47,"turns":5},{"damage":11,"enemies":"3 Darklings","floor":48,"turns":5},{"damage":29,"enemies":"Awakened One","floor":50,"turns":11},{"damage":39,"enemies":"Shield and Spear","floor":54,"turns":6},{"damage":38,"enemies":"The Heart","floor":55,"turns":5}],"seed_played":"1830393151138079985","potions_obtained":[{"floor":4,"key":"BlessingOfTheForge"},{"floor":5,"key":"Elixir"},{"floor":7,"key":"PowerPotion"},{"floor":12,"key":"SteroidPotion"}],"is_trial":false,"path_per_floor":["M","M","$","M","M","R","M","?","T","R","$","M","?","?","R","B",null,"M","?","M","?","$","R","?","E","T","?","R","M","M","M","R","B",null,"M","?","?","M","M","R","E","R","T","M","R","E","M","M","R","B",null,"R","$","E","B"],"character_chosen":"DEFECT","items_purchased":["Capacitor","Coolheaded","Replay:Frozen Program","Thunder Strike+1","Replay:Antivirus Software"],"campfire_rested":2,"item_purchase_floors":[3,22,53,53,53],"current_hp_per_floor":[75,75,75,75,44,44,40,23,23,23,23,18,43,36,58,38,75,75,75,67,67,67,67,67,32,32,32,44,34,34,34,68,60,75,75,54,75,63,58,73,41,56,56,56,71,71,71,60,75,46,75,75,75,36,0,0],"gold":132,"neow_bonus":"THREE_ENEMY_KILL","is_daily":false,"chose_seed":false,"campfire_upgraded":9,"win_rate":0.0,"timestamp":1611410954,"path_taken":["M","M","$","M","?","R","M","?","T","R","?","M","?","?","R","BOSS","M","?","M","?","$","R","?","E","T","?","R","M","?","M","R","BOSS","M","?","?","M","?","R","E","R","T","M","R","E","?","M","R","BOSS","R","$","E","BOSS"],"items_purchased_type":["Card","Card","Relic","Card","Relic"],"build_version":"2020-12-22","purchased_purges":2,"victory":false,"max_hp_per_floor":[75,75,75,75,75,75,75,75,75,75,75,75,75,75,75,75,75,75,75,75,75,75,75,75,75,75,75,75,75,75,75,75,75,75,75,75,75,75,75,75,75,75,75,75,75,75,75,75,75,75,75,75,75,75,75,75],"card_choices":[{"not_picked":["Leap","Turbo"],"picked":"Panic Button","floor":1},{"not_picked":["Reprogram","Loop","Crystallizer"],"picked":"SKIP","floor":2},{"not_picked":["Conserve Battery","Compile Driver"],"picked":"Barrage","floor":4},{"not_picked":["Fusion","Time Bomb"],"picked":"Auto Shields","floor":5},{"not_picked":["Genetic Algorithm","Gash"],"picked":"Ball Lightning","floor":7},{"not_picked":["Panic Button","Redo"],"picked":"Cold Snap","floor":12},{"not_picked":["Mirror Shield","Meteor Strike"],"picked":"All For One","floor":16},{"not_picked":["Go for the Eyes","BasicCrystalCard"],"picked":"Glacier+1","floor":18},{"not_picked":["Leap+1","Sweeping Beam"],"picked":"Ball Lightning","floor":20},{"not_picked":["Steam Power","Go for the Eyes"],"picked":"FIFO Queue","floor":25},{"not_picked":["Go for the Eyes","Storm"],"picked":"Turbo","floor":29},{"not_picked":["Barrage","Compile Driver+1"],"picked":"ReplayTheSpireMod:Calculation Training+1","floor":30},{"not_picked":["Stack+1","Doom and Gloom","Machine Learning"],"picked":"SKIP","floor":31},{"not_picked":["Multi-Cast","ReplayTheSpireMod:Omega Cannon"],"picked":"Biased Cognition","floor":33},{"not_picked":["Reprogram","Steam+1"],"picked":"Coolheaded+1","floor":35},{"not_picked":["Steam","Streamline"],"picked":"ReplayTheSpireMod:System Scan+1","floor":36},{"not_picked":["Blizzard","Leap+1","Coolheaded"],"picked":"SKIP","floor":38},{"not_picked":["Leap+1","Coolheaded"],"picked":"Blizzard","floor":38},{"not_picked":["ReplayRNGCard","Compile Driver+1"],"picked":"Barrage+1","floor":39},{"not_picked":["ReplayTheSpireMod:System Scan","Fusion+1","Go for the Eyes"],"picked":"SKIP","floor":41},{"not_picked":["Sweeping Beam+1","Gash+1","Streamline+1"],"picked":"SKIP","floor":44},{"not_picked":["Turbo","FIFO Queue","ReplayTheSpireMod:System Scan+1"],"picked":"SKIP","floor":46},{"not_picked":["Time Bomb","Stack+1","Self Repair"],"picked":"SKIP","floor":47},{"not_picked":["Beam Cell+1","Compile Driver+1","Hello World+1"],"picked":"SKIP","floor":48},{"not_picked":["ReplaySolidLightProjector","Ball Lightning+1"],"picked":"Conserve Battery+1","floor":54}],"player_experience":1413400,"relics_obtained":[{"floor":8,"key":"Odd Mushroom"},{"floor":9,"key":"Matryoshka"},{"floor":25,"key":"Centennial Puzzle"},{"floor":26,"key":"Eternal Feather"},{"floor":26,"key":"Nunchaku"},{"floor":27,"key":"Ring of Peace"},{"floor":36,"key":"CaptainsWheel"},{"floor":41,"key":"Gremlin Food"},{"floor":43,"key":"Oddly Smooth Stone"},{"floor":43,"key":"CeramicFish"},{"floor":46,"key":"Replay:Baseball"},{"floor":54,"key":"Grinning Jar"}],"event_choices":[{"damage_healed":0,"gold_gain":0,"player_choice":"Fought Mushrooms","damage_taken":0,"max_hp_gain":0,"max_hp_loss":0,"event_name":"Mushrooms","floor":8,"gold_loss":0},{"damage_healed":25,"gold_gain":0,"player_choice":"Banana","damage_taken":0,"max_hp_gain":0,"max_hp_loss":0,"event_name":"Big Fish","floor":13,"gold_loss":0},{"damage_healed":0,"gold_gain":0,"player_choice":"Success","damage_taken":7,"relics_obtained":["Replay:Mystery Machine"],"max_hp_gain":0,"max_hp_loss":0,"event_name":"Scrap Ooze","floor":14,"gold_loss":0},{"cards_removed":["Defend_B"],"damage_healed":0,"gold_gain":0,"player_choice":"Gave Gold","damage_taken":0,"max_hp_gain":0,"max_hp_loss":0,"event_name":"Beggar","floor":19,"gold_loss":75},{"damage_healed":0,"gold_gain":0,"player_choice":"Read","damage_taken":0,"max_hp_gain":0,"max_hp_loss":0,"event_name":"The Library","floor":21,"gold_loss":0,"cards_obtained":["Chaos"]},{"damage_healed":0,"gold_gain":99,"player_choice":"Stole From Cult","damage_taken":0,"max_hp_gain":0,"max_hp_loss":0,"event_name":"Nest","floor":24,"gold_loss":0},{"damage_healed":0,"gold_gain":0,"player_choice":"Fight","damage_taken":0,"max_hp_gain":0,"max_hp_loss":0,"event_name":"Mysterious Sphere","floor":36,"gold_loss":0},{"cards_removed":["ReplaySort"],"damage_healed":21,"gold_gain":0,"player_choice":"Offered Uncommon","damage_taken":0,"max_hp_gain":0,"max_hp_loss":0,"event_name":"Bonfire Elementals","floor":37,"gold_loss":0}],"is_beta":false,"boss_relics":[{"not_picked":["Empty Cage","Velvet Choker"],"picked":"Sozu"},{"not_picked":["ChewingGum","Nuclear Battery"],"picked":"Pandora\u0027s Box"}],"items_purged_floors":[11,53],"is_endless":false,"potions_floor_spawned":[4,5,7,12,18,30,31,33,35,38,47,48],"killed_by":"The Heart","ascension_level":0}}