{"host":"ooe12lh8pgcirntb","time":1611385112,"event":{"mods":["AchievementEnabler","Act Like it!","Bard","BaseMod","Beaked The Cultist","ChefMod","Colored Map","Colored Powertips","Minty Spire (QoL Compilation)","StSLib","The Animator","The Blackbeard","The Bug Knight","The Construct","The Cursed","The Disciple","The Hierophant","The Problem Sleuth","TheVacant"],"gold_per_floor":[127,127,45,45,61,90,90,122,122,15,15,31,31,55,55,151,151,166,166,17,27,41,41,41,90,90,90,114,135,135,170,170,271,271,287,321,345,361,381,381,395,437,461,461,0,0,0,35,35,39,39,39,39,39,76,80],"floor_reached":57,"language":"ENG","playtime":9587,"items_purged":[],"score":1307,"play_id":"c7a2870a-6c6e-4d3b-86b8-82a56e118cc5","local_time":"20210123015832","is_ascension_mode":false,"campfire_choices":[{"data":"1","floor":7,"key":"LIFT"},{"data":"animator:GazelDwargon","floor":11,"key":"SMITH"},{"data":"2","floor":13,"key":"LIFT"},{"data":"3","floor":15,"key":"LIFT"},{"data":"animator:Defend_Konosuba","floor":23,"key":"SMITH"},{"floor":27,"key":"RECALL"},{"data":"animator:Sora","floor":30,"key":"SMITH"},{"data":"animator:Darkness","floor":32,"key":"SMITH"},{"data":"animator:Saitama","floor":40,"key":"SMITH"},{"floor":46,"key":"REST"},{"data":"animator:HigakiRinne","floor":49,"key":"SMITH"},{"data":"animator:Cocytus","floor":52,"key":"SMITH"}],"circlet_count":0,"master_deck":["animator:Strike_Konosuba","animator:Defend_Konosuba+1","animator:Strike","animator:Strike","animator:Strike+1","animator:Defend+1","animator:Defend","animator:Defend","animator:Kazuma","animator:Aqua","animator:Shion","animator:Kaijin","animator:Mitsuba","animator:Entoma+13","animator:Megumin+15","animator:GazelDwargon+1","animator:IzunaHatsuse","animator:Sora+1","animator:HiiragiShinya+1","animator:Chris","animator:GazelDwargon+1","animator:Lu+1","animator:Cocytus+1","animator:Darkness+1","animator:Saitama+1","CurseOfTheBell","animator:FielNirvalen+1","animator:Spearman+1","animator:CrowleyEusford+1","animator:Hakurou+1","animator:Kaijin","animator:ElricEdward+1","animator:HigakiRinne+1","animator:Canti+1","animator:Benimaru+1","animator:Rimuru"],"relics":["animator:LivingPicture","animator:TheMissingPiece","animator:PurgingStone","NeowsBlessing","Girya","Anchor","Blue Candle","beaked:MawFillet","Red Skull","FossilizedHelix","beaked:ShinyBauble","Calling Bell","Omamori","Matryoshka","Bird Faced Urn","Molten Egg 2","Centennial Puzzle","Oddly Smooth Stone","Strawberry","Red Mask","Mummified Hand"],"acts_visited":["Exordium","TheCity","TheBeyond","TheEnding"],"potions_floor_usage":[16,16,33,33,33,33,39,42,50,50,56],"damage_taken":[{"damage":0,"enemies":"Small Slimes","floor":1,"turns":1},{"damage":0,"enemies":"Cultist","floor":5,"turns":1},{"damage":0,"enemies":"3 Sentries","floor":6,"turns":2},{"damage":0,"enemies":"Jaw Worm","floor":8,"turns":3},{"damage":0,"enemies":"Blue Slaver","floor":12,"turns":5},{"damage":33,"enemies":"Hexaghost","floor":16,"turns":13},{"damage":3,"enemies":"Shell Parasite","floor":18,"turns":7},{"damage":0,"enemies":"Cultist and Chosen","floor":21,"turns":7},{"damage":0,"enemies":"Snecko","floor":22,"turns":7},{"damage":1,"enemies":"Gremlin Leader","floor":25,"turns":9},{"damage":0,"enemies":"Centurion and Healer","floor":28,"turns":7},{"damage":0,"enemies":"Shelled Parasite and Fungi","floor":29,"turns":6},{"damage":0,"enemies":"3 Cultists","floor":31,"turns":5},{"damage":0,"enemies":"Automaton","floor":33,"turns":9},{"damage":0,"enemies":"3 Shapes","floor":35,"turns":1},{"damage":22,"enemies":"HollowMod:StalkingDevout","floor":36,"turns":8},{"damage":0,"enemies":"Orb Walker","floor":37,"turns":6},{"damage":6,"enemies":"Sphere and 2 Shapes","floor":38,"turns":3},{"damage":0,"enemies":"3 Darklings","floor":39,"turns":3},{"damage":25,"enemies":"Spire Growth","floor":41,"turns":5},{"damage":40,"enemies":"Nemesis","floor":42,"turns":9},{"damage":4,"enemies":"Writhing Mass","floor":48,"turns":4},{"damage":57,"enemies":"Time Eater","floor":50,"turns":10},{"damage":26,"enemies":"Shield and Spear","floor":55,"turns":5},{"damage":89,"enemies":"The Heart","floor":56,"turns":9}],"seed_played":"-6857477135745683894","potions_obtained":[{"floor":6,"key":"SpeedPotion"},{"floor":12,"key":"Block Potion"},{"floor":16,"key":"Block Potion"},{"floor":19,"key":"SkillPotion"},{"floor":19,"key":"EntropicBrew"},{"floor":21,"key":"CultistPotion"},{"floor":38,"key":"DistilledChaos"},{"floor":41,"key":"SkillPotion"},{"floor":42,"key":"SkillPotion"},{"floor":48,"key":"animator:GrowthPotion"},{"floor":55,"key":"DistilledChaos"}],"is_trial":false,"path_per_floor":["M","?","$","?","M","E","R","M","T","$","R","M","R","T","R","B",null,"M","?","$","M","M","R","?","E","T","R","M","M","R","M","R","B",null,"M","E","M","M","M","R","M","E","T","?","?","R","?","M","R","B",null,"R","??","$","E","B",null],"character_chosen":"THE_ANIMATOR","items_purchased":["animator:Kaijin","animator:GazelDwargon","animator:IzunaHatsuse","Red Skull"],"campfire_rested":1,"item_purchase_floors":[3,10,10,20],"current_hp_per_floor":[66,66,66,54,54,56,56,60,60,60,60,64,64,64,64,35,72,71,71,71,75,76,76,76,79,79,79,81,83,83,85,85,85,85,85,69,81,82,84,84,69,45,52,40,40,69,69,69,69,28,99,99,99,99,78,7],"gold":80,"neow_bonus":"THREE_ENEMY_KILL","is_daily":false,"chose_seed":false,"campfire_upgraded":7,"win_rate":0.0,"timestamp":1611385112,"path_taken":["M","?","?","?","M","E","R","M","T","$","R","M","R","?","R","BOSS","M","?","?","M","M","R","?","E","T","R","M","M","R","?","R","BOSS","M","E","?","M","M","R","M","E","T","?","?","R","?","M","R","BOSS","R","??","$","E","BOSS"],"items_purchased_type":["Card","Card","Card","Relic"],"build_version":"2020-12-22","purchased_purges":0,"victory":true,"max_hp_per_floor":[66,66,66,66,66,66,66,68,68,68,68,70,70,70,70,72,72,74,74,74,76,77,77,77,79,79,79,81,83,83,85,85,85,85,85,87,87,88,88,88,90,92,99,99,99,99,99,99,99,99,99,99,99,99,102,102],"card_choices":[{"not_picked":["animator:DwarfShaman","animator:Demiurge"],"picked":"animator:Shion","floor":1},{"not_picked":["animator:Shigure","animator:Kazuma"],"picked":"animator:Mitsuba","floor":5},{"not_picked":["animator:Demiurge","animator:Mitsuba"],"picked":"animator:Entoma","floor":6},{"not_picked":["animator:Vanir","animator:Aqua"],"picked":"animator:Megumin","floor":8},{"not_picked":["animator:DolaRiku","animator:Geryuganshoop"],"picked":"animator:Megumin","floor":12},{"not_picked":["animator:Father","animator:FeridBathory"],"picked":"animator:Sora","floor":16},{"not_picked":["animator:Millim","animator:Shuna+1"],"picked":"animator:Megumin","floor":18},{"not_picked":["animator:DolaCouronne","animator:Millim"],"picked":"animator:HiiragiShinya+1","floor":21},{"not_picked":["animator:Verdia","animator:Aqua"],"picked":"animator:Chris","floor":22},{"not_picked":["animator:Benimaru","animator:RoyMustang"],"picked":"animator:Lu+1","floor":25},{"not_picked":["animator:ElricAlphonse","animator:ElricEdward"],"picked":"animator:Cocytus","floor":28},{"not_picked":["animator:Spearman","animator:Yuuichirou","animator:Shion"],"picked":"SKIP","floor":29},{"not_picked":["animator:Hans","animator:Verdia"],"picked":"animator:Darkness","floor":31},{"not_picked":["animator:GoblinSlayer","animator:Shiro"],"picked":"animator:Saitama","floor":33},{"not_picked":["animator:Genos","animator:Melzalgald"],"picked":"animator:FielNirvalen+1","floor":35},{"not_picked":["animator:Shigure+1","animator:GuildGirl+1"],"picked":"animator:Spearman+1","floor":36},{"not_picked":["animator:PandorasActor","animator:Cocytus+1"],"picked":"animator:CrowleyEusford+1","floor":37},{"not_picked":["animator:Souei","animator:Shion+1"],"picked":"animator:Hakurou+1","floor":38},{"not_picked":["animator:Raven+1","animator:DolaSchwi+1"],"picked":"animator:Kaijin","floor":39},{"not_picked":["animator:DolaSchwi+1","animator:NarberalGamma","animator:Shion+1"],"picked":"SKIP","floor":41},{"not_picked":["animator:KrulTepes+1","animator:DolaRiku"],"picked":"animator:ElricEdward+1","floor":42},{"not_picked":["animator:Patchouli+1","animator:LimeBell"],"picked":"animator:Canti+1","floor":47},{"not_picked":["animator:Kaijin","animator:Shion+1"],"picked":"animator:Benimaru+1","floor":48},{"not_picked":["animator:MetalKnight+1","animator:Mitsuba+1"],"picked":"animator:Rimuru","floor":55}],"player_experience":609298,"relics_obtained":[{"floor":6,"key":"Anchor"},{"floor":9,"key":"Blue Candle"},{"floor":25,"key":"FossilizedHelix"},{"floor":26,"key":"beaked:ShinyBauble"},{"floor":34,"key":"Omamori"},{"floor":34,"key":"Matryoshka"},{"floor":34,"key":"Bird Faced Urn"},{"floor":36,"key":"Molten Egg 2"},{"floor":42,"key":"Centennial Puzzle"},{"floor":43,"key":"Oddly Smooth Stone"},{"floor":43,"key":"Strawberry"},{"floor":55,"key":"Mummified Hand"}],"event_choices":[{"damage_healed":0,"gold_gain":0,"player_choice":"Ignored","damage_taken":0,"max_hp_gain":0,"max_hp_loss":0,"event_name":"Purifier","floor":2,"gold_loss":0},{"damage_healed":0,"gold_gain":0,"player_choice":"Success","damage_taken":12,"relics_obtained":["Girya"],"max_hp_gain":0,"max_hp_loss":0,"event_name":"Scrap Ooze","floor":4,"gold_loss":0},{"damage_healed":0,"gold_gain":0,"player_choice":"Got Potions","damage_taken":0,"max_hp_gain":0,"max_hp_loss":0,"event_name":"Lab","floor":19,"gold_loss":0},{"damage_healed":0,"gold_gain":0,"player_choice":"Copied","damage_taken":0,"max_hp_gain":0,"max_hp_loss":0,"event_name":"Duplicator","floor":24,"gold_loss":0,"cards_obtained":["animator:GazelDwargon"]},{"damage_healed":0,"gold_gain":0,"player_choice":"Embrace Madness","damage_taken":12,"max_hp_gain":0,"max_hp_loss":0,"event_name":"Winding Halls","floor":44,"gold_loss":0,"cards_obtained":["animator:HigakiRinne"]},{"damage_healed":0,"gold_gain":0,"player_choice":"Paid","damage_taken":0,"relics_obtained":["Red Mask"],"max_hp_gain":0,"max_hp_loss":0,"event_name":"Tomb of Lord Red Mask","floor":45,"gold_loss":461},{"damage_healed":0,"gold_gain":0,"player_choice":"Memory 1","damage_taken":0,"max_hp_gain":0,"max_hp_loss":0,"event_name":"SensoryStone","floor":47,"gold_loss":0}],"is_beta":false,"boss_relics":[{"not_picked":["Busted Crown","Velvet Choker"],"picked":"beaked:MawFillet"},{"not_picked":["construct:ClawGrip","Empty Cage"],"picked":"Calling Bell"}],"items_purged_floors":[],"is_endless":false,"potions_floor_spawned":[6,12,16,21,31,38,41,42,48,55],"ascension_level":0}}