{"host":"7k2a2omxz3voj5ax","time":1611367071,"event":{"mods":["BaseMod","Marisa£¨ìFÓê¡¡Ä§ÀíÉ³£©","Minty Spire (QoL Compilation)","Quick Restart","Spicy Shops","StSLib","Starting Relic: Pandora\u0027s Box","¡¾ÒÅÎï¿¨ÅÆ¡¿REMEMod","óô»ðÖ¸ÄÏ"],"gold_per_floor":[115,134,59,59,75,75,125,125,125],"floor_reached":8,"language":"ZHS","playtime":354,"items_purged":[],"score":92,"play_id":"403e397b-074b-4172-8715-22427b4c3d85","local_time":"20210123105751","is_ascension_mode":true,"campfire_choices":[{"floor":6.0,"key":"REST"}],"circlet_count":0,"master_deck":["AscendersBane","UpSweep","OneTimeOff","ShootingEcho","SporeBomb","ManaConvection","DeepEcoloBomb","IllusionStar","DarkSpark","Singularity","FinalSpark"],"relics":["MiniHakkero","REME_ComplimentaryCards"],"acts_visited":["Exordium"],"potions_floor_usage":[],"damage_taken":[{"damage":0.0,"enemies":"Cultist","floor":1.0,"turns":2.0},{"damage":12.0,"enemies":"Jaw Worm","floor":2.0,"turns":2.0},{"damage":20.0,"enemies":"2 Louse","floor":5.0,"turns":3.0},{"damage":0,"enemies":"3 Sentries","floor":8,"turns":1}],"seed_played":"-947508518073429548","potions_obtained":[{"floor":1.0,"key":"Energy Potion"},{"floor":5.0,"key":"REME_GoldPotion"}],"is_trial":false,"path_per_floor":["M","M","?","?","M","R","?","E"],"character_chosen":"MARISA","items_purchased":[],"campfire_rested":1,"item_purchase_floors":[],"current_hp_per_floor":[45,33,33,38,18,40,33,33,33],"gold":125,"neow_bonus":"TRANSFORM_TWO_CARDS","is_daily":false,"chose_seed":false,"campfire_upgraded":0,"win_rate":0.0,"timestamp":1611367071,"path_taken":["M","M","?","?","M","R","?","E"],"items_purchased_type":[],"build_version":"2020-12-22","purchased_purges":0,"victory":false,"max_hp_per_floor":[70,70,70,75,75,75,75,75,75],"card_choices":[{"not_picked":["ShootingEcho","MysteriousBeam","GravityBeat"],"picked":"SKIP","floor":1.0},{"not_picked":["Acceleration","ChargeUpSpray","LuminesStrike"],"picked":"SKIP","floor":2.0},{"not_picked":["MagicChant","MysteriousBeam","Occultation"],"picked":"SKIP","floor":5.0}],"player_experience":474061,"relics_obtained":[],"event_choices":[{"cards_removed":["DarkSpark"],"damage_healed":0.0,"max_hp_gain":0.0,"max_hp_loss":0.0,"gold_gain":0.0,"event_name":"The Cleric","player_choice":"Card Removal","floor":3.0,"gold_loss":75.0,"damage_taken":0.0},{"damage_healed":0.0,"max_hp_gain":5.0,"max_hp_loss":0.0,"gold_gain":0.0,"event_name":"Big Fish","player_choice":"Donut","floor":4.0,"gold_loss":0.0,"damage_taken":0.0},{"damage_healed":0,"gold_gain":50,"player_choice":"Touch","damage_taken":7,"max_hp_gain":0,"max_hp_loss":0,"event_name":"FaceTrader","floor":7,"gold_loss":0}],"is_beta":false,"boss_relics":[],"items_purged_floors":[],"is_endless":false,"potions_floor_spawned":[1,5],"killed_by":"3 Sentries","ascension_level":20}}