{"host":"qik6c64y69p9jmph","time":1611365058,"event":{"mods":["AchievementEnabler","BaseMod","Highlight Path","Minty Spire (QoL Compilation)","Quick Restart","StSLib","Synergy Search"],"gold_per_floor":[112,62,75,75,86,115,115,132,132,82,110,123,135,149,149,253,253,266,266,266,191,205,205,205],"floor_reached":23,"language":"ENG","playtime":956,"items_purged":["Decay"],"score":316,"play_id":"d199ac87-52a0-4c0e-87c0-8b81440eadf7","local_time":"20210122202418","is_ascension_mode":true,"campfire_choices":[{"floor":7,"key":"REST"},{"floor":15,"key":"REST"}],"circlet_count":0,"master_deck":["Strike_P+1","Strike_P+1","Strike_P+1","Defend_P+1","Defend_P+1","Defend_P+1","Defend_P+1","Eruption+1","Vigilance+1","LessonLearned+1","ThirdEye","MasterReality+1","BowlingBash","PathToVictory","EmptyBody+1","Blasphemy","Necronomicurse","PathToVictory+1"],"relics":["PureWater","Letter Opener","Blue Candle","Strawberry","SlaversCollar","Necronomicon"],"acts_visited":["Exordium","TheCity"],"potions_floor_usage":[3,6,18,22,23],"damage_taken":[{"damage":7,"enemies":"Small Slimes","floor":1,"turns":5},{"damage":0,"enemies":"Jaw Worm","floor":3,"turns":5},{"damage":0,"enemies":"Cultist","floor":5,"turns":2},{"damage":28,"enemies":"Gremlin Nob","floor":6,"turns":4},{"damage":7,"enemies":"Gremlin Gang","floor":8,"turns":3},{"damage":12,"enemies":"3 Sentries","floor":11,"turns":5},{"damage":9,"enemies":"2 Fungi Beasts","floor":12,"turns":3},{"damage":5,"enemies":"Looter","floor":13,"turns":4},{"damage":0,"enemies":"Large Slime","floor":14,"turns":2},{"damage":0,"enemies":"Slime Boss","floor":16,"turns":7},{"damage":5,"enemies":"Spheric Guardian","floor":18,"turns":4},{"damage":13,"enemies":"3 Byrds","floor":22,"turns":5},{"damage":39,"enemies":"Slavers","floor":23,"turns":4}],"seed_played":"-7384491327540039273","potions_obtained":[{"floor":1,"key":"BlessingOfTheForge"},{"floor":5,"key":"DistilledChaos"},{"floor":16,"key":"Swift Potion"},{"floor":22,"key":"FearPotion"}],"is_trial":false,"path_per_floor":["M","?","M","?","M","E","R","M","T","$","E","M","M","M","R","B",null,"M","?","?","$","M","E"],"character_chosen":"WATCHER","items_purchased":["Block Potion"],"campfire_rested":2,"item_purchase_floors":[10],"current_hp_per_floor":[65,65,65,65,65,37,58,51,51,51,46,37,32,32,55,55,73,68,68,52,52,39,0,0],"gold":205,"neow_bonus":"THREE_RARE_CARDS","is_daily":false,"chose_seed":false,"campfire_upgraded":0,"win_rate":0.0,"timestamp":1611365058,"path_taken":["M","?","M","?","M","E","R","M","T","$","E","?","?","M","R","BOSS","M","?","?","$","M","E"],"items_purchased_type":["Potion"],"build_version":"2020-12-22","purchased_purges":1,"victory":false,"max_hp_per_floor":[72,72,72,72,72,72,72,72,72,72,79,79,79,79,79,79,79,79,79,79,79,79,79,79],"card_choices":[{"not_picked":["Judgement","Vault"],"picked":"LessonLearned","floor":0},{"not_picked":["SandsOfTime","JustLucky"],"picked":"ThirdEye","floor":1},{"not_picked":["FlyingSleeves","SandsOfTime","Consecrate"],"picked":"SKIP","floor":3},{"not_picked":["EmptyBody","FlurryOfBlows"],"picked":"BowlingBash","floor":5},{"not_picked":["EmptyFist","Perseverance"],"picked":"PathToVictory","floor":6},{"not_picked":["Vengeance","Meditate","Pray"],"picked":"SKIP","floor":8},{"not_picked":["Sanctity","Scrawl","SashWhip"],"picked":"SKIP","floor":11},{"not_picked":["Crescendo","Evaluate","Wallop"],"picked":"SKIP","floor":12},{"not_picked":["Prostrate","Protect"],"picked":"EmptyBody","floor":13},{"not_picked":["SpiritShield","Consecrate","InnerPeace"],"picked":"SKIP","floor":14},{"not_picked":["Ragnarok","Wish"],"picked":"Blasphemy","floor":16},{"not_picked":["SignatureMove","Conclude+1","FlurryOfBlows"],"picked":"SKIP","floor":18},{"not_picked":["Nirvana","Worship"],"picked":"PathToVictory+1","floor":22}],"player_experience":534488,"relics_obtained":[{"floor":6,"key":"Letter Opener"},{"floor":9,"key":"Blue Candle"},{"floor":11,"key":"Strawberry"},{"floor":20,"key":"Necronomicon"}],"event_choices":[{"cards_removed":["Decay"],"damage_healed":0,"gold_gain":0,"player_choice":"Card Removal","damage_taken":0,"max_hp_gain":0,"max_hp_loss":0,"event_name":"The Cleric","floor":2,"gold_loss":50},{"damage_healed":0,"gold_gain":0,"cards_transformed":["Strike_P"],"player_choice":"Transformed","damage_taken":0,"max_hp_gain":0,"max_hp_loss":0,"event_name":"Transmorgrifier","floor":4,"gold_loss":0,"cards_obtained":["MasterReality"]},{"damage_healed":0,"gold_gain":0,"player_choice":"Smashed Altar","damage_taken":0,"max_hp_gain":0,"max_hp_loss":0,"event_name":"Forgotten Altar","floor":19,"gold_loss":0,"cards_obtained":["Decay"]},{"damage_healed":0,"gold_gain":0,"player_choice":"Obtained Book","damage_taken":16,"max_hp_gain":0,"max_hp_loss":0,"event_name":"Cursed Tome","floor":20,"gold_loss":0}],"is_beta":false,"boss_relics":[{"not_picked":["VioletLotus","SacredBark"],"picked":"SlaversCollar"}],"items_purged_floors":[21],"is_endless":false,"potions_floor_spawned":[1,5,16,22],"killed_by":"Slavers","ascension_level":5}}