{"host":"xbs6xfa3tvu21mfl","time":1611405548,"event":{"mods":["Act Like it!","BaseMod","Gensokyo","Hermit","Minty Spire (QoL Compilation)","Quick Restart","StSLib","The Runesmith"],"gold_per_floor":[116,116,132,132,152,152,196,216,216,216,229,248,272,288,288,413,413,428,283,283],"floor_reached":19,"language":"ZHS","playtime":875,"items_purged":[],"score":173,"play_id":"11b51a7c-f600-4602-94ed-6a3a35fa7cfc","local_time":"20210123203908","is_ascension_mode":false,"campfire_choices":[{"data":"hermit:Headshot","floor":6.0,"key":"SMITH"},{"floor":10.0,"key":"REST"},{"floor":15,"key":"REST"}],"circlet_count":0,"master_deck":["hermit:Strike_Hermit","hermit:Strike_Hermit","hermit:Strike_Hermit","hermit:Defend_Hermit","hermit:Defend_Hermit","hermit:Defend_Hermit","hermit:Defend_Hermit","hermit:Snapshot","hermit:Covet","hermit:TrackingShot","hermit:Headshot+1","Injury","hermit:Virtue","hermit:GoldenBullet","hermit:Feint","hermit:Ricochet+1","hermit:TakeCover","hermit:Grudge+1","hermit:SprayPray+1","hermit:Reprieve","hermit:Grudge+1"],"relics":["hermit:ClaspedLocket","NeowsBlessing","Golden Idol","StoneCalendar","Molten Egg 2","Tiny Chest"],"acts_visited":["Exordium","TheCity"],"potions_floor_usage":[12,13,16,16],"damage_taken":[{"damage":0.0,"enemies":"Cultist","floor":1.0,"turns":1.0},{"damage":0.0,"enemies":"Jaw Worm","floor":3.0,"turns":1.0},{"damage":0.0,"enemies":"Small Slimes","floor":5.0,"turns":1.0},{"damage":35.0,"enemies":"3 Sentries","floor":7.0,"turns":8.0},{"damage":10.0,"enemies":"Looter","floor":8.0,"turns":3.0},{"damage":1.0,"enemies":"Red Slaver","floor":11.0,"turns":3.0},{"damage":0,"enemies":"3 Louse","floor":12,"turns":2},{"damage":4,"enemies":"Lots of Slimes","floor":13,"turns":4},{"damage":0,"enemies":"2 Fungi Beasts","floor":14,"turns":2},{"damage":39,"enemies":"Hexaghost","floor":16,"turns":8},{"damage":10,"enemies":"Chosen","floor":18,"turns":4}],"seed_played":"-3393002191854358226","potions_obtained":[{"floor":3.0,"key":"Ancient Potion"},{"floor":8.0,"key":"hermit:Tonic"},{"floor":11.0,"key":"Explosive Potion"},{"floor":12,"key":"hermit:Tonic"},{"floor":13,"key":"LiquidMemories"},{"floor":16,"key":"Dexterity Potion"}],"is_trial":false,"path_per_floor":["M","?","M","?","M","R","E","M","T","R","M","M","M","M","R","B",null,"M","$"],"character_chosen":"HERMIT","items_purchased":["Tiny Chest"],"campfire_rested":2,"item_purchase_floors":[19],"current_hp_per_floor":[75,68,68,68,68,68,33,23,23,45,44,44,40,40,62,23,75,65,65,65],"gold":283,"neow_bonus":"THREE_ENEMY_KILL","is_daily":false,"chose_seed":false,"campfire_upgraded":1,"win_rate":0.0,"timestamp":1611405548,"path_taken":["M","?","M","?","M","R","E","M","T","R","M","M","M","M","R","BOSS","M","$"],"items_purchased_type":["Relic"],"build_version":"2020-12-22","purchased_purges":0,"victory":false,"max_hp_per_floor":[75,75,75,75,75,75,75,75,75,75,75,75,75,75,75,75,75,75,75,75],"card_choices":[{"not_picked":["hermit:Dive","hermit:Desperado"],"picked":"hermit:TrackingShot","floor":1.0},{"not_picked":["hermit:ItchyTrigger","hermit:SprayPray"],"picked":"hermit:Headshot","floor":3.0},{"not_picked":["hermit:Purgatory","hermit:LowProfile"],"picked":"hermit:Virtue","floor":5.0},{"not_picked":["hermit:WideOpen","hermit:SprayPray"],"picked":"hermit:GoldenBullet","floor":7.0},{"not_picked":["hermit:Vantage","hermit:SprayPray"],"picked":"hermit:Feint","floor":8.0},{"not_picked":["hermit:Quickdraw+1","hermit:Vantage"],"picked":"hermit:Ricochet+1","floor":11.0},{"not_picked":["hermit:WideOpen+1","hermit:Vantage"],"picked":"hermit:TakeCover","floor":12},{"not_picked":["hermit:TakeAim","hermit:Desperado+1"],"picked":"hermit:Grudge+1","floor":13},{"not_picked":["hermit:Horror","hermit:Desperado+1"],"picked":"hermit:SprayPray+1","floor":14},{"not_picked":["hermit:BlackWind+1","hermit:Dissolve"],"picked":"hermit:Reprieve","floor":16},{"not_picked":["hermit:SprayPray+1","hermit:Coalescence"],"picked":"hermit:Grudge+1","floor":18}],"player_experience":69347,"relics_obtained":[{"floor":7.0,"key":"StoneCalendar"},{"floor":9.0,"key":"Molten Egg 2"}],"event_choices":[{"cards_removed":["hermit:Strike_Hermit"],"damage_healed":0.0,"max_hp_gain":0.0,"max_hp_loss":0.0,"gold_gain":0.0,"event_name":"Golden Wing","player_choice":"Card Removal","floor":2.0,"gold_loss":0.0,"damage_taken":7.0},{"damage_healed":0.0,"max_hp_gain":0.0,"max_hp_loss":0.0,"gold_gain":0.0,"event_name":"Golden Idol","player_choice":"Take Wound","floor":4.0,"gold_loss":0.0,"damage_taken":0.0,"relics_obtained":["Golden Idol"],"cards_obtained":["Injury"]}],"is_beta":false,"boss_relics":[{"not_picked":["Busted Crown","Coffee Dripper"],"picked":"hermit:ClaspedLocket"}],"items_purged_floors":[],"is_endless":false,"potions_floor_spawned":[3,8,11,12,13,16],"ascension_level":0}}