{"host":"i4yzoangb31cseo0","time":1611413722,"event":{"mods":["AchievementEnabler","BaseMod","Colored Powertips","Curses Come First","Downfall","Hermit","Marisa????????","Minty Spire (QoL Compilation)","StSLib","The Cursed","The Necromancer","The Senshi","The Servant 0.9.4"],"gold_per_floor":[115,129,60,73,90,121,121,148,148,148,2,2,37,53,53,152,152,163,175,20,33,51,51,51,51,51,65,65,90,122,22,22,126,176,186,201,201,181,191,223,277,277,277,152,152,165,165,15,15,15],"floor_reached":51,"language":"ENG","playtime":3435,"items_purged":["Strike_R","Strike_R","Strike_R","Strike_R"],"score":771,"play_id":"fc89bfd3-d5cc-429b-853f-bbc5cc696eb1","local_time":"20210124012522","is_ascension_mode":true,"campfire_choices":[{"floor":7.0,"key":"REST"},{"floor":10.0,"key":"REST"},{"floor":15.0,"key":"REST"},{"floor":23.0,"key":"RECALL"},{"data":"Flex","floor":25.0,"key":"SMITH"},{"floor":32.0,"key":"REST"},{"floor":42,"key":"REST"},{"data":"Evolve","floor":47,"key":"SMITH"},{"floor":49,"key":"REST"}],"circlet_count":0,"master_deck":["Strike_R","Defend_R","Defend_R","Defend_R","Defend_R","Bash","Headbutt+1","Blood for Blood","Anger","Evolve+1","Hemokinesis","Fire Breathing","Pain","Intimidate","Flex+1","Immolate","Dual Wield+1","Pommel Strike","Whirlwind+1","Wild Strike","Power Through","Headbutt","Fire Breathing","Rampage+1","Anger","Armaments+1","Feed","Headbutt","Evolve+1","Offering","Blood for Blood+1","Evolve+1","Shockwave+1","Power Through+1","Infernal Blade","Fire Breathing"],"relics":["Burning Blood","NeowsBlessing","Prayer Wheel","Ornamental Fan","Thread and Needle","HandDrill","WarpedTongs","Incense Burner","Mark of Pain","Red Mask","Potion Belt","Tiny House","Centennial Puzzle","Mango","Bag of Marbles"],"acts_visited":["TheBeyond"],"potions_floor_usage":[33,33,33,39,40,50,50,50],"damage_taken":[{"damage":0.0,"enemies":"Cultist","floor":1.0,"turns":1.0},{"damage":0.0,"enemies":"Jaw Worm","floor":2.0,"turns":1.0},{"damage":0.0,"enemies":"Small Slimes","floor":4.0,"turns":1.0},{"damage":24.0,"enemies":"Exordium Thugs","floor":5.0,"turns":5.0},{"damage":34.0,"enemies":"3 Sentries","floor":6.0,"turns":8.0},{"damage":29.0,"enemies":"Gremlin Nob","floor":8.0,"turns":4.0},{"damage":27.0,"enemies":"3 Sentries","floor":13.0,"turns":5.0},{"damage":7.0,"enemies":"Large Slime","floor":14.0,"turns":5.0},{"damage":22.0,"enemies":"Slime Boss","floor":16.0,"turns":7.0},{"damage":6.0,"enemies":"2 Thieves","floor":18.0,"turns":3.0},{"damage":3.0,"enemies":"Chosen","floor":19.0,"turns":3.0},{"damage":15.0,"enemies":"Sentry and Sphere","floor":21.0,"turns":4.0},{"damage":11.0,"enemies":"3 Cultists","floor":22.0,"turns":5.0},{"damage":7.0,"enemies":"Snecko","floor":27.0,"turns":4.0},{"damage":5.0,"enemies":"Masked Bandits","floor":29.0,"turns":4.0},{"damage":33.0,"enemies":"Book of Stabbing","floor":30.0,"turns":6.0},{"damage":51,"enemies":"Collector","floor":33,"turns":7},{"damage":13,"enemies":"Orb Walker","floor":35,"turns":3},{"damage":6,"enemies":"3 Shapes","floor":36,"turns":3},{"damage":20,"enemies":"Transient","floor":39,"turns":5},{"damage":27,"enemies":"Giant Head","floor":40,"turns":8},{"damage":24,"enemies":"2 Orb Walkers","floor":41,"turns":4},{"damage":6,"enemies":"Jaw Worm Horde","floor":46,"turns":4},{"damage":61,"enemies":"Time Eater","floor":50,"turns":8}],"seed_played":"8863008148181992267","potions_obtained":[{"floor":4.0,"key":"BloodPotion"},{"floor":5.0,"key":"Strength Potion"},{"floor":8.0,"key":"SteroidPotion"},{"floor":16.0,"key":"BlessingOfTheForge"},{"floor":18.0,"key":"Dexterity Potion"},{"floor":19.0,"key":"DuplicationPotion"},{"floor":29.0,"key":"DuplicationPotion"},{"floor":33,"key":"Guardian:BlockOnCardUsePotion"},{"floor":34,"key":"Fire Potion"},{"floor":38,"key":"Energy Potion"},{"floor":39,"key":"ElixirPotion"},{"floor":40,"key":"hexamod:SoulburnPotion"},{"floor":46,"key":"Swift Potion"}],"is_trial":false,"path_per_floor":["M","M","$","M","M","E","R","E","T","R","$","?","E","M","R","B",null,"M","M","$","M","M","R","$","R","T","M","?","?","E","$","R","B",null,"M","M","?","?","M","E","?","R","T","$","?","M","R","$","R","B",null],"character_chosen":"IRONCLAD","items_purchased":["Blood for Blood","HandDrill","Power Through"],"campfire_rested":6,"item_purchase_floors":[3,11,20],"current_hp_per_floor":[80,80,80,80,62,50,74,51,51,75,75,75,54,53,77,61,80,80,80,80,71,66,66,66,66,66,65,65,66,39,39,63,22,89,82,85,85,85,71,50,46,76,76,76,76,79,79,79,104,53],"gold":15,"neow_bonus":"THREE_ENEMY_KILL","is_daily":false,"chose_seed":false,"campfire_upgraded":2,"win_rate":0.0,"timestamp":1611413722,"path_taken":["M","M","?","M","?","E","R","E","T","R","$","?","E","M","R","BOSS","M","?","$","M","M","R","$","R","T","M","?","?","E","$","R","BOSS","M","M","?","?","?","E","?","R","T","?","?","M","R","$","R","BOSS"],"items_purchased_type":["Card","Relic","Card"],"build_version":"2020-12-22","purchased_purges":4,"victory":true,"max_hp_per_floor":[80,80,80,80,80,80,80,80,80,80,80,80,80,80,80,80,80,80,80,80,80,80,80,80,80,80,80,80,80,80,80,80,84,89,89,92,87,87,87,87,101,101,101,101,101,104,104,104,104,108],"card_choices":[{"not_picked":["Thunderclap","Rage"],"picked":"Headbutt","floor":1.0},{"not_picked":["Shockwave","Power Through"],"picked":"Searing Blow","floor":2.0},{"not_picked":["Wild Strike","Cleave"],"picked":"Anger","floor":4.0},{"not_picked":["Thunderclap","Clash"],"picked":"Evolve","floor":5.0},{"not_picked":["True Grit","Heavy Blade"],"picked":"Hemokinesis","floor":6.0},{"not_picked":["Sword Boomerang","Carnage"],"picked":"Fire Breathing","floor":8.0},{"not_picked":["True Grit","Combust"],"picked":"Intimidate","floor":13.0},{"not_picked":["Thunderclap","Combust"],"picked":"Flex","floor":14.0},{"not_picked":["Berserk","Heavy Blade","Warcry"],"picked":"SKIP","floor":14.0},{"not_picked":["Impervious","Berserk"],"picked":"Immolate","floor":16.0},{"not_picked":["Whirlwind+1","Burning Pact"],"picked":"Dual Wield+1","floor":18.0},{"not_picked":["Clothesline","Armaments"],"picked":"Pommel Strike","floor":18.0},{"not_picked":["Armaments","Perfected Strike+1"],"picked":"Whirlwind+1","floor":19.0},{"not_picked":["Pommel Strike","Clothesline+1"],"picked":"Wild Strike","floor":19.0},{"not_picked":["Whirlwind+1","Clash"],"picked":"Headbutt","floor":21.0},{"not_picked":["Flame Barrier","Wild Strike"],"picked":"Fire Breathing","floor":21.0},{"not_picked":["Perfected Strike","Blood for Blood"],"picked":"Rampage+1","floor":22.0},{"not_picked":["Perfected Strike","Twin Strike"],"picked":"Anger","floor":22.0},{"not_picked":["Twin Strike+1","Headbutt"],"picked":"Armaments+1","floor":27.0},{"not_picked":["Twin Strike+1","Wild Strike"],"picked":"Feed","floor":27.0},{"not_picked":["Battle Trance","Cleave"],"picked":"Headbutt","floor":29.0},{"not_picked":["Dropkick","Combust"],"picked":"Evolve+1","floor":30.0},{"not_picked":["Juggernaut","Fiend Fire"],"picked":"Offering","floor":33},{"not_picked":["Cleave","Flame Barrier"],"picked":"Blood for Blood+1","floor":34},{"not_picked":["Perfected Strike+1","Flex"],"picked":"Evolve+1","floor":35},{"not_picked":["Pommel Strike","Perfected Strike","Dual Wield"],"picked":"SKIP","floor":35},{"not_picked":["Sword Boomerang","Dropkick"],"picked":"Shockwave+1","floor":36},{"not_picked":["Cleave+1","Clothesline+1","Perfected Strike"],"picked":"SKIP","floor":36},{"not_picked":["Intimidate+1","True Grit+1"],"picked":"Power Through+1","floor":39},{"not_picked":["Intimidate","Thunderclap+1","Disarm"],"picked":"SKIP","floor":39},{"not_picked":["Clothesline+1","Headbutt"],"picked":"Infernal Blade","floor":40},{"not_picked":["Metallicize","Flex"],"picked":"Fire Breathing","floor":46},{"not_picked":["Shockwave+1","Shrug It Off","Berserk"],"picked":"SKIP","floor":46}],"player_experience":140913,"relics_obtained":[{"floor":6.0,"key":"Prayer Wheel"},{"floor":8.0,"key":"Ornamental Fan"},{"floor":9.0,"key":"Thread and Needle"},{"floor":13.0,"key":"Incense Burner"},{"floor":29.0,"key":"Red Mask"},{"floor":30.0,"key":"Potion Belt"},{"floor":40,"key":"Centennial Puzzle"},{"floor":41,"key":"Mango"},{"floor":43,"key":"Bag of Marbles"}],"event_choices":[{"damage_healed":0.0,"max_hp_gain":0.0,"max_hp_loss":0.0,"gold_gain":0.0,"event_name":"Accursed Blacksmith","player_choice":"Rummage","floor":12.0,"gold_loss":0.0,"damage_taken":0.0,"relics_obtained":["WarpedTongs"],"cards_obtained":["Pain"]},{"damage_healed":0.0,"max_hp_gain":0.0,"max_hp_loss":0.0,"gold_gain":0.0,"event_name":"Ghosts","player_choice":"Ignored","floor":28.0,"gold_loss":0.0,"damage_taken":0.0},{"damage_healed":0.0,"max_hp_gain":0.0,"max_hp_loss":0.0,"gold_gain":0.0,"event_name":"Masked Bandits","player_choice":"Fought Bandits","floor":29.0,"gold_loss":0.0,"damage_taken":0.0},{"damage_healed":0,"gold_gain":0,"player_choice":"Max HP","damage_taken":0,"max_hp_gain":0,"max_hp_loss":5,"event_name":"Winding Halls","floor":37,"gold_loss":0},{"damage_healed":0,"gold_gain":0,"player_choice":"Bought 1 Potion","damage_taken":0,"max_hp_gain":0,"max_hp_loss":0,"event_name":"The Woman in Blue","floor":38,"gold_loss":0},{"damage_healed":0,"gold_gain":0,"player_choice":"Fight","damage_taken":0,"max_hp_gain":0,"max_hp_loss":0,"event_name":"Mysterious Sphere","floor":41,"gold_loss":0},{"cards_removed":["Searing Blow"],"damage_healed":0,"gold_gain":0,"player_choice":"Removed Attack","damage_taken":0,"max_hp_gain":0,"max_hp_loss":0,"event_name":"Falling","floor":45,"gold_loss":0}],"is_beta":false,"boss_relics":[{"not_picked":["Runic Cube","Ectoplasm"],"picked":"Mark of Pain"},{"not_picked":["Astrolabe","Coffee Dripper"],"picked":"Tiny House"}],"items_purged_floors":[20,31,44,48],"is_endless":false,"potions_floor_spawned":[4,5,8,16,18,19,29,33,39,40,46],"ascension_level":1}}