{"host":"srk2drlvga69hbot","time":1611418590,"event":{"mods":["BaseMod","Bestiary","Block Reminder","Colored Map","Colored Powertips","Dark Map","DeckTracker","Highlight Path","Minty Spire (QoL Compilation)","Quick Restart","Rare Cards Sparkle","Relic Stats","SuperFastMode","Unceasing Turn Reminder"],"gold_per_floor":[12,12,12,31,50,50,70,70,70,89,105,105,105,105,105,105,105],"floor_reached":16,"language":"ZHS","playtime":675,"items_purged":[],"score":106,"play_id":"6c373fcf-62bd-4aa4-b529-6cc73d475d3c","local_time":"20210124001630","is_ascension_mode":true,"campfire_choices":[{"data":"Masterful Stab","floor":6,"key":"SMITH"},{"data":"Acrobatics","floor":8,"key":"SMITH"},{"floor":12,"key":"REST"},{"floor":15,"key":"REST"}],"circlet_count":0,"master_deck":["Strike_G","Strike_G","Defend_G","Defend_G","Defend_G","Defend_G","Defend_G","Survivor","Neutralize","Masterful Stab+1","Acrobatics+1","Dash","Regret"],"relics":["Ring of the Snake","Lizard Tail","Gremlin Horn","Pantograph","Incense Burner"],"acts_visited":["Exordium"],"potions_floor_usage":[16,16,16],"damage_taken":[{"damage":32,"enemies":"Jaw Worm","floor":1,"turns":7},{"damage":2,"enemies":"2 Louse","floor":4,"turns":4},{"damage":20,"enemies":"Cultist","floor":5,"turns":7},{"damage":0,"enemies":"Gremlin Gang","floor":7,"turns":7},{"damage":0,"enemies":"Looter","floor":10,"turns":2},{"damage":0,"enemies":"2 Fungi Beasts","floor":11,"turns":2},{"damage":117,"enemies":"Hexaghost","floor":16,"turns":22}],"seed_played":"8290984598051023331","potions_obtained":[{"floor":1,"key":"Regen Potion"},{"floor":4,"key":"BlessingOfTheForge"},{"floor":7,"key":"DistilledChaos"},{"floor":11,"key":"SteroidPotion"}],"is_trial":false,"path_per_floor":["M","?","?","M","M","R","M","R","T","M","M","R","?","?","R","B"],"character_chosen":"THE_SILENT","items_purchased":[],"campfire_rested":2,"item_purchase_floors":[],"current_hp_per_floor":[38,38,38,36,16,16,16,16,16,16,16,37,19,19,40,0,0],"gold":105,"neow_bonus":"REMOVE_TWO","is_daily":false,"chose_seed":false,"campfire_upgraded":2,"win_rate":0.0,"timestamp":1611418590,"path_taken":["M","?","?","?","?","R","M","R","T","M","M","R","?","?","R","BOSS"],"items_purchased_type":[],"build_version":"2020-12-22","purchased_purges":0,"victory":false,"max_hp_per_floor":[70,70,70,70,70,70,70,70,70,70,70,70,70,70,70,70,70],"relic_stats":{"Lizard Tail":35,"Gremlin Horn":[1,1],"counters":[7,51],"Pantograph":25,"obtain_stats":[{"Lizard Tail":3,"Gremlin Horn":9,"Pantograph":13,"Incense Burner":14,"Ring of the Snake":0},{"Lizard Tail":1,"Gremlin Horn":4,"Pantograph":6,"Incense Burner":6,"Ring of the Snake":0},{"Lizard Tail":7,"Gremlin Horn":25,"Pantograph":29,"Incense Burner":29,"Ring of the Snake":0}],"Ring of the Snake":[14]},"card_choices":[{"not_picked":["All Out Attack","Riddle With Holes","Prepared"],"picked":"SKIP","floor":1},{"not_picked":["Slice","Heel Hook","Noxious Fumes"],"picked":"SKIP","floor":4},{"not_picked":["Outmaneuver","Sucker Punch"],"picked":"Masterful Stab","floor":5},{"not_picked":["Prepared","Dash"],"picked":"Acrobatics","floor":7},{"not_picked":["Prepared","Deadly Poison"],"picked":"Dash","floor":10},{"not_picked":["Dodge and Roll","Riddle With Holes","Quick Slash"],"picked":"SKIP","floor":11}],"player_experience":178103,"relics_obtained":[{"floor":9,"key":"Gremlin Horn"}],"event_choices":[{"damage_healed":0,"gold_gain":0,"cards_transformed":["Strike_G"],"player_choice":"Change","damage_taken":0,"max_hp_gain":0,"max_hp_loss":0,"event_name":"Living Wall","floor":2,"gold_loss":0,"cards_obtained":["Dagger Throw"]},{"cards_removed":["Dagger Throw"],"damage_healed":0,"gold_gain":0,"player_choice":"Gave Card","damage_taken":0,"relics_obtained":["Lizard Tail"],"max_hp_gain":0,"max_hp_loss":0,"event_name":"WeMeetAgain","floor":3,"gold_loss":0},{"damage_healed":0,"gold_gain":0,"player_choice":"Success","damage_taken":18,"relics_obtained":["Pantograph"],"max_hp_gain":0,"max_hp_loss":0,"event_name":"Scrap Ooze","floor":13,"gold_loss":0},{"damage_healed":0,"gold_gain":0,"player_choice":"Box","damage_taken":0,"relics_obtained":["Incense Burner"],"max_hp_gain":0,"max_hp_loss":0,"event_name":"Big Fish","floor":14,"gold_loss":0,"cards_obtained":["Regret"]}],"is_beta":false,"boss_relics":[],"items_purged_floors":[],"is_endless":false,"potions_floor_spawned":[1,4,7,11],"killed_by":"Hexaghost","ascension_level":3}}