{"host":"w3q5ijqu8eoknil3","time":1611423714,"event":{"mods":["Alarm Clock","BaseMod","Block Reminder","Colored Map","Colored Powertips","Curses Come First","Minty Spire (QoL Compilation)","Quick Restart","RNG Fix","Relic Stats","Slay the Relics Exporter","SpireBot","StSLib","ojb\u0027s Better Paths Mod","ojb\u0027s Info Mod","slay the spire mod where everything is the same but ironclad has a cowboy hat"],"gold_per_floor":[15,29,43,43,19,19,52,52,76,102,102,102,118,134,134,237,237,252,266,365,106,116,116,150,166,192,225,225,225,3,13,13,114,114,133,133,146,72,91,119,138,169,194,194,194,204,204,204,204,204],"floor_reached":51,"language":"ENG","playtime":1726,"items_purged":["Strike_R"],"score":780,"play_id":"a78f482e-310d-4e77-9fe2-4a5b014e16d9","local_time":"20210123124154","is_ascension_mode":false,"campfire_choices":[{"data":"Whirlwind","floor":6.0,"key":"SMITH"},{"data":"Fiend Fire","floor":8.0,"key":"SMITH"},{"data":"Bash","floor":11.0,"key":"SMITH"},{"data":"Clothesline","floor":15.0,"key":"SMITH"},{"data":"Feed","floor":23.0,"key":"SMITH"},{"data":"Uppercut","floor":32.0,"key":"SMITH"},{"data":"Double Tap","floor":45,"key":"SMITH"},{"data":"Panacea","floor":47,"key":"SMITH"},{"data":"Inflame","floor":49,"key":"SMITH"}],"circlet_count":0,"master_deck":["Strike_R","Strike_R","Strike_R","Strike_R","Defend_R","Defend_R","Bash+1","Clothesline+1","Whirlwind+1","Dropkick","Twin Strike","Fiend Fire+1","Reaper","Power Through","Second Wind","Inflame+1","Feed+1","Uppercut+1","Metallicize+1","Double Tap+1","Reaper","Sword Boomerang+1","Panacea+1","Transmutation","Pummel","Reaper","Twin Strike+1","Fire Breathing","Flame Barrier+1","Dark Embrace"],"relics":["Burning Blood","Centennial Puzzle","Happy Flower","Nunchaku","Snecko Eye","Boot","Regal Pillow","Bronze Scales","Strange Spoon","Coffee Dripper","Bag of Preparation","Ancient Tea Set","Vajra"],"acts_visited":["TheCity","TheBeyond"],"potions_floor_usage":[33,35,39,40,50,50],"damage_taken":[{"damage":6.0,"enemies":"Cultist","floor":1.0,"turns":3.0},{"damage":12.0,"enemies":"2 Louse","floor":2.0,"turns":2.0},{"damage":6.0,"enemies":"Jaw Worm","floor":3.0,"turns":3.0},{"damage":27.0,"enemies":"3 Sentries","floor":7.0,"turns":5.0},{"damage":18.0,"enemies":"Lagavulin","floor":10.0,"turns":3.0},{"damage":0.0,"enemies":"3 Louse","floor":13.0,"turns":1.0},{"damage":10.0,"enemies":"Looter","floor":14.0,"turns":2.0},{"damage":45.0,"enemies":"The Guardian","floor":16.0,"turns":8.0},{"damage":5.0,"enemies":"Chosen","floor":18.0,"turns":2.0},{"damage":10.0,"enemies":"2 Thieves","floor":19.0,"turns":2.0},{"damage":12.0,"enemies":"3 Cultists","floor":22.0,"turns":3.0},{"damage":25.0,"enemies":"Slavers","floor":24.0,"turns":5.0},{"damage":21.0,"enemies":"Snake Plant","floor":25.0,"turns":2.0},{"damage":20.0,"enemies":"Gremlin Leader","floor":27.0,"turns":5.0},{"damage":8.0,"enemies":"Centurion and Healer","floor":31.0,"turns":5.0},{"damage":65,"enemies":"Automaton","floor":33,"turns":8},{"damage":9,"enemies":"3 Shapes","floor":35,"turns":2},{"damage":11,"enemies":"Orb Walker","floor":37,"turns":3},{"damage":17,"enemies":"Sphere and 2 Shapes","floor":39,"turns":4},{"damage":25,"enemies":"Giant Head","floor":40,"turns":7},{"damage":11,"enemies":"Maw","floor":41,"turns":5},{"damage":15,"enemies":"Nemesis","floor":42,"turns":5},{"damage":7,"enemies":"4 Shapes","floor":46,"turns":4},{"damage":20,"enemies":"Donu and Deca","floor":50,"turns":7}],"seed_played":"979491369018812437","potions_obtained":[{"floor":3.0,"key":"Explosive Potion"},{"floor":7.0,"key":"Fire Potion"},{"floor":10.0,"key":"Regen Potion"},{"floor":16.0,"key":"ElixirPotion"},{"floor":19.0,"key":"PowerPotion"},{"floor":31.0,"key":"SpeedPotion"},{"floor":33,"key":"Strength Potion"},{"floor":35,"key":"FearPotion"},{"floor":37,"key":"DistilledChaos"},{"floor":41,"key":"BlessingOfTheForge"}],"is_trial":false,"path_per_floor":["M","M","M","?","$","R","E","R","T","E","R","?","M","M","R","B",null,"M","M","?","$","M","R","E","M","T","E","$","?","$","M","R","B",null,"M","?","M","$","M","E","M","E","T","?","R","M","R","?","R","B",null],"character_chosen":"IRONCLAD","items_purchased":["Twin Strike","Power Through","Second Wind","Inflame","Strange Spoon","Inflame","Reaper"],"campfire_rested":0,"item_purchase_floors":[5,21,21,21,30,30,38],"current_hp_per_floor":[80,74,74,79,79,79,58,58,58,46,46,46,52,48,48,9,85,85,81,81,81,85,85,89,74,74,64,64,64,64,74,74,47,97,101,91,96,96,94,94,99,109,109,104,104,103,103,103,103,98],"gold":204,"neow_bonus":"TRANSFORM_TWO_CARDS","is_daily":false,"chose_seed":false,"campfire_upgraded":9,"win_rate":0.0,"timestamp":1611423714,"path_taken":["M","M","M","?","$","R","E","R","T","E","R","?","M","M","R","BOSS","M","M","?","$","M","R","E","M","T","E","?","?","$","M","R","BOSS","M","?","M","$","M","E","M","E","T","?","R","?","R","?","R","BOSS"],"items_purchased_type":["Card","Card","Card","Card","Relic","Card","Card"],"build_version":"2020-12-22","purchased_purges":1,"victory":true,"max_hp_per_floor":[80,80,80,85,85,85,85,85,85,85,85,85,85,85,85,85,85,85,85,85,85,85,85,89,89,89,93,93,93,93,93,93,97,97,101,101,101,101,105,105,105,109,109,104,104,104,104,104,104,108],"relic_stats":{"Strange Spoon":[32],"Centennial Puzzle":[48],"Nunchaku":[19],"Regal Pillow":0,"Happy Flower":[23],"counters":[16,69],"Bronze Scales":[101],"Snecko Eye":[128,122,142,115],"Bag of Preparation":[8],"Boot":[102],"obtain_stats":[{"Regal Pillow":26,"Happy Flower":0,"Vajra":43,"Bag of Preparation":40,"Boot":24,"Ancient Tea Set":42,"Burning Blood":0,"Strange Spoon":30,"Centennial Puzzle":0,"Nunchaku":0,"Bronze Scales":27,"Snecko Eye":17,"Coffee Dripper":34},{"Regal Pillow":5,"Happy Flower":0,"Vajra":14,"Bag of Preparation":12,"Boot":4,"Ancient Tea Set":14,"Burning Blood":0,"Strange Spoon":6,"Centennial Puzzle":0,"Nunchaku":0,"Bronze Scales":6,"Snecko Eye":0,"Coffee Dripper":8},{"Regal Pillow":14,"Happy Flower":0,"Vajra":58,"Bag of Preparation":48,"Boot":12,"Ancient Tea Set":58,"Burning Blood":0,"Strange Spoon":19,"Centennial Puzzle":0,"Nunchaku":0,"Bronze Scales":19,"Snecko Eye":0,"Coffee Dripper":32}],"Burning Blood":80},"card_choices":[{"not_picked":["Flame Barrier","Rage"],"picked":"Clothesline","floor":1.0},{"not_picked":["Shrug It Off","Iron Wave"],"picked":"Whirlwind","floor":2.0},{"not_picked":["Armaments","Perfected Strike"],"picked":"Dropkick","floor":3.0},{"not_picked":["Entrench","Searing Blow"],"picked":"Fiend Fire","floor":7.0},{"not_picked":["Sword Boomerang","Thunderclap","Clothesline"],"picked":"SKIP","floor":10.0},{"not_picked":["Perfected Strike","Dropkick","True Grit"],"picked":"SKIP","floor":13.0},{"not_picked":["Anger","Blood for Blood","Perfected Strike"],"picked":"SKIP","floor":14.0},{"not_picked":["Offering","Juggernaut"],"picked":"Reaper","floor":16.0},{"not_picked":["Blood for Blood","Anger+1","Sword Boomerang"],"picked":"SKIP","floor":18.0},{"not_picked":["Body Slam+1","Flex","Clash+1"],"picked":"SKIP","floor":19.0},{"not_picked":["Hemokinesis+1","Second Wind"],"picked":"Feed","floor":22.0},{"not_picked":["Metallicize","Pommel Strike"],"picked":"Uppercut","floor":24.0},{"not_picked":["True Grit","Shrug It Off","Dual Wield"],"picked":"SKIP","floor":25.0},{"not_picked":["Shrug It Off","Anger+1"],"picked":"Metallicize+1","floor":27.0},{"not_picked":["Reckless Charge","Metallicize+1","Thunderclap"],"picked":"SKIP","floor":31.0},{"not_picked":["Berserk","Feed"],"picked":"Reaper","floor":33},{"not_picked":["Clash+1","Perfected Strike+1"],"picked":"Sword Boomerang+1","floor":35},{"not_picked":["PanicButton","Impatience"],"picked":"Panacea","floor":36},{"not_picked":["Forethought","Discovery"],"picked":"Transmutation","floor":36},{"not_picked":["Clothesline+1","Headbutt"],"picked":"Pummel","floor":37},{"not_picked":["Blood for Blood","Iron Wave","Sword Boomerang"],"picked":"SKIP","floor":39},{"not_picked":["Reckless Charge+1","Power Through"],"picked":"Twin Strike+1","floor":40},{"not_picked":["Cleave+1","Clothesline"],"picked":"Fire Breathing","floor":41},{"not_picked":["Dropkick+1","Whirlwind+1"],"picked":"Flame Barrier+1","floor":42},{"not_picked":["Feed","Flex+1"],"picked":"Dark Embrace","floor":46}],"player_experience":408862,"relics_obtained":[{"floor":7.0,"key":"Centennial Puzzle"},{"floor":9.0,"key":"Happy Flower"},{"floor":10.0,"key":"Nunchaku"},{"floor":24.0,"key":"Boot"},{"floor":26.0,"key":"Regal Pillow"},{"floor":27.0,"key":"Bronze Scales"},{"floor":40,"key":"Bag of Preparation"},{"floor":42,"key":"Ancient Tea Set"},{"floor":43,"key":"Vajra"}],"event_choices":[{"damage_healed":0.0,"max_hp_gain":5.0,"max_hp_loss":0.0,"gold_gain":0.0,"event_name":"Big Fish","player_choice":"Donut","floor":4.0,"gold_loss":0.0,"damage_taken":0.0},{"damage_healed":0.0,"max_hp_gain":0.0,"max_hp_loss":0.0,"gold_gain":0.0,"event_name":"Liars Game","player_choice":"Ignored","floor":12.0,"gold_loss":0.0,"damage_taken":0.0},{"damage_healed":0.0,"max_hp_gain":0.0,"max_hp_loss":0.0,"gold_gain":99.0,"event_name":"Nest","player_choice":"Stole From Cult","floor":20.0,"gold_loss":0.0,"damage_taken":0.0},{"damage_healed":0.0,"max_hp_gain":0.0,"max_hp_loss":0.0,"gold_gain":0.0,"event_name":"The Library","player_choice":"Read","floor":29.0,"gold_loss":0.0,"damage_taken":0.0,"cards_obtained":["Double Tap"]},{"damage_healed":0,"gold_gain":0,"player_choice":"Memory 3","damage_taken":10,"max_hp_gain":0,"max_hp_loss":0,"event_name":"SensoryStone","floor":36,"gold_loss":0},{"damage_healed":0,"gold_gain":0,"player_choice":"Max HP","damage_taken":0,"max_hp_gain":0,"max_hp_loss":5,"event_name":"Winding Halls","floor":44,"gold_loss":0},{"cards_removed":["Inflame"],"damage_healed":0,"gold_gain":0,"player_choice":"Removed Power","damage_taken":0,"max_hp_gain":0,"max_hp_loss":0,"event_name":"Falling","floor":48,"gold_loss":0}],"is_beta":false,"boss_relics":[{"not_picked":["Calling Bell","Busted Crown"],"picked":"Snecko Eye"},{"not_picked":["Cursed Key","Tiny House"],"picked":"Coffee Dripper"}],"items_purged_floors":[21],"is_endless":false,"potions_floor_spawned":[3,7,10,13,16,19,22,31,33,35,37,41],"ascension_level":0}}