{"host":"56ghxnzsglgdq727","time":1611387247,"event":{"mods":["AchievementEnabler","BaseMod","Downfall","Duelist Mod","Minty Spire (QoL Compilation)","Rare Cards Sparkle","StSLib","The Bug Knight","The Exalted","The Senshi","The Wild Card"],"gold_per_floor":[139,157,157,172,191,221,221,238,238,269,194,31,31,46,46,210,210,224,242,253,253,272,301,320,72,72,72,145,145,160,174,174,336,336,356,373,78,78,95,123,141,141,141,141,261,311,323,333,333,333],"floor_reached":51,"language":"ENG","playtime":3016,"items_purged":["theDuelist:CastleWalls","theDuelist:Sparks"],"score":1206,"play_id":"b7a9e947-b41b-44e4-b5f1-22f07c3895b5","local_time":"20210123023407","is_ascension_mode":true,"campfire_choices":[{"data":"theDuelist:Nameless:Magic:GracefulCharity","floor":7,"key":"SMITH"},{"data":"theDuelist:CrystalRaigeki","floor":15,"key":"SMITH"},{"floor":32,"key":"REST"},{"floor":42,"key":"REST"},{"floor":44,"key":"REST"},{"data":"theDuelist:Metronome","floor":49,"key":"SMITH"}],"circlet_count":0,"master_deck":["theDuelist:StatueAnguishPattern","theDuelist:Hayate","theDuelist:KamionTimelord","theDuelist:KamionTimelord","theDuelist:MaleficRainbowDragon","theDuelist:DunamesDarkWitch","theDuelist:RainbowDarkDragon","theDuelist:Metronome+1","theDuelist:CrystalRaigeki+1","theDuelist:Nameless:Magic:GracefulCharity+1","theDuelist:RainbowNeos","theDuelist:CastleWalls","theDuelist:LightningDarts","theDuelist:RainbowFlower","theDuelist:Eva","theDuelist:RainbowKuribohBasic","theDuelist:RainbowRefraction","theDuelist:GraniteLoyalist","theDuelist:Sparks","theDuelist:Nameless:War:AllyJustice","theDuelist:Nameless:Power:BerserkerCrush","theDuelist:Nameless:Magic:KamionTimelord","theDuelist:RainbowRuins","theDuelist:TyrantWing+1"],"relics":["theDuelist:MillenniumPuzzle","theDuelist:CardPoolRelic","theDuelist:CardPoolBasicRelic","theDuelist:BoosterPackPoolRelic","theDuelist:CardPoolAddRelic","theDuelist:CardPoolMinusRelic","theDuelist:CardPoolSaveRelic","theDuelist:CardPoolOptionsRelic","Kunai","theDuelist:KaibaToken","White Beast Statue","theDuelist:KaibaToken","Philosopher\u0027s Stone","Darkstone Periapt","Matryoshka","Question Card","FossilizedHelix","theDuelist:MillenniumArmor","Omamori","SlaversCollar","ClockworkSouvenir","Red Skull","Eternal Feather","Torii"],"acts_visited":["Exordium","TheCity","TheBeyond"],"potions_floor_usage":[6,16,18,20,23,23,23,30,31,31,33,36,36,39,39,40,46,46,50,50,50],"damage_taken":[{"damage":0,"enemies":"Jaw Worm","floor":1,"turns":4},{"damage":0,"enemies":"Cultist","floor":2,"turns":2},{"damage":2,"enemies":"2 Louse","floor":4,"turns":2},{"damage":12,"enemies":"Large Slime","floor":5,"turns":5},{"damage":2,"enemies":"HollowMod:MossKnight","floor":6,"turns":4},{"damage":3,"enemies":"Gremlin Gang","floor":8,"turns":2},{"damage":2,"enemies":"Gremlin Nob","floor":10,"turns":4},{"damage":7,"enemies":"2 Fungi Beasts","floor":14,"turns":2},{"damage":40,"enemies":"Hexaghost","floor":16,"turns":8},{"damage":9,"enemies":"Spheric Guardian","floor":18,"turns":3},{"damage":4,"enemies":"Cultist and Chosen","floor":19,"turns":3},{"damage":8,"enemies":"Centurion and Healer","floor":20,"turns":2},{"damage":11,"enemies":"Shelled Parasite and Fungi","floor":22,"turns":3},{"damage":0,"enemies":"Book of Stabbing","floor":23,"turns":4},{"damage":0,"enemies":"Snecko","floor":24,"turns":3},{"damage":0,"enemies":"Chosen and Byrds","floor":28,"turns":4},{"damage":0,"enemies":"Sentry and Sphere","floor":30,"turns":3},{"damage":0,"enemies":"Snecko","floor":31,"turns":5},{"damage":8,"enemies":"Collector","floor":33,"turns":6},{"damage":0,"enemies":"3 Shapes","floor":35,"turns":2},{"damage":5,"enemies":"Orb Walker","floor":36,"turns":4},{"damage":44,"enemies":"Transient","floor":39,"turns":5},{"damage":0,"enemies":"HollowMod:StalkingDevout","floor":40,"turns":4},{"damage":0,"enemies":"Jaw Worm Horde","floor":41,"turns":4},{"damage":0,"enemies":"Mind Bloom Boss Battle","floor":46,"turns":5},{"damage":0,"enemies":"Sphere and 2 Shapes","floor":47,"turns":3},{"damage":0,"enemies":"3 Darklings","floor":48,"turns":1},{"damage":0,"enemies":"Awakened One","floor":50,"turns":6}],"seed_played":"836053179555040544","potions_obtained":[{"floor":2,"key":"AttackPotion"},{"floor":14,"key":"Weak Potion"},{"floor":16,"key":"theDuelist:ExtraOrbsBottle"},{"floor":18,"key":"Fruit Juice"},{"floor":19,"key":"Slimebound:ThreeZeroPotion"},{"floor":20,"key":"hexamod:SoulburnPotion"},{"floor":22,"key":"theDuelist:StunPotion"},{"floor":23,"key":"theDuelist:TokenPotion"},{"floor":24,"key":"FocusPotion"},{"floor":28,"key":"theDuelist:WaterBottle"},{"floor":30,"key":"theDuelist:BigOrbBottle"},{"floor":31,"key":"theDuelist:ElectricPotion"},{"floor":33,"key":"SkillPotion"},{"floor":35,"key":"theDuelist:SealedPackE"},{"floor":36,"key":"Fire Potion"},{"floor":39,"key":"theDuelist:TokenPotionB"},{"floor":40,"key":"theDuelist:ElectricPotion"},{"floor":41,"key":"theDuelist:BottledKuriboh"},{"floor":46,"key":"Fire Potion"},{"floor":47,"key":"theDuelist:TokenPotion"},{"floor":48,"key":"theDuelist:DebuffFuryPotion"}],"is_trial":false,"path_per_floor":["M","M","?","M","M","E","R","M","T","E","$","?","?","M","R","B",null,"M","M","M","?","M","E","M","$","T","?","M","T","M","M","R","B",null,"M","M","$","?","M","E","M","R","T","R","?","?","M","M","R","B",null],"character_chosen":"THE_DUELIST","items_purchased":["Matryoshka","ClockworkSouvenir","theDuelist:GraniteLoyalist"],"campfire_rested":3,"item_purchase_floors":[25,37,37],"current_hp_per_floor":[51,51,57,55,43,41,41,38,38,36,36,36,96,89,89,52,85,81,77,69,69,58,58,58,58,58,38,38,38,38,38,69,61,95,95,90,90,90,46,46,46,77,77,106,81,81,81,81,93,93],"gold":333,"neow_bonus":"THREE_RARE_CARDS","is_daily":false,"chose_seed":false,"campfire_upgraded":3,"win_rate":0.0,"timestamp":1611387247,"path_taken":["M","M","?","M","?","E","R","M","T","E","?","?","?","M","R","BOSS","M","?","?","?","M","E","M","$","T","?","M","?","M","M","R","BOSS","M","M","$","?","M","E","M","R","T","R","?","?","M","?","R","BOSS"],"items_purchased_type":["Relic","Relic","Card"],"build_version":"2020-12-22","purchased_purges":2,"victory":true,"max_hp_per_floor":[80,80,86,86,86,86,86,86,86,86,86,86,96,96,96,96,96,101,101,101,101,101,101,101,101,101,106,106,106,106,106,106,106,106,106,106,106,106,106,106,106,106,106,106,126,126,126,126,126,126],"card_choices":[{"not_picked":["theDuelist:SwordsRevealing","theDuelist:StardustDragon"],"picked":"theDuelist:IceQueen","floor":0},{"not_picked":["theDuelist:RainbowFlower","theDuelist:RainbowNeos","theDuelist:Eva","theDuelist:RainbowDragon"],"picked":"theDuelist:MaleficRainbowDragon","floor":1},{"not_picked":["theDuelist:WhiteHowling","theDuelist:IronDraw","theDuelist:StatueAnguishPattern","theDuelist:RainbowGravity"],"picked":"theDuelist:CrystalRaigeki","floor":2},{"not_picked":["theDuelist:WhiteHowling","theDuelist:OniGamiCombo","theDuelist:CardSafeReturn","theDuelist:VioletCrystal"],"picked":"SKIP","floor":4},{"not_picked":["theDuelist:TyrantWing","theDuelist:ClearKuriboh","theDuelist:FuryFire+1","theDuelist:Wiretap"],"picked":"theDuelist:LightningDarts","floor":5},{"not_picked":["theDuelist:CatShark","theDuelist:DragonPiper","theDuelist:Illusionist","theDuelist:ShallowGrave","theDuelist:PatricianDarkness"],"picked":"SKIP","floor":6},{"not_picked":["theDuelist:CurseDragon","theDuelist:BlizzardThunderbird","theDuelist:BlizzardWarrior","theDuelist:SpiritHarp","theDuelist:CharcoalInpachi"],"picked":"SKIP","floor":8},{"not_picked":["theDuelist:SpiralSpearStrike","theDuelist:FluteSummoning","theDuelist:Umi","theDuelist:AncientRules"],"picked":"theDuelist:RainbowRefraction","floor":10},{"not_picked":["theDuelist:VampireGenesis","theDuelist:OhFish","theDuelist:IslandTurtle","theDuelist:BabyDragon","theDuelist:AncientRules"],"picked":"SKIP","floor":14},{"not_picked":["theDuelist:BlasterDragonInfernos","theDuelist:DarkMasterZorc","theDuelist:HeartUnderdog","theDuelist:SwordsRevealing"],"picked":"theDuelist:KamionTimelord","floor":16},{"not_picked":["theDuelist:SangaThunder","theDuelist:BetaMagnet+1","theDuelist:FlyingSaucer","theDuelist:ShallowGrave","theDuelist:Boneheimer+1"],"picked":"SKIP","floor":18},{"not_picked":["theDuelist:AlphaMagnet","theDuelist:SevenColoredFish","theDuelist:GoblinKing","theDuelist:RevivalJam","theDuelist:LegendaryFisherman"],"picked":"SKIP","floor":19},{"not_picked":["theDuelist:Biofalcon","theDuelist:DarkMagician+1","theDuelist:BetaMagnet","theDuelist:GreenGadget","theDuelist:WhiteMagicalHat"],"picked":"SKIP","floor":20},{"not_picked":["theDuelist:OniGamiCombo","theDuelist:Yami","theDuelist:RainbowRefraction","theDuelist:Jinzo"],"picked":"theDuelist:Mountain","floor":22},{"not_picked":["theDuelist:ArchfiendSoldier+1","theDuelist:RainbowFlower+1","theDuelist:ShadowVampire+1","theDuelist:Eva+1","theDuelist:Jinzo"],"picked":"SKIP","floor":23},{"not_picked":["theDuelist:MysticalElf","theDuelist:SpiritHarp+1","theDuelist:NeoMagic","theDuelist:Illusionist+1","theDuelist:RainbowNeos"],"picked":"SKIP","floor":24},{"not_picked":["theDuelist:CastleWalls","theDuelist:Hayate","theDuelist:RainbowFlower","theDuelist:Sparks"],"picked":"theDuelist:KamionTimelord","floor":28},{"not_picked":["theDuelist:Kasha","theDuelist:IslandTurtle","theDuelist:RevivalJam","theDuelist:ShallowGrave+1","theDuelist:DesLacooda"],"picked":"SKIP","floor":30},{"not_picked":["theDuelist:WhiteHowling+1","theDuelist:Jinzo+1","theDuelist:Yami"],"picked":"theDuelist:StatueAnguishPattern","floor":31},{"not_picked":["theDuelist:DunamesDarkWitch","theDuelist:Eva+1","theDuelist:KamionTimelord","theDuelist:RainbowKuriboh"],"picked":"theDuelist:RainbowDarkDragon","floor":33},{"not_picked":["theDuelist:Zombyra+1","theDuelist:VanityFiend","theDuelist:GoblinKing+1","theDuelist:Illusionist","theDuelist:Boneheimer"],"picked":"SKIP","floor":35},{"not_picked":["theDuelist:QueenDragunDjinn","theDuelist:StardustDragon","theDuelist:RainbowDarkDragon+1","theDuelist:WingedKuribohLv10+1"],"picked":"theDuelist:Metronome","floor":36},{"not_picked":["theDuelist:VampireLord","theDuelist:BlizzardThunderbird+1","theDuelist:Wingedtortoise","theDuelist:FrillerRabca","theDuelist:HorusServant+1"],"picked":"SKIP","floor":39},{"not_picked":["theDuelist:IronDraw+1","theDuelist:Boneheimer+1","theDuelist:AmphibiousBugroth","theDuelist:SevenColoredFish","theDuelist:FrillerRabca"],"picked":"SKIP","floor":40},{"not_picked":["theDuelist:CrystalRaigeki","theDuelist:WingedKuribohLv9","theDuelist:KingYami+1","theDuelist:RainbowKuriboh","theDuelist:BlacklandFireDragon"],"picked":"SKIP","floor":41},{"not_picked":["theDuelist:GravityBlaster+1","theDuelist:IronCall+1","theDuelist:RainbowRefraction+1","theDuelist:PotDuality+1"],"picked":"theDuelist:RainbowRuins","floor":46},{"not_picked":["theDuelist:Jinzo+1","theDuelist:Umi","theDuelist:Mountain"],"picked":"theDuelist:TyrantWing+1","floor":47},{"not_picked":["theDuelist:WhiteHowling+1","theDuelist:IronDraw","theDuelist:OhFish","theDuelist:StatueAnguishPattern","theDuelist:CrystalRaigeki+1"],"picked":"SKIP","floor":48}],"player_experience":294877,"relics_obtained":[{"floor":6,"key":"Kunai"},{"floor":9,"key":"theDuelist:KaibaToken"},{"floor":10,"key":"White Beast Statue"},{"floor":23,"key":"Darkstone Periapt"},{"floor":26,"key":"Question Card"},{"floor":26,"key":"FossilizedHelix"},{"floor":29,"key":"theDuelist:MillenniumArmor"},{"floor":29,"key":"Omamori"},{"floor":40,"key":"Red Skull"},{"floor":43,"key":"Eternal Feather"},{"floor":46,"key":"Torii"}],"event_choices":[{"total_magic_score":63,"gold_gain":0,"duelist":true,"damage_taken":0,"relics_obtained":[],"points":8,"max_hp_gain":6,"max_hp_loss":0,"spent_points":{"magic":4,"greed":0,"war":0,"power":0,"hunger":4},"event_name":"Nameless Tomb","hunger_reward":4,"floor":3,"gold_loss":0,"magic_reward":4,"cards_obtained":["theDuelist:Nameless:Magic:GracefulCharity"]},{"damage_healed":0,"gold_gain":0,"player_choice":"Duplicated Relic - Kaiba Token","duelist":true,"damage_taken":0,"max_hp_gain":0,"max_hp_loss":0,"event_name":"Relic Duplicator","floor":12,"gold_loss":0},{"cards_removed":["theDuelist:IceQueen"],"damage_healed":50,"gold_gain":0,"player_choice":"Offered Rare","damage_taken":0,"max_hp_gain":10,"max_hp_loss":0,"event_name":"Bonfire Elementals","floor":13,"gold_loss":0},{"damage_healed":0,"gold_gain":0,"player_choice":"Leave","duelist":true,"damage_taken":0,"max_hp_gain":0,"max_hp_loss":0,"event_name":"Tomb of the Nameless","floor":21,"gold_loss":0},{"damage_healed":0,"gold_gain":0,"player_choice":"Shed Blood","damage_taken":25,"max_hp_gain":5,"max_hp_loss":0,"event_name":"Forgotten Altar","floor":27,"gold_loss":0},{"cards_removed":["theDuelist:Mountain"],"damage_healed":0,"gold_gain":0,"player_choice":"Removed Power","damage_taken":0,"max_hp_gain":0,"max_hp_loss":0,"event_name":"Falling","floor":38,"gold_loss":0},{"power_reward":4,"total_magic_score":76,"gold_gain":0,"duelist":true,"damage_taken":45,"relics_obtained":[],"points":14,"war_reward":4,"max_hp_gain":20,"max_hp_loss":0,"spent_points":{"magic":4,"greed":0,"war":4,"power":4,"hunger":2},"event_name":"Nameless Tomb","hunger_reward":2,"floor":45,"gold_loss":0,"magic_reward":4,"cards_obtained":["theDuelist:Nameless:War:AllyJustice","theDuelist:Nameless:Power:BerserkerCrush","theDuelist:Nameless:Magic:KamionTimelord"]},{"damage_healed":0,"gold_gain":0,"player_choice":"Fight","damage_taken":0,"max_hp_gain":0,"max_hp_loss":0,"event_name":"MindBloom","floor":46,"gold_loss":0}],"is_beta":false,"boss_relics":[{"not_picked":["theDuelist:MillenniumKey","bronze:MakeshiftBattery"],"picked":"Philosopher\u0027s Stone"},{"not_picked":["Runic Dome","Bromod:ArcaneBarrier"],"picked":"SlaversCollar"}],"items_purged_floors":[11,37],"is_endless":false,"potions_floor_spawned":[2,14,16,18,19,20,22,23,24,28,30,31,33,35,36,39,40,41,46,47,48],"ascension_level":8}}