{"host":"njo8qgvy2a57fcny","time":1611409103,"event":{"mods":["Ascension Unlocker","Aspiration","BaseMod","BetterRewards","CCEM","Colored Map","Colored Powertips","Conspire","Custom Start","Downfall","GifTheSpireLib","Halation","Hermit","Hubris","Infinite Spire","Jedi Mod","Mimic Mod","Minty Spire (QoL Compilation)","Quick Restart","Random Character Button","Random Character Mod","Rare Cards Sparkle","Relic Sorter","Replay The Spire","Shop Mod","StSLib","Stuff the Spire","The Animator","The Jungle","The Runesmith","The Servant 0.9.4","vexMod"],"gold_per_floor":[118,118,118,134,36,69,69,104,104,123,123,123,141,111,111,187,187,206,206,51,51,63,63,92,107,107,107,107],"floor_reached":27,"language":"ENG","playtime":1588,"items_purged":[],"score":578,"play_id":"2b740474-ee60-437a-940b-b5cc69032a79","local_time":"20210124003823","is_ascension_mode":true,"campfire_choices":[{"data":"SilverBlades","floor":7,"key":"SMITH"},{"floor":15,"key":"REST"},{"data":"SoulSculpture","floor":23,"key":"SMITH"}],"circlet_count":0,"master_deck":["AscendersBane","Strike_S","Strike_S","Strike_S","Defend_S","Defend_S","Defend_S","Defend_S","KidneyShot","Exchange","ShatteredReality","Alleviate","SilverBlades+1","Potential","LightFlow","GearUp+1","Revamp+1","infinitespire:Starlight+1","Advance+1","KillingDoll","hubris:Wrath","Neutralize","SoulSculpture+1","Bandage Up+1","infinitespire:Fortify+1","Hightail+1","FlawlessForm","Potential","SilverBlades+1","Misdirection+1"],"relics":["Uniform","NeowsBlessing","halation:EternalFortune","vexMod:InvisibilityCloak","Toxic Egg 2","halation:PromiseList","Orichalcum","ReplayTheSpireMod:SealedPack","hubris:BottledHeart","aspiration:ChemicalBlood","StuffTheSpire:ForceGauntlet"],"acts_visited":["Exordium","TheCity"],"potions_floor_usage":[8,13,16,16,25],"damage_taken":[{"damage":0,"enemies":"2 Louse","floor":1,"turns":2},{"damage":0,"enemies":"Small Slimes","floor":4,"turns":1},{"damage":0,"enemies":"Gremlin Nob","floor":6,"turns":1},{"damage":18,"enemies":"Lagavulin","floor":8,"turns":8},{"damage":0,"enemies":"Cultist","floor":10,"turns":4},{"damage":8,"enemies":"Exordium Wildlife","floor":13,"turns":5},{"damage":33,"enemies":"Slime Boss","floor":16,"turns":12},{"damage":21,"enemies":"Spheric Guardian","floor":18,"turns":5},{"damage":0,"enemies":"2 Thieves","floor":22,"turns":5},{"damage":0,"enemies":"Book of Stabbing","floor":24,"turns":6},{"damage":0,"enemies":"Chosen and Byrds","floor":25,"turns":9},{"damage":6,"enemies":"3 Cultists","floor":27,"turns":5}],"seed_played":"5744724747126794818","potions_obtained":[{"floor":4,"key":"Elixir"},{"floor":6,"key":"Block Potion"},{"floor":14,"key":"SkillPotion"},{"floor":14,"key":"LiquidMemories"},{"floor":22,"key":"sneckomod:MuddlingPotion"},{"floor":24,"key":"LiquidBronze"},{"floor":25,"key":"EntropicBrew"}],"is_trial":false,"path_per_floor":["M","?","?","M","$","E","R","E","T","M","?","$","M","?","R","B",null,"M","?","$","?","M","R","E","M","T","M"],"character_chosen":"THE_SERVANT","items_purchased":["SilverBlades","Potential","halation:PromiseList","Orichalcum","FlawlessForm"],"campfire_rested":1,"item_purchase_floors":[5,5,12,12,20],"current_hp_per_floor":[54,57,57,57,57,57,57,39,39,39,23,3,10,10,28,10,50,50,1,1,1,1,1,1,1,1,0,0],"gold":107,"neow_bonus":"THREE_ENEMY_KILL","is_daily":false,"chose_seed":false,"campfire_upgraded":2,"win_rate":0.0,"timestamp":1611409103,"path_taken":["M","?","?","?","$","E","R","E","T","M","?","?","?","?","R","BOSS","M","?","$","?","M","R","E","M","T","?"],"items_purchased_type":["Card","Card","Relic","Relic","Card"],"build_version":"2020-12-22","purchased_purges":0,"victory":false,"max_hp_per_floor":[60,63,63,63,63,63,63,63,63,63,63,63,63,63,63,63,63,63,1,1,1,1,1,1,1,1,1,1],"card_choices":[{"not_picked":["DoubleEdge","Shuttle"],"picked":"ShatteredReality","floor":1},{"not_picked":["Spin","FastForward"],"picked":"Alleviate","floor":4},{"not_picked":["Revamp","Alleviate"],"picked":"LightFlow","floor":6},{"not_picked":["InstantArmor+1","Rearm+1"],"picked":"GearUp+1","floor":8},{"not_picked":["Replace+1","Ricochet"],"picked":"Revamp+1","floor":10},{"not_picked":["hubris:InfiniteBlow+2","ReplayTheSpireMod:Black Plague"],"picked":"infinitespire:Starlight","floor":11},{"not_picked":["ReturningBlade","Revamp+1"],"picked":"Advance+1","floor":13},{"not_picked":["LightFlow","Dilation+1"],"picked":"KillingDoll","floor":16},{"not_picked":["hexamod:Float","sneckomod:SnekBite"],"picked":"Neutralize","floor":17},{"not_picked":["LightFlow","TheWorld"],"picked":"SoulSculpture","floor":17},{"not_picked":["Replay:Sssssssssstrike","PanicButton"],"picked":"Bandage Up","floor":17},{"not_picked":["infinitespire:Punishment","infinitespire:SealOfDarkness+"],"picked":"infinitespire:Fortify","floor":17},{"not_picked":["Starlight","Snipe"],"picked":"Hightail+1","floor":18},{"not_picked":["Gouge","Collapse"],"picked":"Potential","floor":22},{"not_picked":["Moonlight","FloweringNight"],"picked":"SilverBlades+1","floor":24},{"not_picked":["Rearm+1","Potential"],"picked":"Misdirection+1","floor":25}],"player_experience":674001,"relics_obtained":[{"floor":6,"key":"vexMod:InvisibilityCloak"},{"floor":8,"key":"Toxic Egg 2"},{"floor":24,"key":"halation:EternalFortune"},{"floor":24,"key":"aspiration:ChemicalBlood"},{"floor":26,"key":"StuffTheSpire:ForceGauntlet"}],"event_choices":[{"damage_healed":0,"gold_gain":0,"player_choice":"Ignored","damage_taken":0,"max_hp_gain":0,"max_hp_loss":0,"event_name":"WeMeetAgain","floor":3,"gold_loss":0},{"damage_healed":0,"gold_gain":0,"player_choice":"Bought 2 Potions","damage_taken":0,"max_hp_gain":0,"max_hp_loss":0,"event_name":"The Woman in Blue","floor":14,"gold_loss":0},{"cards_removed":["Strike_S"],"damage_healed":0,"gold_gain":0,"player_choice":"Offered Basic","damage_taken":0,"max_hp_gain":0,"max_hp_loss":0,"event_name":"Bonfire Elementals","floor":21,"gold_loss":0}],"is_beta":false,"boss_relics":[{"not_picked":["hubris:Backtick","hubris:ScarierMask"],"picked":"ReplayTheSpireMod:SealedPack"}],"items_purged_floors":[],"is_endless":false,"potions_floor_spawned":[4,6,22,24,25],"killed_by":"3 Cultists","ascension_level":20}}