{"host":"o7j6aatxjwpw1421","time":1611402806,"event":{"mods":["2.2 Compatiblity","AchievementEnabler","BaseMod","Colored Map","DeckTracker","Highlight Path","Keyboard Shortcuts","Minty Spire (QoL Compilation)","Permanent Neow","Quick Restart","StSLib","SuperFastMode","everything is the same but u backflip on backflip"],"gold_per_floor":[16,16,16,16,34,34,45,73,73,73,86,100,100,125,125,199,199,218,143,55,74,86,86,104,135,135,164,1,12,42,60,60,60,60],"floor_reached":33,"language":"KOR","playtime":3406,"items_purged":["Strike_P"],"score":659,"play_id":"bfad47fb-356f-4092-af81-d98b54682ad8","local_time":"20210123205326","is_ascension_mode":true,"campfire_choices":[{"data":"Eruption","floor":6.0,"key":"SMITH"},{"data":"Judgement","floor":13.0,"key":"SMITH"},{"data":"Adaptation","floor":15.0,"key":"SMITH"},{"data":"MentalFortress","floor":23.0,"key":"SMITH"},{"floor":32.0,"key":"REST"}],"circlet_count":0,"master_deck":["AscendersBane","Strike_P","Strike_P","Strike_P","Defend_P+1","Defend_P+1","Defend_P","Eruption+1","Vigilance","EmptyFist","DeceiveReality","Judgement+1","Adaptation+1","FlurryOfBlows","WheelKick","MentalFortress+1","Tantrum","FearNoEvil","EmptyMind"],"relics":["PureWater","Prayer Wheel","Mango","CloakClasp","Mummified Hand","SlaversCollar","Regal Pillow","Akabeko","Red Mask","War Paint"],"acts_visited":["Exordium","TheCity"],"potions_floor_usage":[],"damage_taken":[{"damage":0.0,"enemies":"Cultist","floor":1.0,"turns":2.0},{"damage":2.0,"enemies":"2 Louse","floor":5.0,"turns":2.0},{"damage":0.0,"enemies":"Jaw Worm","floor":7.0,"turns":3.0},{"damage":8.0,"enemies":"Gremlin Nob","floor":8.0,"turns":3.0},{"damage":0.0,"enemies":"Exordium Wildlife","floor":11.0,"turns":3.0},{"damage":0.0,"enemies":"2 Fungi Beasts","floor":12.0,"turns":3.0},{"damage":2.0,"enemies":"3 Sentries","floor":14.0,"turns":5.0},{"damage":47.0,"enemies":"Hexaghost","floor":16.0,"turns":13.0},{"damage":2.0,"enemies":"2 Thieves","floor":18.0,"turns":3.0},{"damage":0.0,"enemies":"Spheric Guardian","floor":21.0,"turns":2.0},{"damage":15.0,"enemies":"Snake Plant","floor":22.0,"turns":4.0},{"damage":14.0,"enemies":"Centurion and Healer","floor":24.0,"turns":4.0},{"damage":0.0,"enemies":"Gremlin Leader","floor":25.0,"turns":4.0},{"damage":10.0,"enemies":"Masked Bandits","floor":27.0,"turns":3.0},{"damage":13.0,"enemies":"Shelled Parasite and Fungi","floor":29.0,"turns":3.0},{"damage":0.0,"enemies":"Slavers","floor":30.0,"turns":3.0},{"damage":0.0,"enemies":"Snake Plant","floor":31.0,"turns":5.0},{"damage":54,"enemies":"Automaton","floor":33,"turns":6}],"seed_played":"-8473097525953746631","potions_obtained":[{"floor":1.0,"key":"PowerPotion"},{"floor":11.0,"key":"PowerPotion"},{"floor":12.0,"key":"StancePotion"},{"floor":22.0,"key":"Strength Potion"},{"floor":25.0,"key":"Dexterity Potion"},{"floor":27.0,"key":"SkillPotion"},{"floor":29.0,"key":"AttackPotion"},{"floor":31.0,"key":"Energy Potion"}],"is_trial":false,"path_per_floor":["M","$","?","$","M","R","M","E","T","?","M","M","R","E","R","B",null,"M","?","$","M","M","R","M","E","T","?","$","M","E","M","R","B"],"character_chosen":"WATCHER","items_purchased":["MentalFortress","FearNoEvil"],"campfire_rested":1,"item_purchase_floors":[20,28],"current_hp_per_floor":[61,61,61,61,59,59,59,65,65,65,65,65,65,63,63,16,66,64,64,64,64,49,49,35,35,35,25,25,12,12,12,51,0,0],"gold":60,"neow_bonus":"ONE_RARE_RELIC","is_daily":false,"chose_seed":false,"campfire_upgraded":4,"win_rate":0.0,"timestamp":1611402806,"path_taken":["M","?","?","?","?","R","M","E","T","?","M","M","R","E","R","BOSS","M","?","$","M","M","R","M","E","T","?","$","M","E","M","R","BOSS"],"items_purchased_type":["Card","Card"],"build_version":"2020-12-22","purchased_purges":1,"victory":false,"max_hp_per_floor":[68,68,68,68,68,68,68,82,82,82,82,82,82,82,82,82,82,82,82,82,82,82,82,82,82,82,82,82,82,82,82,82,82,82],"card_choices":[{"not_picked":["SashWhip","Consecrate"],"picked":"EmptyFist","floor":1.0},{"not_picked":["SignatureMove","Consecrate","CrushJoints"],"picked":"SKIP","floor":1.0},{"not_picked":["FollowUp","Crescendo","Consecrate"],"picked":"SKIP","floor":5.0},{"not_picked":["Fasting2","WreathOfFlame","Prostrate"],"picked":"SKIP","floor":5.0},{"not_picked":["LikeWater","Fasting2"],"picked":"DeceiveReality","floor":7.0},{"not_picked":["SandsOfTime","EmptyFist","LikeWater"],"picked":"SKIP","floor":7.0},{"not_picked":["DeceiveReality","BattleHymn"],"picked":"Judgement","floor":8.0},{"not_picked":["JustLucky","Wallop"],"picked":"Adaptation","floor":11.0},{"not_picked":["ClearTheMind","FlyingSleeves","Prostrate"],"picked":"SKIP","floor":11.0},{"not_picked":["ThirdEye","EmptyMind"],"picked":"FlurryOfBlows","floor":12.0},{"not_picked":["CrushJoints","BowlingBash","Pray"],"picked":"SKIP","floor":12.0},{"not_picked":["CarveReality","CrushJoints","Halt"],"picked":"SKIP","floor":14.0},{"not_picked":["EmptyBody","Nirvana"],"picked":"WheelKick","floor":18.0},{"not_picked":["SandsOfTime+1","TalkToTheHand","BowlingBash+1"],"picked":"SKIP","floor":18.0},{"not_picked":["SashWhip","CarveReality"],"picked":"Tantrum","floor":21.0},{"not_picked":["ClearTheMind","FlurryOfBlows","Wallop"],"picked":"SKIP","floor":21.0},{"not_picked":["FlyingSleeves+1","BowlingBash","PathToVictory"],"picked":"SKIP","floor":22.0},{"not_picked":["FlyingSleeves","ClearTheMind","Swivel"],"picked":"SKIP","floor":22.0},{"not_picked":["CutThroughFate","FollowUp","Consecrate"],"picked":"SKIP","floor":24.0},{"not_picked":["Evaluate","Wish","SandsOfTime"],"picked":"SKIP","floor":24.0},{"not_picked":["FlurryOfBlows+1","PathToVictory","CrushJoints"],"picked":"SKIP","floor":25.0},{"not_picked":["Pray","JustLucky","Meditate"],"picked":"SKIP","floor":29.0},{"not_picked":["JustLucky","ThirdEye","Consecrate"],"picked":"SKIP","floor":29.0},{"not_picked":["ConjureBlade","FlyingSleeves","Protect+1"],"picked":"SKIP","floor":30.0},{"not_picked":["ForeignInfluence","ClearTheMind"],"picked":"EmptyMind","floor":31.0},{"not_picked":["Halt","ThirdEye","Study"],"picked":"SKIP","floor":31.0}],"player_experience":610492,"relics_obtained":[{"floor":8.0,"key":"Mango"},{"floor":9.0,"key":"CloakClasp"},{"floor":14.0,"key":"Mummified Hand"},{"floor":25.0,"key":"Regal Pillow"},{"floor":26.0,"key":"Akabeko"},{"floor":27.0,"key":"Red Mask"},{"floor":30.0,"key":"War Paint"}],"event_choices":[{"damage_healed":0.0,"max_hp_gain":0.0,"max_hp_loss":0.0,"gold_gain":0.0,"event_name":"Liars Game","player_choice":"Ignored","floor":3.0,"gold_loss":0.0,"damage_taken":0.0},{"damage_healed":0.0,"max_hp_gain":0.0,"max_hp_loss":0.0,"gold_gain":0.0,"event_name":"The Cleric","player_choice":"Leave","floor":10.0,"gold_loss":0.0,"damage_taken":0.0},{"cards_removed":["Defend_P"],"damage_healed":0.0,"max_hp_gain":0.0,"max_hp_loss":0.0,"gold_gain":0.0,"event_name":"Beggar","player_choice":"Gave Gold","floor":19.0,"gold_loss":75.0,"damage_taken":0.0},{"damage_healed":0.0,"max_hp_gain":0.0,"max_hp_loss":0.0,"gold_gain":0.0,"event_name":"Masked Bandits","player_choice":"Fought Bandits","floor":27.0,"gold_loss":0.0,"damage_taken":0.0}],"is_beta":false,"boss_relics":[{"not_picked":["Fusion Hammer","Calling Bell"],"picked":"SlaversCollar"}],"items_purged_floors":[28],"is_endless":false,"potions_floor_spawned":[1,11,12,14,22,25,27,29,31],"killed_by":"Automaton","ascension_level":18}}