{"host":"8dhn6p16jorj0i1s","time":1611362967,"event":{"mods":["BaseMod","Colored Map","DeckTracker","Highlight Path","Minty Spire (QoL Compilation)","Permanent Neow","Quick Restart"],"gold_per_floor":[114,114,130,130,48,66,66,99,99,99,117,143,159,147,147,252,252,267,282,61,81,94,94,113,113,113,132,159,209,209,228,228,329,329,341,355,17,34,45,45,74,87,87,122,141,141,193,13,13,13,13,13,3,36,36],"floor_reached":56,"language":"ENG","playtime":10864,"items_purged":["Doubt","ReachHeaven"],"score":1573,"play_id":"1cbbe4e7-5d3b-4761-a451-f3b76b49fd6c","local_time":"20210123014927","is_ascension_mode":true,"campfire_choices":[{"data":"Eruption","floor":7.0,"key":"SMITH"},{"data":"Vigilance","floor":10.0,"key":"SMITH"},{"floor":15.0,"key":"REST"},{"data":"Vault","floor":23.0,"key":"SMITH"},{"data":"Devotion","floor":25.0,"key":"SMITH"},{"data":"Omniscience","floor":30.0,"key":"SMITH"},{"floor":32.0,"key":"REST"},{"data":"SpiritShield","floor":40.0,"key":"SMITH"},{"floor":49,"key":"RECALL"},{"data":"Meditate","floor":52,"key":"SMITH"}],"circlet_count":0,"master_deck":["Eruption+1","Vigilance+1","Ragnarok","Worship+1","Consecrate","Prostrate","Indignation","Meditate+1","Scrawl","SpiritShield+1","Devotion+1","Vault+1","Omniscience+1","ClearTheMind","FlurryOfBlows","Crescendo","EmptyFist","Worship+1","Pray","Scrawl","Protect+1","DeceiveReality+1","DeceiveReality+1","DevaForm+1","ClearTheMind+1","Crescendo+1","FlurryOfBlows","TalkToTheHand+1"],"relics":["PureWater","Ice Cream","Matryoshka","Sundial","Pandora\u0027s Box","Membership Card","The Courier","Frozen Egg 2","Juzu Bracelet","Philosopher\u0027s Stone","Meat on the Bone","Gambling Chip","Damaru","Anchor","Bronze Scales","Lizard Tail","Pear","FossilizedHelix","TheAbacus","Calipers","War Paint"],"acts_visited":["Exordium","TheCity","TheBeyond","TheEnding"],"potions_floor_usage":[50,50],"damage_taken":[{"damage":0.0,"enemies":"Jaw Worm","floor":1.0,"turns":3.0},{"damage":0.0,"enemies":"Cultist","floor":3.0,"turns":3.0},{"damage":1.0,"enemies":"Small Slimes","floor":6.0,"turns":2.0},{"damage":3.0,"enemies":"3 Sentries","floor":8.0,"turns":4.0},{"damage":10.0,"enemies":"Gremlin Gang","floor":11.0,"turns":3.0},{"damage":6.0,"enemies":"Gremlin Nob","floor":12.0,"turns":3.0},{"damage":18.0,"enemies":"Lots of Slimes","floor":13.0,"turns":4.0},{"damage":10.0,"enemies":"Exordium Thugs","floor":14.0,"turns":6.0},{"damage":23.0,"enemies":"Hexaghost","floor":16.0,"turns":7.0},{"damage":3.0,"enemies":"3 Byrds","floor":18.0,"turns":3.0},{"damage":0.0,"enemies":"Chosen","floor":19.0,"turns":4.0},{"damage":2.0,"enemies":"Centurion and Healer","floor":21.0,"turns":2.0},{"damage":18.0,"enemies":"Shelled Parasite and Fungi","floor":22.0,"turns":3.0},{"damage":0.0,"enemies":"Chosen and Byrds","floor":24.0,"turns":4.0},{"damage":16.0,"enemies":"Snake Plant","floor":27.0,"turns":5.0},{"damage":0.0,"enemies":"Gremlin Leader","floor":28.0,"turns":2.0},{"damage":0.0,"enemies":"Sentry and Sphere","floor":31.0,"turns":3.0},{"damage":18.0,"enemies":"Automaton","floor":33.0,"turns":5.0},{"damage":0.0,"enemies":"Orb Walker","floor":35.0,"turns":1.0},{"damage":22.0,"enemies":"3 Shapes","floor":36.0,"turns":4.0},{"damage":15.0,"enemies":"Maw","floor":38.0,"turns":7.0},{"damage":0.0,"enemies":"3 Darklings","floor":39.0,"turns":3.0},{"damage":0.0,"enemies":"Giant Head","floor":41.0,"turns":2.0},{"damage":32,"enemies":"4 Shapes","floor":42,"turns":5},{"damage":0,"enemies":"Nemesis","floor":44,"turns":3},{"damage":1,"enemies":"Spire Growth","floor":45,"turns":5},{"damage":11,"enemies":"2 Orb Walkers","floor":47,"turns":4},{"damage":75,"enemies":"Donu and Deca","floor":50,"turns":12},{"damage":10,"enemies":"Shield and Spear","floor":54,"turns":3},{"damage":88,"enemies":"The Heart","floor":55,"turns":12}],"seed_played":"8822260107125937131","potions_obtained":[{"floor":3.0,"key":"StancePotion"},{"floor":4.0,"key":"FairyPotion"},{"floor":4.0,"key":"SteroidPotion"},{"floor":6.0,"key":"Block Potion"},{"floor":12.0,"key":"Dexterity Potion"},{"floor":19.0,"key":"Swift Potion"},{"floor":22.0,"key":"EssenceOfSteel"},{"floor":27.0,"key":"Swift Potion"},{"floor":28.0,"key":"SneckoOil"},{"floor":41.0,"key":"SneckoOil"},{"floor":42,"key":"LiquidMemories"},{"floor":45,"key":"Swift Potion"},{"floor":47,"key":"Dexterity Potion"}],"is_trial":false,"path_per_floor":["M","?","M","?","$","M","R","E","T","R","M","E","M","M","R","B",null,"M","M","$","M","M","R","M","R","T","M","E","?","R","M","R","B",null,"M","M","$","M","M","R","E","M","T","E","M","?","?","$","R","B",null,"R","$","E","B",null],"character_chosen":"WATCHER","items_purchased":["Worship","Membership Card","Worship","Meat on the Bone","Gambling Chip","Damaru","TheAbacus","Calipers","FlurryOfBlows"],"campfire_rested":2,"item_purchase_floors":[5,20,20,37,37,37,48,48,53],"current_hp_per_floor":[65,65,65,65,65,64,64,61,61,61,51,45,27,17,38,15,58,55,55,55,53,35,35,35,35,35,19,19,19,19,19,40,22,60,60,38,38,35,47,47,47,27,27,39,38,48,49,49,49,36,71,71,71,61,26],"gold":36,"neow_bonus":"THREE_RARE_CARDS","is_daily":false,"chose_seed":false,"campfire_upgraded":7,"win_rate":0.0,"timestamp":1611362967,"path_taken":["M","?","?","?","$","M","R","E","T","R","M","E","M","?","R","BOSS","M","M","$","M","M","R","M","R","T","M","E","?","R","M","R","BOSS","M","M","$","M","M","R","E","M","T","E","M","?","?","$","R","BOSS","R","$","E","BOSS"],"items_purchased_type":["Card","Relic","Card","Relic","Relic","Relic","Relic","Relic","Card"],"build_version":"2020-12-22","purchased_purges":2,"victory":true,"max_hp_per_floor":[72,72,72,72,72,72,72,72,72,72,72,72,72,72,72,72,72,72,72,72,72,72,72,72,72,72,72,72,72,72,72,72,72,72,72,72,72,72,72,72,72,72,72,72,72,82,82,82,82,82,82,82,82,82,82],"card_choices":[{"not_picked":["MasterReality","Omniscience"],"picked":"Ragnarok","floor":0.0},{"not_picked":["CarveReality","EmptyFist","ThirdEye"],"picked":"SKIP","floor":1.0},{"not_picked":["BowlingBash","Nirvana","SashWhip"],"picked":"SKIP","floor":3.0},{"not_picked":["CrushJoints","JustLucky"],"picked":"Consecrate","floor":6.0},{"not_picked":["ThirdEye","BowlingBash"],"picked":"Prostrate","floor":8.0},{"not_picked":["ClearTheMind","FlurryOfBlows"],"picked":"Indignation","floor":11.0},{"not_picked":["EmptyFist","FlurryOfBlows"],"picked":"Meditate","floor":12.0},{"not_picked":["SignatureMove","EmptyFist","Crescendo"],"picked":"SKIP","floor":13.0},{"not_picked":["Crescendo","Swivel"],"picked":"Scrawl","floor":14.0},{"not_picked":["Ragnarok","Scrawl"],"picked":"SpiritShield","floor":16.0},{"not_picked":["EmptyBody+1","CrushJoints","FlyingSleeves+1"],"picked":"SKIP","floor":18.0},{"not_picked":["BowlingBash","Protect","CutThroughFate"],"picked":"SKIP","floor":19.0},{"not_picked":["EmptyFist","Wireheading","LikeWater+1"],"picked":"SKIP","floor":21.0},{"not_picked":["WheelKick","EmptyBody","ThirdEye"],"picked":"SKIP","floor":22.0},{"not_picked":["InnerPeace","Nirvana","Evaluate"],"picked":"SKIP","floor":24.0},{"not_picked":["WreathOfFlame","Sanctity","Fasting2+1"],"picked":"SKIP","floor":27.0},{"not_picked":["ConjureBlade","BowlingBash"],"picked":"Pray","floor":28.0},{"not_picked":["EmptyBody","Evaluate","CrushJoints"],"picked":"SKIP","floor":31.0},{"not_picked":["Blasphemy","Alpha"],"picked":"Scrawl","floor":33.0},{"not_picked":["SashWhip+1","ClearTheMind+1","Crescendo+1"],"picked":"SKIP","floor":35.0},{"not_picked":["ThirdEye+1","LikeWater+1","Halt"],"picked":"SKIP","floor":36.0},{"not_picked":["Judgement","CrushJoints","SashWhip+1"],"picked":"SKIP","floor":38.0},{"not_picked":["Sanctity","Wireheading+1"],"picked":"Protect+1","floor":39.0},{"not_picked":["Evaluate","Worship"],"picked":"DeceiveReality+1","floor":41.0},{"not_picked":["Consecrate+1","Swivel+1"],"picked":"DeceiveReality+1","floor":42},{"not_picked":["ReachHeaven+1","SashWhip+1"],"picked":"DevaForm+1","floor":44},{"not_picked":["Crescendo","FlurryOfBlows"],"picked":"ClearTheMind+1","floor":45},{"not_picked":["ReachHeaven","EmptyBody+1"],"picked":"Crescendo+1","floor":47},{"not_picked":["EmptyFist+1","EmptyBody"],"picked":"TalkToTheHand+1","floor":54}],"player_experience":440386,"relics_obtained":[{"floor":8.0,"key":"Ice Cream"},{"floor":9.0,"key":"Matryoshka"},{"floor":12.0,"key":"Sundial"},{"floor":26.0,"key":"The Courier"},{"floor":26.0,"key":"Frozen Egg 2"},{"floor":28.0,"key":"Juzu Bracelet"},{"floor":41.0,"key":"Anchor"},{"floor":43,"key":"Bronze Scales"},{"floor":44,"key":"Lizard Tail"},{"floor":47,"key":"FossilizedHelix"},{"floor":54,"key":"War Paint"}],"event_choices":[{"damage_healed":0.0,"max_hp_gain":0.0,"max_hp_loss":0.0,"gold_gain":0.0,"cards_transformed":["Strike_P"],"event_name":"Transmorgrifier","player_choice":"Transformed","floor":2.0,"gold_loss":0.0,"damage_taken":0.0,"cards_obtained":["ReachHeaven"]},{"damage_healed":0.0,"max_hp_gain":0.0,"max_hp_loss":0.0,"gold_gain":0.0,"event_name":"Lab","player_choice":"Got Potions","floor":4.0,"gold_loss":0.0,"damage_taken":0.0},{"damage_healed":0.0,"max_hp_gain":0.0,"max_hp_loss":0.0,"gold_gain":100.0,"event_name":"The Joust","player_choice":"Bet on Murderer","floor":29.0,"gold_loss":50.0,"damage_taken":0.0},{"damage_healed":0,"gold_gain":0,"player_choice":"Gave Potion","damage_taken":0,"relics_obtained":["Pear"],"max_hp_gain":0,"max_hp_loss":0,"event_name":"WeMeetAgain","floor":46,"gold_loss":0},{"damage_healed":0,"gold_gain":0,"player_choice":"Fight","damage_taken":0,"max_hp_gain":0,"max_hp_loss":0,"event_name":"Mysterious Sphere","floor":47,"gold_loss":0}],"is_beta":false,"boss_relics":[{"not_picked":["Black Star","HolyWater"],"picked":"Pandora\u0027s Box"},{"not_picked":["Fusion Hammer","Calling Bell"],"picked":"Philosopher\u0027s Stone"}],"items_purged_floors":[20,37],"is_endless":false,"potions_floor_spawned":[3,6,12,19,22,27,28,41,42,44,45,47],"ascension_level":6}}