{"host":"cimxalwyqyblhb3d","time":1611394440,"event":{"mods":["AchievementEnabler","BaseMod","Colored Powertips","Downfall","Evolution","Minty Spire (QoL Compilation)","Quick Restart","Relic Stats","StSLib"],"gold_per_floor":[111,186,5,15,28,61,61,93,93,93,107,9,9,27,27,127,127,147,11,11,25,25,25,36,136,162,173,190,190,71,91,91,195,195,214,234,234,29,45,45,65,65,65],"floor_reached":42,"language":"FRA","playtime":2623,"items_purged":["Strike_G","Masterful Stab"],"score":577,"play_id":"22312896-a855-4a4e-9e53-50cd1f37c57a","local_time":"20210123103400","is_ascension_mode":true,"campfire_choices":[{"data":"Dodge and Roll","floor":7,"key":"SMITH"},{"data":"Terror","floor":10,"key":"SMITH"},{"data":"Blur","floor":15,"key":"SMITH"},{"data":"Glass Knife","floor":23,"key":"SMITH"},{"data":"Sadistic Nature","floor":29,"key":"SMITH"},{"floor":32,"key":"REST"},{"data":"Noxious Fumes","floor":40,"key":"SMITH"}],"circlet_count":0,"master_deck":["Flying Knee","Flying Knee","Flying Knee+1","Strike_G","Defend_G","Defend_G","Defend_G","Defend_G","Defend_G","Survivor","Neutralize","Dodge and Roll+1","Caltrops","Terror+1","Distraction+1","Caltrops","Deflect","Blur+1","Leg Sweep","All Out Attack","Glass Knife+1","Sadistic Nature+1","Setup+1","Noxious Fumes+1","Blur","Footwork","Deadly Poison","Deflect","Deflect+1","Die Die Die","CurseOfTheBell","Deadly Poison+1","PiercingWail","Pain","Catalyst+1"],"relics":["Ring of the Serpent","EVO:Axolotl","Centennial Puzzle","The Courier","StoneCalendar","Blue Candle","CultistMask","Strawberry","Regal Pillow","Calling Bell","Nunchaku","StrikeDummy","Tough Bandages","WarpedTongs","TwistedFunnel"],"acts_visited":["Exordium","TheCity","TheBeyond"],"potions_floor_usage":[6,6,8,16,18,18,28,31,33,33,39],"damage_taken":[{"damage":4,"enemies":"Jaw Worm","floor":1,"turns":3},{"damage":0,"enemies":"2 Louse","floor":4,"turns":3},{"damage":0,"enemies":"Cultist","floor":5,"turns":4},{"damage":1,"enemies":"3 Sentries","floor":6,"turns":5},{"damage":6,"enemies":"Lagavulin","floor":8,"turns":7},{"damage":10,"enemies":"Exordium Wildlife","floor":11,"turns":3},{"damage":7,"enemies":"3 Louse","floor":14,"turns":3},{"damage":0,"enemies":"Hexaghost","floor":16,"turns":8},{"damage":0,"enemies":"Shell Parasite","floor":18,"turns":4},{"damage":3,"enemies":"3 Byrds","floor":21,"turns":3},{"damage":17,"enemies":"Snecko","floor":24,"turns":6},{"damage":20,"enemies":"3 Cultists","floor":27,"turns":5},{"damage":17,"enemies":"Cultist and Chosen","floor":28,"turns":5},{"damage":2,"enemies":"Snake Plant","floor":31,"turns":3},{"damage":62,"enemies":"Champ","floor":33,"turns":14},{"damage":12,"enemies":"Orb Walker","floor":35,"turns":5},{"damage":6,"enemies":"3 Shapes","floor":36,"turns":6},{"damage":2,"enemies":"Maw","floor":39,"turns":7},{"damage":50,"enemies":"Writhing Mass","floor":41,"turns":5},{"damage":8,"enemies":"Spire Growth","floor":42,"turns":4}],"seed_played":"-7076602153518301091","potions_obtained":[{"floor":4,"key":"AttackPotion"},{"floor":5,"key":"DistilledChaos"},{"floor":6,"key":"Energy Potion"},{"floor":11,"key":"SkillPotion"},{"floor":16,"key":"DuplicationPotion"},{"floor":21,"key":"FairyPotion"},{"floor":27,"key":"champ:CounterPotion"},{"floor":28,"key":"SkillPotion"},{"floor":31,"key":"CunningPotion"},{"floor":36,"key":"Swift Potion"}],"is_trial":false,"path_per_floor":["M","?","$","M","M","E","R","E","T","R","M","$","?","M","R","B",null,"M","$","?","M","?","R","M","?","T","M","M","R","$","M","R","B",null,"M","M","?","$","M","R","M","M"],"character_chosen":"THE_SILENT","items_purchased":["Caltrops","Terror","Leg Sweep","Energy Potion","Sadistic Nature","Deadly Poison","Deflect","PowerPotion","TwistedFunnel"],"campfire_rested":1,"item_purchase_floors":[3,3,12,12,19,30,30,30,38],"current_hp_per_floor":[66,55,55,55,55,54,54,48,48,48,38,38,24,17,17,17,70,70,70,70,67,74,74,57,57,57,37,20,20,20,18,56,23,77,65,59,59,59,57,57,7,0,0],"gold":65,"neow_bonus":"RANDOM_COMMON_RELIC","is_daily":false,"chose_seed":false,"campfire_upgraded":6,"win_rate":0.0,"timestamp":1611394440,"path_taken":["M","?","$","M","M","E","R","E","T","R","M","$","?","M","R","BOSS","M","$","?","?","?","R","M","?","T","M","?","R","$","M","R","BOSS","M","?","?","$","?","R","M","M"],"items_purchased_type":["Card","Card","Card","Potion","Card","Card","Card","Potion","Relic"],"build_version":"2020-12-22","purchased_purges":2,"victory":false,"max_hp_per_floor":[70,70,70,70,70,70,70,70,70,70,70,70,70,70,70,70,70,70,70,70,70,77,77,77,77,77,77,77,77,77,77,77,77,77,77,77,77,77,77,77,77,77,77],"relic_stats":{"Centennial Puzzle":[48],"Regal Pillow":15,"Nunchaku":[2],"Tough Bandages":[15],"counters":[20,103],"Blue Candle":[6],"StoneCalendar":[92],"obtain_stats":[{"TwistedFunnel":38,"Regal Pillow":26,"Blue Candle":9,"StoneCalendar":8,"The Courier":6,"EVO:Axolotl":0,"WarpedTongs":37,"Calling Bell":34,"Centennial Puzzle":0,"Nunchaku":34,"Tough Bandages":34,"Strawberry":22,"CultistMask":20,"StrikeDummy":34,"Ring of the Serpent":17,"Ring of the Snake":0},{"TwistedFunnel":17,"Regal Pillow":11,"Blue Candle":5,"StoneCalendar":5,"The Courier":4,"EVO:Axolotl":0,"WarpedTongs":17,"Calling Bell":15,"Centennial Puzzle":0,"Nunchaku":15,"Tough Bandages":15,"Strawberry":10,"CultistMask":9,"StrikeDummy":15,"Ring of the Serpent":8,"Ring of the Snake":0},{"TwistedFunnel":87,"Regal Pillow":49,"Blue Candle":22,"StoneCalendar":22,"The Courier":15,"EVO:Axolotl":0,"WarpedTongs":87,"Calling Bell":76,"Centennial Puzzle":0,"Nunchaku":76,"Tough Bandages":76,"Strawberry":43,"CultistMask":40,"StrikeDummy":76,"Ring of the Serpent":36,"Ring of the Snake":0}],"WarpedTongs":[16]},"card_choices":[{"not_picked":["Masterful Stab","Flying Knee"],"picked":"Dodge and Roll","floor":1},{"not_picked":["Deadly Poison","Blade Dance"],"picked":"Distraction","floor":4},{"not_picked":["Dagger Throw","Dodge and Roll"],"picked":"Masterful Stab","floor":5},{"not_picked":["Heel Hook","Storm of Steel"],"picked":"Caltrops","floor":6},{"not_picked":["Accuracy","Eviscerate"],"picked":"Deflect","floor":8},{"not_picked":["Underhanded Strike","Riddle With Holes"],"picked":"Blur","floor":11},{"not_picked":["Flying Knee","Deflect"],"picked":"All Out Attack","floor":14},{"not_picked":["Unload","Grand Finale"],"picked":"Glass Knife","floor":16},{"not_picked":["Bouncing Flask+1","Blade Dance+1","Skewer"],"picked":"SKIP","floor":18},{"not_picked":["Dodge and Roll","Underhanded Strike"],"picked":"Setup+1","floor":21},{"not_picked":["Eviscerate+1","Bane"],"picked":"Noxious Fumes","floor":24},{"not_picked":["Grand Finale","Choke"],"picked":"Blur","floor":27},{"not_picked":["Escape Plan","Acrobatics"],"picked":"Footwork","floor":28},{"not_picked":["Quick Slash","Acrobatics"],"picked":"Deflect+1","floor":31},{"not_picked":["Grand Finale","Night Terror"],"picked":"Die Die Die","floor":33},{"not_picked":["Flying Knee","Dagger Spray+1"],"picked":"Deadly Poison+1","floor":35},{"not_picked":["Prepared","Cloak And Dagger"],"picked":"PiercingWail","floor":36},{"not_picked":["Quick Slash+1","Flying Knee+1"],"picked":"Catalyst+1","floor":39},{"not_picked":["Flying Knee","Infinite Blades+1","Acrobatics+1"],"picked":"SKIP","floor":41}],"player_experience":534016,"relics_obtained":[{"floor":6,"key":"The Courier"},{"floor":8,"key":"StoneCalendar"},{"floor":9,"key":"Blue Candle"},{"floor":26,"key":"Regal Pillow"},{"floor":34,"key":"Nunchaku"},{"floor":34,"key":"StrikeDummy"},{"floor":34,"key":"Tough Bandages"}],"event_choices":[{"damage_healed":0,"gold_gain":75,"player_choice":"Gather Gold","damage_taken":11,"max_hp_gain":0,"max_hp_loss":0,"event_name":"World of Goop","floor":2,"gold_loss":0},{"damage_healed":0,"gold_gain":0,"player_choice":"Entered Light","damage_taken":14,"max_hp_gain":0,"max_hp_loss":0,"event_name":"Shining Light","floor":13,"gold_loss":0,"cards_upgraded":["Distraction","Flying Knee"]},{"damage_healed":0,"gold_gain":0,"player_choice":"Trade","damage_taken":0,"relics_obtained":["CultistMask"],"max_hp_gain":0,"max_hp_loss":0,"event_name":"FaceTrader","floor":20,"gold_loss":0},{"damage_healed":0,"gold_gain":0,"player_choice":"Opened","damage_taken":0,"relics_obtained":["Strawberry"],"max_hp_gain":0,"max_hp_loss":0,"event_name":"The Mausoleum","floor":22,"gold_loss":0},{"damage_healed":0,"gold_gain":100,"player_choice":"Pray","damage_taken":0,"max_hp_gain":0,"max_hp_loss":0,"event_name":"Golden Shrine","floor":25,"gold_loss":0},{"damage_healed":0,"gold_gain":0,"player_choice":"Rummage","damage_taken":0,"relics_obtained":["WarpedTongs"],"max_hp_gain":0,"max_hp_loss":0,"event_name":"Accursed Blacksmith","floor":37,"gold_loss":0,"cards_obtained":["Pain"]}],"is_beta":false,"boss_relics":[{"not_picked":["SlaversCollar","Philosopher\u0027s Stone"],"picked":"Ring of the Serpent"},{"not_picked":["Tiny House","WristBlade"],"picked":"Calling Bell"}],"items_purged_floors":[3,38],"is_endless":false,"potions_floor_spawned":[4,5,6,11,16,21,27,28,31,36],"killed_by":"Spire Growth","ascension_level":4}}