{"host":"rolltorest","time":1611367109,"event":{"mods":["BaseMod","Minty Spire (QoL Compilation)","Relic Stats","Slay the Relics Exporter","StSLib"],"gold_per_floor":[114,114,174,13,13,40,58,85,165,165,185,11,28,60,60,135,135,152,42,53,65,83,115,133,161,188,25,25,51,67,98,98,172,172,191,202,221,233,233,264,264,298,321,321,321,336,369,394,394,394,394],"floor_reached":50,"language":"ENG","playtime":1935,"items_purged":[],"score":1385,"play_id":"75a91540-c30d-4c0e-ad25-4f46a7ee0c1a","local_time":"20210122175829","is_ascension_mode":true,"campfire_choices":[{"data":"Uppercut","floor":10,"key":"SMITH"},{"data":"Inflame","floor":15,"key":"SMITH"},{"floor":28,"key":"REST"},{"data":"Dark Embrace","floor":32,"key":"SMITH"},{"floor":41,"key":"REST"},{"floor":44,"key":"REST"},{"floor":49,"key":"RECALL"}],"circlet_count":0,"master_deck":["AscendersBane","Strike_R","Strike_R+1","Strike_R","Strike_R","Defend_R+1","Defend_R+1","Defend_R","Defend_R+1","Bash","Uppercut+1","Flame Barrier+1","Anger","Inflame+1","Shrug It Off","Twin Strike","Inflame","Immolate","Headbutt","Power Through","Immolate","Pommel Strike+1","Shockwave","Dark Embrace+1","Fire Breathing","Offering","Dual Wield","Feed","Pommel Strike+1","Parasite","Battle Trance+1","Rage+1","Evolve+1","Metamorphosis"],"relics":["Burning Blood","NeowsBlessing","Orrery","Boot","Anchor","Pantograph","Dream Catcher","Runic Dome","Shuriken","Happy Flower","Medical Kit","Bottled Lightning","Bag of Preparation","Runic Cube","Pear","Mummified Hand","War Paint","Juzu Bracelet","Ice Cream"],"acts_visited":["Exordium","TheCity","TheBeyond"],"potions_floor_usage":[25,25,31,33,33,42,50,50],"damage_taken":[{"damage":0,"enemies":"Jaw Worm","floor":1,"turns":1},{"damage":0,"enemies":"Gremlin Nob","floor":6,"turns":1},{"damage":0,"enemies":"Small Slimes","floor":7,"turns":1},{"damage":26,"enemies":"3 Sentries","floor":8,"turns":9},{"damage":0,"enemies":"Cultist","floor":11,"turns":3},{"damage":10,"enemies":"Exordium Thugs","floor":13,"turns":4},{"damage":15,"enemies":"Lagavulin","floor":14,"turns":5},{"damage":34,"enemies":"The Guardian","floor":16,"turns":14},{"damage":0,"enemies":"Chosen","floor":18,"turns":3},{"damage":0,"enemies":"Spheric Guardian","floor":20,"turns":3},{"damage":12,"enemies":"3 Cultists","floor":21,"turns":4},{"damage":5,"enemies":"Chosen and Byrds","floor":22,"turns":7},{"damage":46,"enemies":"Book of Stabbing","floor":23,"turns":6},{"damage":20,"enemies":"Shelled Parasite and Fungi","floor":24,"turns":4},{"damage":3,"enemies":"Gremlin Leader","floor":25,"turns":6},{"damage":25,"enemies":"Book of Stabbing","floor":29,"turns":5},{"damage":0,"enemies":"3 Cultists","floor":30,"turns":4},{"damage":6,"enemies":"Gremlin Leader","floor":31,"turns":4},{"damage":53,"enemies":"Champ","floor":33,"turns":12},{"damage":7,"enemies":"3 Darklings","floor":35,"turns":3},{"damage":6,"enemies":"Orb Walker","floor":36,"turns":2},{"damage":15,"enemies":"Writhing Mass","floor":37,"turns":6},{"damage":15,"enemies":"Spire Growth","floor":38,"turns":4},{"damage":23,"enemies":"Nemesis","floor":40,"turns":5},{"damage":44,"enemies":"Giant Head","floor":42,"turns":7},{"damage":16,"enemies":"Transient","floor":46,"turns":6},{"damage":29,"enemies":"Nemesis","floor":47,"turns":5},{"damage":23,"enemies":"Mind Bloom Boss Battle","floor":48,"turns":5},{"damage":44,"enemies":"Awakened One","floor":50,"turns":5}],"seed_played":"2507500789371630053","potions_obtained":[{"floor":6,"key":"ElixirPotion"},{"floor":7,"key":"Swift Potion"},{"floor":8,"key":"HeartOfIron"},{"floor":25,"key":"PowerPotion"},{"floor":29,"key":"FearPotion"},{"floor":31,"key":"ElixirPotion"},{"floor":35,"key":"FearPotion"},{"floor":37,"key":"Block Potion"},{"floor":38,"key":"CultistPotion"},{"floor":47,"key":"AttackPotion"}],"is_trial":false,"path_per_floor":["M","?","?","$","?","E","M","E","T","R","M","$","M","E","R","B",null,"M","?","M","M","M","E","M","E","T","$","R","E","M","E","R","B",null,"M","M","M","M","?","E","R","E","T","R","?","M","E","?","R","B"],"character_chosen":"IRONCLAD","items_purchased":["Orrery","Immolate","Medical Kit"],"campfire_rested":3,"item_purchase_floors":[4,12,27],"current_hp_per_floor":[74,79,79,79,55,61,67,47,47,47,53,53,49,40,40,37,69,75,75,80,74,75,35,21,24,24,24,48,29,35,35,35,13,63,62,62,56,50,50,43,71,33,33,61,51,41,18,26,26,7,7],"gold":394,"neow_bonus":"THREE_ENEMY_KILL","is_daily":false,"chose_seed":false,"campfire_upgraded":3,"win_rate":0.0,"timestamp":1611367109,"path_taken":["M","?","?","$","?","E","?","E","T","R","?","?","M","E","R","BOSS","M","?","M","?","M","E","M","E","T","$","R","E","M","E","R","BOSS","M","M","M","M","?","E","R","E","T","R","?","M","E","?","R","BOSS"],"items_purchased_type":["Relic","Card","Relic"],"build_version":"2020-12-18","purchased_purges":0,"victory":false,"max_hp_per_floor":[75,80,80,80,80,80,80,80,80,80,80,80,80,80,80,80,80,80,80,80,80,80,80,80,80,80,80,80,80,80,80,80,80,80,80,80,83,86,86,96,96,96,96,96,96,96,96,96,96,96,96],"relic_stats":{"Happy Flower":[24],"counters":[29,144],"Bag of Preparation":[22],"Juzu Bracelet":0,"War Paint":["Defend_R","Defend_R"],"Boot":[41],"Medical Kit":[42],"Burning Blood":167,"Dream Catcher":3,"Shuriken":[31],"Mummified Hand":[20],"Pantograph":100,"obtain_stats":[{"Ice Cream":48,"Pear":40,"NeowsBlessing":0,"Happy Flower":25,"Bag of Preparation":31,"Juzu Bracelet":47,"War Paint":43,"Boot":6,"Medical Kit":27,"Burning Blood":0,"Runic Dome":17,"Anchor":8,"Dream Catcher":14,"Shuriken":23,"Mummified Hand":42,"Pantograph":9,"Orrery":4,"Bottled Lightning":29,"Runic Cube":34},{"Ice Cream":28,"Pear":24,"NeowsBlessing":0,"Happy Flower":15,"Bag of Preparation":18,"Juzu Bracelet":27,"War Paint":25,"Boot":2,"Medical Kit":15,"Burning Blood":0,"Runic Dome":8,"Anchor":4,"Dream Catcher":7,"Shuriken":13,"Mummified Hand":25,"Pantograph":4,"Orrery":1,"Bottled Lightning":16,"Runic Cube":19},{"Ice Cream":139,"Pear":116,"NeowsBlessing":0,"Happy Flower":71,"Bag of Preparation":84,"Juzu Bracelet":134,"War Paint":123,"Boot":2,"Medical Kit":71,"Burning Blood":0,"Runic Dome":38,"Anchor":12,"Dream Catcher":24,"Shuriken":61,"Mummified Hand":123,"Pantograph":12,"Orrery":1,"Bottled Lightning":76,"Runic Cube":96}],"Runic Cube":[29]},"card_choices":[{"not_picked":["Clash","Body Slam"],"picked":"Uppercut","floor":1},{"not_picked":["Iron Wave","Flex"],"picked":"Flame Barrier","floor":4},{"not_picked":["Feel No Pain","Clash"],"picked":"Anger","floor":4},{"not_picked":["Thunderclap","Rage"],"picked":"Inflame","floor":6},{"not_picked":["Intimidate","Havoc"],"picked":"Shrug It Off","floor":7},{"not_picked":["Cleave","Wild Strike"],"picked":"Twin Strike","floor":8},{"not_picked":["Clash","Fire Breathing"],"picked":"Inflame","floor":11},{"not_picked":["Wild Strike","Reckless Charge"],"picked":"Headbutt","floor":13},{"not_picked":["Flex","Shrug It Off"],"picked":"Power Through","floor":14},{"not_picked":["Bludgeon","Juggernaut"],"picked":"Immolate","floor":16},{"not_picked":["Uppercut+1","Carnage"],"picked":"Pommel Strike+1","floor":18},{"not_picked":["Anger","Infernal Blade","Perfected Strike"],"picked":"SKIP","floor":20},{"not_picked":["Rupture","Warcry","Havoc"],"picked":"SKIP","floor":21},{"not_picked":["Rage","Havoc"],"picked":"Shockwave","floor":22},{"not_picked":["Havoc","Sentinel","Twin Strike"],"picked":"SKIP","floor":23},{"not_picked":["Searing Blow","Warcry"],"picked":"Dark Embrace","floor":24},{"not_picked":["Whirlwind","Berserk","Sword Boomerang"],"picked":"SKIP","floor":25},{"not_picked":["True Grit","Headbutt"],"picked":"Fire Breathing","floor":28},{"not_picked":["Flex","Twin Strike","Sentinel"],"picked":"SKIP","floor":29},{"not_picked":["Clash+1","Headbutt"],"picked":"Offering","floor":30},{"not_picked":["Fire Breathing","Intimidate"],"picked":"Dual Wield","floor":31},{"not_picked":["Limit Break","Double Tap"],"picked":"Feed","floor":33},{"not_picked":["Havoc+1","Body Slam+1"],"picked":"Pommel Strike+1","floor":35},{"not_picked":["Dropkick","Twin Strike+1"],"picked":"Seeing Red+1","floor":36},{"not_picked":["Flame Barrier","Armaments","Sword Boomerang"],"picked":"SKIP","floor":37},{"not_picked":["Metallicize","Shrug It Off"],"picked":"Battle Trance+1","floor":38},{"not_picked":["Sentinel","Clash","Twin Strike"],"picked":"SKIP","floor":40},{"not_picked":["Twin Strike","Pummel+1"],"picked":"Rage+1","floor":41},{"not_picked":["Thunderclap","Brutality","Combust"],"picked":"SKIP","floor":42},{"not_picked":["Pommel Strike","Bloodletting"],"picked":"Evolve+1","floor":44},{"not_picked":["Trip","Deep Breath"],"picked":"Metamorphosis","floor":45},{"not_picked":["Whirlwind","Evolve","Dark Embrace"],"picked":"SKIP","floor":46},{"not_picked":["Anger","Sword Boomerang","Clothesline"],"picked":"SKIP","floor":47}],"player_experience":1765228,"relics_obtained":[{"floor":6,"key":"Boot"},{"floor":8,"key":"Anchor"},{"floor":9,"key":"Pantograph"},{"floor":14,"key":"Dream Catcher"},{"floor":23,"key":"Shuriken"},{"floor":25,"key":"Happy Flower"},{"floor":29,"key":"Bottled Lightning"},{"floor":31,"key":"Bag of Preparation"},{"floor":40,"key":"Pear"},{"floor":42,"key":"Mummified Hand"},{"floor":43,"key":"War Paint"},{"floor":47,"key":"Juzu Bracelet"},{"floor":48,"key":"Ice Cream"}],"event_choices":[{"damage_healed":0,"gold_gain":0,"player_choice":"Donut","damage_taken":0,"max_hp_gain":5,"max_hp_loss":0,"event_name":"Big Fish","floor":2,"gold_loss":0},{"damage_healed":0,"gold_gain":60,"player_choice":"Gained Gold","damage_taken":0,"max_hp_gain":0,"max_hp_loss":0,"event_name":"Golden Wing","floor":3,"gold_loss":0},{"damage_healed":0,"gold_gain":0,"player_choice":"Entered Light","damage_taken":24,"max_hp_gain":0,"max_hp_loss":0,"event_name":"Shining Light","floor":5,"gold_loss":0,"cards_upgraded":["Defend_R","Flame Barrier"]},{"cards_removed":["Strike_R"],"damage_healed":0,"gold_gain":0,"player_choice":"Upgrade and Remove","damage_taken":0,"max_hp_gain":0,"max_hp_loss":0,"event_name":"Designer","floor":19,"gold_loss":110,"cards_upgraded":["Strike_R"]},{"cards_removed":["Seeing Red"],"damage_healed":0,"gold_gain":0,"player_choice":"Removed Skill","damage_taken":0,"max_hp_gain":0,"max_hp_loss":0,"event_name":"Falling","floor":39,"gold_loss":0},{"damage_healed":0,"gold_gain":0,"player_choice":"Memory 3","damage_taken":10,"max_hp_gain":0,"max_hp_loss":0,"event_name":"SensoryStone","floor":45,"gold_loss":0},{"damage_healed":0,"gold_gain":0,"player_choice":"Fight","damage_taken":0,"max_hp_gain":0,"max_hp_loss":0,"event_name":"MindBloom","floor":48,"gold_loss":0}],"is_beta":true,"boss_relics":[{"not_picked":["Runic Pyramid","Black Blood"],"picked":"Runic Dome"},{"not_picked":["Cursed Key","Black Star"],"picked":"Runic Cube"}],"items_purged_floors":[],"is_endless":false,"potions_floor_spawned":[6,7,8,16,21,22,24,25,29,31,35,37,38,47],"killed_by":"Awakened One","ascension_level":20}}