{"host":"agbyy69nq62afhwx","time":1611428663,"event":{"mods":["BaseMod","Colored Map","DeckTracker","Highlight Path","Keyboard Shortcuts","Minty Spire (QoL Compilation)","Quick Restart","StSLib","SuperFastMode","everything is the same but u backflip on backflip"],"gold_per_floor":[114,39,39,39,63,63,133,133,133,21,36,60,81,81,81,175,175,199,199,217,107,128,128,128,128],"floor_reached":24,"language":"KOR","playtime":449,"items_purged":["Strike_B"],"score":353,"play_id":"1fa833aa-d4bd-4538-bf80-773850e7f7db","local_time":"20210124040423","is_ascension_mode":true,"campfire_choices":[{"data":"Apotheosis","floor":6.0,"key":"SMITH"},{"floor":8.0,"key":"REST"},{"floor":15.0,"key":"REST"},{"floor":23,"key":"REST"}],"circlet_count":0,"master_deck":["AscendersBane","Strike_B","Strike_B","Defend_B","Defend_B+1","Defend_B","Defend_B","Zap","Dualcast","Apotheosis+1","Beam Cell","Auto Shields","Doom and Gloom","Chaos","Defragment","Darkness","Echo Form","Capacitor","Compile Driver"],"relics":["Cracked Core","Golden Idol","The Courier","Pear","Blue Candle","Philosopher\u0027s Stone"],"acts_visited":["TheCity"],"potions_floor_usage":[],"damage_taken":[{"damage":3.0,"enemies":"2 Louse","floor":1.0,"turns":3.0},{"damage":0.0,"enemies":"Small Slimes","floor":5.0,"turns":3.0},{"damage":37.0,"enemies":"Gremlin Nob","floor":7.0,"turns":4.0},{"damage":7.0,"enemies":"Jaw Worm","floor":11.0,"turns":2.0},{"damage":0.0,"enemies":"Large Slime","floor":12.0,"turns":5.0},{"damage":12.0,"enemies":"Lots of Slimes","floor":13.0,"turns":3.0},{"damage":12.0,"enemies":"Hexaghost","floor":16.0,"turns":9.0},{"damage":16.0,"enemies":"Spheric Guardian","floor":18.0,"turns":5.0},{"damage":21,"enemies":"Chosen","floor":20,"turns":5},{"damage":49,"enemies":"Snake Plant","floor":22,"turns":3},{"damage":24,"enemies":"Slavers","floor":24,"turns":2}],"seed_played":"8208183437860310274","potions_obtained":[{"floor":11.0,"key":"LiquidBronze"},{"floor":13.0,"key":"FairyPotion"}],"is_trial":false,"path_per_floor":["M","$","?","?","M","R","?","R","T","?","M","M","M","?","R","B",null,"M","?","M","?","M","R","E"],"character_chosen":"DEFECT","items_purchased":[],"campfire_rested":3,"item_purchase_floors":[],"current_hp_per_floor":[43,43,43,43,43,43,6,25,35,35,28,28,16,16,38,26,62,46,46,25,25,4,26,2,2],"gold":128,"neow_bonus":"RANDOM_COLORLESS_2","is_daily":false,"chose_seed":false,"campfire_upgraded":1,"win_rate":0.0,"timestamp":1611428663,"path_taken":["M","$","?","?","M","R","?","R","T","?","?","M","M","?","R","BOSS","M","?","M","?","M","R","E"],"items_purchased_type":[],"build_version":"2020-12-22","purchased_purges":1,"victory":false,"max_hp_per_floor":[71,71,64,64,64,64,64,64,74,74,74,74,74,74,74,74,74,74,74,74,74,74,74,74,74],"card_choices":[{"not_picked":["Transmutation","HandOfGreed"],"picked":"Apotheosis","floor":0.0},{"not_picked":["Streamline","Leap"],"picked":"Beam Cell","floor":1.0},{"not_picked":["Turbo","Heatsinks"],"picked":"Auto Shields","floor":5.0},{"not_picked":["Stack","Compile Driver"],"picked":"Doom and Gloom","floor":7.0},{"not_picked":["Steam","Compile Driver"],"picked":"Chaos","floor":11.0},{"not_picked":["Redo","Heatsinks"],"picked":"Defragment","floor":12.0},{"not_picked":["Hyperbeam","Cold Snap"],"picked":"Darkness","floor":13.0},{"not_picked":["Meteor Strike","Hyperbeam"],"picked":"Echo Form","floor":16.0},{"not_picked":["Turbo","Sweeping Beam"],"picked":"Capacitor","floor":18.0},{"not_picked":["Hello World","Leap"],"picked":"Compile Driver","floor":20},{"not_picked":["Storm","Streamline","Leap"],"picked":"SKIP","floor":22}],"player_experience":455372,"relics_obtained":[{"floor":7.0,"key":"The Courier"},{"floor":9.0,"key":"Pear"}],"event_choices":[{"damage_healed":0.0,"max_hp_gain":0.0,"max_hp_loss":7.0,"gold_gain":0.0,"event_name":"Golden Idol","player_choice":"Lose Max HP","floor":3.0,"gold_loss":0.0,"damage_taken":0.0,"relics_obtained":["Golden Idol"]},{"damage_healed":0.0,"max_hp_gain":0.0,"max_hp_loss":0.0,"gold_gain":0.0,"event_name":"Golden Wing","player_choice":"Ignored","floor":4.0,"gold_loss":0.0,"damage_taken":0.0},{"damage_healed":0.0,"max_hp_gain":0.0,"max_hp_loss":0.0,"gold_gain":0.0,"event_name":"Dead Adventurer","player_choice":"Searched \u00271\u0027 times","floor":7.0,"gold_loss":0.0,"damage_taken":0.0},{"damage_healed":0.0,"max_hp_gain":0.0,"max_hp_loss":0.0,"gold_gain":0.0,"event_name":"WeMeetAgain","player_choice":"Paid Gold","floor":10.0,"gold_loss":112.0,"damage_taken":0.0,"relics_obtained":["Blue Candle"]},{"damage_healed":0.0,"max_hp_gain":0.0,"max_hp_loss":0.0,"gold_gain":0.0,"event_name":"Liars Game","player_choice":"Ignored","floor":14.0,"gold_loss":0.0,"damage_taken":0.0},{"damage_healed":0,"gold_gain":0,"player_choice":"Ignored","damage_taken":0,"max_hp_gain":0,"max_hp_loss":0,"event_name":"Cursed Tome","floor":19,"gold_loss":0},{"cards_removed":["Strike_B"],"damage_healed":0,"gold_gain":0,"player_choice":"Upgrade and Remove","damage_taken":0,"max_hp_gain":0,"max_hp_loss":0,"event_name":"Designer","floor":21,"gold_loss":110,"cards_upgraded":["Defend_B"]}],"is_beta":false,"boss_relics":[{"not_picked":["Astrolabe","FrozenCore"],"picked":"Philosopher\u0027s Stone"}],"items_purged_floors":[2],"is_endless":false,"potions_floor_spawned":[11,13,16,18],"killed_by":"Slavers","ascension_level":18}}