{"host":"2sct7qpnpunnnd84","time":1611393931,"event":{"mods":["BaseMod","Googly Eyes","Minty Spire (QoL Compilation)","Quick Restart","Shop Mod","StSLib","The IronCluck"],"gold_per_floor":[119,44,44,44,69,69,112,130,176,176,176,200,223,223,223,343,343,362,362,311,321,337,337,105,105,105,30,30,30,47,57,57,155,155,167,167,179,179,179,179,191,201,226,147,147,162,63,80,80,80,80],"floor_reached":50,"language":"ENG","playtime":4082,"items_purged":["Shame","Strike_R"],"score":492,"play_id":"2dc276b8-0be5-4557-aada-d4bca87e1e71","local_time":"20210123012531","is_ascension_mode":false,"campfire_choices":[{"data":"Armaments","floor":6.0,"key":"SMITH"},{"floor":10.0,"key":"REST"},{"floor":15.0,"key":"REST"},{"floor":23.0,"key":"REST"},{"floor":25.0,"key":"REST"},{"floor":29.0,"key":"REST"},{"floor":32.0,"key":"REST"},{"floor":40.0,"key":"REST"},{"floor":45.0,"key":"REST"},{"floor":49.0,"key":"REST"}],"circlet_count":0,"master_deck":["Strike_R","Strike_R","Strike_R","Defend_R","Defend_R","Defend_R","Defend_R","Bash","Rampage+1","Armaments+1","Headbutt","Cleave","Cleave","Inflame","Barricade","Armaments","Armaments","Flame Barrier","Flex","Armaments","Whirlwind","Armaments+1","Feed","Body Slam","Limit Break","Power Through+1","Headbutt+1","Evolve+1","Pommel Strike+1","Rage","Impervious","Uppercut+1"],"relics":["Burning Blood","Bloody Idol","Akabeko","Smiling Mask","Fusion Hammer","ClockworkSouvenir","Ornamental Fan","Mark of Pain","Juzu Bracelet"],"acts_visited":["Exordium","TheCity","TheBeyond"],"potions_floor_usage":[50,50,50],"damage_taken":[{"damage":7.0,"enemies":"Cultist","floor":1.0,"turns":4.0},{"damage":6.0,"enemies":"Jaw Worm","floor":5.0,"turns":3.0},{"damage":39.0,"enemies":"3 Sentries","floor":7.0,"turns":11.0},{"damage":0.0,"enemies":"Small Slimes","floor":8.0,"turns":3.0},{"damage":12.0,"enemies":"Blue Slaver","floor":12.0,"turns":2.0},{"damage":10.0,"enemies":"Red Slaver","floor":13.0,"turns":4.0},{"damage":87.0,"enemies":"Hexaghost","floor":16.0,"turns":11.0},{"damage":22.0,"enemies":"2 Thieves","floor":18.0,"turns":3.0},{"damage":5.0,"enemies":"Chosen","floor":21.0,"turns":4.0},{"damage":8.0,"enemies":"Snecko","floor":22.0,"turns":7.0},{"damage":16.0,"enemies":"Chosen and Byrds","floor":30.0,"turns":6.0},{"damage":24.0,"enemies":"Snake Plant","floor":31.0,"turns":3.0},{"damage":55.0,"enemies":"Collector","floor":33.0,"turns":13.0},{"damage":23.0,"enemies":"Orb Walker","floor":35.0,"turns":4.0},{"damage":5.0,"enemies":"3 Shapes","floor":37.0,"turns":5.0},{"damage":22.0,"enemies":"Maw","floor":41.0,"turns":7.0},{"damage":5.0,"enemies":"4 Shapes","floor":42.0,"turns":6.0},{"damage":53.0,"enemies":"Jaw Worm Horde","floor":46.0,"turns":6.0},{"damage":42.0,"enemies":"3 Darklings","floor":48.0,"turns":7.0},{"damage":83,"enemies":"Donu and Deca","floor":50,"turns":7}],"seed_played":"-4169951618656391080","potions_obtained":[{"floor":1.0,"key":"Energy Potion"},{"floor":7.0,"key":"BloodPotion"},{"floor":12.0,"key":"BlessingOfTheForge"},{"floor":18.0,"key":"FearPotion"},{"floor":21.0,"key":"DuplicationPotion"},{"floor":31.0,"key":"PowerPotion"},{"floor":39.0,"key":"AttackPotion"},{"floor":39.0,"key":"PowerPotion"},{"floor":41.0,"key":"FearPotion"},{"floor":42.0,"key":"Regen Potion"},{"floor":48.0,"key":"CultistPotion"}],"is_trial":false,"path_per_floor":["M","$","?","?","M","R","E","M","T","R","?","M","M","$","R","B",null,"M","?","$","M","M","R","$","R","T","?","?","R","M","M","R","B",null,"M","?","M","$","?","R","M","M","T","$","R","M","$","M","R","B"],"character_chosen":"IRONCLAD","items_purchased":["Armaments","ClockworkSouvenir","Armaments","Whirlwind","Rage","PowerPotion"],"campfire_rested":9,"item_purchase_floors":[20,24,24,24,44,47],"current_hp_per_floor":[95,95,95,95,95,95,62,68,68,96,96,90,86,86,96,15,96,80,80,80,96,96,96,96,96,96,96,96,96,91,81,99,55,99,87,87,96,96,96,102,91,100,105,105,105,66,66,50,82,0,0],"gold":80,"neow_bonus":"TWENTY_PERCENT_HP_BONUS","is_daily":false,"chose_seed":false,"campfire_upgraded":1,"win_rate":0.0,"timestamp":1611393931,"path_taken":["M","$","?","?","M","R","E","M","T","R","?","M","M","$","R","BOSS","M","?","$","M","M","R","$","R","T","?","?","R","?","M","R","BOSS","M","?","?","$","?","R","M","M","T","$","R","M","?","M","R","BOSS"],"items_purchased_type":["Card","Relic","Card","Card","Card","Potion"],"build_version":"2020-12-22","purchased_purges":2,"victory":false,"max_hp_per_floor":[96,96,96,96,96,96,96,96,96,96,96,96,96,96,96,96,96,96,96,96,96,96,96,96,96,96,96,96,96,96,99,99,99,99,99,99,102,102,102,102,102,105,105,105,105,108,108,108,108,108,108],"card_choices":[{"not_picked":["Pommel Strike","Iron Wave"],"picked":"Rampage","floor":1.0},{"not_picked":["Pummel","Second Wind"],"picked":"Armaments","floor":5.0},{"not_picked":["Sever Soul","Havoc"],"picked":"Headbutt","floor":7.0},{"not_picked":["Havoc","Flex"],"picked":"Cleave","floor":8.0},{"not_picked":["Warcry","Seeing Red"],"picked":"Cleave","floor":12.0},{"not_picked":["True Grit","Sentinel"],"picked":"Inflame","floor":13.0},{"not_picked":["Bludgeon","Offering"],"picked":"Barricade","floor":16.0},{"not_picked":["Pummel","Sword Boomerang"],"picked":"Armaments","floor":18.0},{"not_picked":["Sword Boomerang","Dark Embrace"],"picked":"Flame Barrier","floor":21.0},{"not_picked":["Hemokinesis","Body Slam"],"picked":"Flex","floor":22.0},{"not_picked":["Dropkick","Infernal Blade"],"picked":"Feed","floor":30.0},{"not_picked":["Combust","Shockwave"],"picked":"Body Slam","floor":31.0},{"not_picked":["Brutality","Juggernaut"],"picked":"Limit Break","floor":33.0},{"not_picked":["Iron Wave","Heavy Blade"],"picked":"Power Through+1","floor":35.0},{"not_picked":["Perfected Strike+1","Sword Boomerang+1"],"picked":"Headbutt+1","floor":37.0},{"not_picked":["Headbutt+1","Bloodletting"],"picked":"Evolve+1","floor":41.0},{"not_picked":["Ghostly Armor","Clash"],"picked":"Pommel Strike+1","floor":42.0},{"not_picked":["Headbutt","Intimidate"],"picked":"Impervious","floor":46.0},{"not_picked":["Shrug It Off","Thunderclap"],"picked":"Uppercut+1","floor":48.0}],"player_experience":3408324,"relics_obtained":[{"floor":7.0,"key":"Akabeko"},{"floor":9.0,"key":"Smiling Mask"},{"floor":26.0,"key":"Ornamental Fan"},{"floor":43.0,"key":"Juzu Bracelet"}],"event_choices":[{"damage_healed":0.0,"max_hp_gain":0.0,"max_hp_loss":0.0,"gold_gain":0.0,"event_name":"Golden Idol","player_choice":"Take Wound","floor":3.0,"gold_loss":0.0,"damage_taken":0.0,"relics_obtained":["Golden Idol"],"cards_obtained":["Injury"]},{"damage_healed":0.0,"max_hp_gain":0.0,"max_hp_loss":0.0,"gold_gain":0.0,"event_name":"The Cleric","player_choice":"Leave","floor":4.0,"gold_loss":0.0,"damage_taken":0.0},{"damage_healed":0.0,"max_hp_gain":0.0,"max_hp_loss":0.0,"gold_gain":0.0,"event_name":"Living Wall","player_choice":"Grow","floor":11.0,"gold_loss":0.0,"damage_taken":0.0,"cards_upgraded":["Rampage"]},{"damage_healed":0.0,"max_hp_gain":0.0,"max_hp_loss":0.0,"gold_gain":0.0,"event_name":"Forgotten Altar","player_choice":"Gave Idol","floor":19.0,"relics_lost":["Golden Idol"],"gold_loss":0.0,"damage_taken":0.0,"relics_obtained":["Bloody Idol"]},{"cards_removed":["Injury"],"damage_healed":0.0,"max_hp_gain":0.0,"max_hp_loss":0.0,"gold_gain":0.0,"event_name":"Beggar","player_choice":"Gave Gold","floor":27.0,"gold_loss":75.0,"damage_taken":0.0},{"damage_healed":0.0,"max_hp_gain":0.0,"max_hp_loss":0.0,"gold_gain":0.0,"event_name":"Duplicator","player_choice":"Copied","floor":28.0,"gold_loss":0.0,"damage_taken":0.0,"cards_obtained":["Armaments"]},{"cards_removed":["Strike_R"],"damage_healed":0.0,"max_hp_gain":0.0,"max_hp_loss":0.0,"gold_gain":0.0,"event_name":"Purifier","player_choice":"Purged","floor":36.0,"gold_loss":0.0,"damage_taken":0.0},{"damage_healed":0.0,"max_hp_gain":0.0,"max_hp_loss":0.0,"gold_gain":0.0,"event_name":"Lab","player_choice":"Got Potions","floor":39.0,"gold_loss":0.0,"damage_taken":0.0}],"is_beta":false,"boss_relics":[{"not_picked":["Sozu","Coffee Dripper"],"picked":"Fusion Hammer"},{"not_picked":["Black Star","Pandora\u0027s Box"],"picked":"Mark of Pain"}],"items_purged_floors":[2,47],"is_endless":false,"potions_floor_spawned":[1,7,12,18,21,31,41,42,48],"killed_by":"Donu and Deca","ascension_level":0}}