{"host":"640uue19m79c7wbt","time":1611371594,"event":{"mods":["BaseMod","Colored Map","Googly Eyes","Highlight Path","Minty Spire (QoL Compilation)","Quick Restart","StSLib"],"gold_per_floor":[110,110,35,0,23,54,54,77,100,131,131,131,131,146,146,241,241,262,283,283,283],"floor_reached":20,"language":"ENG","playtime":517,"items_purged":["Strike_G"],"score":373,"play_id":"0ace331a-c8c4-4a7e-a5c0-2fc182916d1c","local_time":"20210122221314","is_ascension_mode":true,"campfire_choices":[{"data":"Setup","floor":7,"key":"SMITH"},{"data":"Noxious Fumes","floor":11,"key":"SMITH"},{"floor":13,"key":"REST"},{"data":"Bouncing Flask","floor":15,"key":"SMITH"}],"circlet_count":0,"master_deck":["AscendersBane","Strike_G","Strike_G","Strike_G","Strike_G","Defend_G","Defend_G","Defend_G","Defend_G","Defend_G","Survivor","Neutralize","Crippling Poison+1","Dagger Spray","Setup+1","Underhanded Strike","Noxious Fumes+1","Bouncing Flask+1","Corpse Explosion","Terror","Well Laid Plans"],"relics":["Ring of the Snake","NeowsBlessing","Golden Idol","Boot","Centennial Puzzle","Regal Pillow","SlaversCollar"],"acts_visited":["Exordium","TheCity"],"potions_floor_usage":[10,16],"damage_taken":[{"damage":0,"enemies":"2 Louse","floor":1,"turns":1},{"damage":0,"enemies":"Jaw Worm","floor":5,"turns":1},{"damage":0,"enemies":"Lagavulin","floor":6,"turns":1},{"damage":4,"enemies":"Small Slimes","floor":8,"turns":3},{"damage":18,"enemies":"Gremlin Nob","floor":10,"turns":4},{"damage":5,"enemies":"2 Fungi Beasts","floor":14,"turns":3},{"damage":6,"enemies":"Hexaghost","floor":16,"turns":8},{"damage":8,"enemies":"3 Byrds","floor":18,"turns":3},{"damage":32,"enemies":"Shell Parasite","floor":19,"turns":5},{"damage":26,"enemies":"Snecko","floor":20,"turns":3}],"seed_played":"-8033713335839456876","potions_obtained":[{"floor":8,"key":"SkillPotion"},{"floor":14,"key":"Dexterity Potion"}],"is_trial":false,"path_per_floor":["M","?","$","?","M","E","R","M","T","E","R","?","R","M","R","B",null,"M","M","M"],"character_chosen":"THE_SILENT","items_purchased":[],"campfire_rested":1,"item_purchase_floors":[],"current_hp_per_floor":[59,36,36,52,52,52,52,48,48,30,30,30,64,59,59,53,63,55,23,0,0],"gold":283,"neow_bonus":"THREE_ENEMY_KILL","is_daily":false,"chose_seed":false,"campfire_upgraded":3,"win_rate":0.0,"timestamp":1611371594,"path_taken":["M","?","$","?","M","E","R","?","T","E","R","?","R","M","R","BOSS","M","?","M"],"items_purchased_type":[],"build_version":"2020-12-22","purchased_purges":1,"victory":false,"max_hp_per_floor":[66,66,66,66,66,66,66,66,66,66,66,66,66,66,66,66,66,66,66,66,66],"card_choices":[{"not_picked":["Dodge and Roll","Deflect"],"picked":"Crippling Poison","floor":1},{"not_picked":["PiercingWail","Prepared"],"picked":"Dagger Spray","floor":5},{"not_picked":["Endless Agony","Tactician"],"picked":"Setup","floor":6},{"not_picked":["Sucker Punch","Dagger Throw"],"picked":"Underhanded Strike","floor":8},{"not_picked":["Cloak And Dagger","Calculated Gamble"],"picked":"Noxious Fumes","floor":10},{"not_picked":["Finisher","Skewer"],"picked":"Bouncing Flask","floor":14},{"not_picked":["Tools of the Trade","Envenom"],"picked":"Corpse Explosion","floor":16},{"not_picked":["Poisoned Stab","Sucker Punch"],"picked":"Terror","floor":18},{"not_picked":["Quick Slash","Concentrate+1"],"picked":"Well Laid Plans","floor":19}],"player_experience":625359,"relics_obtained":[{"floor":6,"key":"Boot"},{"floor":9,"key":"Centennial Puzzle"},{"floor":10,"key":"Regal Pillow"}],"event_choices":[{"damage_healed":0,"gold_gain":0,"player_choice":"Take Damage","damage_taken":23,"relics_obtained":["Golden Idol"],"max_hp_gain":0,"max_hp_loss":0,"event_name":"Golden Idol","floor":2,"gold_loss":0},{"damage_healed":16,"gold_gain":0,"player_choice":"Healed","damage_taken":0,"max_hp_gain":0,"max_hp_loss":0,"event_name":"The Cleric","floor":4,"gold_loss":35},{"damage_healed":0,"gold_gain":0,"player_choice":"Forge","damage_taken":0,"max_hp_gain":0,"max_hp_loss":0,"event_name":"Accursed Blacksmith","floor":12,"gold_loss":0,"cards_upgraded":["Crippling Poison"]}],"is_beta":false,"boss_relics":[{"not_picked":["Snecko Eye","Runic Dome"],"picked":"SlaversCollar"}],"items_purged_floors":[3],"is_endless":false,"potions_floor_spawned":[8,14],"killed_by":"Snecko","ascension_level":16}}