{"host":"xervbyl8oukkrn1w","time":1611425141,"event":{"mods":["BaseMod","Downfall","Hubris","Infinite Spire","Mad Scientist","Minty Spire (QoL Compilation)","Quick Restart","READ ME - Guardian Mod","Replay The Spire","Shade Mod","StSLib","The Blackbeard","The Cursed","The Elementalist","The Jungle","The Necromancer","The Runesmith"],"gold_per_floor":[99,111,121,136,586,598,598,646,664,675,675,694,726,219,231,328,328,228,240,240,240],"floor_reached":19,"language":"ENG","playtime":1559,"items_purged":[],"score":198,"play_id":"c65581de-4593-41a4-afc3-0c76380b2642","local_time":"20210123180541","is_ascension_mode":false,"campfire_choices":[{"floor":1,"key":"RECALL"},{"data":"bronze:Verify","floor":18,"key":"SMITH"}],"circlet_count":0,"master_deck":["bronze:Strike","bronze:Strike","bronze:Strike","bronze:Defend","bronze:Defend","bronze:Defend","bronze:Defend","bronze:Replicate","bronze:Goto","bronze:Branch","bronze:WhirlingStrike","bronze:DigitalCarnage","downfall:Icky","downfall:Icky","downfall:Icky","bronze:NullPointer","bronze:Repair","bronze:OilSpill","bronze:DelayedGuard","bronze:Shell","bronze:Separator","bronze:Verify+1","bronze:GetLatest","bronze:BitShift","expansioncontent:DashGenerateEvil","bronze:Optimize","Summon_Lich","bronze:Virus","bronze:Flail"],"relics":["bronze:BronzeCore","hubris:DisguiseKit","Quantum Egg","Pantograph","hubris:Metronome","hubris:HollowSoul","downfall:HeartBlessingRed"],"acts_visited":["Exordium","theJungle:Jungle"],"potions_floor_usage":[13,16,16,16],"damage_taken":[{"damage":2,"enemies":"Jaw Worm","floor":2,"turns":4},{"damage":0,"enemies":"Small Slimes","floor":3,"turns":3},{"damage":2,"enemies":"2 Louse","floor":4,"turns":3},{"damage":10,"enemies":"3 Louse","floor":6,"turns":3},{"damage":5,"enemies":"Red Slaver","floor":9,"turns":2},{"damage":8,"enemies":"2 Fungi Beasts","floor":10,"turns":3},{"damage":10,"enemies":"Blue Slaver","floor":12,"turns":4},{"damage":0,"enemies":"Gremlin Nob","floor":13,"turns":2},{"damage":1,"enemies":"downfall:FleeingMerchant","floor":14,"turns":4},{"damage":0,"enemies":"3 Louse","floor":15,"turns":3},{"damage":61,"enemies":"DF_ARCHETYPE_STREAMLINE","floor":16,"turns":12},{"damage":20,"enemies":"theJungle:GiantWrat","floor":19,"turns":6}],"seed_played":"-2332995616953404919","potions_obtained":[{"floor":2,"key":"Block Potion"},{"floor":6,"key":"Adrenaline Potion"},{"floor":9,"key":"Strength Potion"},{"floor":15,"key":"Adrenaline Potion"},{"floor":16,"key":"ColorlessPotion"},{"floor":19,"key":"PowerPotion"}],"is_trial":false,"path_per_floor":["R","M","M","M","?","M","T","?","M","M","?","M","E","$","M","B",null,"R","M"],"character_chosen":"THE_AUTOMATON","items_purchased":["expansioncontent:DashGenerateEvil","bronze:Optimize","hubris:Metronome"],"campfire_rested":0,"item_purchase_floors":[14,14,14],"current_hp_per_floor":[77,75,75,73,73,63,63,33,28,27,27,24,24,30,30,1,77,77,57,57,57],"gold":240,"neow_bonus":"TEN_PERCENT_HP_BONUS","is_daily":false,"chose_seed":false,"campfire_upgraded":1,"win_rate":0.0,"timestamp":1611425141,"path_taken":["R","M","M","M","?","M","T","?","M","M","?","M","E","?","M","BOSS","R","M"],"items_purchased_type":["Card","Card","Relic"],"build_version":"2020-12-22","purchased_purges":0,"victory":false,"max_hp_per_floor":[77,77,77,77,77,77,77,77,77,77,77,77,77,77,77,77,77,77,77,77,77],"card_choices":[{"not_picked":["bronze:Boost","bronze:Philosophize"],"picked":"bronze:Branch","floor":2},{"not_picked":["bronze:Frontload","bronze:ChildClass"],"picked":"bronze:WhirlingStrike","floor":3},{"not_picked":["bronze:Deprecate","bronze:ShipIt"],"picked":"bronze:DigitalCarnage","floor":4},{"not_picked":["bronze:Turbo","bronze:BitShift"],"picked":"bronze:NullPointer","floor":6},{"not_picked":["bronze:WildBeam","bronze:Boost","Negative_Energy_Javelin"],"picked":"bronze:Repair","floor":8},{"not_picked":["bronze:Backtrace","bronze:WildBeam","Consume_Illness"],"picked":"bronze:OilSpill","floor":8},{"not_picked":["bronze:WildBeam","bronze:Philosophize","Death_Coil"],"picked":"bronze:DelayedGuard","floor":9},{"not_picked":["bronze:FollowUp","bronze:Turbo","Bone_Shift"],"picked":"bronze:Shell","floor":10},{"not_picked":["bronze:MaxOutput","bronze:Branch","Consume_Illness"],"picked":"bronze:Verify","floor":12},{"not_picked":["bronze:WhirlingStrike","bronze:FineTuning","Negative_Energy_Sphere"],"picked":"bronze:GetLatest","floor":13},{"not_picked":["bronze:Shield","bronze:NullPointer","Bone_Armor"],"picked":"bronze:BitShift","floor":14},{"not_picked":["bronze:Deprecate","bronze:DarkDash","bronze:Overload"],"picked":"Summon_Lich","floor":15},{"not_picked":["bronze:HyperBeam","bronze:RecursiveStrike","Hellfire"],"picked":"bronze:Virus","floor":16},{"not_picked":["bronze:ForceShield","bronze:WhirlingStrike","Negative_Energy_Mist"],"picked":"bronze:Flail","floor":19}],"player_experience":98208,"relics_obtained":[{"floor":7,"key":"hubris:DisguiseKit"},{"floor":8,"key":"Quantum Egg"},{"floor":13,"key":"Pantograph"}],"event_choices":[],"is_beta":false,"boss_relics":[{"not_picked":["bronze:MakeshiftBattery","Philosopher\u0027s Stone"],"picked":"hubris:HollowSoul"}],"items_purged_floors":[],"is_endless":false,"potions_floor_spawned":[2,6,9,15,16,19],"killed_by":"theJungle:GiantWrat","ascension_level":0}}