{"host":"wj6vwlg8bkoql3lv","time":1611421511,"event":{"mods":["AchievementEnabler","Bard","Bartender","BaseMod","Colored Map","Custom Start","Decade(???)","Downfall","Friendly Minions","Hermit","Hubris","Infinite Spire","JesterMod","Jorbs\u0027s Wanderer Trilogy","Marisa????????","Minty Spire (QoL Compilation)","Potionbrewer","Quick Restart","Replay The Spire","Robot Space Explorer","SIMod","Shade Mod","StSLib","The Blue Laboratory","The Bug Knight","The Construct","The Cursed","The Death Knight","The Disciple","The Gatherer","The Hayseed","The Hierophant","The Jungle","The Marked","The Mystic","The Runesmith","The Senshi","The Servant 0.9.4","TheFirefly","Transform Curses"],"gold_per_floor":[113,132,21,31,42,73,73,73,142,158,158,174,184,71,71,171,171,196,196,179,179,191,191,211,211,237,315,315,346,316,331,331,431,431,450,466,466,466,476,476,486,486,540,540,540,540],"floor_reached":45,"language":"ENG","playtime":4278,"items_purged":["ReplayTheSpireMod:Restless Dread","Strike_P"],"score":437,"play_id":"ed15b4c5-24c9-44ff-8935-2eb7801b6fbe","local_time":"20210123170511","is_ascension_mode":false,"campfire_choices":[{"data":"BowlingBash","floor":8.0,"key":"SMITH"},{"floor":11.0,"key":"RECALL"},{"floor":15.0,"key":"REST"},{"floor":23.0,"key":"REST"},{"floor":25.0,"key":"REST"},{"floor":32.0,"key":"REST"},{"floor":40,"key":"REST"},{"floor":42,"key":"REST"}],"circlet_count":0,"master_deck":["Strike_P","Strike_P","Strike_P","Defend_P","Defend_P","Defend_P","Defend_P","Eruption","Vigilance","BowlingBash+1","EmptyBody","FlurryOfBlows","CutThroughFate","Worship","Normality","infinitespire:Fortify","EmptyMind","Replay:Anticipation","Conclude","Worship","ConjureBlade","Protect","Consecrate","CarveReality+1","FlyingSleeves","BattleHymn+1","DevaForm","Pray+1","ThirdEye","Pray","Replay:Battleflow+1"],"relics":["PureWater","NeowsBlessing","Calipers","Du-Vu Doll","Gremlin Horn","construct:ClawGrip","Replay:Blank Codex","hubris:Towel","Replay:Bottled Flurry","hubris:BundleOfHerbs","Orichalcum","Sozu","hubris:Icosahedron","Nunchaku"],"acts_visited":["Exordium","TheCity","TheBeyond"],"potions_floor_usage":[],"damage_taken":[{"damage":0.0,"enemies":"2 Louse","floor":1.0,"turns":1.0},{"damage":0.0,"enemies":"Cultist","floor":2.0,"turns":1.0},{"damage":0.0,"enemies":"Jaw Worm","floor":4.0,"turns":1.0},{"damage":4.0,"enemies":"Blue Slaver","floor":5.0,"turns":5.0},{"damage":28.0,"enemies":"Replay:BlueRogue","floor":6.0,"turns":11.0},{"damage":1.0,"enemies":"Large Slime","floor":10.0,"turns":4.0},{"damage":0.0,"enemies":"Lots of Slimes","floor":12.0,"turns":3.0},{"damage":0.0,"enemies":"Blue Slaver","floor":13.0,"turns":3.0},{"damage":31.0,"enemies":"Fading Forest","floor":16.0,"turns":11.0},{"damage":25.0,"enemies":"3 Byrds","floor":18.0,"turns":5.0},{"damage":5.0,"enemies":"2 Thieves","floor":20.0,"turns":4.0},{"damage":29.0,"enemies":"Centurion and Healer","floor":22.0,"turns":11.0},{"damage":3.0,"enemies":"Snake Plant","floor":24.0,"turns":4.0},{"damage":44.0,"enemies":"Gremlin Leader","floor":29.0,"turns":4.0},{"damage":0.0,"enemies":"3 Cultists","floor":31.0,"turns":3.0},{"damage":43.0,"enemies":"Automaton","floor":33.0,"turns":8.0},{"damage":23.0,"enemies":"Orb Walker","floor":35.0,"turns":4.0},{"damage":11.0,"enemies":"3 Darklings","floor":36.0,"turns":5.0},{"damage":10,"enemies":"Spire Growth","floor":39,"turns":4},{"damage":18,"enemies":"Writhing Mass","floor":41,"turns":6},{"damage":52,"enemies":"Nemesis","floor":45,"turns":7}],"seed_played":"1707282410535991694","potions_obtained":[{"floor":5.0,"key":"potionbrewer:MidasPotion"},{"floor":6.0,"key":"blueLaboratory:AbyssPotion"},{"floor":13.0,"key":"blueLaboratory:PhilterOfMotion"},{"floor":22.0,"key":"SkillPotion"},{"floor":29.0,"key":"Energy Potion"},{"floor":30.0,"key":"potionbrewer:AcidPotion"},{"floor":30.0,"key":"DuplicationPotion"},{"floor":33.0,"key":"blueLaboratory:AbyssPotion"}],"is_trial":false,"path_per_floor":["M","M","?","M","M","E","?","R","T","M","R","M","M","$","R","B",null,"M","?","M","?","M","R","M","R","T","T","AVR","E","?","M","R","B",null,"M","M","?","?","M","R","M","R","T","?","E"],"character_chosen":"WATCHER","items_purchased":["Worship"],"campfire_rested":6,"item_purchase_floors":[14],"current_hp_per_floor":[72,72,72,72,68,40,40,40,40,39,39,39,39,39,60,39,72,47,31,26,26,7,28,25,46,46,46,46,2,2,2,23,22,72,49,38,38,38,28,49,31,52,52,52,0,0],"gold":540,"neow_bonus":"THREE_ENEMY_KILL","is_daily":false,"chose_seed":false,"campfire_upgraded":1,"win_rate":0.0,"timestamp":1611421511,"path_taken":["M","M","?","?","M","E","?","R","T","M","R","M","M","$","R","BOSS","M","?","M","?","M","R","M","R","T","?","AVR","E","?","M","R","BOSS","M","?","?","?","M","R","M","R","T","?","E"],"items_purchased_type":["Card"],"build_version":"2020-12-22","purchased_purges":2,"victory":false,"max_hp_per_floor":[72,72,72,72,72,72,72,72,72,72,72,72,72,72,72,72,72,72,72,72,72,72,72,72,72,72,72,72,72,72,72,72,72,72,72,72,72,72,72,72,72,72,72,72,72,72],"card_choices":[{"not_picked":["WaveOfTheHand","Replay:AtTheReady"],"picked":"BowlingBash","floor":1.0},{"not_picked":["CarveReality","Replay:Hum"],"picked":"EmptyBody","floor":2.0},{"not_picked":["EmptyBody","Tantrum"],"picked":"FlurryOfBlows","floor":4.0},{"not_picked":["InnerPeace","Halt"],"picked":"CutThroughFate","floor":5.0},{"not_picked":["SignatureMove","ThirdEye"],"picked":"Worship","floor":6.0},{"not_picked":["infinitespire:Collect","infinitespire:Execution"],"picked":"infinitespire:Fortify","floor":7.0},{"not_picked":["FlyingSleeves","FlurryOfBlows"],"picked":"EmptyMind","floor":10.0},{"not_picked":["ClearTheMind","FlyingSleeves"],"picked":"Replay:Anticipation","floor":12.0},{"not_picked":["Consecrate","Crescendo"],"picked":"Conclude","floor":13.0},{"not_picked":["DeusExMachina","Judgement"],"picked":"ConjureBlade","floor":16.0},{"not_picked":["Replay:DivineShield","PathToVictory"],"picked":"Protect","floor":18.0},{"not_picked":["TalkToTheHand","Tantrum"],"picked":"Consecrate","floor":20.0},{"not_picked":["EmptyFist+1","ClearTheMind+1"],"picked":"CarveReality+1","floor":22.0},{"not_picked":["FollowUp+1","ClearTheMind+1"],"picked":"FlyingSleeves","floor":24.0},{"not_picked":["CrushJoints","Replay:ManipulateFuture"],"picked":"BattleHymn+1","floor":29.0},{"not_picked":["ReachHeaven","ClearTheMind+1"],"picked":"FlurryOfBlows+1","floor":31.0},{"not_picked":["Replay:AllIn","Omniscience"],"picked":"DevaForm","floor":33.0},{"not_picked":["JustLucky","FollowUp+1"],"picked":"Pray+1","floor":35.0},{"not_picked":["FlurryOfBlows","Consecrate"],"picked":"ThirdEye","floor":36.0},{"not_picked":["LikeWater+1","Sanctity"],"picked":"Pray","floor":39},{"not_picked":["Evaluate","Perseverance"],"picked":"Replay:Battleflow+1","floor":41}],"player_experience":152641,"relics_obtained":[{"floor":6.0,"key":"Du-Vu Doll"},{"floor":9.0,"key":"Gremlin Horn"},{"floor":19.0,"key":"Replay:Blank Codex"},{"floor":27.0,"key":"Replay:Bottled Flurry"},{"floor":29.0,"key":"Orichalcum"},{"floor":43,"key":"Nunchaku"}],"event_choices":[{"damage_healed":0.0,"max_hp_gain":0.0,"max_hp_loss":0.0,"gold_gain":0.0,"event_name":"WeMeetAgain","player_choice":"Paid Gold","floor":3.0,"gold_loss":111.0,"damage_taken":0.0,"relics_obtained":["Calipers"]},{"damage_healed":0.0,"max_hp_gain":0.0,"max_hp_loss":0.0,"gold_gain":0.0,"event_name":"Cursed Tome","player_choice":"Obtained Book","floor":19.0,"gold_loss":0.0,"damage_taken":16.0},{"damage_healed":0.0,"max_hp_gain":0.0,"max_hp_loss":0.0,"gold_gain":0.0,"event_name":"The Woman in Blue","player_choice":"Bought 2 Potions","floor":30.0,"gold_loss":0.0,"damage_taken":0.0},{"damage_healed":0.0,"max_hp_gain":0.0,"max_hp_loss":0.0,"gold_gain":0.0,"event_name":"Tomb of Lord Red Mask","player_choice":"Ignored","floor":38.0,"gold_loss":0.0,"damage_taken":0.0},{"cards_removed":["FlurryOfBlows"],"damage_healed":0,"gold_gain":0,"player_choice":"Removed Attack","damage_taken":0,"max_hp_gain":0,"max_hp_loss":0,"event_name":"Falling","floor":44,"gold_loss":0}],"is_beta":false,"boss_relics":[{"not_picked":["Replay:Grab Bag","ReplayTheSpireMod:DimensionalGlitch"],"picked":"construct:ClawGrip"},{"not_picked":["Runesmith:UraniumAnvil","Tiny House"],"picked":"Sozu"}],"items_purged_floors":[14,28],"is_endless":false,"potions_floor_spawned":[5,6,13,18,22,29,33,39,41],"killed_by":"Nemesis","ascension_level":0}}