{"host":"qy1e0kd24tpj3i2m","time":1611398462,"event":{"mods":["Act Like it!","Alarm Clock","BaseMod","Better Skull","Better Vampires","Colored Map","Colored Powertips","Custom Start","Faster Ascension Climbing","Friendly Minions","GifTheSpireLib","Gremlin Skip","Highlight Path","Minty Spire (QoL Compilation)","Permanent Neow","Poor People Problems","Quick Restart","Red Circlet Mod","Relic Sorter","Reorder Act Four","SacredBarkPlus","Shop Mod","StSLib","SuperFastMode","Transform Curses","没有小屋子和绿帽子啦"],"gold_per_floor":[112,130,130,130,130,130,212,212,237,255,279,354,19,32,32,32,32],"floor_reached":16,"language":"ZHS","playtime":458,"items_purged":["Strike_R"],"score":180,"play_id":"633bbd23-02d5-498a-9a75-8668ab0cabf5","local_time":"20210123194102","is_ascension_mode":true,"campfire_choices":[{"data":"Body Slam","floor":6.0,"key":"SMITH"},{"data":"True Grit","floor":8.0,"key":"SMITH"},{"data":"Wild Strike","floor":15.0,"key":"SMITH"}],"circlet_count":0,"master_deck":["AscendersBane","Strike_R","Strike_R","Strike_R","Strike_R","Defend_R","Defend_R","Defend_R","True Grit+1","Body Slam+1","Wild Strike+1","Trip"],"relics":["Burning Blood","Tiny Chest","Golden Idol","Eternal Feather","Toy Ornithopter","OrangePellets"],"acts_visited":["Exordium"],"potions_floor_usage":[16,16],"damage_taken":[{"damage":7.0,"enemies":"Jaw Worm","floor":1.0,"turns":3.0},{"damage":3.0,"enemies":"2 Louse","floor":2.0,"turns":4.0},{"damage":4.0,"enemies":"Small Slimes","floor":10.0,"turns":4.0},{"damage":2.0,"enemies":"Exordium Thugs","floor":11.0,"turns":4.0},{"damage":6.0,"enemies":"2 Fungi Beasts","floor":14.0,"turns":4.0},{"damage":57,"enemies":"Hexaghost","floor":16,"turns":9}],"seed_played":"-3431105830732916764","potions_obtained":[{"floor":1.0,"key":"Fire Potion"},{"floor":10.0,"key":"SkillPotion"}],"is_trial":false,"path_per_floor":["M","M","?","?","?","R","T","R","T","M","M","?","$","M","R","B"],"character_chosen":"IRONCLAD","items_purchased":["Trip","OrangePellets"],"campfire_rested":0,"item_purchase_floors":[13,13],"current_hp_per_floor":[67,70,70,44,37,37,37,43,43,45,49,38,38,38,44,0,0],"gold":32,"neow_bonus":"RANDOM_COMMON_RELIC","is_daily":false,"chose_seed":false,"campfire_upgraded":3,"win_rate":0.0,"timestamp":1611398462,"path_taken":["M","M","?","?","?","R","?","R","T","M","M","?","$","?","R","BOSS"],"items_purchased_type":["Card","Relic"],"build_version":"2020-12-22","purchased_purges":1,"victory":false,"max_hp_per_floor":[75,75,75,75,75,75,75,75,75,75,75,75,75,75,75,75,75],"card_choices":[{"not_picked":["Combust","Cleave"],"picked":"True Grit","floor":1.0},{"not_picked":["Iron Wave","Blood for Blood"],"picked":"Body Slam","floor":2.0},{"not_picked":["Infernal Blade","Shockwave"],"picked":"Wild Strike","floor":10.0},{"not_picked":["Clothesline","Twin Strike","Perfected Strike"],"picked":"SKIP","floor":11.0},{"not_picked":["Sword Boomerang","Clash","Pummel"],"picked":"SKIP","floor":14.0}],"player_experience":920942,"relics_obtained":[{"floor":7.0,"key":"Eternal Feather"},{"floor":9.0,"key":"Toy Ornithopter"}],"event_choices":[{"cards_removed":["Bash"],"damage_healed":0.0,"max_hp_gain":0.0,"max_hp_loss":0.0,"gold_gain":0.0,"event_name":"Living Wall","player_choice":"Forget","floor":3.0,"gold_loss":0.0,"damage_taken":0.0},{"damage_healed":0.0,"max_hp_gain":0.0,"max_hp_loss":0.0,"gold_gain":0.0,"event_name":"Golden Idol","player_choice":"Take Damage","floor":4.0,"gold_loss":0.0,"damage_taken":26.0,"relics_obtained":["Golden Idol"]},{"cards_removed":["Defend_R"],"damage_healed":0.0,"max_hp_gain":0.0,"max_hp_loss":0.0,"gold_gain":0.0,"event_name":"Golden Wing","player_choice":"Card Removal","floor":5.0,"gold_loss":0.0,"damage_taken":7.0},{"damage_healed":0.0,"max_hp_gain":0.0,"max_hp_loss":0.0,"gold_gain":75.0,"event_name":"World of Goop","player_choice":"Gather Gold","floor":12.0,"gold_loss":0.0,"damage_taken":11.0}],"is_beta":false,"boss_relics":[],"items_purged_floors":[13],"is_endless":false,"potions_floor_spawned":[1,10],"killed_by":"Hexaghost","ascension_level":20}}