{"host":"jmumkimrafwvkspb","time":1611420060,"event":{"mods":["AchievementEnabler","BaseMod","Colored Map","Minty Spire (QoL Compilation)","Replay The Spire","StSLib"],"gold_per_floor":[116,191,207,8,8,43,73,73,73,73,85,112,36,36,36],"floor_reached":14,"language":"ENG","playtime":444,"items_purged":["Strike_G"],"score":242,"play_id":"30bd3e78-638a-42bd-8354-67310fd9d26c","local_time":"20210123174100","is_ascension_mode":true,"campfire_choices":[{"data":"Bouncing Flask","floor":8,"key":"SMITH"},{"data":"Neutralize","floor":10,"key":"SMITH"}],"circlet_count":0,"master_deck":["AscendersBane","Strike_G","Strike_G","Strike_G","Strike_G","Defend_G","Defend_G","Defend_G","Defend_G","Defend_G","Survivor","Neutralize+1","Bouncing Flask+1","Poisoned Stab","Tools of the Trade+1","Masterful Stab","Acrobatics","Concentrate","Bouncing Flask","Tactician","ReplayTheSpireMod:IOU","ReplayTheSpireMod:IOU"],"relics":["Ring of the Snake","NeowsBlessing","Pen Nib","Odd Mushroom","Shuriken","Replay:Wax Seal","Vajra"],"acts_visited":["Exordium"],"potions_floor_usage":[12,14],"damage_taken":[{"damage":0,"enemies":"Small Slimes","floor":1,"turns":1},{"damage":0,"enemies":"2 Louse","floor":3,"turns":1},{"damage":0,"enemies":"Gremlin Nob","floor":6,"turns":1},{"damage":15,"enemies":"The Mushroom Lair","floor":7,"turns":6},{"damage":0,"enemies":"Cultist","floor":11,"turns":3},{"damage":37,"enemies":"3 Sentries","floor":12,"turns":7},{"damage":7,"enemies":"Lagavulin","floor":14,"turns":4}],"seed_played":"-6618410964231723619","potions_obtained":[{"floor":1,"key":"CultistPotion"},{"floor":6,"key":"Explosive Potion"},{"floor":12,"key":"SkillPotion"}],"is_trial":false,"path_per_floor":["M","?","M","$","?","E","?","R","T","R","M","E","$","E"],"character_chosen":"THE_SILENT","items_purchased":["Tools of the Trade+1","Masterful Stab","Tactician","Vajra"],"campfire_rested":0,"item_purchase_floors":[4,4,13,13],"current_hp_per_floor":[59,48,48,48,53,53,38,38,38,38,38,1,1,0,0],"gold":36,"neow_bonus":"THREE_ENEMY_KILL","is_daily":false,"chose_seed":false,"campfire_upgraded":2,"win_rate":0.0,"timestamp":1611420060,"path_taken":["M","?","M","$","?","E","?","R","T","R","M","E","$","E"],"items_purchased_type":["Card","Card","Card","Relic"],"build_version":"2020-12-22","purchased_purges":1,"victory":false,"max_hp_per_floor":[66,66,66,66,71,71,71,71,71,71,71,71,71,71,71],"card_choices":[{"not_picked":["Dagger Throw","Quick Slash"],"picked":"Bouncing Flask","floor":1},{"not_picked":["Backflip","Skewer"],"picked":"Poisoned Stab","floor":3},{"not_picked":["Flying Knee","Cloak And Dagger","Infinite Blades"],"picked":"SKIP","floor":6},{"not_picked":["Underhanded Strike","Cloak And Dagger"],"picked":"Acrobatics","floor":7},{"not_picked":["Expertise","Prepared"],"picked":"Concentrate","floor":11},{"not_picked":["Outmaneuver","Sucker Punch"],"picked":"Bouncing Flask","floor":12}],"player_experience":1588024,"relics_obtained":[{"floor":6,"key":"Pen Nib"},{"floor":7,"key":"Odd Mushroom"},{"floor":9,"key":"Shuriken"},{"floor":12,"key":"Replay:Wax Seal"}],"event_choices":[{"damage_healed":0,"gold_gain":75,"player_choice":"Gather Gold","damage_taken":11,"max_hp_gain":0,"max_hp_loss":0,"event_name":"World of Goop","floor":2,"gold_loss":0},{"damage_healed":0,"gold_gain":0,"player_choice":"Donut","damage_taken":0,"max_hp_gain":5,"max_hp_loss":0,"event_name":"Big Fish","floor":5,"gold_loss":0},{"damage_healed":0,"gold_gain":0,"player_choice":"Fought Mushrooms","damage_taken":0,"max_hp_gain":0,"max_hp_loss":0,"event_name":"Mushrooms","floor":7,"gold_loss":0}],"is_beta":false,"boss_relics":[],"items_purged_floors":[13],"is_endless":false,"potions_floor_spawned":[1,6,12],"killed_by":"Lagavulin","ascension_level":20}}