{"host":"zutuzvv732cf59m3","time":1611394732,"event":{"mods":["BaseMod","Downfall","Marisa????????","Minty Spire (QoL Compilation)","Prisma Mod","Quick Restart","READ ME - Guardian Mod","Shop Mod","StSLib","The Construct","The Cursed","The Disciple","The Senshi","The Servant 0.9.4"],"gold_per_floor":[112,112,112,132,132,165,175,175,222,222,238,238,264,109,109,207,207,220,235,235,250,250,250,250,250],"floor_reached":24,"language":"ENG","playtime":1036,"items_purged":["Defend_R"],"score":286,"play_id":"8904b40f-17c9-4f6f-9e98-2e1348d5c618","local_time":"20210123163852","is_ascension_mode":true,"campfire_choices":[{"data":"Whirlwind","floor":8,"key":"SMITH"},{"floor":12,"key":"REST"},{"data":"Armaments","floor":15,"key":"SMITH"},{"floor":23,"key":"REST"}],"circlet_count":0,"master_deck":["Strike_R","Strike_R","Strike_R+1","Strike_R","Defend_R","Defend_R","Defend_R","Bash+1","Thunderclap","True Grit","Whirlwind+1","Armaments+1","Metallicize","Flame Barrier","Barricade","Inflame+1","Pommel Strike+1","Whirlwind+1","Body Slam+1"],"relics":["Burning Blood","Magic Flower","Whetstone","Dream Catcher","Art of War","Eternal Feather","Philosopher\u0027s Stone","Molten Egg 2"],"acts_visited":["Exordium","TheCity"],"potions_floor_usage":[6,13],"damage_taken":[{"damage":8,"enemies":"Jaw Worm","floor":1,"turns":5},{"damage":7,"enemies":"2 Louse","floor":4,"turns":3},{"damage":68,"enemies":"3 Sentries","floor":6,"turns":13},{"damage":2,"enemies":"Small Slimes","floor":7,"turns":3},{"damage":10,"enemies":"Looter","floor":11,"turns":3},{"damage":32,"enemies":"Gremlin Nob","floor":13,"turns":4},{"damage":19,"enemies":"The Guardian","floor":16,"turns":12},{"damage":33,"enemies":"2 Thieves","floor":18,"turns":5},{"damage":13,"enemies":"Chosen","floor":19,"turns":5},{"damage":30,"enemies":"Centurion and Healer","floor":21,"turns":9},{"damage":46,"enemies":"Book of Stabbing","floor":24,"turns":5}],"seed_played":"3088352518266195945","potions_obtained":[{"floor":1,"key":"Guardian:BlockOnCardUsePotion"},{"floor":7,"key":"LiquidBronze"},{"floor":21,"key":"Fire Potion"}],"is_trial":false,"path_per_floor":["M","?","?","M","?","E","M","R","T","T","M","R","E","$","R","B",null,"M","M","T","M","?","R","E"],"character_chosen":"IRONCLAD","items_purchased":["Flame Barrier"],"campfire_rested":2,"item_purchase_floors":[14],"current_hp_per_floor":[72,65,65,67,72,13,20,20,20,20,19,42,19,19,25,15,62,38,34,34,13,13,45,0,0],"gold":250,"neow_bonus":"ONE_RARE_RELIC","is_daily":false,"chose_seed":false,"campfire_upgraded":2,"win_rate":0.0,"timestamp":1611394732,"path_taken":["M","?","?","M","?","E","M","R","T","?","?","R","E","$","R","BOSS","M","?","?","M","?","R","E"],"items_purchased_type":["Card"],"build_version":"2020-12-22","purchased_purges":1,"victory":false,"max_hp_per_floor":[72,72,72,72,77,77,77,77,77,77,77,77,77,77,77,77,77,77,77,77,77,77,77,77,77],"card_choices":[{"not_picked":["Evolve","Twin Strike","Wild Strike"],"picked":"SKIP","floor":1},{"not_picked":["Entrench","Heavy Blade"],"picked":"Thunderclap","floor":4},{"not_picked":["Heavy Blade","Wild Strike"],"picked":"True Grit","floor":6},{"not_picked":["Inflame","Sword Boomerang"],"picked":"Whirlwind","floor":7},{"not_picked":["Pommel Strike","Rage"],"picked":"Armaments","floor":11},{"not_picked":["Power Through","Spot Weakness"],"picked":"Metallicize","floor":13},{"not_picked":["Demon Form","Double Tap"],"picked":"Barricade","floor":16},{"not_picked":["Warcry+1","True Grit+1"],"picked":"Inflame+1","floor":18},{"not_picked":["Seeing Red+1","Cleave","Reckless Charge+1"],"picked":"SKIP","floor":19},{"not_picked":["Wild Strike+1","Shrug It Off"],"picked":"Pommel Strike+1","floor":21},{"not_picked":["Anger+1","Ghostly Armor"],"picked":"Body Slam+1","floor":23}],"player_experience":1791266,"relics_obtained":[{"floor":6,"key":"Whetstone"},{"floor":9,"key":"Dream Catcher"},{"floor":10,"key":"Art of War"},{"floor":13,"key":"Eternal Feather"},{"floor":20,"key":"Molten Egg 2"}],"event_choices":[{"cards_removed":["Strike_R"],"damage_healed":0,"gold_gain":0,"player_choice":"Card Removal","damage_taken":7,"max_hp_gain":0,"max_hp_loss":0,"event_name":"Golden Wing","floor":2,"gold_loss":0},{"damage_healed":0,"gold_gain":0,"player_choice":"Donut","damage_taken":0,"max_hp_gain":5,"max_hp_loss":0,"event_name":"Big Fish","floor":5,"gold_loss":0},{"damage_healed":0,"gold_gain":0,"player_choice":"Copied","damage_taken":0,"max_hp_gain":0,"max_hp_loss":0,"event_name":"Duplicator","floor":22,"gold_loss":0,"cards_obtained":["Whirlwind"]}],"is_beta":false,"boss_relics":[{"not_picked":["Cursed Key","SlaversCollar"],"picked":"Philosopher\u0027s Stone"}],"items_purged_floors":[14],"is_endless":false,"potions_floor_spawned":[1,7,21],"killed_by":"Book of Stabbing","ascension_level":8}}