{"host":"824exx23qlyrdtjz","time":1611389209,"event":{"mods":["BaseMod","Colored Map","Downfall","Minty Spire (QoL Compilation)","StSLib"],"gold_per_floor":[99,99,158,158,158,19,92,122,122,122,137,157,57,82,96,96,96,96],"floor_reached":16,"language":"ENG","playtime":606,"items_purged":["bronze:Strike"],"score":106,"play_id":"2207de7a-e8e9-4cb2-9dd8-ecd556ef2de9","local_time":"20210123030649","is_ascension_mode":false,"campfire_choices":[{"floor":1,"key":"RECALL"},{"floor":13,"key":"REST"}],"circlet_count":0,"master_deck":["bronze:Strike","bronze:Strike","bronze:Strike","bronze:Defend","bronze:Defend","bronze:Defend","bronze:Defend","bronze:Replicate","bronze:Goto","bronze:Iterate","bronze:Boost","bronze:Overheat","bronze:BuggyMess","bronze:Safeguard","bronze:Overheat","bronze:Fortify","bronze:ClassDefault","bronze:FollowUp"],"relics":["bronze:BronzeCore","downfall:HeartsMalice","Kunai","Mummified Hand","Bottled Lightning","PreservedInsect","Art of War","downfall:HeartBlessingRed","Orichalcum"],"acts_visited":["Exordium"],"potions_floor_usage":[14,14,16,16],"damage_taken":[{"damage":0,"enemies":"Jaw Worm","floor":2,"turns":1},{"damage":0,"enemies":"Gremlin Nob","floor":3,"turns":1},{"damage":0,"enemies":"Small Slimes","floor":4,"turns":1},{"damage":10,"enemies":"downfall:FleeingMerchant","floor":6,"turns":4},{"damage":42,"enemies":"Gremlin Nob","floor":8,"turns":5},{"damage":0,"enemies":"2 Louse","floor":11,"turns":3},{"damage":0,"enemies":"Blue Slaver","floor":12,"turns":2},{"damage":28,"enemies":"Lagavulin","floor":14,"turns":4},{"damage":0,"enemies":"Large Slime","floor":15,"turns":6},{"damage":8,"enemies":"IC_STATUS_ARCHETYPE","floor":16,"turns":4}],"seed_played":"569279974267123580","potions_obtained":[{"floor":3,"key":"bronze:BuildAFunctionPotion"},{"floor":8,"key":"SkillPotion"},{"floor":11,"key":"BlessingOfTheForge"},{"floor":15,"key":"AttackPotion"}],"is_trial":false,"path_per_floor":["R","M","?","M","?","$","T","E","T","?","M","M","R","E","M","B"],"character_chosen":"THE_AUTOMATON","items_purchased":["bronze:BuggyMess"],"campfire_rested":1,"item_purchase_floors":[6],"current_hp_per_floor":[70,70,70,70,67,57,57,15,15,15,15,15,36,8,8,0,0,0],"gold":96,"neow_bonus":"THREE_ENEMY_KILL","is_daily":false,"chose_seed":false,"campfire_upgraded":0,"win_rate":0.0,"timestamp":1611389209,"path_taken":["R","M","?","M","?","?","T","E","?","?","M","M","R","E","M","BOSS"],"items_purchased_type":["Card"],"build_version":"2020-12-22","purchased_purges":1,"victory":false,"max_hp_per_floor":[70,70,70,70,70,70,70,70,70,70,70,70,70,70,70,70,70,70],"card_choices":[{"not_picked":["bronze:Shield","bronze:BuggyMess"],"picked":"bronze:Iterate","floor":2},{"not_picked":["bronze:WhirlingStrike","bronze:Overload"],"picked":"bronze:Boost","floor":3},{"not_picked":["bronze:BugBarrage","bronze:Optimize"],"picked":"bronze:Overheat","floor":4},{"not_picked":["bronze:BronzeArmor","bronze:Deprecate","bronze:CloningBeam"],"picked":"SKIP","floor":6},{"not_picked":["bronze:Optimize","bronze:Repulsor"],"picked":"bronze:Safeguard","floor":8},{"not_picked":["bronze:DelayedGuard","bronze:Iterate"],"picked":"bronze:Overheat","floor":11},{"not_picked":["bronze:FollowUp","bronze:Separator"],"picked":"bronze:Fortify","floor":12},{"not_picked":["bronze:OilSpill","bronze:BuggyMess"],"picked":"bronze:ClassDefault","floor":14},{"not_picked":["bronze:Turbo","bronze:Separator"],"picked":"bronze:FollowUp","floor":15}],"player_experience":194845,"relics_obtained":[{"floor":3,"key":"Kunai"},{"floor":7,"key":"Bottled Lightning"},{"floor":8,"key":"PreservedInsect"},{"floor":9,"key":"Art of War"},{"floor":14,"key":"Orichalcum"}],"event_choices":[{"damage_healed":0,"gold_gain":0,"player_choice":"Success","damage_taken":3,"relics_obtained":["Mummified Hand"],"max_hp_gain":0,"max_hp_loss":0,"event_name":"Scrap Ooze","floor":5,"gold_loss":0}],"is_beta":false,"boss_relics":[],"items_purged_floors":[6],"is_endless":false,"potions_floor_spawned":[3,8,11,12,15],"killed_by":"IC_STATUS_ARCHETYPE","ascension_level":0}}