{"host":"o6k2gaocsza4qys9","time":1611370005,"event":{"mods":["BaseMod","Minty Spire (QoL Compilation)","Permanent Neow","Relic Stats"],"gold_per_floor":[110,110,121,121,132,132,144,177,200,67,83,113,113,144,144,216,216,232,232,282,300,72,97,114,149,197,197,197,197],"floor_reached":28,"language":"ENG","playtime":1161,"items_purged":["Strike_R"],"score":602,"play_id":"1468285f-5b5f-45bc-a15c-1b2c68753be8","local_time":"20210123104645","is_ascension_mode":true,"campfire_choices":[{"data":"Bash","floor":6,"key":"SMITH"},{"data":"Spot Weakness","floor":13,"key":"SMITH"},{"data":"Heavy Blade","floor":15,"key":"SMITH"},{"data":"Limit Break","floor":27,"key":"SMITH"}],"circlet_count":0,"master_deck":["AscendersBane","Strike_R","Strike_R","Strike_R","Strike_R","Defend_R","Defend_R","Defend_R","Defend_R","Bash+1","Spot Weakness+1","Heavy Blade+1","Cleave","Thunderclap","Impervious","Shrug It Off","Armaments","Inflame","Limit Break+1","True Grit","Headbutt"],"relics":["Burning Blood","Orichalcum","Ancient Tea Set","Boot","Pen Nib","Philosopher\u0027s Stone","Lee\u0027s Waffle","CaptainsWheel","White Beast Statue","Bag of Marbles"],"acts_visited":["Exordium","TheCity"],"potions_floor_usage":[8,12,16,23,25],"damage_taken":[{"damage":1,"enemies":"Cultist","floor":1,"turns":3},{"damage":8,"enemies":"2 Louse","floor":3,"turns":4},{"damage":5,"enemies":"Small Slimes","floor":5,"turns":3},{"damage":7,"enemies":"Looter","floor":7,"turns":3},{"damage":35,"enemies":"Lagavulin","floor":8,"turns":6},{"damage":0,"enemies":"2 Fungi Beasts","floor":11,"turns":3},{"damage":13,"enemies":"3 Sentries","floor":12,"turns":5},{"damage":27,"enemies":"Gremlin Nob","floor":14,"turns":6},{"damage":10,"enemies":"Slime Boss","floor":16,"turns":8},{"damage":27,"enemies":"Shell Parasite","floor":18,"turns":6},{"damage":21,"enemies":"3 Byrds","floor":21,"turns":5},{"damage":21,"enemies":"Book of Stabbing","floor":23,"turns":4},{"damage":12,"enemies":"Centurion and Healer","floor":24,"turns":7},{"damage":36,"enemies":"Slavers","floor":25,"turns":5},{"damage":47,"enemies":"Book of Stabbing","floor":28,"turns":4}],"seed_played":"-8180219758149040123","potions_obtained":[{"floor":3,"key":"Strength Potion"},{"floor":5,"key":"SteroidPotion"},{"floor":11,"key":"Explosive Potion"},{"floor":18,"key":"ElixirPotion"},{"floor":24,"key":"Explosive Potion"}],"is_trial":false,"path_per_floor":["M","?","M","?","M","R","M","E","T","$","M","E","R","E","R","B",null,"M","?","?","M","$","E","M","E","T","R","E"],"character_chosen":"IRONCLAD","items_purchased":["Shrug It Off","Lee\u0027s Waffle","Strength Potion"],"campfire_rested":0,"item_purchase_floors":[10,22,22],"current_hp_per_floor":[80,80,78,83,84,84,83,54,54,54,60,53,53,32,32,28,72,51,51,51,36,94,79,73,43,43,43,0,0],"gold":197,"neow_bonus":"TEN_PERCENT_HP_BONUS","is_daily":false,"chose_seed":false,"campfire_upgraded":4,"win_rate":0.0,"timestamp":1611370005,"path_taken":["M","?","M","?","M","R","M","E","T","$","M","E","R","E","R","BOSS","M","?","?","M","$","E","M","E","T","R","E"],"items_purchased_type":["Card","Relic","Potion"],"build_version":"2020-12-22","purchased_purges":1,"victory":false,"max_hp_per_floor":[82,82,82,87,87,87,87,87,87,87,87,87,87,87,87,87,87,87,87,87,87,94,94,94,94,94,94,94,94],"relic_stats":{"Lee\u0027s Waffle":58,"counters":[15,72],"Pen Nib":[6],"Orichalcum":[108],"Boot":[17],"obtain_stats":[{"Lee\u0027s Waffle":22,"CaptainsWheel":23,"Philosopher\u0027s Stone":17,"Pen Nib":14,"Bag of Marbles":26,"Orichalcum":8,"Ancient Tea Set":9,"Boot":12,"Burning Blood":0,"White Beast Statue":25},{"Lee\u0027s Waffle":11,"CaptainsWheel":12,"Philosopher\u0027s Stone":9,"Pen Nib":8,"Bag of Marbles":14,"Orichalcum":5,"Ancient Tea Set":5,"Boot":7,"Burning Blood":0,"White Beast Statue":14},{"Lee\u0027s Waffle":52,"CaptainsWheel":56,"Philosopher\u0027s Stone":41,"Pen Nib":33,"Bag of Marbles":68,"Orichalcum":19,"Ancient Tea Set":19,"Boot":27,"Burning Blood":0,"White Beast Statue":68}],"Burning Blood":84},"card_choices":[{"not_picked":["Shrug It Off","Iron Wave"],"picked":"Spot Weakness","floor":1},{"not_picked":["Cleave","Ghostly Armor"],"picked":"Heavy Blade","floor":3},{"not_picked":["Flex","Iron Wave"],"picked":"Cleave","floor":5},{"not_picked":["Armaments","Metallicize"],"picked":"Thunderclap","floor":7},{"not_picked":["Combust","Shrug It Off"],"picked":"Impervious","floor":8},{"not_picked":["Power Through","Bloodletting"],"picked":"Armaments","floor":11},{"not_picked":["Warcry","Bloodletting","Headbutt"],"picked":"SKIP","floor":12},{"not_picked":["Pommel Strike","Carnage"],"picked":"Inflame","floor":14},{"not_picked":["Demon Form","Bludgeon"],"picked":"Limit Break","floor":16},{"not_picked":["Armaments","Iron Wave"],"picked":"True Grit","floor":18},{"not_picked":["Rampage","Uppercut","Second Wind"],"picked":"SKIP","floor":21},{"not_picked":["Spot Weakness","Bloodletting"],"picked":"Headbutt","floor":23},{"not_picked":["Twin Strike","Feed","Flex"],"picked":"SKIP","floor":24},{"not_picked":["Twin Strike","Feel No Pain","Body Slam"],"picked":"SKIP","floor":25}],"player_experience":465516,"relics_obtained":[{"floor":8,"key":"Orichalcum"},{"floor":9,"key":"Ancient Tea Set"},{"floor":12,"key":"Boot"},{"floor":14,"key":"Pen Nib"},{"floor":23,"key":"CaptainsWheel"},{"floor":25,"key":"White Beast Statue"},{"floor":26,"key":"Bag of Marbles"}],"event_choices":[{"damage_healed":0,"gold_gain":0,"player_choice":"Ignored","damage_taken":0,"max_hp_gain":0,"max_hp_loss":0,"event_name":"Liars Game","floor":2,"gold_loss":0},{"damage_healed":0,"gold_gain":0,"player_choice":"Donut","damage_taken":0,"max_hp_gain":5,"max_hp_loss":0,"event_name":"Big Fish","floor":4,"gold_loss":0},{"damage_healed":0,"gold_gain":0,"player_choice":"Ignored","damage_taken":0,"max_hp_gain":0,"max_hp_loss":0,"event_name":"The Mausoleum","floor":19,"gold_loss":0},{"damage_healed":0,"gold_gain":50,"player_choice":"Stole From Cult","damage_taken":0,"max_hp_gain":0,"max_hp_loss":0,"event_name":"Nest","floor":20,"gold_loss":0}],"is_beta":false,"boss_relics":[{"not_picked":["Tiny House","SlaversCollar"],"picked":"Philosopher\u0027s Stone"}],"items_purged_floors":[10],"is_endless":false,"potions_floor_spawned":[3,5,7,11,18,24],"killed_by":"Book of Stabbing","ascension_level":20}}