{"host":"6aycdg1azw3gf4o9","time":1611419276,"event":{"mods":["Act Like it!","Arknights The Spire","BaseMod","CapriCore","Gensokyo","Minty Spire (QoL Compilation)","READ ME - Guardian Mod","StSLib"],"gold_per_floor":[110,110,130,144,74,108,108,128,128,128,143,143,182,25,25,138,138,128,128,69,97,117,117,153,173,173,216,245,245,269,269,269,376,385,398,398,50,69,88,88,123,132,132,167,167,201,230,20,20,20],"floor_reached":51,"language":"ZHS","playtime":2639,"items_purged":["ats:Strike V"],"score":807,"play_id":"bebd496d-32bd-4c6b-942d-8c67d694d413","local_time":"20210124002756","is_ascension_mode":false,"campfire_choices":[{"data":"ats:Part Time Job","floor":7.0,"key":"SMITH"},{"data":"ats:Closed Bolt Burst Fire","floor":10.0,"key":"SMITH"},{"data":"Apotheosis","floor":15.0,"key":"SMITH"},{"data":"ats:Part Time Job","floor":23.0,"key":"SMITH"},{"data":"ats:Closed Bolt Burst Fire","floor":29,"key":"SMITH"},{"data":"ats:Demon Strength","floor":32,"key":"SMITH"},{"data":"ats:Serious Mode","floor":40,"key":"SMITH"},{"floor":42,"key":"REST"},{"floor":45,"key":"REST"},{"data":"ats:Overload","floor":49,"key":"SMITH"}],"circlet_count":0,"master_deck":["ats:Strike C","ats:Strike G","ats:Strike S+1","ats:Armor Crushing Shot","ats:Defend","ats:Defend+1","ats:Defend","ats:Defend","ats:Emotion Absorption","ats:Closed Bolt Burst Fire+1","ats:Demon Strength+1","ats:Apocalypse","ats:Assault Order","ats:Apocalypse","ats:Part Time Job+1","ats:Childhood Dance","ats:Leaping Hammer","ats:Disruption Kick","Apotheosis+1","ats:Durian","ats:Hammer On","ats:Shadow Raid","ats:Serious Mode+1","ats:Curse Doll+1","ats:Charging Defense","ats:Closed Bolt Burst Fire+1","ats:Mental Burst+1","ats:Shadow Assault","CurseOfTheBell","ats:Calcification","ats:Overload+1","ats:Encircling Forest+1","ats:Leaping Hammer+1","ats:Sword Rain","ats:Curse Doll+1","ats:Shell Defense+1","ats:Defend Order","ats:Flexible Camouflage+1","ats:Healing Strengthening+1","Finesse","ats:Burning Ground"],"relics":["Black Star","ats:Originium","Dream Catcher","Mummified Hand","Ancient Tea Set","Pen Nib","CeramicFish","ats:Tactical Delivery","ats:Ability Aura","Gremlin Horn","HornCleat","Calipers","Lantern","Darkstone Periapt","Calling Bell","Tiny Chest","InkBottle","Prayer Wheel","ats:Hidden Killer","Centennial Puzzle","Gambling Chip","Bag of Preparation","Pear","Lizard Tail"],"acts_visited":["Exordium","TheCity","TheBeyond"],"potions_floor_usage":[24,24,33,41,44,44,50],"damage_taken":[{"damage":6.0,"enemies":"Gensokyo:Python","floor":1.0,"turns":4.0},{"damage":11.0,"enemies":"Gensokyo:Gryphon","floor":3.0,"turns":4.0},{"damage":0.0,"enemies":"Gensokyo:3_Fairies","floor":4.0,"turns":5.0},{"damage":36.0,"enemies":"Gensokyo:Mamizou","floor":6.0,"turns":10.0},{"damage":7.0,"enemies":"Gensokyo:Python_and_Kodama","floor":8.0,"turns":3.0},{"damage":3.0,"enemies":"Gensokyo:3_Kodama","floor":11.0,"turns":5.0},{"damage":43.0,"enemies":"Gensokyo:Cirno","floor":13.0,"turns":8.0},{"damage":72.0,"enemies":"Gensokyo:Yukari","floor":16.0,"turns":10.0},{"damage":24.0,"enemies":"2 Thieves","floor":18.0,"turns":4.0},{"damage":20.0,"enemies":"Chosen","floor":21.0,"turns":5.0},{"damage":16.0,"enemies":"Centurion and Healer","floor":22.0,"turns":6.0},{"damage":36,"enemies":"Slavers","floor":24,"turns":5},{"damage":14,"enemies":"Shelled Parasite and Fungi","floor":25,"turns":4},{"damage":24,"enemies":"Gremlin Leader","floor":27,"turns":5},{"damage":0,"enemies":"Snake Plant","floor":28,"turns":1},{"damage":4,"enemies":"Centurion and Healer","floor":30,"turns":6},{"damage":23,"enemies":"Champ","floor":33,"turns":8},{"damage":28,"enemies":"3 Darklings","floor":35,"turns":4},{"damage":18,"enemies":"3 Shapes","floor":38,"turns":3},{"damage":14,"enemies":"Spire Growth","floor":39,"turns":3},{"damage":69,"enemies":"Reptomancer","floor":41,"turns":7},{"damage":21,"enemies":"Nemesis","floor":44,"turns":3},{"damage":15,"enemies":"Jaw Worm Horde","floor":46,"turns":1},{"damage":0,"enemies":"Maw","floor":47,"turns":4},{"damage":39,"enemies":"Donu and Deca","floor":50,"turns":6}],"seed_played":"-6066797149125369835","potions_obtained":[{"floor":11.0,"key":"Weak Potion"},{"floor":13.0,"key":"Weak Potion"},{"floor":16.0,"key":"DistilledChaos"},{"floor":21.0,"key":"Explosive Potion"},{"floor":22.0,"key":"Fire Potion"},{"floor":27,"key":"ColorlessPotion"},{"floor":30,"key":"GamblersBrew"},{"floor":39,"key":"LiquidBronze"},{"floor":41,"key":"ColorlessPotion"},{"floor":44,"key":"Regen Potion"}],"is_trial":false,"path_per_floor":["M","?","M","M","?","E","R","M","T","R","M","?","E","$","R","B",null,"M","?","$","M","M","R","E","M","T","E","M","R","M","T","R","B",null,"M","?","$","M","M","R","E","R","T","E","R","M","M","$","R","B",null],"character_chosen":"DOCTOR_CLASS","items_purchased":["Apotheosis","ats:Shadow Raid","ats:Calcification","ats:Overload","ats:Hidden Killer","Finesse","ats:Burning Ground"],"campfire_rested":2,"item_purchase_floors":[14,20,37,37,37,48,48],"current_hp_per_floor":[66,66,60,70,70,61,61,61,61,61,72,65,50,50,50,25,72,67,60,60,54,58,58,44,50,50,44,49,49,71,71,71,72,78,68,68,68,60,57,57,12,35,35,39,65,55,58,58,58,69],"gold":20,"neow_bonus":"BOSS_RELIC","is_daily":false,"chose_seed":false,"campfire_upgraded":8,"win_rate":0.0,"timestamp":1611419276,"path_taken":["M","?","M","M","?","E","R","M","T","R","?","?","E","$","R","BOSS","M","?","?","?","M","R","E","M","T","E","M","R","?","?","R","BOSS","M","?","$","M","M","R","E","R","T","E","R","M","M","$","R","BOSS"],"items_purchased_type":["Card","Card","Card","Card","Relic","Card","Card"],"build_version":"2020-12-22","purchased_purges":1,"victory":true,"max_hp_per_floor":[72,72,72,72,72,72,72,72,72,72,72,72,72,72,72,72,72,72,72,72,72,72,72,72,72,72,72,72,72,72,72,72,72,78,78,78,78,78,78,78,78,78,78,88,88,88,88,88,88,88],"card_choices":[{"not_picked":["ats:Very Hot Blade","ats:Hammer On"],"picked":"ats:Closed Bolt Burst Fire","floor":1.0},{"not_picked":["ats:Hook Shot","ats:Very Hot Blade"],"picked":"ats:Demon Strength","floor":2.0},{"not_picked":["ats:Assault Order","ats:Nebulous Foxfire"],"picked":"ats:Apocalypse","floor":2.0},{"not_picked":["ats:Burning Ground","ats:Neurotoxin"],"picked":"ats:Assault Order","floor":3.0},{"not_picked":["ats:Very Hot Blade","ats:Burning Ground"],"picked":"ats:Apocalypse","floor":4.0},{"not_picked":["ats:LN2 Cannon","ats:Revitalization"],"picked":"ats:Part Time Job","floor":6.0},{"not_picked":["ats:Composite Medical Shells","ats:Powerful Strike"],"picked":"ats:Childhood Dance","floor":8.0},{"not_picked":["ats:Assault Order","ats:Chain Hook"],"picked":"ats:Leaping Hammer","floor":11.0},{"not_picked":["ats:Cat Scratch","ats:Poison Spread"],"picked":"ats:Disruption Kick","floor":13.0},{"not_picked":["ats:Fractured Body","ats:Nebulous Foxfire"],"picked":"ats:Durian","floor":16.0},{"not_picked":["ats:Steam Pump","ats:Shell Defense"],"picked":"ats:Hammer On","floor":18.0},{"not_picked":["ats:Flexible Camouflage","ats:Thermite Blade+1"],"picked":"ats:Part Time Job","floor":21.0},{"not_picked":["ats:Thermite Blade","ats:Explosion Area Strengthen","ats:Assault Order"],"picked":"SKIP","floor":22.0},{"not_picked":["ats:Blood Oath","ats:Curse Doll+1"],"picked":"ats:Serious Mode","floor":24},{"not_picked":["ats:Automatic Cover","ats:Cat Scratch"],"picked":"ats:Curse Doll+1","floor":25},{"not_picked":["ats:True Silver Slash","ats:Very Hot Blade+1"],"picked":"ats:Charging Defense","floor":27},{"not_picked":["ats:Curse Doll","ats:Collapsing Strike"],"picked":"ats:Closed Bolt Burst Fire","floor":28},{"not_picked":["ats:Childhood Dance+1","ats:Cat Scratch"],"picked":"ats:Mental Burst+1","floor":30},{"not_picked":["ats:Calcification","ats:Roar Of Ursus"],"picked":"ats:Shadow Assault","floor":33},{"not_picked":["ats:Steam Pump","ats:Powerful Strike","ats:Apocalypse"],"picked":"SKIP","floor":35},{"not_picked":["ats:Apocalypse+1","ats:Poison Spread","ats:Powerful Strike+1"],"picked":"SKIP","floor":35},{"not_picked":["ats:Phantom+1","ats:Healing Drone+1"],"picked":"ats:Encircling Forest+1","floor":38},{"not_picked":["ats:True Silver Slash","ats:Apocalypse","ats:Shadow Raid"],"picked":"SKIP","floor":38},{"not_picked":["ats:Directed Diagnosis+1","ats:Automatic Cover+1"],"picked":"ats:Leaping Hammer+1","floor":39},{"not_picked":["ats:Revitalization+1","ats:Red Shift+1","ats:Flame Of Heaven+1"],"picked":"SKIP","floor":39},{"not_picked":["ats:Support Order","ats:Automatic Cover","ats:Defend Order+1"],"picked":"SKIP","floor":41},{"not_picked":["ats:Collapsing Strike+1","ats:Very Hot Blade+1"],"picked":"ats:Sword Rain","floor":42},{"not_picked":["ats:Blood Oath","ats:Childhood Dance"],"picked":"ats:Curse Doll+1","floor":44},{"not_picked":["ats:Shadow Raid+1","ats:Revitalization+1"],"picked":"ats:Shell Defense+1","floor":46},{"not_picked":["ats:Composite Medical Shells+1","ats:Sunburst"],"picked":"ats:Defend Order","floor":46},{"not_picked":["ats:Consecutive Shot Auto","ats:Leaping Hammer+1"],"picked":"ats:Flexible Camouflage+1","floor":47},{"not_picked":["ats:Apocalypse+1","ats:Rat Pack"],"picked":"ats:Healing Strengthening+1","floor":47}],"player_experience":324701,"relics_obtained":[{"floor":6.0,"key":"ats:Originium"},{"floor":6.0,"key":"Dream Catcher"},{"floor":6.0,"key":"Mummified Hand"},{"floor":9.0,"key":"Ancient Tea Set"},{"floor":13.0,"key":"ats:Originium"},{"floor":13.0,"key":"Pen Nib"},{"floor":13.0,"key":"CeramicFish"},{"floor":24,"key":"ats:Ability Aura"},{"floor":24,"key":"Gremlin Horn"},{"floor":26,"key":"HornCleat"},{"floor":27,"key":"Calipers"},{"floor":27,"key":"Lantern"},{"floor":31,"key":"Darkstone Periapt"},{"floor":34,"key":"Tiny Chest"},{"floor":34,"key":"InkBottle"},{"floor":34,"key":"Prayer Wheel"},{"floor":41,"key":"Centennial Puzzle"},{"floor":41,"key":"Gambling Chip"},{"floor":43,"key":"Bag of Preparation"},{"floor":44,"key":"Pear"},{"floor":44,"key":"Lizard Tail"}],"event_choices":[{"damage_healed":0.0,"max_hp_gain":0.0,"max_hp_loss":0.0,"gold_gain":0.0,"event_name":"Wheel of Change","player_choice":"Damaged","floor":19.0,"gold_loss":0.0,"damage_taken":7.0},{"cards_removed":["ats:Part Time Job"],"damage_healed":0,"gold_gain":0,"player_choice":"Removed Power","damage_taken":0,"max_hp_gain":0,"max_hp_loss":0,"event_name":"Falling","floor":36,"gold_loss":0}],"is_beta":false,"boss_relics":[{"not_picked":["Cursed Key","Snecko Eye"],"picked":"ats:Tactical Delivery"},{"not_picked":["Pandora\u0027s Box","Tiny House"],"picked":"Calling Bell"}],"items_purged_floors":[48],"is_endless":false,"potions_floor_spawned":[11,13,16,21,22,27,30,39,41,44],"ascension_level":0}}