{"host":"v3mpq6flurzldi5g","time":1611431324,"event":{"mods":["AchievementEnabler","BaseMod","Colored Powertips","Highlight Path","Minty Spire (QoL Compilation)","StSLib"],"gold_per_floor":[117,133,146,146,146,146,159,174,174,139,150,168,168,168,168,265,265,282,71,71,57,68,68,84,97,169,169,169,183,183,195,195,195,195],"floor_reached":33,"language":"ENG","playtime":1427,"items_purged":["Strike_B"],"score":402,"play_id":"23451969-2ae1-4e8d-8bc7-98eaa69ac3cd","local_time":"20210123144844","is_ascension_mode":true,"campfire_choices":[{"floor":6.0,"key":"REST"},{"floor":13.0,"key":"REST"},{"data":"Defend_B","floor":15.0,"key":"SMITH"},{"floor":23.0,"key":"REST"},{"floor":28.0,"key":"REST"},{"floor":30.0,"key":"REST"},{"floor":32.0,"key":"REST"}],"circlet_count":0,"master_deck":["AscendersBane","Strike_B+1","Strike_B+1","Defend_B+1","Defend_B+1","Defend_B+1","Defend_B+1","Zap","Dualcast","Go for the Eyes+1","Sweeping Beam","Ball Lightning","Barrage","Doom and Gloom","Auto Shields","Cold Snap","Echo Form","Leap","Static Discharge+1","Sunder+1","Double Energy+1","Reinforced Body+1","White Noise+1"],"relics":["Cracked Core","Prayer Wheel","Inserter","Membership Card","Pear"],"acts_visited":["Exordium","TheCity"],"potions_floor_usage":[33],"damage_taken":[{"damage":10.0,"enemies":"2 Louse","floor":1.0,"turns":4.0},{"damage":1.0,"enemies":"Small Slimes","floor":2.0,"turns":4.0},{"damage":1.0,"enemies":"Cultist","floor":3.0,"turns":3.0},{"damage":2.0,"enemies":"Looter","floor":7.0,"turns":3.0},{"damage":33.0,"enemies":"Gremlin Gang","floor":8.0,"turns":4.0},{"damage":14.0,"enemies":"Exordium Wildlife","floor":11.0,"turns":4.0},{"damage":9.0,"enemies":"Blue Slaver","floor":12.0,"turns":3.0},{"damage":38.0,"enemies":"The Guardian","floor":16.0,"turns":16.0},{"damage":4.0,"enemies":"Spheric Guardian","floor":18.0,"turns":4.0},{"damage":19.0,"enemies":"2 Thieves","floor":21.0,"turns":4.0},{"damage":24.0,"enemies":"Shelled Parasite and Fungi","floor":22.0,"turns":5.0},{"damage":17.0,"enemies":"Centurion and Healer","floor":24.0,"turns":6.0},{"damage":4.0,"enemies":"Chosen and Byrds","floor":25.0,"turns":4.0},{"damage":49.0,"enemies":"Cultist and Chosen","floor":29.0,"turns":6.0},{"damage":18.0,"enemies":"Snake Plant","floor":31.0,"turns":5.0},{"damage":55,"enemies":"Collector","floor":33,"turns":6}],"seed_played":"-9122124521539806338","potions_obtained":[{"floor":1.0,"key":"Block Potion"},{"floor":2.0,"key":"DuplicationPotion"},{"floor":8.0,"key":"SpeedPotion"},{"floor":16.0,"key":"DuplicationPotion"},{"floor":22.0,"key":"EntropicBrew"},{"floor":29.0,"key":"SkillPotion"}],"is_trial":false,"path_per_floor":["M","M","M","?","?","R","M","M","T","?","M","M","R","?","R","B",null,"M","$","?","M","M","R","M","M","T","?","R","M","R","M","R","B"],"character_chosen":"DEFECT","items_purchased":["Membership Card","Static Discharge"],"campfire_rested":6,"item_purchase_floors":[19,19],"current_hp_per_floor":[65,64,63,63,56,80,78,45,45,65,51,42,66,66,66,28,69,65,65,65,46,22,46,29,25,35,35,62,13,40,22,49,0,0],"gold":195,"neow_bonus":"TEN_PERCENT_HP_BONUS","is_daily":false,"chose_seed":false,"campfire_upgraded":1,"win_rate":0.0,"timestamp":1611431324,"path_taken":["M","M","M","?","?","R","M","M","T","?","M","M","R","?","R","BOSS","M","$","?","M","M","R","M","M","T","?","R","?","R","?","R","BOSS"],"items_purchased_type":["Relic","Card"],"build_version":"2020-12-22","purchased_purges":1,"victory":false,"max_hp_per_floor":[82,82,82,82,82,82,82,82,82,82,82,82,82,82,82,82,82,82,82,82,82,82,82,82,82,92,92,92,92,92,92,92,92,92],"card_choices":[{"not_picked":["Undo","Coolheaded"],"picked":"Go for the Eyes","floor":1.0},{"not_picked":["Coolheaded","Chill"],"picked":"Sweeping Beam","floor":2.0},{"not_picked":["Redo","Cold Snap"],"picked":"Ball Lightning","floor":3.0},{"not_picked":["Beam Cell","Sweeping Beam"],"picked":"Barrage","floor":7.0},{"not_picked":["Beam Cell","Scrape","Meteor Strike"],"picked":"SKIP","floor":8.0},{"not_picked":["Stack","Skim"],"picked":"Doom and Gloom","floor":11.0},{"not_picked":["Hologram","Beam Cell","Rebound"],"picked":"SKIP","floor":11.0},{"not_picked":["Conserve Battery","Leap"],"picked":"Auto Shields","floor":12.0},{"not_picked":["Turbo","Aggregate"],"picked":"Cold Snap","floor":12.0},{"not_picked":["Multi-Cast","Core Surge"],"picked":"Echo Form","floor":16.0},{"not_picked":["Hologram+1","Force Field"],"picked":"Leap","floor":18.0},{"not_picked":["Turbo","Go for the Eyes+1","FTL"],"picked":"SKIP","floor":18.0},{"not_picked":["Streamline","Compile Driver","Sweeping Beam"],"picked":"SKIP","floor":21.0},{"not_picked":["Coolheaded","Go for the Eyes+1","Ball Lightning"],"picked":"SKIP","floor":21.0},{"not_picked":["Go for the Eyes+1","Hyperbeam"],"picked":"Sunder+1","floor":22.0},{"not_picked":["Aggregate+1","Coolheaded","Hologram+1"],"picked":"SKIP","floor":22.0},{"not_picked":["Aggregate+1","Auto Shields","FTL"],"picked":"SKIP","floor":24.0},{"not_picked":["Force Field+1","Steam","Rip and Tear"],"picked":"SKIP","floor":24.0},{"not_picked":["Genetic Algorithm+1","All For One"],"picked":"Double Energy+1","floor":25.0},{"not_picked":["Beam Cell","Redo","Heatsinks"],"picked":"SKIP","floor":25.0},{"not_picked":["Scrape","Streamline"],"picked":"Reinforced Body+1","floor":29.0},{"not_picked":["Beam Cell+1","Redo+1","Steam"],"picked":"SKIP","floor":29.0},{"not_picked":["Sunder+1","Hologram+1"],"picked":"White Noise+1","floor":31.0},{"not_picked":["Turbo","Reprogram","Hello World"],"picked":"SKIP","floor":31.0}],"player_experience":1009798,"relics_obtained":[{"floor":9.0,"key":"Prayer Wheel"},{"floor":26.0,"key":"Pear"}],"event_choices":[{"damage_healed":0.0,"max_hp_gain":0.0,"max_hp_loss":0.0,"gold_gain":0.0,"event_name":"Living Wall","player_choice":"Grow","floor":4.0,"gold_loss":0.0,"damage_taken":0.0,"cards_upgraded":["Go for the Eyes"]},{"cards_removed":["Strike_B"],"damage_healed":0.0,"max_hp_gain":0.0,"max_hp_loss":0.0,"gold_gain":0.0,"event_name":"Golden Wing","player_choice":"Card Removal","floor":5.0,"gold_loss":0.0,"damage_taken":7.0},{"damage_healed":20.0,"max_hp_gain":0.0,"max_hp_loss":0.0,"gold_gain":0.0,"event_name":"The Cleric","player_choice":"Healed","floor":10.0,"gold_loss":35.0,"damage_taken":0.0},{"damage_healed":0.0,"max_hp_gain":0.0,"max_hp_loss":0.0,"gold_gain":0.0,"event_name":"Accursed Blacksmith","player_choice":"Forge","floor":14.0,"gold_loss":0.0,"damage_taken":0.0,"cards_upgraded":["Defend_B"]},{"damage_healed":0.0,"max_hp_gain":0.0,"max_hp_loss":0.0,"gold_gain":0.0,"event_name":"Back to Basics","player_choice":"Simplicity","floor":20.0,"gold_loss":0.0,"damage_taken":0.0,"cards_upgraded":["Strike_B","Strike_B","Defend_B","Defend_B"]},{"damage_healed":0.0,"max_hp_gain":0.0,"max_hp_loss":0.0,"gold_gain":0.0,"event_name":"Upgrade Shrine","player_choice":"Upgraded","floor":27.0,"gold_loss":0.0,"damage_taken":0.0,"cards_upgraded":["Static Discharge"]}],"is_beta":false,"boss_relics":[{"not_picked":["Coffee Dripper","Busted Crown"],"picked":"Inserter"}],"items_purged_floors":[19],"is_endless":false,"potions_floor_spawned":[1,2,8,16,22,24,29],"killed_by":"Collector","ascension_level":11}}