{"host":"7fyy23rucerupe6i","time":1611391721,"event":{"mods":["BaseMod","Downfall","Minty Spire (QoL Compilation)","StSLib","The Administrix","The Animator"],"gold_per_floor":[99,112,128,128,228,228,228,128,138,163,63,90,90,101,119,220,220,120,132,132,145,230,230,256,281,292,325,325,336,370,381,398,502,502,502,502,518,534,554,554,635,661,661,693,716,750,726,726,736,736,736,762,100,100,100,100],"floor_reached":57,"language":"ZHS","playtime":4357,"items_purged":["champ:StanceDance+1","champ:DancingMaster"],"score":1636,"play_id":"3793471d-a407-43bd-a453-bdde6aa0374c","local_time":"20210123164841","is_ascension_mode":true,"campfire_choices":[{"data":"champ:Taunt","floor":1.0,"key":"SMITH"},{"floor":8.0,"key":"RECALL"},{"data":"champ:Lariat","floor":11.0,"key":"SMITH"},{"data":"champ:StrikeOfGenius","floor":18.0,"key":"SMITH"},{"data":"champ:VampiricStrike","floor":28.0,"key":"SMITH"},{"data":"champ:EnchantSword","floor":35.0,"key":"SMITH"},{"data":"champ:Backstep","floor":43,"key":"SMITH"},{"data":"champ:DefensiveShout","floor":54,"key":"SMITH"}],"circlet_count":0,"master_deck":["champ:Defend+1","champ:Defend+1","champ:Taunt+1","champ:ViciousMockery+1","champ:ShieldThrow+1","champ:CalledShot+1","champ:Lariat+1","champ:DefensiveStyle","champ:StrikeOfGenius+1","champ:ShieldThrow+1","champ:VampiricStrike+1","champ:EnchantCrown","champ:SkillfulDodge+1","champ:EnchantSword+1","champ:Backstep+1","expansioncontent:AwakenDeath","champ:CalledShot","champ:DefensiveShout+1"],"relics":["Astrolabe","downfall:HeartBlessingBlue","Vajra","downfall:HeartBlessingRed","War Paint","Coffee Dripper","downfall:HeartBlessingGreen","Enchiridion","PreservedInsect","Regal Pillow","FossilizedHelix","Bag of Marbles","Black Star","InkBottle","Happy Flower","Ancient Tea Set","Meat on the Bone","Kunai","Bag of Preparation","Omamori","Bronze Scales","Mummified Hand","Blood Vial","Bottled Flame","ClockworkSouvenir","Gremlin Horn","Anchor"],"acts_visited":["Exordium","TheCity","TheBeyond","TheEnding"],"potions_floor_usage":[42,55],"damage_taken":[{"damage":0.0,"enemies":"Small Slimes","floor":2.0,"turns":3.0},{"damage":10.0,"enemies":"Jaw Worm","floor":3.0,"turns":4.0},{"damage":0.0,"enemies":"downfall:Heads","floor":5.0,"turns":7.0},{"damage":0.0,"enemies":"2 Louse","floor":9.0,"turns":3.0},{"damage":10.0,"enemies":"Lagavulin","floor":12.0,"turns":3.0},{"damage":0.0,"enemies":"2 Fungi Beasts","floor":14.0,"turns":3.0},{"damage":6.0,"enemies":"Exordium Thugs","floor":15.0,"turns":3.0},{"damage":2.0,"enemies":"IC_STATUS_ARCHETYPE","floor":16.0,"turns":6.0},{"damage":0.0,"enemies":"Spheric Guardian","floor":19.0,"turns":1.0},{"damage":0.0,"enemies":"Centurion and Healer","floor":21.0,"turns":3.0},{"damage":0.0,"enemies":"Book of Stabbing","floor":25.0,"turns":2.0},{"damage":39.0,"enemies":"Cultist and Chosen","floor":26.0,"turns":4.0},{"damage":0.0,"enemies":"Gremlin Leader","floor":27.0,"turns":4.0},{"damage":0.0,"enemies":"Snake Plant","floor":29.0,"turns":3.0},{"damage":0.0,"enemies":"Book of Stabbing","floor":30.0,"turns":2.0},{"damage":9.0,"enemies":"Shelled Parasite and Fungi","floor":31.0,"turns":4.0},{"damage":0.0,"enemies":"Chosen and Byrds","floor":32.0,"turns":5.0},{"damage":0.0,"enemies":"DF_ARCHETYPE_CLAW","floor":33.0,"turns":9.0},{"damage":0.0,"enemies":"Orb Walker","floor":37.0,"turns":3.0},{"damage":7.0,"enemies":"3 Shapes","floor":38.0,"turns":4.0},{"damage":0.0,"enemies":"3 Darklings","floor":39.0,"turns":5.0},{"damage":0,"enemies":"Reptomancer","floor":42,"turns":2},{"damage":9,"enemies":"Nemesis","floor":44,"turns":7},{"damage":0,"enemies":"Giant Head","floor":46,"turns":4},{"damage":0,"enemies":"downfall:FleeingMerchant","floor":47,"turns":4},{"damage":0,"enemies":"4 Shapes","floor":49,"turns":2},{"damage":9,"enemies":"WA_ARCHETYPE_DIVINITY","floor":50,"turns":8},{"damage":0,"enemies":"downfall:CharBossMerchant","floor":52,"turns":5},{"damage":0,"enemies":"downfall:NeowBoss","floor":55,"turns":15},{"damage":73,"enemies":"downfall:NeowBossFinal","floor":56,"turns":11}],"seed_played":"8597304327727465710","potions_obtained":[{"floor":2.0,"key":"AttackPotion"},{"floor":5.0,"key":"SpeedPotion"},{"floor":9.0,"key":"SkillPotion"},{"floor":15.0,"key":"FearPotion"},{"floor":27.0,"key":"champ:OpenerPotion"},{"floor":33.0,"key":"Fire Potion"},{"floor":37.0,"key":"Strength Potion"},{"floor":49,"key":"SkillPotion"}],"is_trial":false,"path_per_floor":["R","M","M","?","?","?","T","R","M","T","R","E","?","M","M","B",null,"R","M","?","M","?","?","T","E","M","E","R","M","E","M","M","B",null,"R","?","M","M","M","?","T","E","R","E","?","E","$","?","M","B",null,"E","$","R","B","B",null],"character_chosen":"THE_CHAMP","items_purchased":["Mummified Hand","ClockworkSouvenir","Gremlin Horn","Anchor"],"campfire_rested":0,"item_purchase_floors":[47,53,53,53],"current_hp_per_floor":[90,90,90,90,90,95,95,105,105,105,105,105,105,105,99,97,105,105,105,105,105,87,71,71,71,67,67,67,67,67,58,58,58,105,105,105,105,98,98,98,98,98,98,89,89,89,89,89,89,80,105,105,105,105,105,44],"gold":100,"neow_bonus":"BOSS_RELIC","is_daily":false,"chose_seed":false,"campfire_upgraded":7,"win_rate":0.0,"timestamp":1611391721,"path_taken":["R","M","M","?","?","?","T","R","M","?","R","E","?","M","M","BOSS","R","M","?","M","?","?","T","E","M","E","R","M","E","M","M","BOSS","R","?","?","M","M","?","T","E","R","E","?","E","$","?","M","BOSS","E","$","R","BOSS","BOSS"],"items_purchased_type":["Relic","Relic","Relic","Relic"],"build_version":"2020-12-22","purchased_purges":2,"victory":true,"max_hp_per_floor":[90,90,90,90,90,95,95,105,105,105,105,105,105,105,105,105,105,105,105,105,105,105,105,105,105,105,105,105,105,105,105,105,105,105,105,105,105,105,105,105,105,105,105,105,105,105,105,105,105,105,105,105,105,105,105,105],"card_choices":[{"not_picked":["champ:RapidStrikes","champ:StanceDance","champ:PerfectedStrike"],"picked":"SKIP","floor":2.0},{"not_picked":["champ:FocusedBerserking","champ:Shatter","champ:PreemptiveStrike"],"picked":"SKIP","floor":3.0},{"not_picked":["champ:FanOfKnives","champ:Encircle"],"picked":"champ:DefensiveStyle","floor":9.0},{"not_picked":["champ:FanOfKnives","champ:SetATrap"],"picked":"champ:StrikeOfGenius","floor":12.0},{"not_picked":["champ:Backstep","champ:RecklessLeap","champ:SetATrap"],"picked":"SKIP","floor":14.0},{"not_picked":["champ:BladeFlurry","champ:Backstep","champ:FocusedBerserking"],"picked":"SKIP","floor":15.0},{"not_picked":["champ:Devastate","champ:EnchantSword"],"picked":"champ:VampiricStrike","floor":16.0},{"not_picked":["champ:CrookedStrike","champ:EnGarde","champ:PerfectedStrike"],"picked":"SKIP","floor":19.0},{"not_picked":["champ:Endure","champ:RisingSlash","champ:Haymaker"],"picked":"SKIP","floor":21.0},{"not_picked":["champ:FaceSlap","champ:BerserkersShout","champ:DefensiveShout"],"picked":"SKIP","floor":25.0},{"not_picked":["champ:GutPunch+1","champ:TornadoPunch","champ:DefensiveShout+1"],"picked":"SKIP","floor":26.0},{"not_picked":["champ:StanceDance","champ:SetATrap+1","champ:IronFortress"],"picked":"SKIP","floor":27.0},{"not_picked":["champ:GutPunch","champ:Lariat","champ:IronFortress"],"picked":"SKIP","floor":29.0},{"not_picked":["champ:IronFortress","champ:CheapShot"],"picked":"champ:DancingMaster","floor":30.0},{"not_picked":["champ:EnGarde+1","champ:BerserkersShout","champ:CrownThrow"],"picked":"SKIP","floor":31.0},{"not_picked":["champ:PreciseThrust","champ:PreemptiveStrike","champ:Backstep+1"],"picked":"SKIP","floor":32.0},{"not_picked":["champ:SwordThrow","champ:DancingMaster"],"picked":"champ:EnchantSword","floor":33.0},{"not_picked":["champ:CalledShot+1","champ:GutPunch","champ:CrownThrow+1"],"picked":"SKIP","floor":37.0},{"not_picked":["champ:CrownThrow","champ:PerfectedStrike"],"picked":"champ:Backstep","floor":38.0},{"not_picked":["champ:BladeFlurry","champ:GutPunch","champ:ShieldSlam+1"],"picked":"SKIP","floor":39.0},{"not_picked":["expansioncontent:Chronoboost","expansioncontent:PrepareCrush"],"picked":"expansioncontent:AwakenDeath","floor":40},{"not_picked":["champ:PerfectedStrike+1","champ:GutPunch"],"picked":"champ:StanceDance+1","floor":42},{"not_picked":["champ:Backstep","champ:FanOfKnives+1"],"picked":"champ:CalledShot","floor":44},{"not_picked":["champ:GutPunch","champ:RisingSlash+1"],"picked":"champ:DefensiveShout","floor":46},{"not_picked":["champ:Shatter+1","champ:EnGarde+1","champ:GladiatorStyle"],"picked":"SKIP","floor":47},{"not_picked":["champ:EndlessRage","champ:EnGarde+1","champ:HeartStrike+1"],"picked":"SKIP","floor":49},{"not_picked":["champ:ShieldSigil","champ:MurderStrike","champ:Lariat"],"picked":"SKIP","floor":52}],"player_experience":418796,"relics_obtained":[{"floor":10.0,"key":"Vajra"},{"floor":12.0,"key":"War Paint"},{"floor":23.0,"key":"Enchiridion"},{"floor":24.0,"key":"PreservedInsect"},{"floor":25.0,"key":"Regal Pillow"},{"floor":27.0,"key":"FossilizedHelix"},{"floor":30.0,"key":"Bag of Marbles"},{"floor":41,"key":"InkBottle"},{"floor":42,"key":"Happy Flower"},{"floor":42,"key":"Ancient Tea Set"},{"floor":44,"key":"Meat on the Bone"},{"floor":44,"key":"Kunai"},{"floor":45,"key":"Bag of Preparation"},{"floor":46,"key":"Omamori"},{"floor":46,"key":"Bronze Scales"},{"floor":52,"key":"Blood Vial"},{"floor":52,"key":"Bottled Flame"}],"event_choices":[{"damage_healed":0.0,"max_hp_gain":5.0,"max_hp_loss":0.0,"gold_gain":0.0,"event_name":"Big Fish","player_choice":"Donut","floor":6.0,"gold_loss":0.0,"damage_taken":0.0},{"damage_healed":0.0,"max_hp_gain":0.0,"max_hp_loss":0.0,"gold_gain":0.0,"cards_transformed":["champ:Strike","champ:Execute"],"event_name":"Drug Dealer","player_choice":"Became Test Subject","floor":20.0,"gold_loss":0.0,"damage_taken":0.0,"cards_obtained":["champ:EnchantCrown","champ:SkillfulDodge"]}],"is_beta":false,"boss_relics":[{"not_picked":["Runic Pyramid","Velvet Choker"],"picked":"Coffee Dripper"},{"not_picked":["Busted Crown","Philosopher\u0027s Stone"],"picked":"Black Star"}],"items_purged_floors":[47,53],"is_endless":false,"potions_floor_spawned":[2,5,9,15,19,25,27,33,37,38,39,49],"ascension_level":1}}