{"host":"p7wlqws89nwjeoph","time":1611398315,"event":{"mods":["Act Like it!","BaseMod","Colored Powertips","Hallownest","Minty Spire (QoL Compilation)","Quick Restart","StSLib","The Bug Knight"],"gold_per_floor":[114,114,124,46,46,77,91,126,126,126,141,141,18,18,18,18,18],"floor_reached":16,"language":"RUS","playtime":1845,"items_purged":[],"score":108,"play_id":"d14a39d3-4850-4040-a852-80d7c4aa7dc3","local_time":"20210123133835","is_ascension_mode":false,"campfire_choices":[{"floor":10,"key":"REST"},{"floor":12,"key":"REST"},{"floor":15,"key":"REST"}],"circlet_count":1,"master_deck":["HollowMod:NailStrikeStart","HollowMod:NailStrikeStart","HollowMod:NailStrikeStart","HollowMod:NailStrikeStart","HollowMod:QuickDashStart","HollowMod:QuickDashStart","HollowMod:QuickDashStart","HollowMod:QuickDashStart","HollowMod:FocusHealStart","HollowMod:PogoStrike","HollowMod:ElderbugsWisdom","HollowMod:WraithStrike","HollowMod:GrimmsGift","HollowMod:DescendingDark","HollowMod:ShadowDash","HollowMod:SharpenedNail+1","HollowMod:MidwifesHunger+1","HollowMod:DescendingDark+1","HollowMod:AbyssShriek+1","HollowMod:CloakDash"],"relics":["HollowMod:VesselMask","Hallownest:DreamNailRelic","Circlet","Molten Egg 2","Letter Opener","InkBottle"],"acts_visited":["Hallownest:Greenpath"],"potions_floor_usage":[8,8],"damage_taken":[{"damage":2,"enemies":"Hallownest:monsterHuskGuard","floor":1,"turns":3},{"damage":0,"enemies":"Hallownest:2_Baldur","floor":3,"turns":3},{"damage":19,"enemies":"Hallownest:eliteMossKnight","floor":6,"turns":6},{"damage":0,"enemies":"Hallownest:monsterHuskWarrior","floor":7,"turns":2},{"damage":40,"enemies":"Hallownest:eliteCrystalGuardian","floor":8,"turns":8},{"damage":17,"enemies":"Hallownest:monsterFoolEater","floor":11,"turns":3},{"damage":74,"enemies":"Hallownest:BossBrokenVessel","floor":16,"turns":7}],"seed_played":"380359018657995604","potions_obtained":[{"floor":1,"key":"Weak Potion"},{"floor":6,"key":"ColorlessPotion"}],"is_trial":false,"path_per_floor":["M","?","M","$","?","E","M","E","T","R","M","R","$","?","R","B"],"character_chosen":"THE_BUGKNIGHT","items_purchased":["HollowMod:DescendingDark","HollowMod:ShadowDash","HollowMod:AbyssShriek+1","HollowMod:CloakDash"],"campfire_rested":3,"item_purchase_floors":[4,4,13,13],"current_hp_per_floor":[73,73,73,73,73,54,54,14,14,36,19,41,41,41,63,0,0],"gold":18,"neow_bonus":"ONE_RANDOM_RARE_CARD","is_daily":false,"chose_seed":false,"campfire_upgraded":0,"win_rate":0.0,"timestamp":1611398315,"path_taken":["M","?","M","$","?","E","?","E","T","R","M","R","$","?","R","BOSS"],"items_purchased_type":["Card","Card","Card","Card"],"build_version":"2020-12-22","purchased_purges":0,"victory":false,"max_hp_per_floor":[75,75,75,75,75,75,75,75,75,75,75,75,75,75,75,75,75],"card_choices":[{"not_picked":["HollowMod:HuntersJournal","HollowMod:GoodIntentions"],"picked":"HollowMod:WraithStrike","floor":1},{"not_picked":["HollowMod:DesolateDive","HollowMod:DungDefenderAura"],"picked":"HollowMod:GrimmsGift","floor":3},{"not_picked":["HollowMod:ShapeofUnn","HollowMod:NewJinnsSoul"],"picked":"HollowMod:SharpenedNail+1","floor":6},{"not_picked":["HollowMod:CornifersMapStart","HollowMod:ShapeofUnn","HollowMod:MidwifesHunger+1"],"picked":"SKIP","floor":7},{"not_picked":["HollowMod:CornifersMapStart","HollowMod:ShapeofUnn"],"picked":"HollowMod:MidwifesHunger+1","floor":7},{"not_picked":["HollowMod:LifebloodCocoon","HollowMod:Grubsong","HollowMod:SoulShaman"],"picked":"SKIP","floor":8},{"not_picked":["HollowMod:DashSlash+1","HollowMod:HeavyBlow+1"],"picked":"HollowMod:DescendingDark+1","floor":11}],"player_experience":261865,"relics_obtained":[{"floor":6,"key":"Molten Egg 2"},{"floor":8,"key":"Letter Opener"},{"floor":9,"key":"InkBottle"}],"event_choices":[],"is_beta":false,"boss_relics":[],"items_purged_floors":[],"is_endless":false,"potions_floor_spawned":[1,6],"killed_by":"Hallownest:BossBrokenVessel","ascension_level":0}}