{"host":"1h6wlms15myv5z1n","time":1611383713,"event":{"mods":["BaseMod","Koishi","LagranYue(©Ô®æ®Ô¡P¤ë)","Minty Spire (QoL Compilation)","Prisma Mod","StSLib","The Senshi","The Servant 0.9.4"],"gold_per_floor":[119,130,80,96,109,135,135,154,228,228,238,140,140,170,170,266,266,277,277,277,277,99,116,148,167,167,179,211,211,211,211],"floor_reached":30,"language":"ZHS","playtime":2409,"items_purged":["PrismaMod:IllyaCommonAttack","PrismaMod:IllyaInstallBerserker"],"score":280,"play_id":"921a963b-9aef-4180-90a6-aef7f15529eb","local_time":"20210123143513","is_ascension_mode":false,"campfire_choices":[{"data":"PrismaMod:IllyaCheapChannelPoison","floor":10,"key":"SMITH"},{"data":"PrismaMod:IllyaGrail","floor":15,"key":"SMITH"}],"circlet_count":0,"master_deck":["PrismaMod:IllyaUncommonAttack","PrismaMod:IllyaUncommonDefend","PrismaMod:IllyaBerserCAR","PrismaMod:IllyaUncommonDefend","PrismaMod:IllyaCheapChannelPoison+1","PrismaMod:IllyaAssassinRevenge","PrismaMod:IllyaPoisonTippedWeapons","PrismaMod:IllyaGrail+1","PrismaMod:IllyaInstallAlterEgo","PrismaMod:IllyaCarnivalPrismaAstolfo","PrismaMod:IllyaPartialInstallAssassin","PrismaMod:IllyaPoisoningPhantasm","PrismaMod:IllyaHassanGift","PrismaMod:IllyaCarnivalAttack","PrismaMod:IllyaUncommonEvoke","PrismaMod:IllyaFriendMaker+1","PrismaMod:IllyaGrail","RitualDagger","PrismaMod:IllyaInstallSaber","PrismaMod:IllyaBoysLove+1","PrismaMod:IllyaPoisonBlock","PrismaMod:IllyaSaphire+1","PrismaMod:IllyaUberPoisonBlock+1"],"relics":["PrismaMod:PrismaRuby","LagranYue:RandomDrawCardRelic","NeowsBlessing","Bag of Marbles","Thread and Needle","theSenshi:FeatherClipsRelic","Boot","Pandora\u0027s Box","Tiny Chest","Toxic Egg 2","Strawberry"],"acts_visited":["Exordium","TheCity"],"potions_floor_usage":[6,14,14,16,30,30],"damage_taken":[{"damage":0,"enemies":"Small Slimes","floor":1,"turns":1},{"damage":0,"enemies":"2 Louse","floor":2,"turns":1},{"damage":0,"enemies":"Jaw Worm","floor":4,"turns":1},{"damage":0,"enemies":"Large Slime","floor":5,"turns":6},{"damage":36,"enemies":"Gremlin Nob","floor":6,"turns":5},{"damage":6,"enemies":"Red Slaver","floor":8,"turns":4},{"damage":2,"enemies":"Blue Slaver","floor":11,"turns":4},{"damage":8,"enemies":"3 Sentries","floor":14,"turns":8},{"damage":23,"enemies":"Hexaghost","floor":16,"turns":9},{"damage":17,"enemies":"Chosen","floor":18,"turns":5},{"damage":4,"enemies":"Spheric Guardian","floor":23,"turns":4},{"damage":37,"enemies":"Book of Stabbing","floor":24,"turns":5},{"damage":13,"enemies":"Shelled Parasite and Fungi","floor":25,"turns":4},{"damage":2,"enemies":"Snecko","floor":27,"turns":6},{"damage":31,"enemies":"Gremlin Leader","floor":28,"turns":8},{"damage":36,"enemies":"Slavers","floor":30,"turns":3}],"seed_played":"3413510575245011543","potions_obtained":[{"floor":2,"key":"SkillPotion"},{"floor":5,"key":"GamblersBrew"},{"floor":8,"key":"Regen Potion"},{"floor":11,"key":"SteroidPotion"},{"floor":14,"key":"EssenceOfSteel"},{"floor":24,"key":"GamblersBrew"},{"floor":27,"key":"SmokeBomb"},{"floor":28,"key":"BlessingOfTheForge"}],"is_trial":false,"path_per_floor":["M","M","?","M","M","E","?","M","T","R","M","$","?","E","R","B",null,"M","?","?","?","$","M","E","M","T","M","E","?","E"],"character_chosen":"ILLYA","items_purchased":["PrismaMod:IllyaPoisonTippedWeapons","PrismaMod:IllyaInstallSaber"],"campfire_rested":0,"item_purchase_floors":[12,22],"current_hp_per_floor":[75,75,75,75,75,39,39,33,33,33,37,37,37,50,50,33,75,64,64,58,58,58,65,37,33,33,40,27,27,0,0],"gold":211,"neow_bonus":"THREE_ENEMY_KILL","is_daily":false,"chose_seed":false,"campfire_upgraded":2,"win_rate":0.0,"timestamp":1611383713,"path_taken":["M","M","?","M","M","E","?","M","T","R","M","?","?","E","R","BOSS","M","?","?","?","?","?","E","M","T","M","E","?","E"],"items_purchased_type":["Card","Card"],"build_version":"2020-12-22","purchased_purges":2,"victory":false,"max_hp_per_floor":[75,75,75,75,75,75,75,75,75,75,75,75,75,75,75,75,75,75,75,75,75,75,77,77,77,77,77,84,84,84,84],"card_choices":[{"not_picked":["PrismaMod:IllyaTestament","PrismaMod:IllyaRussianRoulette"],"picked":"PrismaMod:IllyaBerserCAR","floor":1},{"not_picked":["PrismaMod:IllyaTestament","PrismaMod:IllyaMinorRapidFire"],"picked":"PrismaMod:IllyaUncommonDefend","floor":2},{"not_picked":["PrismaMod:IllyaAOECommonAttack","PrismaMod:IllyaBlindPoisonToss"],"picked":"PrismaMod:IllyaCheapChannelPoison","floor":4},{"not_picked":["PrismaMod:IllyaReinForce","PrismaMod:IllyaMinorReinForce","PrismaMod:IllyaGun"],"picked":"SKIP","floor":5},{"not_picked":["PrismaMod:IllyaBride","PrismaMod:IllyaMinorRapidFire","PrismaMod:IllyaRapidFire"],"picked":"SKIP","floor":6},{"not_picked":["PrismaMod:IllyaSaphire","PrismaMod:IllyaBlindPoisonToss","PrismaMod:IllyaUpgradeOrbs"],"picked":"SKIP","floor":8},{"not_picked":["PrismaMod:IllyaMaid","PrismaMod:IllyaGun"],"picked":"PrismaMod:IllyaAssassinRevenge","floor":11},{"not_picked":["PrismaMod:IllyaEvokeAll","PrismaMod:IllyaAOECommonAttack","PrismaMod:IllyaPartialInstallAssassin"],"picked":"SKIP","floor":14},{"not_picked":["PrismaMod:IllyaInstallAvenger","PrismaMod:IllyaInstallAssassin"],"picked":"PrismaMod:IllyaInstallAlterEgo","floor":16},{"not_picked":["PrismaMod:IllyaCheapChannelAttack","PrismaMod:IllyaPoisoningPhantasm"],"picked":"PrismaMod:IllyaFriendMaker+1","floor":18},{"not_picked":["PrismaMod:IllyaCheapChannelAttack","PrismaMod:IllyaFeed+1"],"picked":"PrismaMod:IllyaBoysLove+1","floor":23},{"not_picked":["PrismaMod:IllyaFriendMaker","PrismaMod:IllyaRussianRoulette"],"picked":"PrismaMod:IllyaPoisonBlock","floor":24},{"not_picked":["PrismaMod:IllyaPoisoningPhantasm","PrismaMod:IllyaCheapAttack+1","PrismaMod:IllyaCheapChannelDefend+1"],"picked":"SKIP","floor":25},{"not_picked":["PrismaMod:IllyaMinorZwei+1","PrismaMod:IllyaStunPoison"],"picked":"PrismaMod:IllyaSaphire+1","floor":27},{"not_picked":["PrismaMod:IllyaMinorReinForce+1","PrismaMod:IllyaCommonEvoke"],"picked":"PrismaMod:IllyaUberPoisonBlock+1","floor":28}],"player_experience":651125,"relics_obtained":[{"floor":6,"key":"Bag of Marbles"},{"floor":9,"key":"theSenshi:FeatherClipsRelic"},{"floor":14,"key":"Boot"},{"floor":24,"key":"Tiny Chest"},{"floor":26,"key":"Toxic Egg 2"},{"floor":28,"key":"Strawberry"}],"event_choices":[{"cards_removed":["PrismaMod:IllyaCommonDefend"],"damage_healed":0,"gold_gain":0,"player_choice":"Card Removal","damage_taken":0,"max_hp_gain":0,"max_hp_loss":0,"event_name":"The Cleric","floor":3,"gold_loss":50},{"damage_healed":0,"gold_gain":0,"player_choice":"Box","damage_taken":0,"relics_obtained":["Thread and Needle"],"max_hp_gain":0,"max_hp_loss":0,"event_name":"Big Fish","floor":7,"gold_loss":0,"cards_obtained":["Regret"]},{"damage_healed":0,"gold_gain":0,"cards_transformed":["PrismaMod:IllyaCommonAttack"],"player_choice":"Transformed","damage_taken":0,"max_hp_gain":0,"max_hp_loss":0,"event_name":"Transmorgrifier","floor":13,"gold_loss":0,"cards_obtained":["PrismaMod:IllyaGrail"]},{"damage_healed":0,"gold_gain":0,"player_choice":"Read","damage_taken":0,"max_hp_gain":0,"max_hp_loss":0,"event_name":"The Library","floor":19,"gold_loss":0,"cards_obtained":["PrismaMod:IllyaGrail"]},{"damage_healed":0,"gold_gain":0,"player_choice":"Joined the Cult","damage_taken":6,"max_hp_gain":0,"max_hp_loss":0,"event_name":"Nest","floor":20,"gold_loss":0,"cards_obtained":["RitualDagger"]},{"cards_removed":["Regret"],"damage_healed":0,"gold_gain":0,"player_choice":"Elegance","damage_taken":0,"max_hp_gain":0,"max_hp_loss":0,"event_name":"Back to Basics","floor":21,"gold_loss":0},{"damage_healed":0,"gold_gain":0,"player_choice":"Ignored","damage_taken":0,"max_hp_gain":0,"max_hp_loss":0,"event_name":"Vampires","floor":29,"gold_loss":0}],"is_beta":false,"boss_relics":[{"not_picked":["Coffee Dripper","Runic Dome"],"picked":"Pandora\u0027s Box"}],"items_purged_floors":[12,22],"is_endless":false,"potions_floor_spawned":[2,5,8,11,14,24,27,28],"killed_by":"Slavers","ascension_level":0}}