{"host":"88sw61cmk1203zgj","time":1611374787,"event":{"mods":["BaseMod","Minty Spire (QoL Compilation)"],"gold_per_floor":[110,123,123,123,133,133,145,35,83,83,110,110,120,148,148,251,251,267,4,4,4,19,52,81,110,110,110,124,124,124,137,137,246,282,310,32,32,32,41,41,75,103,157,169,187,227,35,92,92,92,92,101,31,65,65],"floor_reached":56,"language":"ENG","playtime":3992,"items_purged":["Strike_G","Strike_G","Grand Finale"],"score":1855,"play_id":"68dd0837-075c-4022-86a9-3e9db1e0984c","local_time":"20210122230627","is_ascension_mode":true,"campfire_choices":[{"data":"Cloak And Dagger","floor":6.0,"key":"SMITH"},{"data":"Neutralize","floor":12.0,"key":"SMITH"},{"data":"Footwork","floor":15.0,"key":"SMITH"},{"data":"Envenom","floor":27.0,"key":"SMITH"},{"data":"Sadistic Nature","floor":29.0,"key":"SMITH"},{"floor":32.0,"key":"REST"},{"data":"Wraith Form v2","floor":40.0,"key":"SMITH"},{"floor":49.0,"key":"RECALL"},{"floor":52.0,"key":"REST"}],"circlet_count":0,"master_deck":["AscendersBane","Survivor","Neutralize+1","Blade Dance+1","Cloak And Dagger+1","Deflect","Concentrate","PiercingWail","Footwork+1","Burst","Envenom+1","Catalyst+1","Slice+1","Expertise+1","Slice","Sadistic Nature+1","Well Laid Plans","Finisher","Wraith Form v2+1","Escape Plan","Skewer","Blur","Acrobatics+1","Writhe","Crippling Poison+1","Cloak And Dagger+1","PiercingWail","Prepared+1","Blur+1","Catalyst","Dodge and Roll+1"],"relics":["Ring of the Snake","Dead Branch","PreservedInsect","Centennial Puzzle","White Beast Statue","Dream Catcher","Astrolabe","CeramicFish","Darkstone Periapt","Toy Ornithopter","Pandora\u0027s Box","Snake Skull","Potion Belt","Bronze Scales","Bag of Preparation","FossilizedHelix","Letter Opener"],"acts_visited":["Exordium","TheCity","TheBeyond","TheEnding"],"potions_floor_usage":[55,55],"damage_taken":[{"damage":0.0,"enemies":"Jaw Worm","floor":1.0,"turns":6.0},{"damage":1.0,"enemies":"Cultist","floor":2.0,"turns":4.0},{"damage":0.0,"enemies":"Small Slimes","floor":5.0,"turns":2.0},{"damage":0.0,"enemies":"Exordium Wildlife","floor":7.0,"turns":5.0},{"damage":0.0,"enemies":"Gremlin Nob","floor":11.0,"turns":2.0},{"damage":4.0,"enemies":"Gremlin Gang","floor":13.0,"turns":3.0},{"damage":2.0,"enemies":"Lagavulin","floor":14.0,"turns":6.0},{"damage":15.0,"enemies":"The Guardian","floor":16.0,"turns":9.0},{"damage":5.0,"enemies":"Shell Parasite","floor":18.0,"turns":5.0},{"damage":0.0,"enemies":"2 Thieves","floor":22.0,"turns":3.0},{"damage":2.0,"enemies":"Gremlin Leader","floor":23.0,"turns":4.0},{"damage":4.0,"enemies":"Snecko","floor":24.0,"turns":3.0},{"damage":19.0,"enemies":"Slavers","floor":25.0,"turns":3.0},{"damage":0.0,"enemies":"Sentry and Sphere","floor":28.0,"turns":3.0},{"damage":0.0,"enemies":"Snake Plant","floor":31.0,"turns":4.0},{"damage":6.0,"enemies":"Collector","floor":33.0,"turns":6.0},{"damage":1.0,"enemies":"Orb Walker","floor":35.0,"turns":4.0},{"damage":1.0,"enemies":"Nemesis","floor":41.0,"turns":3.0},{"damage":3.0,"enemies":"3 Shapes","floor":42.0,"turns":3.0},{"damage":4.0,"enemies":"Sphere and 2 Shapes","floor":44.0,"turns":4.0},{"damage":9.0,"enemies":"3 Darklings","floor":45.0,"turns":5.0},{"damage":5.0,"enemies":"Reptomancer","floor":46.0,"turns":6.0},{"damage":4.0,"enemies":"2 Orb Walkers","floor":48.0,"turns":4.0},{"damage":38.0,"enemies":"Time Eater","floor":50.0,"turns":12.0},{"damage":16.0,"enemies":"Shield and Spear","floor":54.0,"turns":3.0},{"damage":35,"enemies":"The Heart","floor":55,"turns":8}],"seed_played":"3629022441922865531","potions_obtained":[{"floor":2.0,"key":"FearPotion"},{"floor":7.0,"key":"PowerPotion"},{"floor":16.0,"key":"CunningPotion"},{"floor":22.0,"key":"Weak Potion"},{"floor":23.0,"key":"EntropicBrew"},{"floor":25.0,"key":"LiquidMemories"},{"floor":31.0,"key":"AttackPotion"},{"floor":33.0,"key":"Block Potion"},{"floor":41.0,"key":"FearPotion"},{"floor":42.0,"key":"FearPotion"},{"floor":44.0,"key":"SpeedPotion"},{"floor":45.0,"key":"DistilledChaos"},{"floor":46.0,"key":"Strength Potion"},{"floor":48.0,"key":"ColorlessPotion"},{"floor":54.0,"key":"Poison Potion"}],"is_trial":false,"path_per_floor":["M","M","?","?","M","R","M","$","T","?","E","R","M","E","R","B",null,"M","$","?","$","M","E","M","E","T","R","M","R","?","M","R","B",null,"M","$","?","$","?","R","E","M","T","M","M","E","$","?","R","B",null,"R","$","E","B",null],"character_chosen":"THE_SILENT","items_purchased":["Concentrate","Sadistic Nature","Snake Skull","Bag of Preparation","PiercingWail","Catalyst"],"campfire_rested":2,"item_purchase_floors":[8,19,36,47,47,53],"current_hp_per_floor":[63,62,62,62,62,62,62,62,62,59,59,59,55,53,53,38,57,52,52,52,52,52,50,46,27,27,27,27,27,27,32,50,49,60,59,59,59,59,69,69,68,66,66,67,58,58,58,54,54,21,57,69,69,58,33],"gold":65,"neow_bonus":"ONE_RARE_RELIC","is_daily":false,"chose_seed":false,"campfire_upgraded":6,"win_rate":0.0,"timestamp":1611374787,"path_taken":["M","M","?","?","?","R","M","$","T","?","E","R","M","E","R","BOSS","M","$","?","$","M","E","M","E","T","R","?","R","?","M","R","BOSS","M","$","?","$","?","R","E","M","T","M","M","E","?","?","R","BOSS","R","$","E","BOSS"],"items_purchased_type":["Card","Card","Relic","Relic","Card","Card"],"build_version":"2020-12-22","purchased_purges":3,"victory":true,"max_hp_per_floor":[63,63,63,63,63,63,63,63,63,63,63,63,63,63,63,63,63,63,63,63,63,63,63,63,63,63,63,63,63,63,63,63,63,63,63,63,63,63,69,69,69,69,69,69,69,69,69,69,69,69,69,69,69,69,69],"card_choices":[{"not_picked":["Slice","Deflect"],"picked":"Dagger Throw","floor":1.0},{"not_picked":["Distraction","Acrobatics"],"picked":"Blade Dance","floor":2.0},{"not_picked":["Acrobatics","Prepared"],"picked":"Cloak And Dagger","floor":5.0},{"not_picked":["Deadly Poison","Backflip"],"picked":"Deflect","floor":7.0},{"not_picked":["Tools of the Trade","Crippling Poison"],"picked":"PiercingWail","floor":11.0},{"not_picked":["Underhanded Strike","Riddle With Holes"],"picked":"Footwork","floor":13.0},{"not_picked":["Outmaneuver","Predator"],"picked":"Burst","floor":14.0},{"not_picked":["Malaise","Glass Knife"],"picked":"Envenom","floor":16.0},{"not_picked":["Bouncing Flask","Dagger Spray"],"picked":"Slice","floor":18.0},{"not_picked":["Predator","Backflip","Masterful Stab"],"picked":"SKIP","floor":22.0},{"not_picked":["Outmaneuver","Prepared","Acrobatics"],"picked":"SKIP","floor":23.0},{"not_picked":["Outmaneuver","Endless Agony+1"],"picked":"Finisher","floor":24.0},{"not_picked":["Dagger Throw","Poisoned Stab","Acrobatics"],"picked":"SKIP","floor":25.0},{"not_picked":["Choke","Flechettes","Slice"],"picked":"SKIP","floor":28.0},{"not_picked":["Underhanded Strike+1","Unload","Deflect"],"picked":"SKIP","floor":31.0},{"not_picked":["Storm of Steel","Malaise"],"picked":"Wraith Form v2","floor":33.0},{"not_picked":["Outmaneuver","Quick Slash+1"],"picked":"Acrobatics+1","floor":35.0},{"not_picked":["Deflect","Underhanded Strike+1","Finisher"],"picked":"SKIP","floor":41.0},{"not_picked":["Quick Slash+1","Tactician"],"picked":"Crippling Poison+1","floor":42.0},{"not_picked":["Outmaneuver","Sucker Punch","Dagger Throw"],"picked":"SKIP","floor":44.0},{"not_picked":["Die Die Die","Underhanded Strike","Quick Slash"],"picked":"SKIP","floor":45.0},{"not_picked":["Blade Dance","Slice"],"picked":"Cloak And Dagger+1","floor":46.0},{"not_picked":["Masterful Stab","Dagger Throw"],"picked":"Prepared+1","floor":48.0},{"not_picked":["Expertise","Escape Plan"],"picked":"Blur+1","floor":52.0},{"not_picked":["Eviscerate","Underhanded Strike"],"picked":"Dodge and Roll+1","floor":54.0}],"player_experience":1503208,"relics_obtained":[{"floor":9.0,"key":"PreservedInsect"},{"floor":11.0,"key":"White Beast Statue"},{"floor":14.0,"key":"Dream Catcher"},{"floor":23.0,"key":"CeramicFish"},{"floor":25.0,"key":"Darkstone Periapt"},{"floor":26.0,"key":"Toy Ornithopter"},{"floor":41.0,"key":"Potion Belt"},{"floor":46.0,"key":"Bronze Scales"},{"floor":48.0,"key":"FossilizedHelix"},{"floor":54.0,"key":"Letter Opener"}],"event_choices":[{"damage_healed":0.0,"max_hp_gain":0.0,"max_hp_loss":0.0,"gold_gain":0.0,"event_name":"Liars Game","player_choice":"Ignored","floor":3.0,"gold_loss":0.0,"damage_taken":0.0},{"damage_healed":0.0,"max_hp_gain":0.0,"max_hp_loss":0.0,"gold_gain":0.0,"event_name":"Accursed Blacksmith","player_choice":"Forge","floor":4.0,"gold_loss":0.0,"damage_taken":0.0,"cards_upgraded":["Blade Dance"]},{"damage_healed":0.0,"max_hp_gain":0.0,"max_hp_loss":0.0,"gold_gain":0.0,"event_name":"Scrap Ooze","player_choice":"Success","floor":10.0,"gold_loss":0.0,"damage_taken":3.0,"relics_obtained":["Centennial Puzzle"]},{"damage_healed":0.0,"max_hp_gain":0.0,"max_hp_loss":0.0,"gold_gain":0.0,"cards_transformed":["Defend_G"],"event_name":"Transmorgrifier","player_choice":"Transformed","floor":20.0,"gold_loss":0.0,"damage_taken":0.0,"cards_obtained":["Well Laid Plans"]},{"damage_healed":0.0,"max_hp_gain":0.0,"max_hp_loss":0.0,"gold_gain":0.0,"event_name":"Cursed Tome","player_choice":"Ignored","floor":30.0,"gold_loss":0.0,"damage_taken":0.0},{"cards_removed":["Dagger Throw"],"damage_healed":0.0,"max_hp_gain":0.0,"max_hp_loss":0.0,"gold_gain":0.0,"event_name":"Falling","player_choice":"Removed Attack","floor":37.0,"gold_loss":0.0,"damage_taken":0.0},{"damage_healed":16.0,"max_hp_gain":0.0,"max_hp_loss":0.0,"gold_gain":0.0,"event_name":"Winding Halls","player_choice":"Writhe","floor":39.0,"gold_loss":0.0,"damage_taken":0.0,"cards_obtained":["Writhe"]},{"damage_healed":0.0,"max_hp_gain":0.0,"max_hp_loss":0.0,"gold_gain":0.0,"event_name":"Mysterious Sphere","player_choice":"Fight","floor":48.0,"gold_loss":0.0,"damage_taken":0.0}],"is_beta":false,"boss_relics":[{"not_picked":["Ectoplasm","Runic Pyramid"],"picked":"Astrolabe"},{"not_picked":["Ring of the Serpent","Coffee Dripper"],"picked":"Pandora\u0027s Box"}],"items_purged_floors":[8,19,36],"is_endless":false,"potions_floor_spawned":[2,7,13,14,16,18,22,23,24,25,28,31,33,35,41,42,44,45,46,48,54],"ascension_level":12}}