{"host":"b1dzdo8uo7e6jx8g","time":1611418828,"event":{"mods":["AchievementEnabler","BaseMod","BetterRewards","Colored Map","Highlight Path","Minty Spire (QoL Compilation)","StSLib"],"gold_per_floor":[113,113,128,153,178,178,214,214,237,82,82,82,101,6,6,129,129,142,142,158,179,197,197,197],"floor_reached":23,"language":"ENG","playtime":637,"items_purged":[],"score":293,"play_id":"02f2a6c4-45ae-4885-863e-ed7c76c81451","local_time":"20210123172028","is_ascension_mode":false,"campfire_choices":[{"data":"Neutralize","floor":6,"key":"SMITH"},{"floor":8,"key":"REST"},{"floor":11,"key":"REST"},{"data":"Noxious Fumes","floor":15,"key":"SMITH"}],"circlet_count":0,"master_deck":["Strike_G","Strike_G","Strike_G","Strike_G","Strike_G","Defend_G","Defend_G","Defend_G","Defend_G","Defend_G+1","Survivor+1","Neutralize+1","Dagger Throw","Flying Knee","Injury","Slice","Glass Knife","Noxious Fumes+1","Noxious Fumes","Deadly Poison","Envenom","CurseOfTheBell","Parasite","Flying Knee+1","Skewer"],"relics":["Ring of the Snake","Golden Idol","Vajra","Medical Kit","War Paint","Calling Bell","Centennial Puzzle","HornCleat","Mango"],"acts_visited":["Exordium","TheCity"],"potions_floor_usage":[],"damage_taken":[{"damage":3,"enemies":"Jaw Worm","floor":1,"turns":3},{"damage":10,"enemies":"Small Slimes","floor":3,"turns":3},{"damage":0,"enemies":"Cultist","floor":4,"turns":4},{"damage":6,"enemies":"Large Slime","floor":5,"turns":8},{"damage":24,"enemies":"Gremlin Nob","floor":7,"turns":4},{"damage":0,"enemies":"3 Louse","floor":13,"turns":3},{"damage":40,"enemies":"The Guardian","floor":16,"turns":9},{"damage":17,"enemies":"Spheric Guardian","floor":18,"turns":5},{"damage":41,"enemies":"Shell Parasite","floor":20,"turns":6},{"damage":10,"enemies":"Snecko","floor":21,"turns":5},{"damage":31,"enemies":"Sentry and Sphere","floor":22,"turns":6},{"damage":18,"enemies":"Shelled Parasite and Fungi","floor":23,"turns":1}],"seed_played":"9150603091092208991","potions_obtained":[{"floor":4,"key":"CunningPotion"},{"floor":13,"key":"FairyPotion"},{"floor":16,"key":"CunningPotion"},{"floor":22,"key":"Dexterity Potion"}],"is_trial":false,"path_per_floor":["M","?","M","M","M","R","E","R","T","$","R","?","M","$","R","B",null,"M","?","M","M","M","M"],"character_chosen":"THE_SILENT","items_purchased":["Medical Kit","Noxious Fumes","Deadly Poison"],"campfire_rested":2,"item_purchase_floors":[10,14,14],"current_hp_per_floor":[67,67,57,57,51,51,27,48,48,48,69,69,69,69,69,29,84,67,67,26,16,15,0,0],"gold":197,"neow_bonus":"","is_daily":false,"chose_seed":false,"campfire_upgraded":2,"win_rate":0.0,"timestamp":1611418828,"path_taken":["M","?","M","M","M","R","E","R","T","$","R","?","M","$","R","BOSS","M","?","M","M","?","M"],"items_purchased_type":["Relic","Card","Card"],"build_version":"2020-12-22","purchased_purges":0,"victory":false,"max_hp_per_floor":[70,70,70,70,70,70,70,70,70,70,70,70,70,70,70,70,84,84,84,84,84,84,84,84],"card_choices":[{"not_picked":["PiercingWail","Prepared"],"picked":"Flying Knee","floor":1},{"not_picked":["Setup","Sucker Punch"],"picked":"Slice","floor":3},{"not_picked":["Endless Agony","Escape Plan","Backflip"],"picked":"SKIP","floor":4},{"not_picked":["Expertise","Acrobatics","Leg Sweep"],"picked":"SKIP","floor":5},{"not_picked":["Eviscerate","Distraction"],"picked":"Glass Knife","floor":7},{"not_picked":["Eviscerate","Prepared"],"picked":"Noxious Fumes","floor":13},{"not_picked":["A Thousand Cuts","Doppelganger"],"picked":"Envenom","floor":16},{"not_picked":["Expertise","Dagger Spray+1","Slice"],"picked":"SKIP","floor":18},{"not_picked":["Accuracy","Outmaneuver"],"picked":"Flying Knee+1","floor":20},{"not_picked":["Cloak And Dagger","Blur","Finisher+1"],"picked":"SKIP","floor":21},{"not_picked":["Leg Sweep","Dodge and Roll"],"picked":"Skewer","floor":22}],"player_experience":225690,"relics_obtained":[{"floor":7,"key":"Vajra"},{"floor":17,"key":"Centennial Puzzle"},{"floor":17,"key":"HornCleat"},{"floor":17,"key":"Mango"}],"event_choices":[{"damage_healed":0,"gold_gain":0,"player_choice":"Take Wound","damage_taken":0,"relics_obtained":["Golden Idol"],"max_hp_gain":0,"max_hp_loss":0,"event_name":"Golden Idol","floor":2,"gold_loss":0,"cards_obtained":["Injury"]},{"damage_healed":0,"gold_gain":0,"player_choice":"Box","damage_taken":0,"relics_obtained":["War Paint"],"max_hp_gain":0,"max_hp_loss":0,"event_name":"Big Fish","floor":12,"gold_loss":0,"cards_obtained":["Regret"]},{"damage_healed":0,"gold_gain":0,"cards_transformed":["Regret"],"player_choice":"Transformed","damage_taken":0,"max_hp_gain":0,"max_hp_loss":0,"event_name":"Transmorgrifier","floor":19,"gold_loss":0,"cards_obtained":["Parasite"]}],"is_beta":false,"boss_relics":[{"not_picked":["Runic Dome","Philosopher\u0027s Stone"],"picked":"Calling Bell"}],"items_purged_floors":[],"is_endless":false,"potions_floor_spawned":[4,13,16,21,22],"killed_by":"Shelled Parasite and Fungi","ascension_level":0}}