{"host":"1dz819zv7fs9tsdy","time":1611368191,"event":{"mods":["AchievementEnabler","BaseMod","Colored Powertips","Curses Come First","Minty Spire (QoL Compilation)","Rare Cards Sparkle","StSLib"],"gold_per_floor":[111,286,286,236,124,124,135,163,215,246,246,246,246,266,266,369,369,387,50,50,50,61,96,96,121,121,150,150,168,168,184,184,280,280,290,7,7,27,27,58,58,58,58],"floor_reached":42,"language":"ENG","playtime":2961,"items_purged":[],"score":615,"play_id":"69451a67-ac6a-41b5-b2b0-27abf8bf3cf4","local_time":"20210123021631","is_ascension_mode":true,"campfire_choices":[{"data":"Fire Breathing","floor":6,"key":"SMITH"},{"data":"Seeing Red","floor":11,"key":"SMITH"},{"floor":13,"key":"REST"},{"floor":15,"key":"REST"},{"data":"Power Through","floor":24,"key":"SMITH"},{"floor":30,"key":"REST"},{"floor":32,"key":"REST"},{"floor":41,"key":"REST"}],"circlet_count":0,"master_deck":["Immolate","Cleave","Iron Wave","Second Wind","Havoc","Whirlwind","Entrench","Shockwave+1","Intimidate","Hemokinesis+1","Seeing Red+1","Fire Breathing+1","Feel No Pain","Juggernaut","Fiend Fire","CurseOfTheBell","Anger+1","Power Through+1","Spot Weakness","Evolve","Discovery","J.A.X.","Power Through+1","Barricade","Battle Trance","Metallicize","Armaments+1","Armaments","Bloodletting","Clash","Offering","Metallicize","Inflame","Fire Breathing","Warcry","True Grit","Ghostly Armor"],"relics":["Pandora\u0027s Box","Pen Nib","Red Skull","Letter Opener","Magic Flower","Calling Bell","Toy Ornithopter","Question Card","Prayer Wheel","OrangePellets","Blood Vial","Darkstone Periapt","Bottled Tornado","Blue Candle","Mark of Pain","White Beast Statue","Self Forming Clay","Regal Pillow"],"acts_visited":["Exordium","TheCity","TheBeyond"],"potions_floor_usage":[8,22,23,23,25,42,42,42],"damage_taken":[{"damage":0,"enemies":"2 Louse","floor":1,"turns":1},{"damage":2,"enemies":"Small Slimes","floor":7,"turns":1},{"damage":11,"enemies":"Gremlin Nob","floor":8,"turns":4},{"damage":9,"enemies":"Lagavulin","floor":10,"turns":5},{"damage":12,"enemies":"Jaw Worm","floor":14,"turns":2},{"damage":31,"enemies":"Hexaghost","floor":16,"turns":7},{"damage":14,"enemies":"Chosen","floor":18,"turns":4},{"damage":10,"enemies":"3 Byrds","floor":22,"turns":4},{"damage":66,"enemies":"Book of Stabbing","floor":23,"turns":6},{"damage":29,"enemies":"Gremlin Leader","floor":25,"turns":3},{"damage":13,"enemies":"Slavers","floor":27,"turns":3},{"damage":2,"enemies":"Shelled Parasite and Fungi","floor":29,"turns":4},{"damage":23,"enemies":"Cultist and Chosen","floor":31,"turns":5},{"damage":23,"enemies":"Automaton","floor":33,"turns":10},{"damage":45,"enemies":"3 Shapes","floor":35,"turns":2},{"damage":15,"enemies":"Orb Walker","floor":38,"turns":3},{"damage":9,"enemies":"Giant Head","floor":40,"turns":6},{"damage":80,"enemies":"Reptomancer","floor":42,"turns":6}],"seed_played":"-902896172664790488","potions_obtained":[{"floor":1,"key":"PowerPotion"},{"floor":10,"key":"BloodPotion"},{"floor":16,"key":"Explosive Potion"},{"floor":18,"key":"ColorlessPotion"},{"floor":22,"key":"Swift Potion"},{"floor":33,"key":"Weak Potion"},{"floor":35,"key":"GamblersBrew"},{"floor":38,"key":"Dexterity Potion"},{"floor":40,"key":"DuplicationPotion"}],"is_trial":false,"path_per_floor":["M","?","?","?","$","R","M","E","T","E","R","?","R","M","R","B",null,"M","$","?","?","M","E","R","E","T","E","?","M","R","M","R","B",null,"M","$","?","M","$","E","R","E"],"character_chosen":"IRONCLAD","items_purchased":["Seeing Red","Fire Breathing","Spot Weakness","Evolve","OrangePellets","Discovery","Fire Breathing","White Beast Statue"],"campfire_rested":5,"item_purchase_floors":[5,5,19,19,19,19,36,36],"current_hp_per_floor":[80,80,64,64,64,64,62,51,51,42,42,17,41,29,53,22,80,66,66,66,66,64,38,38,20,20,10,10,11,35,15,39,19,80,35,35,35,23,23,17,56,0,0],"gold":58,"neow_bonus":"BOSS_RELIC","is_daily":false,"chose_seed":false,"campfire_upgraded":3,"win_rate":0.0,"timestamp":1611368191,"path_taken":["M","?","?","?","?","R","M","E","T","E","R","?","R","M","R","BOSS","M","$","?","?","M","E","R","E","T","E","?","M","R","M","R","BOSS","M","$","?","?","$","E","R","E"],"items_purchased_type":["Card","Card","Card","Card","Relic","Card","Card","Relic"],"build_version":"2020-12-22","purchased_purges":0,"victory":false,"max_hp_per_floor":[80,80,80,80,80,80,80,80,80,80,80,80,80,80,80,80,80,80,80,80,80,80,80,80,80,80,80,80,80,80,80,80,80,80,80,80,80,80,80,80,80,80,80],"card_choices":[{"not_picked":["Dual Wield","Rupture"],"picked":"Hemokinesis","floor":1},{"not_picked":["Warcry","Shrug It Off"],"picked":"Feel No Pain","floor":7},{"not_picked":["Clothesline","Entrench"],"picked":"Juggernaut","floor":8},{"not_picked":["Sword Boomerang","Carnage","Twin Strike"],"picked":"SKIP","floor":10},{"not_picked":["Sword Boomerang","Perfected Strike","Body Slam"],"picked":"SKIP","floor":14},{"not_picked":["Feed","Corruption"],"picked":"Fiend Fire","floor":16},{"not_picked":["Havoc","Searing Blow+1","Body Slam"],"picked":"Anger+1","floor":18},{"not_picked":["Intimidate","Shockwave","Anger+1"],"picked":"Power Through+1","floor":18},{"not_picked":["Clash+1","Havoc+1","Armaments"],"picked":"Power Through","floor":22},{"not_picked":["Heavy Blade","Clothesline","Shockwave"],"picked":"Barricade","floor":22},{"not_picked":["Clash+1","Sword Boomerang","Pommel Strike"],"picked":"Battle Trance","floor":23},{"not_picked":["Searing Blow+1","Whirlwind","Double Tap"],"picked":"Metallicize","floor":25},{"not_picked":["Twin Strike","Inflame","Clash"],"picked":"Armaments+1","floor":27},{"not_picked":["Anger","Hemokinesis+1","Body Slam+1"],"picked":"Armaments","floor":29},{"not_picked":["Thunderclap","Havoc","Pommel Strike","Whirlwind"],"picked":"SKIP","floor":29},{"not_picked":["Whirlwind","Heavy Blade+1","True Grit"],"picked":"Bloodletting","floor":31},{"not_picked":["True Grit","Clothesline","Heavy Blade"],"picked":"Clash","floor":31},{"not_picked":["Impervious","Demon Form","Berserk"],"picked":"Offering","floor":33},{"not_picked":["Iron Wave+1","Sever Soul+1","Body Slam"],"picked":"Metallicize","floor":35},{"not_picked":["Wild Strike+1","Sword Boomerang","Second Wind+1"],"picked":"Inflame","floor":35},{"not_picked":["Anger+1","Carnage","Limit Break"],"picked":"Warcry","floor":38},{"not_picked":["Hemokinesis+1","Headbutt+1","Rage+1"],"picked":"True Grit","floor":38},{"not_picked":["Sword Boomerang","Dual Wield","Impervious"],"picked":"Ghostly Armor","floor":40}],"player_experience":289990,"relics_obtained":[{"floor":8,"key":"Pen Nib"},{"floor":9,"key":"Red Skull"},{"floor":10,"key":"Letter Opener"},{"floor":17,"key":"Toy Ornithopter"},{"floor":17,"key":"Question Card"},{"floor":17,"key":"Prayer Wheel"},{"floor":23,"key":"Blood Vial"},{"floor":25,"key":"Darkstone Periapt"},{"floor":26,"key":"Bottled Tornado"},{"floor":27,"key":"Blue Candle"},{"floor":40,"key":"Regal Pillow"}],"event_choices":[{"damage_healed":0,"gold_gain":175,"player_choice":"AGREE","damage_taken":0,"max_hp_gain":0,"max_hp_loss":0,"event_name":"Liars Game","floor":2,"gold_loss":0,"cards_obtained":["Doubt"]},{"damage_healed":0,"gold_gain":0,"player_choice":"Entered Light","damage_taken":16,"max_hp_gain":0,"max_hp_loss":0,"event_name":"Shining Light","floor":3,"gold_loss":0,"cards_upgraded":["Shockwave","Hemokinesis"]},{"cards_removed":["Doubt"],"damage_healed":0,"gold_gain":0,"player_choice":"Card Removal","damage_taken":0,"max_hp_gain":0,"max_hp_loss":0,"event_name":"The Cleric","floor":4,"gold_loss":50},{"damage_healed":0,"gold_gain":0,"player_choice":"Success","damage_taken":25,"relics_obtained":["Magic Flower"],"max_hp_gain":0,"max_hp_loss":0,"event_name":"Scrap Ooze","floor":12,"gold_loss":0},{"damage_healed":0,"gold_gain":0,"player_choice":"Ignored","damage_taken":0,"max_hp_gain":0,"max_hp_loss":0,"event_name":"Vampires","floor":20,"gold_loss":0},{"damage_healed":0,"gold_gain":0,"player_choice":"Obtain J.A.X.","damage_taken":0,"max_hp_gain":0,"max_hp_loss":0,"event_name":"Drug Dealer","floor":21,"gold_loss":0,"cards_obtained":["J.A.X."]},{"cards_removed":["Bash"],"damage_healed":0,"gold_gain":0,"player_choice":"Elegance","damage_taken":0,"max_hp_gain":0,"max_hp_loss":0,"event_name":"Back to Basics","floor":28,"gold_loss":0},{"damage_healed":0,"gold_gain":0,"player_choice":"Gave Potion","damage_taken":0,"relics_obtained":["Self Forming Clay"],"max_hp_gain":0,"max_hp_loss":0,"event_name":"WeMeetAgain","floor":37,"gold_loss":0}],"is_beta":false,"boss_relics":[{"not_picked":["Empty Cage","SacredBark"],"picked":"Calling Bell"},{"not_picked":["Sozu","Busted Crown"],"picked":"Mark of Pain"}],"items_purged_floors":[],"is_endless":false,"potions_floor_spawned":[1,10,16,18,22,33,35,38,40],"killed_by":"Reptomancer","ascension_level":3}}