{"host":"928gv66myv2vlnsd","time":1611376280,"event":{"mods":["BaseMod","Minty Spire (QoL Compilation)","StSLib"],"gold_per_floor":[367,377,393,408,49,81,6,17,69,89,115,125,125,125,125],"floor_reached":14,"language":"ENG","playtime":2123,"items_purged":["Strike_R"],"score":203,"play_id":"4bf467bf-90b3-46ae-b728-5ae4dd27e7a9","local_time":"20210122233120","is_ascension_mode":true,"campfire_choices":[],"circlet_count":0,"master_deck":["AscendersBane","Strike_R","Strike_R","Strike_R","Strike_R","Defend_R","Defend_R","Defend_R","Defend_R","Bash","Perfected Strike","Cleave","Evolve","Metallicize","Feel No Pain","Reaper","Apotheosis","Dark Embrace","Combust","Flame Barrier","Shrug It Off"],"relics":["Burning Blood","Meat on the Bone","Omamori","Singing Bowl"],"acts_visited":["Exordium"],"potions_floor_usage":[6,14],"damage_taken":[{"damage":12,"enemies":"Small Slimes","floor":1,"turns":5},{"damage":4,"enemies":"Jaw Worm","floor":2,"turns":4},{"damage":1,"enemies":"Cultist","floor":3,"turns":3},{"damage":20,"enemies":"Lots of Slimes","floor":4,"turns":3},{"damage":29,"enemies":"Lagavulin","floor":6,"turns":7},{"damage":9,"enemies":"2 Fungi Beasts","floor":8,"turns":5},{"damage":7,"enemies":"Exordium Wildlife","floor":10,"turns":4},{"damage":18,"enemies":"3 Sentries","floor":11,"turns":6},{"damage":26,"enemies":"Large Slime","floor":12,"turns":8},{"damage":56,"enemies":"Gremlin Nob","floor":14,"turns":4}],"seed_played":"3510875931493248082","potions_obtained":[{"floor":2,"key":"SteroidPotion"},{"floor":8,"key":"ElixirPotion"},{"floor":10,"key":"Explosive Potion"},{"floor":11,"key":"Energy Potion"}],"is_trial":false,"path_per_floor":["M","M","M","M","$","E","$","M","T","M","E","M","?","E"],"character_chosen":"IRONCLAD","items_purchased":["Feel No Pain","Reaper","Apotheosis"],"campfire_rested":0,"item_purchase_floors":[5,5,5],"current_hp_per_floor":[62,64,68,54,54,46,46,51,51,58,63,48,48,0,0],"gold":125,"neow_bonus":"TWO_FIFTY_GOLD","is_daily":false,"chose_seed":false,"campfire_upgraded":0,"win_rate":0.0,"timestamp":1611376280,"path_taken":["M","M","M","M","$","E","$","M","T","M","E","M","?","E"],"items_purchased_type":["Card","Card","Card"],"build_version":"2020-12-22","purchased_purges":1,"victory":false,"max_hp_per_floor":[68,68,68,68,68,68,68,68,68,68,70,70,70,70,70],"card_choices":[{"not_picked":["Twin Strike","Clash"],"picked":"Perfected Strike","floor":1},{"not_picked":["Wild Strike","Heavy Blade"],"picked":"Cleave","floor":2},{"not_picked":["Power Through","Sentinel"],"picked":"Evolve","floor":3},{"not_picked":["Clothesline","Twin Strike"],"picked":"Metallicize","floor":4},{"not_picked":["Rage","Searing Blow"],"picked":"Dark Embrace","floor":6},{"not_picked":["Heavy Blade","Warcry"],"picked":"Combust","floor":8},{"not_picked":["Cleave","Seeing Red"],"picked":"Flame Barrier","floor":10},{"not_picked":["Twin Strike","Entrench","Armaments"],"picked":"Singing Bowl","floor":11},{"not_picked":["Dark Embrace","Corruption"],"picked":"Shrug It Off","floor":12}],"player_experience":1296893,"relics_obtained":[{"floor":6,"key":"Meat on the Bone"},{"floor":9,"key":"Omamori"},{"floor":11,"key":"Singing Bowl"}],"event_choices":[{"damage_healed":0,"gold_gain":0,"player_choice":"Ignored","damage_taken":0,"max_hp_gain":0,"max_hp_loss":0,"event_name":"Liars Game","floor":13,"gold_loss":0}],"is_beta":false,"boss_relics":[],"items_purged_floors":[7],"is_endless":false,"potions_floor_spawned":[2,8,10,11],"killed_by":"Gremlin Nob","ascension_level":19}}