{"host":"urvvf8749ekcxo1a","time":1611438093,"event":{"mods":["AchievementEnabler","Bartender","BaseMod","Better Sensory Stone","BetterRewards","Card Forge","Colored Powertips","Displayed Cursed Tome","Gold Saver","Grow up Mod","Hero for Fun","KinomotoSakuraMod(????)","Minty Spire (QoL Compilation)","Quick Restart","Relic Filter","Retaliation","StSLib","SuperFastMode","The Cursed","The Hierophant","The Marked","The Servant 0.9.4","TheHero","Thieving Mod","Transform Curses","UnlockEverythingMod"],"gold_per_floor":[990,1007,678,689,689,721,721,748,775,785,819,819,833,665,665,740,740,757,769,769,501,517,545,545,579,633,633,633,667,582,597,597,674,674,691,691,300,300,300],"floor_reached":38,"language":"ENG","playtime":435,"items_purged":[],"score":1500,"play_id":"7d727914-aaa4-4e26-907f-3ff40e70f049","local_time":"20210123164133","is_ascension_mode":true,"campfire_choices":[{"data":"DDmod:GrandUltimatumAttack","floor":7,"key":"SMITH"},{"floor":12,"key":"REST"},{"floor":15,"key":"RECALL"},{"floor":24,"key":"REST"},{"floor":28,"key":"REST"},{"floor":32,"key":"REST"}],"circlet_count":0,"master_deck":["AscendersBane","DDmod:GrandUltimatumAttack+1","True Grit+1","Corruption+1"],"relics":["Burning Blood","Hammer of Thor","Seething Fire","Anvil of the Gods","Potion Belt","Toxic Egg 2","Brimstone","FaceOfCleric","Vajra","Strawberry","Dream Catcher","Kunai","Bag of Marbles","Black Star","The Courier","Medical Kit","Juzu Bracelet","Gremlin Horn","Frozen Egg 2","Bottled Flame","Lantern","White_Cape","Letter Opener","Bronze Scales","Fusion Hammer","Omamori","Molten Egg 2","Happy Flower"],"acts_visited":["Exordium","TheCity","TheBeyond"],"potions_floor_usage":[38,38,38,38],"damage_taken":[{"damage":0,"enemies":"Cultist","floor":1,"turns":1},{"damage":0,"enemies":"Jaw Worm","floor":2,"turns":1},{"damage":0,"enemies":"Small Slimes","floor":4,"turns":1},{"damage":0,"enemies":"Gremlin Nob","floor":6,"turns":2},{"damage":0,"enemies":"3 Sentries","floor":8,"turns":1},{"damage":0,"enemies":"Looter","floor":10,"turns":1},{"damage":0,"enemies":"Gremlin Nob","floor":11,"turns":2},{"damage":0,"enemies":"2 Fungi Beasts","floor":13,"turns":1},{"damage":0,"enemies":"Hexaghost","floor":16,"turns":2},{"damage":6,"enemies":"Chosen","floor":18,"turns":2},{"damage":6,"enemies":"Spheric Guardian","floor":19,"turns":1},{"damage":6,"enemies":"Snecko","floor":22,"turns":2},{"damage":27,"enemies":"Gremlin Leader","floor":23,"turns":2},{"damage":6,"enemies":"Book of Stabbing","floor":25,"turns":1},{"damage":6,"enemies":"Gremlin Leader","floor":29,"turns":1},{"damage":24,"enemies":"Snake Plant","floor":31,"turns":2},{"damage":6,"enemies":"Automaton","floor":33,"turns":2},{"damage":0,"enemies":"3 Shapes","floor":35,"turns":1},{"damage":503,"enemies":"2 Orb Walkers","floor":38,"turns":8}],"seed_played":"-7239441638261724923","potions_obtained":[{"floor":6,"key":"SteroidPotion"},{"floor":11,"key":"HeartOfIron"},{"floor":16,"key":"CultistPotion"},{"floor":22,"key":"SneckoOil"}],"is_trial":false,"path_per_floor":["M","M","$","M","?","E","R","E","T","M","E","R","M","$","R","B",null,"M","M","?","$","M","E","R","E","T","?","R","E","?","M","R","B",null,"M","?","$","?"],"character_chosen":"IRONCLAD","items_purchased":["Toxic Egg 2","Brimstone","Bag of Marbles","Medical Kit","Juzu Bracelet","Omamori","Molten Egg 2","Happy Flower"],"campfire_rested":4,"item_purchase_floors":[3,3,14,21,21,37,37,37],"current_hp_per_floor":[94,105,115,125,135,146,156,174,184,195,206,216,227,237,247,258,268,279,290,300,310,321,311,342,353,363,373,383,394,404,397,425,436,446,457,477,487,0,0],"gold":300,"neow_bonus":"RANDOM_COMMON_RELIC","is_daily":false,"chose_seed":false,"campfire_upgraded":1,"win_rate":0.0,"timestamp":1611438093,"path_taken":["M","M","$","?","?","E","R","E","T","M","E","R","?","$","R","BOSS","M","?","?","$","M","E","R","E","T","?","R","E","?","M","R","BOSS","M","?","?","?"],"items_purchased_type":["Relic","Relic","Relic","Relic","Relic","Relic","Relic","Relic"],"build_version":"2020-12-22","purchased_purges":0,"victory":false,"max_hp_per_floor":[95,105,115,125,135,146,156,174,184,195,206,216,227,237,247,258,268,279,290,300,310,321,332,342,353,363,373,383,394,404,415,425,436,446,457,477,487,487,487],"card_choices":[{"not_picked":["Havoc","Rage","Iron Wave"],"picked":"SKIP","floor":1},{"not_picked":["Warcry","Dual Wield","Pommel Strike"],"picked":"SKIP","floor":2},{"not_picked":["Hemokinesis","Anger","Metallicize"],"picked":"SKIP","floor":4},{"not_picked":["Wild Strike","Blood for Blood","Heavy Blade"],"picked":"SKIP","floor":6},{"not_picked":["DDmod:RapidStrikeAttack","Body Slam","Headbutt"],"picked":"SKIP","floor":8},{"not_picked":["DDmod:RapidStrikeAttack","Sever Soul","Exhume+1"],"picked":"SKIP","floor":10},{"not_picked":["Carnage","Offering+1","Dual Wield+1"],"picked":"SKIP","floor":11},{"not_picked":["Heavy Blade","Whirlwind","Clothesline"],"picked":"SKIP","floor":13},{"not_picked":["Limit Break+1","Juggernaut"],"picked":"Double Tap+1","floor":16},{"not_picked":["DDmod:CallousedSkill+1","Reckless Charge","Dropkick"],"picked":"SKIP","floor":18},{"not_picked":["Sword Boomerang","DDmod:CallousedSkill+1","DDmod:UnstoppableAttack"],"picked":"SKIP","floor":19},{"not_picked":["DDmod:UnstoppableAttack","Sever Soul+1","Whirlwind"],"picked":"SKIP","floor":22},{"not_picked":["Second Wind+1","DDmod:EasePowerCard+1","Perfected Strike+1"],"picked":"SKIP","floor":23},{"not_picked":["DDmod:CallousedSkill+1","Barricade+1","Rage+1"],"picked":"SKIP","floor":25},{"not_picked":["Fiend Fire","DDmod:AllInSkill+1","Armaments+1"],"picked":"SKIP","floor":29},{"not_picked":["DDmod:ScaleUpSkill+1","Pummel","Blood for Blood"],"picked":"SKIP","floor":31},{"not_picked":["DDmod:CallousedSkill+1","Havoc+1","Blood for Blood"],"picked":"SKIP","floor":35}],"player_experience":156586,"relics_obtained":[{"floor":6,"key":"Vajra"},{"floor":8,"key":"Strawberry"},{"floor":9,"key":"Dream Catcher"},{"floor":11,"key":"Kunai"},{"floor":23,"key":"Gremlin Horn"},{"floor":23,"key":"Frozen Egg 2"},{"floor":25,"key":"Bottled Flame"},{"floor":25,"key":"Lantern"},{"floor":29,"key":"White_Cape"},{"floor":29,"key":"Letter Opener"}],"event_choices":[{"damage_healed":0,"gold_gain":0,"player_choice":"Trade","damage_taken":0,"relics_obtained":["FaceOfCleric"],"max_hp_gain":0,"max_hp_loss":0,"event_name":"FaceTrader","floor":5,"gold_loss":0},{"damage_healed":0,"gold_gain":0,"player_choice":"Opened","damage_taken":0,"relics_obtained":["The Courier"],"max_hp_gain":0,"max_hp_loss":0,"event_name":"The Mausoleum","floor":20,"gold_loss":0,"cards_obtained":["Writhe"]},{"damage_healed":0,"gold_gain":0,"player_choice":"Obtained Relic","damage_taken":0,"relics_obtained":["Bronze Scales"],"max_hp_gain":0,"max_hp_loss":0,"event_name":"Addict","floor":30,"gold_loss":85},{"cards_removed":["Corruption"],"damage_healed":0,"gold_gain":0,"player_choice":"Offered Rare","damage_taken":0,"max_hp_gain":10,"max_hp_loss":0,"event_name":"Bonfire Elementals","floor":36,"gold_loss":0},{"damage_healed":0,"gold_gain":0,"player_choice":"Fight","damage_taken":0,"max_hp_gain":0,"max_hp_loss":0,"event_name":"Mysterious Sphere","floor":38,"gold_loss":0}],"is_beta":false,"boss_relics":[{"not_picked":["SacredBark","Cursed Key"],"picked":"Black Star"},{"not_picked":["SlaversCollar","Sozu"],"picked":"Fusion Hammer"}],"items_purged_floors":[],"is_endless":false,"potions_floor_spawned":[4,6,11,16,22,23,25,29,33],"killed_by":"2 Orb Walkers","ascension_level":20}}