{"host":"kvo7eymyd21g9abd","time":1611431721,"event":{"mods":["AchievementEnabler","BaseMod","Bestiary","Colored Map","Minty Spire (QoL Compilation)","StSLib"],"gold_per_floor":[116,131,131,147,161,161,177,177,177,177,193,50,84,96,96,201,201,214,231,231,244,254,254,254,254],"floor_reached":24,"language":"ENG","playtime":947,"items_purged":[],"score":278,"play_id":"48ef8a1a-2c21-4c34-a93d-d2365db626ae","local_time":"20210123145521","is_ascension_mode":true,"campfire_choices":[{"floor":6.0,"key":"RECALL"},{"data":"Malaise","floor":8.0,"key":"SMITH"},{"floor":15.0,"key":"REST"},{"floor":23,"key":"REST"}],"circlet_count":0,"master_deck":["Strike_G","Strike_G","Strike_G","Strike_G","Strike_G","Defend_G","Defend_G","Defend_G","Defend_G","Defend_G","Survivor","Neutralize","Deadly Poison","Backflip","Catalyst","Poisoned Stab","Malaise+1","Deadly Poison","Deadly Poison","Venomology","CurseOfTheBell","Cloak And Dagger+1","Escape Plan+1","Writhe","Sucker Punch","Dodge and Roll"],"relics":["Philosopher\u0027s Stone","Art of War","Sundial","Calling Bell","Juzu Bracelet","Blue Candle","Mango","Akabeko"],"acts_visited":["Exordium","TheCity"],"potions_floor_usage":[18,18,22,24,24,24,24],"damage_taken":[{"damage":0.0,"enemies":"Jaw Worm","floor":1.0,"turns":5.0},{"damage":0.0,"enemies":"Cultist","floor":2.0,"turns":4.0},{"damage":0.0,"enemies":"2 Louse","floor":4.0,"turns":2.0},{"damage":5.0,"enemies":"Large Slime","floor":5.0,"turns":7.0},{"damage":9.0,"enemies":"Blue Slaver","floor":7.0,"turns":3.0},{"damage":8.0,"enemies":"2 Fungi Beasts","floor":11.0,"turns":3.0},{"damage":31.0,"enemies":"Lagavulin","floor":13.0,"turns":6.0},{"damage":13.0,"enemies":"Exordium Wildlife","floor":14.0,"turns":5.0},{"damage":2.0,"enemies":"Hexaghost","floor":16.0,"turns":7.0},{"damage":35,"enemies":"2 Thieves","floor":18,"turns":5},{"damage":18,"enemies":"Spheric Guardian","floor":19,"turns":4},{"damage":6,"enemies":"Snake Plant","floor":21,"turns":4},{"damage":14,"enemies":"Centurion and Healer","floor":22,"turns":8},{"damage":42,"enemies":"3 Cultists","floor":24,"turns":5}],"seed_played":"8456988747010291496","potions_obtained":[{"floor":2.0,"key":"Dexterity Potion"},{"floor":7.0,"key":"Fruit Juice"},{"floor":10.0,"key":"DistilledChaos"},{"floor":10.0,"key":"Weak Potion"},{"floor":14.0,"key":"Fruit Juice"},{"floor":16.0,"key":"DuplicationPotion"}],"is_trial":false,"path_per_floor":["M","M","$","M","M","R","M","R","T","?","M","$","E","M","R","B",null,"M","M","?","M","M","R","M"],"character_chosen":"THE_SILENT","items_purchased":["Art of War"],"campfire_rested":2,"item_purchase_floors":[12],"current_hp_per_floor":[70,70,70,70,65,65,56,56,56,61,53,53,22,14,38,36,83,48,30,30,24,10,38,0,0],"gold":254,"neow_bonus":"BOSS_RELIC","is_daily":false,"chose_seed":false,"campfire_upgraded":1,"win_rate":0.0,"timestamp":1611431721,"path_taken":["M","M","$","M","M","R","M","R","T","?","M","$","E","?","R","BOSS","M","M","?","M","M","R","M"],"items_purchased_type":["Relic"],"build_version":"2020-12-22","purchased_purges":0,"victory":false,"max_hp_per_floor":[70,70,70,70,70,70,70,70,70,75,75,75,75,80,80,80,94,94,94,94,94,94,94,94,94],"card_choices":[{"not_picked":["PiercingWail","Bane"],"picked":"Deadly Poison","floor":1.0},{"not_picked":["Cloak And Dagger","Outmaneuver"],"picked":"Backflip","floor":2.0},{"not_picked":["Flying Knee","Dodge and Roll"],"picked":"Catalyst","floor":4.0},{"not_picked":["Bane","Well Laid Plans"],"picked":"Poisoned Stab","floor":5.0},{"not_picked":["Calculated Gamble","Heel Hook"],"picked":"Malaise","floor":7.0},{"not_picked":["Acrobatics","Poisoned Stab"],"picked":"Deadly Poison","floor":11.0},{"not_picked":["Blade Dance","Cloak And Dagger","Riddle With Holes"],"picked":"SKIP","floor":13.0},{"not_picked":["Prepared","Acrobatics"],"picked":"Deadly Poison","floor":14.0},{"not_picked":["Unload","Malaise"],"picked":"Venomology","floor":16.0},{"not_picked":["Caltrops","Blade Dance"],"picked":"Cloak And Dagger+1","floor":18},{"not_picked":["Finisher+1","Cloak And Dagger+1"],"picked":"Escape Plan+1","floor":19},{"not_picked":["Quick Slash","Reflex"],"picked":"Sucker Punch","floor":21},{"not_picked":["PiercingWail","Dagger Throw+1"],"picked":"Dodge and Roll","floor":22}],"player_experience":416949,"relics_obtained":[{"floor":13.0,"key":"Sundial"},{"floor":17,"key":"Juzu Bracelet"},{"floor":17,"key":"Blue Candle"},{"floor":17,"key":"Mango"}],"event_choices":[{"damage_healed":0.0,"max_hp_gain":0.0,"max_hp_loss":0.0,"gold_gain":0.0,"event_name":"Lab","player_choice":"Got Potions","floor":10.0,"gold_loss":0.0,"damage_taken":0.0},{"damage_healed":0,"gold_gain":0,"player_choice":"Opened","damage_taken":0,"relics_obtained":["Akabeko"],"max_hp_gain":0,"max_hp_loss":0,"event_name":"The Mausoleum","floor":20,"gold_loss":0,"cards_obtained":["Writhe"]}],"is_beta":false,"boss_relics":[{"not_picked":["Velvet Choker","Busted Crown"],"picked":"Calling Bell"}],"items_purged_floors":[],"is_endless":false,"potions_floor_spawned":[2,7,14,16,21,22],"killed_by":"3 Cultists","ascension_level":5}}