{"host":"s0rqbuvjzggdtc2s","time":1611390268,"event":{"mods":["ATMod(°¢èªMod)","BaseMod","Minty Spire (QoL Compilation)","StSLib","The Bug Knight","¡¾ÒÅÎï¿¨ÅÆ¡¿REMEMod"],"gold_per_floor":[218,237,237,237,250,250,269,269,292,136,64,98,98,111,111,209,209,228,153,164,176,98,98,118,129,154,186,204,204,204,220,220,321,321,460,460,502,620,620,670,223,223,250,0,45,45,45,137,137,187],"floor_reached":51,"language":"ZHS","playtime":2349,"items_purged":["HollowMod:QuickDashStart"],"score":749,"play_id":"0584a0f5-c68e-4e35-8f81-7c8a6f7c0820","local_time":"20210123162428","is_ascension_mode":false,"campfire_choices":[{"data":"AT_ThistleTea","floor":6.0,"key":"SMITH"},{"data":"HollowMod:FocusHealStart","floor":8.0,"key":"SMITH"},{"data":"Secret Technique","floor":13.0,"key":"SMITH"},{"data":"HollowMod:SoulEater","floor":15.0,"key":"SMITH"},{"data":"HollowMod:DesolateDive","floor":23.0,"key":"SMITH"},{"data":"HollowMod:HuntersJournal","floor":30.0,"key":"SMITH"},{"floor":32.0,"key":"REST"},{"floor":42.0,"key":"REST"},{"data":"HollowMod:SlysStrikes","floor":46.0,"key":"SMITH"},{"floor":49.0,"key":"REST"}],"circlet_count":0,"master_deck":["HollowMod:NailStrikeStart","HollowMod:NailStrikeStart","HollowMod:NailStrikeStart","HollowMod:NailStrikeStart","HollowMod:QuickDashStart","HollowMod:QuickDashStart","HollowMod:FocusHealStart+1","HollowMod:PogoStrike","AT_ThistleTea+1","Secret Technique+1","HollowMod:CloakDash","HollowMod:ChannelNail","HollowMod:FastStrike","HollowMod:HuntersJournal+1","HollowMod:SoulEater+1","HollowMod:CloakDash","HollowMod:SoulMaster","HollowMod:SoulShaman","HollowMod:DesolateDive+1","HollowMod:SlysStrikes+1","HollowMod:RecoilStrike+1","Finesse","HollowMod:HuntersJournal","HollowMod:NewLastStag"],"relics":["HollowMod:VesselMask","AT_ATBox","REME_ComplimentaryCards","Boot","Orichalcum","REME_PuzzleBoxRelic","AT_LudenTempest","Busted Crown","AT_DeathDance","REME_LowDesire","AT_BellDemon","AT_MibuBalloonWealth","Bronze Scales","Anchor","Vajra","HollowMod:JonisBlessing","Bag of Marbles","Shovel"],"acts_visited":["Exordium","TheCity","TheBeyond"],"potions_floor_usage":[],"damage_taken":[{"damage":0.0,"enemies":"Small Slimes","floor":1.0,"turns":4.0},{"damage":2.0,"enemies":"Jaw Worm","floor":2.0,"turns":5.0},{"damage":0.0,"enemies":"Cultist","floor":5.0,"turns":3.0},{"damage":2.0,"enemies":"Large Slime","floor":7.0,"turns":6.0},{"damage":13.0,"enemies":"3 Sentries","floor":12.0,"turns":9.0},{"damage":0.0,"enemies":"Gremlin Gang","floor":14.0,"turns":2.0},{"damage":38.0,"enemies":"Hexaghost","floor":16.0,"turns":7.0},{"damage":0.0,"enemies":"Chosen","floor":18.0,"turns":3.0},{"damage":0.0,"enemies":"2 Thieves","floor":20.0,"turns":2.0},{"damage":1.0,"enemies":"Cultist and Chosen","floor":21.0,"turns":3.0},{"damage":0.0,"enemies":"Centurion and Healer","floor":24.0,"turns":2.0},{"damage":13.0,"enemies":"Shelled Parasite and Fungi","floor":25.0,"turns":2.0},{"damage":16.0,"enemies":"HollowMod:Nosk","floor":27.0,"turns":4.0},{"damage":3.0,"enemies":"Snecko","floor":28.0,"turns":3.0},{"damage":18.0,"enemies":"Snake Plant","floor":31.0,"turns":3.0},{"damage":17.0,"enemies":"HollowMod:NKGrimm","floor":33.0,"turns":7.0},{"damage":31.0,"enemies":"3 Darklings","floor":35.0,"turns":4.0},{"damage":4.0,"enemies":"Orb Walker","floor":37.0,"turns":3.0},{"damage":4.0,"enemies":"4 Shapes","floor":38.0,"turns":3.0},{"damage":35.0,"enemies":"Nemesis","floor":40.0,"turns":5.0},{"damage":2.0,"enemies":"Maw","floor":45.0,"turns":4.0},{"damage":0.0,"enemies":"Sphere and 2 Shapes","floor":48.0,"turns":2.0},{"damage":18,"enemies":"Donu and Deca","floor":50,"turns":6}],"seed_played":"2406907296572677710","potions_obtained":[{"floor":1.0,"key":"FearPotion"},{"floor":5.0,"key":"REME_GoldPotion"},{"floor":7.0,"key":"AttackPotion"},{"floor":14.0,"key":"Ancient Potion"},{"floor":20.0,"key":"Regen Potion"},{"floor":31.0,"key":"DistilledChaos"},{"floor":33.0,"key":"REME_GoldPotion"},{"floor":35.0,"key":"SpeedPotion"},{"floor":37.0,"key":"SkillPotion"},{"floor":45.0,"key":"Fire Potion"}],"is_trial":false,"path_per_floor":["M","M","?","?","M","R","M","R","T","$","$","E","R","M","R","B",null,"M","$","M","M","$","R","M","M","T","E","M","?","R","M","R","B",null,"M","?","M","M","?","E","$","R","T","?","M","R","T","M","R","B",null],"character_chosen":"THE_BUGKNIGHT","items_purchased":["REME_PuzzleBoxRelic","HollowMod:HuntersJournal","HollowMod:DesolateDive","Anchor","Vajra","HollowMod:JonisBlessing"],"campfire_rested":3,"item_purchase_floors":[10,11,22,41,41,41],"current_hp_per_floor":[75,75,68,56,62,62,70,70,70,70,70,66,66,66,66,38,75,75,75,75,75,75,75,75,62,62,56,63,63,63,45,67,62,75,60,60,66,68,68,37,37,58,58,58,56,56,56,56,71,53],"gold":187,"neow_bonus":"HUNDRED_GOLD","is_daily":false,"chose_seed":false,"campfire_upgraded":7,"win_rate":0.0,"timestamp":1611390268,"path_taken":["M","M","?","?","M","R","M","R","T","?","$","E","R","M","R","BOSS","M","$","M","M","$","R","M","M","T","E","M","?","R","?","R","BOSS","M","?","?","M","?","E","$","R","T","?","M","R","?","M","R","BOSS"],"items_purchased_type":["Relic","Card","Card","Relic","Relic","Relic"],"build_version":"2020-12-22","purchased_purges":1,"victory":true,"max_hp_per_floor":[75,75,75,75,75,75,75,75,75,75,75,75,75,75,75,75,75,75,75,75,75,75,75,75,75,75,75,75,75,75,75,75,75,75,75,75,75,75,71,71,71,71,71,71,71,71,71,71,71,71],"card_choices":[{"not_picked":["HollowMod:DescendingDark","HollowMod:SoulShaman"],"picked":"HollowMod:CloakDash","floor":1.0},{"not_picked":["HollowMod:DoubleDash","HollowMod:HeavyBlow","HollowMod:GreatSlash"],"picked":"SKIP","floor":2.0},{"not_picked":["HollowMod:InfectedAttack","HollowMod:NewGlowingWomb"],"picked":"HollowMod:ChannelNail","floor":5.0},{"not_picked":["HollowMod:GoodIntentions","HollowMod:LuriensSpire"],"picked":"HollowMod:FastStrike","floor":7.0},{"not_picked":["HollowMod:GoodIntentions","HollowMod:VengefulVoid"],"picked":"HollowMod:SoulEater","floor":12.0},{"not_picked":["HollowMod:VengefulVoid","HollowMod:WraithStrike"],"picked":"HollowMod:CloakDash","floor":14.0},{"not_picked":["HollowMod:Hiveblood","HollowMod:PureVessel"],"picked":"HollowMod:SoulMaster","floor":16.0},{"not_picked":["HollowMod:MothsMistake"],"picked":"SKIP","floor":18.0},{"not_picked":[],"picked":"HollowMod:SoulShaman","floor":20.0},{"not_picked":["HollowMod:SoulStrike"],"picked":"SKIP","floor":21.0},{"not_picked":["HollowMod:DescendingDark"],"picked":"SKIP","floor":24.0},{"not_picked":["HollowMod:CycloneSlash"],"picked":"SKIP","floor":25.0},{"not_picked":["HollowMod:CrystalDash"],"picked":"SKIP","floor":27.0},{"not_picked":["HollowMod:InfectedAttack"],"picked":"SKIP","floor":28.0},{"not_picked":["HollowMod:WraithStrike+1"],"picked":"SKIP","floor":31.0},{"not_picked":[],"picked":"HollowMod:SlysStrikes","floor":33.0},{"not_picked":["HollowMod:DescendingDark","AT_BreakingExtremeWeapon"],"picked":"SKIP","floor":35.0},{"not_picked":["AT_EmpoweredMortalDraw"],"picked":"HollowMod:RecoilStrike+1","floor":37.0},{"not_picked":["HollowMod:ShadowDash"],"picked":"Finesse","floor":38.0},{"not_picked":["AT_PowerWithin"],"picked":"HollowMod:HuntersJournal","floor":40.0},{"not_picked":["HollowMod:TaintedHusks+1","REME_BuildACard"],"picked":"SKIP","floor":45.0},{"not_picked":["HollowMod:SharpenedNail+1","AT_PowerWithin+1"],"picked":"SKIP","floor":48.0}],"player_experience":220722,"relics_obtained":[{"floor":9.0,"key":"Orichalcum"},{"floor":12.0,"key":"AT_LudenTempest"},{"floor":27.0,"key":"AT_DeathDance"},{"floor":34.0,"key":"AT_BellDemon"},{"floor":34.0,"key":"AT_MibuBalloonWealth"},{"floor":40.0,"key":"Bronze Scales"},{"floor":43.0,"key":"Bag of Marbles"},{"floor":47.0,"key":"Shovel"}],"event_choices":[{"cards_removed":["HollowMod:QuickDashStart"],"damage_healed":0.0,"max_hp_gain":0.0,"max_hp_loss":0.0,"gold_gain":0.0,"event_name":"Golden Wing","player_choice":"Card Removal","floor":3.0,"gold_loss":0.0,"damage_taken":7.0},{"damage_healed":0.0,"max_hp_gain":0.0,"max_hp_loss":0.0,"gold_gain":0.0,"event_name":"Scrap Ooze","player_choice":"Success","floor":4.0,"gold_loss":0.0,"damage_taken":12.0,"relics_obtained":["Boot"]},{"damage_healed":0.0,"max_hp_gain":0.0,"max_hp_loss":0.0,"gold_gain":0.0,"event_name":"The Woman in Blue","player_choice":"Bought 0 Potions","floor":29.0,"gold_loss":0.0,"damage_taken":0.0},{"damage_healed":0.0,"max_hp_gain":0.0,"max_hp_loss":0.0,"gold_gain":0.0,"event_name":"SecretPortal","player_choice":"Ignored","floor":36.0,"gold_loss":0.0,"damage_taken":0.0},{"damage_healed":0.0,"max_hp_gain":0.0,"max_hp_loss":4.0,"gold_gain":0.0,"event_name":"Winding Halls","player_choice":"Max HP","floor":39.0,"gold_loss":0.0,"damage_taken":0.0}],"is_beta":false,"boss_relics":[{"not_picked":["Ectoplasm","SlaversCollar"],"picked":"Busted Crown"},{"not_picked":["Coffee Dripper","Fusion Hammer"],"picked":"REME_LowDesire"}],"items_purged_floors":[19],"is_endless":false,"potions_floor_spawned":[1,5,7,14,20,21,31,33,35,37,40,45],"ascension_level":0}}