{"host":"kiepq204ejgahl1h","time":1611370019,"event":{"mods":["100% Spire Juice","ATMod(°¢èªMod)","Act Like it!","Aspiration","BaseMod","BetterRewards","Booster Modes","Colored Map","Colored Powertips","Conjunction","Conspire","Curses Come First","Dota2Spire","Energized Spire","GifTheSpireLib","Gold Saver","Halation","Hubris","Humility","Infinite Spire","Ironclad Rager","Jedi Mod","KinomotoSakuraMod(Ä¾Ö®±¾Ó£)","LagranYue(À­¸ñÀÊ¡¤ÔÂ)","Luminous","Marisa£¨ìFÓê¡¡Ä§ÀíÉ³£©","Minty Spire (QoL Compilation)","MostiFishMod","Pale of the Ancients","Prisma Mod","Quarter Circle Forward PUNCH!","Quick Restart","RRrroohrrRGHHhhh!!","Rare Cards Sparkle","Reimu£¨²©ÀöÁéÃÎ£©","Relic Stats","Remilia£¨ÀÙÃ×ÀòÑÇ£©","Replay The Spire","RumiaBox-Â¶Ã×æ«µÄÉñÃØºÐ×Ó","SIMod","SacredBarkPlus","Spikes Relics","Spires \u0026 Sneckos","StS++","StSLib","Stuff the Spire","TestMod","The Bug Knight","The Gatherer","The Servant 0.9.4","Virulent Crown","Yakumo Yukari mod","Youmu£¨»êÆÇÑýÃÎ£©","vexMod","¡¾ÒÅÎï¿¨ÅÆ¡¿REMEMod"],"gold_per_floor":[119,119,519,538,554,580,580,605,605,605,622,653,669,700,700,805,805,817,521,539,559,570,570,604,622,622,648,665,108,108,136,136,235,235,255,271,271,285,301,328,328,75,123,123,139,139,173,185,185,185,201,212,212,212,212,232,232,232,232,232],"floor_reached":61,"language":"ZHS","playtime":3322,"items_purged":["PrismaMod:MiyuCommonAttack","PrismaMod:MiyuCommonDefend","PrismaMod:MiyuCommonAttack","PrismaMod:MiyuCommonDefend","PrismaMod:MiyuCommonAttack","PrismaMod:MiyuCommonAttack","PrismaMod:MiyuCommonDefend+1"],"score":2888,"play_id":"ff6fe4b9-b2a9-487e-9472-77e12a8f99af","local_time":"20210123104659","is_ascension_mode":true,"campfire_choices":[{"data":"PrismaMod:MiyuUncommonDexBuff","floor":7.0,"key":"SMITH"},{"data":"PrismaMod:MiyuUncommonDexBuff","floor":15.0,"key":"SMITH"},{"data":"Barricade","floor":23,"key":"SMITH"},{"data":"PrismaMod:MiyuUncommonDexBuff","floor":30,"key":"SMITH"},{"data":"PrismaMod:MiyuUncommonDexBuff","floor":32,"key":"SMITH"},{"data":"PrismaMod:MiyuUncommonDexBuff","floor":44,"key":"SMITH"},{"floor":49,"key":"RECALL"},{"data":"PrismaMod:MiyuUberDefend","floor":55,"key":"SMITH"}],"circlet_count":0,"master_deck":["PrismaMod:MiyuCommonDefend+1","PrismaMod:MiyuCommonDefend+1","PrismaMod:MiyuCheapChannelAttack+1","PrismaMod:MiyuCheapChannelDefend+1","AT_FamilyPortrait+1","Barricade+1","PrismaMod:MiyuCarnivalAttack+1","PrismaMod:MiyuUncommonStrBuff+1","PrismaMod:MiyuUberAOEAttack+1","PrismaMod:MiyuUncommonDexBuff+1","PrismaMod:MiyuChristmas+1","PrismaMod:MiyuCheapDefend1+1","PrismaMod:MiyuOrbIncreasePerm+1","PrismaMod:MiyuCheapAttack1+1","PrismaMod:MiyuDevil+1","PrismaMod:MiyuUncommonDexBuff+1","PrismaMod:MiyuUncommonDexBuff+1","PrismaMod:MiyuCarnivalDefend+1","PrismaMod:MiyuOrbIncreasePerm+1","PrismaMod:MiyuUncommonDexBuff+1","PrismaMod:MiyuOrbIncreasePerm+1","MostiFishMod:EE1D+1","MostiFishMod:EE1D+1","MostiFishMod:EE1D+1","PrismaMod:MiyuCheapDefend1+1","PrismaMod:MiyuUncommonDexBuff+1","PrismaMod:MiyuUberDefend+1","PrismaMod:MiyuOrbIncreasePerm+1","Pain"],"relics":["PrismaMod:PrismaSapphireUpgrade","DaveBox","AT_ATBox","REME_ComplimentaryCards","LagranYue:RandomDrawCardRelic","DianDianMeat","testmod-Prudence","aspiration:TomeofQuesting","HollowMod:StagPassRelic","conspire:TreasureMap","ClockworkSouvenir","Iron Hammer","Dota2Spire:MonkeyKingBar","SynthV:TestCard","REME_LimitBreaker","Bronze Scales","testmod-DragonStarHat","testmod-IndustrialRevolution","vexMod:FocusSash","testmod-Register","testmod-ArcanaOfDestiny","AT_RabadonDeathcap","infinitespire:WardingShard","Replay:Baseball","GodSword6","Pen Nib","Abe\u0027s Treasure","ChaoDraw","EE1DDrone","qcfpunch:Red_Headband","AT_BellowingDragoncrestRing","infinitespire:Bottled Soul","paleoftheancients:Timepiece","paleoftheancients:KeyRelic","Coffee Dripper","Letter Opener","paleoftheancients:SoulOfTheIroncluck","WarpedTongs","infinitespire:BottledMercury","testmod-Antiphasic"],"acts_visited":["Exordium","TheCity","TheBeyond","paleoftheancients:PaleOfTheAncients"],"potions_floor_usage":[24,36,38,50,60],"damage_taken":[{"damage":5.0,"enemies":"Jaw Worm","floor":1.0,"turns":2.0},{"damage":0.0,"enemies":"2 Louse","floor":4.0,"turns":1.0},{"damage":0.0,"enemies":"Small Slimes","floor":5.0,"turns":1.0},{"damage":11.0,"enemies":"Replay:BlueRogue","floor":6.0,"turns":5.0},{"damage":6.0,"enemies":"HollowMod:MossKnight","floor":8.0,"turns":7.0},{"damage":0.0,"enemies":"Gremlin Gang","floor":11.0,"turns":2.0},{"damage":0.0,"enemies":"Nightmare","floor":12.0,"turns":6.0},{"damage":0.0,"enemies":"Blue Slaver","floor":13.0,"turns":2.0},{"damage":1.0,"enemies":"Replay:BlueRogue","floor":14.0,"turns":4.0},{"damage":35.0,"enemies":"Hexaghost","floor":16.0,"turns":6.0},{"damage":10.0,"enemies":"Shell Parasite","floor":18.0,"turns":3.0},{"damage":0,"enemies":"Chosen","floor":20,"turns":3},{"damage":0,"enemies":"Shelled Parasite and Fungi","floor":21,"turns":3},{"damage":0,"enemies":"Chosen and Byrds","floor":22,"turns":4},{"damage":0,"enemies":"Nightmare","floor":24,"turns":10},{"damage":8,"enemies":"Snecko","floor":25,"turns":3},{"damage":13,"enemies":"Book of Stabbing","floor":27,"turns":4},{"damage":26,"enemies":"Centurion and Healer","floor":28,"turns":5},{"damage":11,"enemies":"REME_1_Revenger","floor":31,"turns":5},{"damage":4,"enemies":"conspire:MysteriousRune","floor":33,"turns":6},{"damage":0,"enemies":"Orb Walker","floor":35,"turns":3},{"damage":17,"enemies":"3 Darklings","floor":36,"turns":5},{"damage":14,"enemies":"Maw","floor":38,"turns":6},{"damage":0,"enemies":"Transient","floor":39,"turns":8},{"damage":15,"enemies":"Nightmare","floor":40,"turns":7},{"damage":0,"enemies":"Nightmare","floor":41,"turns":10},{"damage":3,"enemies":"Jaw Worm Horde","floor":45,"turns":3},{"damage":0,"enemies":"R_Hoarder","floor":47,"turns":4},{"damage":0,"enemies":"4 Shapes","floor":48,"turns":2},{"damage":0,"enemies":"Awakened One","floor":50,"turns":6},{"damage":0,"enemies":"Awakened One","floor":51,"turns":3},{"damage":0,"enemies":"Awakened One","floor":52,"turns":4},{"damage":12,"enemies":"Awakened One","floor":56,"turns":3},{"damage":0,"enemies":"paleoftheancients:N","floor":60,"turns":6}],"seed_played":"2329095852281915088","potions_obtained":[{"floor":11.0,"key":"SkillPotion"},{"floor":13.0,"key":"Elixir"},{"floor":20,"key":"LiquidMemories"},{"floor":25,"key":"testmod-TestPotion"},{"floor":40,"key":"Elixir"},{"floor":45,"key":"Adrenaline Potion"}],"is_trial":false,"path_per_floor":["M","?","?","M","M","E","R","E","T","?","M","NM","M","E","R","B",null,"M","$","M","M","M","R","NM","M","T","E","M","$","R","E","R","B",null,"M","M","AVR","M","M","NM","?","$","T","R","M","?","E","M","R","B","M","M","?","T","R","M","R","T","?","B",null],"character_chosen":"MIYU","items_purchased":["aspiration:TomeofQuesting","HollowMod:StagPassRelic","PrismaMod:MiyuCarnivalAttack+1","PrismaMod:MiyuUncommonStrBuff","conspire:TreasureMap","qcfpunch:Not_Strongest_Fighting_Style_Guidebook","ClockworkSouvenir","Iron Hammer","PrismaMod:MiyuUberAOEAttack","PrismaMod:MiyuUncommonDexBuff","Dota2Spire:MonkeyKingBar","StSpp:SecondWindPotion","Dota2Spire:Clarity","testmod-Register","Replay:Baseball","GodSword6","PrismaMod:MiyuUncommonDexBuff"],"campfire_rested":0,"item_purchase_floors":[0,0,0,0,0,0,0,0,0,0,0,0,0,19,29,29,42],"current_hp_per_floor":[43,51,51,60,70,70,70,76,76,76,89,89,89,102,102,82,167,173,173,173,173,173,173,173,165,165,169,143,143,143,132,132,128,221,221,223,286,272,272,280,351,375,375,375,372,397,397,397,397,399,426,426,453,453,453,447,447,447,447,451],"gold":232,"neow_bonus":"","is_daily":false,"chose_seed":false,"campfire_upgraded":7,"win_rate":0.0,"timestamp":1611370019,"path_taken":["M","?","?","?","M","E","R","E","T","?","M","NM","M","E","R","BOSS","M","$","?","M","M","R","NM","M","T","E","M","$","R","E","R","BOSS","M","?","AVR","M","M","NM","?","?","T","R","?","?","E","M","R","BOSS","M","M","?","T","R","M","R","T","?","BOSS"],"items_purchased_type":["Relic","Relic","Card","Card","Relic","Relic","Relic","Relic","Card","Card","Relic","Potion","Potion","Relic","Relic","Relic","Card"],"build_version":"2020-12-22","purchased_purges":7,"victory":true,"max_hp_per_floor":[103,111,111,120,130,141,141,153,153,153,166,166,166,180,180,195,195,211,211,211,211,211,211,211,211,211,228,228,228,228,228,228,228,246,246,265,328,328,328,351,351,375,375,375,375,400,400,400,400,400,426,426,453,453,453,453,453,453,453,453],"relic_stats":{"counters":[252,973],"Bronze Scales":[429],"Pen Nib":[12],"Letter Opener":[1686],"obtain_stats":[{"Replay:Accelerometer":9,"infinitespire:BottledMercury":54,"StuffTheSpire:Barrel":25,"AT_ATBox":2,"LagranYue:RandomDrawCardRelic":0,"WarlordEmblem:MantleBaku":13,"Chi":0,"Whetstone":0,"HollowMod:StagPassRelic":7,"testmod-BlackFramedGlasses":0,"MagicDraw2":21,"jedi:shrinkray":0,"MagicDraw1":24,"testmod-Prudence":0,"Prayer Wheel":30,"Iron Hammer":0,"vexMod:DeviousBotling":17,"testmod-DragonStarHat":9,"halation:PromiseList":49,"Toxic Egg 2":4,"LugNut":13,"WarlordEmblem:BrokenMantle":0,"conspire:Dentures":9,"DianDianMeat":2,"AT_RabadonDeathcap":26,"conspire:TreasureMap":0,"paleoftheancients:KeyRelic":50,"testmod-TestBox":0,"testmod-Register":31,"ReplayTheSpireMod:CursedCoin":29,"StuffTheSpire:ForceGauntlet":32,"WarlordEmblem:WuziBook":43,"Pen Nib":14,"Replay:Kaleidoscope":23,"Letter Opener":50,"REME_LimitBreaker":6,"WarpedTongs":53,"paleoftheancients:Timepiece":50,"testmod-RealStoneCalender":0,"Replay:Baseball":38,"conspire:GiftBox":41,"Ling":0,"qcfpunch:Broken_Tusk":26,"EE1DDrone":37,"StuffTheSpire:MayFlowers":10,"Bronze Scales":8,"Molten Egg 2":5,"Onion Ring":43,"GodSword6":29,"Technique":0,"Dota2Spire:MonkeyKingBar":0,"StuffTheSpire:OldFever":0,"Abe\u0027s Treasure":34,"ChiLing":0,"paleoftheancients:SoulOfTheIroncluck":51,"WarlordEmblem:VoidPower":17,"Torii":44,"DaveBox":0,"PrismaMod:PrismaSapphire":0,"qcfpunch:Not_Strongest_Fighting_Style_Guidebook":0,"aspiration:TomeofQuesting":0,"Bag of Preparation":0,"LagranYue:MagicReflectiveArmorRelic":0,"testmod-CasingShield":25,"ClockworkSouvenir":0,"Shovel":8,"Chameleon Ring":15,"testmod-InjuryResistance":44,"infinitespire:Bottled Soul":47,"vexMod:RedPlottingStone":27,"MiniBlackHole":13,"halation:Toothbrush":42,"LagranYue:NewUniverseRelic":13,"testmod-ArcanaOfDestiny":24,"Potion Belt":22,"Guide Book":19,"vexMod:FocusSash":23,"halation:SelfBoilingWater":45,"testmod-IndustrialRevolution":12,"ChaoDraw":37,"PrismaMod:PrismaSapphireUpgrade":34,"jedi:fakemustache":0,"testmod-Antiphasic":58,"Busted Crown":34,"SynthV:TestCard":1,"AT_BellowingDragoncrestRing":43,"infinitespire:WardingShard":27,"vexMod:HeadHunter":4,"Bag of Marbles":46,"qcfpunch:Red_Headband":40,"Coffee Dripper":50,"halation:AfternoonTea":6,"REME_ComplimentaryCards":2},{"Replay:Accelerometer":197,"infinitespire:BottledMercury":250,"StuffTheSpire:Barrel":178,"AT_ATBox":219,"LagranYue:RandomDrawCardRelic":167,"WarlordEmblem:MantleBaku":172,"Chi":191,"Whetstone":191,"HollowMod:StagPassRelic":170,"testmod-BlackFramedGlasses":0,"MagicDraw2":201,"jedi:shrinkray":191,"MagicDraw1":202,"testmod-Prudence":167,"Prayer Wheel":180,"Iron Hammer":167,"vexMod:DeviousBotling":173,"testmod-DragonStarHat":223,"halation:PromiseList":217,"Toxic Egg 2":169,"LugNut":199,"WarlordEmblem:BrokenMantle":167,"conspire:Dentures":170,"DianDianMeat":219,"AT_RabadonDeathcap":234,"conspire:TreasureMap":218,"paleoftheancients:KeyRelic":248,"testmod-TestBox":167,"testmod-Register":180,"ReplayTheSpireMod:CursedCoin":204,"StuffTheSpire:ForceGauntlet":206,"WarlordEmblem:WuziBook":214,"Pen Nib":172,"Replay:Kaleidoscope":202,"Letter Opener":248,"REME_LimitBreaker":222,"WarpedTongs":250,"paleoftheancients:Timepiece":248,"testmod-RealStoneCalender":167,"Replay:Baseball":183,"conspire:GiftBox":185,"Ling":191,"qcfpunch:Broken_Tusk":178,"EE1DDrone":240,"StuffTheSpire:MayFlowers":171,"Bronze Scales":223,"Molten Egg 2":169,"Onion Ring":186,"GodSword6":236,"Technique":0,"Dota2Spire:MonkeyKingBar":218,"StuffTheSpire:OldFever":167,"Abe\u0027s Treasure":238,"ChiLing":191,"paleoftheancients:SoulOfTheIroncluck":249,"WarlordEmblem:VoidPower":200,"Torii":187,"DaveBox":0,"PrismaMod:PrismaSapphire":0,"qcfpunch:Not_Strongest_Fighting_Style_Guidebook":218,"aspiration:TomeofQuesting":218,"Bag of Preparation":167,"LagranYue:MagicReflectiveArmorRelic":191,"testmod-CasingShield":203,"ClockworkSouvenir":218,"Shovel":197,"Chameleon Ring":199,"testmod-InjuryResistance":214,"infinitespire:Bottled Soul":246,"vexMod:RedPlottingStone":178,"MiniBlackHole":172,"halation:Toothbrush":214,"LagranYue:NewUniverseRelic":172,"testmod-ArcanaOfDestiny":233,"Potion Belt":201,"Guide Book":201,"vexMod:FocusSash":177,"halation:SelfBoilingWater":215,"testmod-IndustrialRevolution":225,"ChaoDraw":240,"PrismaMod:PrismaSapphireUpgrade":181,"jedi:fakemustache":191,"testmod-Antiphasic":251,"Busted Crown":207,"SynthV:TestCard":219,"AT_BellowingDragoncrestRing":244,"infinitespire:WardingShard":235,"vexMod:HeadHunter":194,"Bag of Marbles":188,"qcfpunch:Red_Headband":243,"Coffee Dripper":248,"halation:AfternoonTea":196,"REME_ComplimentaryCards":219},{"Replay:Accelerometer":746,"infinitespire:BottledMercury":964,"StuffTheSpire:Barrel":686,"AT_ATBox":823,"LagranYue:RandomDrawCardRelic":641,"WarlordEmblem:MantleBaku":661,"Chi":734,"Whetstone":734,"HollowMod:StagPassRelic":653,"testmod-BlackFramedGlasses":0,"MagicDraw2":764,"jedi:shrinkray":734,"MagicDraw1":768,"testmod-Prudence":641,"Prayer Wheel":691,"Iron Hammer":641,"vexMod:DeviousBotling":666,"testmod-DragonStarHat":837,"halation:PromiseList":816,"Toxic Egg 2":648,"LugNut":751,"WarlordEmblem:BrokenMantle":641,"conspire:Dentures":653,"DianDianMeat":823,"AT_RabadonDeathcap":883,"conspire:TreasureMap":821,"paleoftheancients:KeyRelic":957,"testmod-TestBox":641,"testmod-Register":691,"ReplayTheSpireMod:CursedCoin":776,"StuffTheSpire:ForceGauntlet":780,"WarlordEmblem:WuziBook":803,"Pen Nib":661,"Replay:Kaleidoscope":768,"Letter Opener":957,"REME_LimitBreaker":830,"WarpedTongs":964,"paleoftheancients:Timepiece":957,"testmod-RealStoneCalender":641,"Replay:Baseball":700,"conspire:GiftBox":710,"Ling":734,"qcfpunch:Broken_Tusk":686,"EE1DDrone":911,"StuffTheSpire:MayFlowers":656,"Bronze Scales":837,"Molten Egg 2":648,"Onion Ring":714,"GodSword6":892,"Technique":0,"Dota2Spire:MonkeyKingBar":821,"StuffTheSpire:OldFever":641,"Abe\u0027s Treasure":903,"ChiLing":734,"paleoftheancients:SoulOfTheIroncluck":960,"WarlordEmblem:VoidPower":762,"Torii":719,"DaveBox":0,"PrismaMod:PrismaSapphire":0,"qcfpunch:Not_Strongest_Fighting_Style_Guidebook":821,"aspiration:TomeofQuesting":821,"Bag of Preparation":641,"LagranYue:MagicReflectiveArmorRelic":734,"testmod-CasingShield":770,"ClockworkSouvenir":821,"Shovel":746,"Chameleon Ring":751,"testmod-InjuryResistance":803,"infinitespire:Bottled Soul":949,"vexMod:RedPlottingStone":686,"MiniBlackHole":661,"halation:Toothbrush":803,"LagranYue:NewUniverseRelic":661,"testmod-ArcanaOfDestiny":880,"Potion Belt":764,"Guide Book":764,"vexMod:FocusSash":682,"halation:SelfBoilingWater":810,"testmod-IndustrialRevolution":845,"ChaoDraw":911,"PrismaMod:PrismaSapphireUpgrade":696,"jedi:fakemustache":734,"testmod-Antiphasic":967,"Busted Crown":785,"SynthV:TestCard":823,"AT_BellowingDragoncrestRing":942,"infinitespire:WardingShard":887,"vexMod:HeadHunter":740,"Bag of Marbles":723,"qcfpunch:Red_Headband":932,"Coffee Dripper":957,"halation:AfternoonTea":743,"REME_ComplimentaryCards":823}],"WarpedTongs":[3]},"card_choices":[{"not_picked":["PrismaMod:MiyuUberAttack","PrismaMod:MiyuCheapAttack2"],"picked":"PrismaMod:MiyuChristmas","floor":1.0},{"not_picked":["StuffTheSpire:Rapture","StuffTheSpire:BrainWave"],"picked":"StuffTheSpire:Perfection","floor":2.0},{"not_picked":["PrismaMod:MiyuEvokeCheapAttack","PrismaMod:MiyuCommonAOEAttack","PrismaMod:MiyuUncommonAttack","PrismaMod:MiyuUberAOEAttack"],"picked":"PrismaMod:MiyuCheapDefend1","floor":4.0},{"not_picked":["PrismaMod:MiyuCheapDefend1","PrismaMod:MiyuCheapAttack2","PrismaMod:MiyuCheapPlate","PrismaMod:MiyuUncommonAttack"],"picked":"PrismaMod:MiyuOrbIncreasePerm","floor":5.0},{"not_picked":["PrismaMod:MiyuEvokeBuffStr","PrismaMod:MiyuUncommonAttack","PrismaMod:MiyuCheapStrBuff","PrismaMod:MiyuDefenseAbsorbMinor"],"picked":"PrismaMod:MiyuCheapAttack1","floor":6.0},{"not_picked":["PrismaMod:MiyuCheapChannelHeal","PrismaMod:MiyuChannelAttackEvoke","PrismaMod:MiyuCheapChannelRandom","PrismaMod:MiyuCheapAttack1"],"picked":"PrismaMod:MiyuDevil","floor":8.0},{"not_picked":["PrismaMod:MiyuOrbIncreasePerm","PrismaMod:MiyuCheapStrBuff","PrismaMod:MiyuCheapDefend1","PrismaMod:MiyuCheapChannelAttack"],"picked":"PrismaMod:MiyuUncommonDexBuff","floor":11.0},{"not_picked":["PrismaMod:MiyuDefenseExplosion","PrismaMod:MiyuEvokeAllAttack","PrismaMod:MiyuEvokeCheapAttack","PrismaMod:MiyuCheapEvoke","PrismaMod:MiyuCheapPlate"],"picked":"SKIP","floor":12.0},{"not_picked":["PrismaMod:MiyuEvokeBuffDex","PrismaMod:MiyuCheapStrBuff","PrismaMod:MiyuAttackChannelWeak","PrismaMod:MiyuCheapChannelHeal","PrismaMod:MiyuDevil"],"picked":"SKIP","floor":13.0},{"not_picked":["PrismaMod:MiyuCheapChannelVul","PrismaMod:MiyuCheapPlate","PrismaMod:MiyuCheapChannelAttack","PrismaMod:MiyuEvokeAllAttack"],"picked":"PrismaMod:MiyuUncommonDexBuff","floor":14.0},{"not_picked":["PrismaMod:MiyuDefenseAbsorbMinor","PrismaMod:MiyuEvokeAllAttack","PrismaMod:MiyuBride","PrismaMod:MiyuDefendChannelDefend"],"picked":"PrismaMod:MiyuCarnivalDefend","floor":16.0},{"not_picked":["PrismaMod:MiyuCarnivalAttack","PrismaMod:MiyuMaid","PrismaMod:MiyuAttackChannelWeak","PrismaMod:MiyuUberAttack"],"picked":"PrismaMod:MiyuOrbIncreasePerm","floor":18.0},{"not_picked":["PrismaMod:MiyuUberAOEAttack","PrismaMod:MiyuCheapDexBuff","PrismaMod:MiyuDefenseExplosion+1","PrismaMod:MiyuAttackChannelAttack","PrismaMod:MiyuEvokeBuffDex"],"picked":"SKIP","floor":20},{"not_picked":["PrismaMod:MiyuCheapDexBuff","PrismaMod:MiyuCheapPlate","PrismaMod:MiyuCheapChannelDefend","PrismaMod:MiyuCheapEvoke","PrismaMod:MiyuChristmas"],"picked":"SKIP","floor":21},{"not_picked":["PrismaMod:MiyuDefenseExplosion","PrismaMod:MiyuCheapPlate","PrismaMod:MiyuAttackChannelWeak","PrismaMod:MiyuUncommonAttack","PrismaMod:MiyuCommonAOEAttack"],"picked":"SKIP","floor":22},{"not_picked":["PrismaMod:MiyuCheapChannelVul","PrismaMod:MiyuCheapEvoke","PrismaMod:MiyuEvokeBuffStr","PrismaMod:MiyuCheapAttack1","PrismaMod:MiyuCheapChannelDefend"],"picked":"SKIP","floor":24},{"not_picked":["PrismaMod:MiyuDefenseExplosion","PrismaMod:MiyuUberAttack","PrismaMod:MiyuCheapDefend1","PrismaMod:MiyuCheapPlate","PrismaMod:MiyuDefendChannelDefend"],"picked":"SKIP","floor":25},{"not_picked":["PrismaMod:MiyuCheapAttack2","PrismaMod:MiyuCheapChannelAttack","PrismaMod:MiyuCheapDefend1","PrismaMod:MiyuEvokeCheapDefend"],"picked":"PrismaMod:MiyuUncommonDexBuff","floor":27},{"not_picked":["PrismaMod:MiyuCheapAttack2","PrismaMod:MiyuUberAOEAttack","PrismaMod:MiyuCheapAttack1","PrismaMod:MiyuAttackChannelAttack","PrismaMod:MiyuCarnivalAttack"],"picked":"SKIP","floor":28},{"not_picked":["PrismaMod:MiyuEvokeAllDefend","PrismaMod:MiyuCheapChannelAttack","PrismaMod:MiyuAttackChannelAttack","PrismaMod:MiyuCheapChannelVul","PrismaMod:MiyuUberAttack"],"picked":"SKIP","floor":31},{"not_picked":["PrismaMod:MiyuCommonAOEAttack","PrismaMod:MiyuEvokeCheapAttack","PrismaMod:MiyuCheapAttack1","PrismaMod:MiyuCheapChannelAttack","PrismaMod:MiyuUncommonAttack"],"picked":"SKIP","floor":35},{"not_picked":["PrismaMod:MiyuUncommonAOEAttack","PrismaMod:MiyuAttackChannelWeak","PrismaMod:MiyuCheapChannelWeak+1","PrismaMod:MiyuCheapEvoke+1"],"picked":"PrismaMod:MiyuOrbIncreasePerm","floor":36},{"not_picked":["PrismaMod:MiyuCheapChannelRandom","PrismaMod:MiyuCheapAttack2","PrismaMod:MiyuCheapDefend1","PrismaMod:MiyuCheapChannelVul","PrismaMod:MiyuEvokeCheapDefend+1"],"picked":"SKIP","floor":38},{"not_picked":["PrismaMod:MiyuUncommonAttack+1","PrismaMod:MiyuEvokeAll","PrismaMod:MiyuEvokeBuffStr","PrismaMod:MiyuCommonAOEAttack","PrismaMod:MiyuCheapChannelAttack+1"],"picked":"SKIP","floor":39},{"not_picked":["PrismaMod:MiyuUncommonAttack+1","PrismaMod:MiyuEvokeAll","PrismaMod:MiyuEvokeBuffStr","PrismaMod:MiyuCommonAOEAttack","PrismaMod:MiyuCheapChannelAttack+1"],"picked":"SKIP","floor":39},{"not_picked":["PrismaMod:MiyuMaid","PrismaMod:MiyuUberAOEAttack","PrismaMod:MiyuCheapChannelDefend","PrismaMod:MiyuEvokeBuffDex+1"],"picked":"PrismaMod:MiyuCheapDefend1+1","floor":40},{"not_picked":["PrismaMod:MiyuEvokeCheapAttack","PrismaMod:MiyuCheapAttack1+1","PrismaMod:MiyuUberAttack","PrismaMod:MiyuCheapChannelAttack+1","PrismaMod:MiyuChristmas+1"],"picked":"SKIP","floor":45},{"not_picked":["PrismaMod:MiyuChannelAttackEvoke","PrismaMod:MiyuCheapStrBuff","PrismaMod:MiyuEvokeCheapDefend","PrismaMod:MiyuEvokeBuffDex+1","PrismaMod:MiyuAttackChannelAttack"],"picked":"SKIP","floor":47},{"not_picked":["PrismaMod:MiyuEvokeAll","PrismaMod:MiyuAttackChannelWeak+1","PrismaMod:MiyuCheapChannelVul+1","PrismaMod:MiyuDevil","PrismaMod:MiyuCheapEvoke+1"],"picked":"SKIP","floor":48},{"not_picked":["PrismaMod:MiyuDevil","PrismaMod:MiyuEvokeAll","PrismaMod:MiyuUncommonDexBuff","PrismaMod:MiyuAttackChannelAttack+1"],"picked":"PrismaMod:MiyuOrbIncreasePerm+1","floor":51},{"not_picked":["PrismaMod:MiyuCheapEvoke","PrismaMod:MiyuCheapAttack1+1","PrismaMod:MiyuDevil","PrismaMod:MiyuUberAOEAttack","PrismaMod:MiyuCheapChannelWeak+1"],"picked":"SKIP","floor":52},{"not_picked":["PrismaMod:MiyuEvokeCheapAttack","PrismaMod:MiyuCheapChannelWeak","PrismaMod:MiyuEvokeAll","PrismaMod:MiyuCheapPlate","PrismaMod:MiyuCheapAttack2"],"picked":"SKIP","floor":56}],"player_experience":1362088,"relics_obtained":[{"floor":1.0,"key":"SynthV:TestCard"},{"floor":6.0,"key":"REME_LimitBreaker"},{"floor":8.0,"key":"Bronze Scales"},{"floor":9.0,"key":"testmod-DragonStarHat"},{"floor":12.0,"key":"testmod-IndustrialRevolution"},{"floor":14.0,"key":"vexMod:FocusSash"},{"floor":24,"key":"testmod-ArcanaOfDestiny"},{"floor":26,"key":"AT_RabadonDeathcap"},{"floor":27,"key":"infinitespire:WardingShard"},{"floor":31,"key":"Pen Nib"},{"floor":40,"key":"qcfpunch:Red_Headband"},{"floor":43,"key":"AT_BellowingDragoncrestRing"},{"floor":47,"key":"infinitespire:Bottled Soul"},{"floor":51,"key":"paleoftheancients:SoulOfTheIroncluck"},{"floor":54,"key":"infinitespire:BottledMercury"},{"floor":58,"key":"testmod-Antiphasic"}],"event_choices":[{"damage_healed":0.0,"max_hp_gain":0.0,"max_hp_loss":0.0,"gold_gain":400.0,"event_name":"¶÷ÂåË¹µÄÅÌ×Ó","player_choice":"Sell","floor":3.0,"relics_lost":["testmod-TestBox"],"gold_loss":0.0,"damage_taken":0.0},{"damage_healed":0.0,"max_hp_gain":0.0,"max_hp_loss":0.0,"gold_gain":0.0,"event_name":"The Woman in Blue","player_choice":"Bought 0 Potions","floor":10.0,"gold_loss":0.0,"damage_taken":0.0},{"damage_healed":0,"gold_gain":0,"cards_transformed":["PrismaMod:MiyuCommonAttack"],"player_choice":"Transformed","damage_taken":0,"max_hp_gain":0,"max_hp_loss":0,"event_name":"Transmorgrifier","floor":46,"gold_loss":0,"cards_obtained":["PrismaMod:MiyuUberDefend"]},{"damage_healed":0,"gold_gain":0,"player_choice":"Rummage","damage_taken":0,"relics_obtained":["WarpedTongs"],"max_hp_gain":0,"max_hp_loss":0,"event_name":"Accursed Blacksmith","floor":53,"gold_loss":0,"cards_obtained":["Pain"]}],"is_beta":false,"boss_relics":[{"not_picked":["testmod-DeterminationOfClimber","FixedStarFall"],"picked":"PrismaMod:PrismaSapphireUpgrade"},{"not_picked":["StSpp:PileOfSugar","StuffTheSpire:RunicConfusion"],"picked":"Abe\u0027s Treasure"}],"items_purged_floors":[0,0,0,19,29,37,42],"is_endless":false,"potions_floor_spawned":[4,11,13,20,21,25,31,40,41,45,48],"ascension_level":12}}