{"host":"qmnyg5dk1o6rw6mz","time":1611395160,"event":{"mods":["100% Spire Juice","2.2 Compatiblity","AchievementEnabler","Act Like it!","Arknights The Spire","Aspiration","Astrologer","BaseMod","CapriCore","Challenge The Spire","ChefMod","Colored Map","Colored Powertips","Conjunction","Conspire","Decade(王小明)","DeckTracker","Defuse TimeMaze Blight","Disable Question Mark Monsters","Energized Spire","Friendly Minions","Gensokyo","GifTheSpireLib","Hermit","Highlight Path","HololiveMod","HornydragonMod","Hubris","Jedi Mod","Koishi","KomeijiMod","Lobotomy","LobotomyExtend","Marisa（霧雨　魔理沙）","Minty Spire (QoL Compilation)","Pale of the Ancients","Permanent Neow","Prisma Mod","Quick Restart","Reimu（博???）","Replay The Spire","Robot Space Explorer","SIMod","StSLib","The Alterego","The Bug Knight","The Cursed","The Dragon Tamer","The Gatherer","The Hierophant","The Immortal","The Marked","The Mystic","The Poker Player","The Runesmith","The Senshi","The Showman","Unceasing Turn Reminder","WarShipGirlsR/??少女R mod","Wide Potions","Youmu（魂魄妖?）","Yuri Mod","Yuyuko","vexMod"],"gold_per_floor":[116,96,46,56,71,71,103,22,22,52,52,79,79,92,92,197,197,207,207,207,59,59,59,59],"floor_reached":22,"language":"ZHS","playtime":1015,"items_purged":[],"score":275,"play_id":"5558dc7a-8604-4dfb-ae5b-df89e1223e4e","local_time":"20210123174600","is_ascension_mode":false,"metric_token":4118,"campfire_choices":[{"data":"PokerPlayerMod:TheDieIsCast","floor":6,"key":"SMITH"},{"data":"PokerPlayerMod:CardPrinter","floor":11,"key":"SMITH"},{"data":"PokerPlayerMod:CardPrinter+1","floor":13,"key":"SMITH"},{"floor":20,"key":"REST"}],"circlet_count":0,"master_deck":["PokerPlayerMod:Diamond1","PokerPlayerMod:Diamond2","PokerPlayerMod:Diamond3","PokerPlayerMod:Diamond4","PokerPlayerMod:Diamond5","PokerPlayerMod:Spade1","PokerPlayerMod:Spade2","PokerPlayerMod:Spade3","PokerPlayerMod:Spade4","PokerPlayerMod:Club1","PokerPlayerMod:Club2","PokerPlayerMod:TrumpStrike+1","PokerPlayerMod:BadJoker","PokerPlayerMod:Mulligan","PokerPlayerMod:Raise","PokerPlayerMod:MagicTrick","PokerPlayerMod:SpadeStrike+1","PokerPlayerMod:TheDieIsCast+1","PokerPlayerMod:SpadeStrike+1","PokerPlayerMod:Diamond4","PokerPlayerMod:Spade6","PokerPlayerMod:Heart5","PokerPlayerMod:CardPrinter+2","PokerPlayerMod:Diamond6","PokerPlayerMod:Club3","PokerPlayerMod:Duplicate","PokerPlayerMod:SecondChance"],"relics":["PokerPlayerMod:DeckCase","aspiration:Nostalgia","ThirstyCrossSpe","jedi:arcanewood","Gremlin Food","Simple Rune","Whetstone","ReplayTheSpireMod:Ring of Challenge","ReplayTheSpireMod:Ring of Addiction","SacredBark","Chameleon Ring","vexMod:BigBerry","theSenshi:SailorFukuRelic"],"acts_visited":["Exordium","TheCity"],"potions_floor_usage":[12,16,22],"damage_taken":[{"damage":5,"enemies":"Jaw Worm","floor":1,"turns":2},{"damage":11,"enemies":"conspire:RoseBush","floor":4,"turns":4},{"damage":0,"enemies":"2 Louse","floor":5,"turns":2},{"damage":4,"enemies":"Gremlin Nob","floor":7,"turns":3},{"damage":23,"enemies":"Replay:BlueRogue","floor":10,"turns":6},{"damage":0,"enemies":"Gremlin Nob","floor":12,"turns":2},{"damage":6,"enemies":"Exordium Wildlife","floor":14,"turns":3},{"damage":27,"enemies":"Slime Boss","floor":16,"turns":6},{"damage":0,"enemies":"Shell Parasite","floor":18,"turns":1},{"damage":0,"enemies":"3 Byrds","floor":22,"turns":1}],"seed_played":"1308899272614825991","potions_obtained":[{"floor":5,"key":"PowerPotion"},{"floor":12,"key":"Weak Potion"},{"floor":15,"key":"Swift Potion"},{"floor":15,"key":"EssenceOfSteel"},{"floor":16,"key":"Dexterity Potion"},{"floor":18,"key":"DistilledChaos"}],"is_trial":false,"path_per_floor":["M","?","?","M","M","R","E","$","T","E","R","E","R","M","R_BF","B",null,"M","?","R","$","M"],"character_chosen":"THE_POKER_PLAYER","items_purchased":["PokerPlayerMod:Heart5","theSenshi:SailorFukuRelic"],"campfire_rested":1,"item_purchase_floors":[8,21],"current_hp_per_floor":[47,47,47,36,36,36,32,32,32,16,16,28,28,25,25,5,82,82,82,80,80,80,80,80],"gold":59,"neow_bonus":"NOSTALGIA","is_daily":false,"chose_seed":false,"campfire_upgraded":3,"win_rate":0.0,"timestamp":1611395160,"path_taken":["M","?","?","?","M","R","E","$","T","E","R","E","R","M","R_BF","BOSS","M","?","?","$","M"],"items_purchased_type":["Card","Relic"],"build_version":"2020-12-22","purchased_purges":0,"victory":false,"max_hp_per_floor":[52,52,52,52,52,52,52,52,52,52,52,52,52,52,52,52,82,82,82,80,80,80,80,80],"card_choices":[{"not_picked":["PokerPlayerMod:RiskyBet","PokerPlayerMod:Club4"],"picked":"PokerPlayerMod:Raise","floor":1},{"not_picked":[],"picked":"PokerPlayerMod:MagicTrick","floor":2},{"not_picked":[],"picked":"PokerPlayerMod:SpadeStrike","floor":2},{"not_picked":[],"picked":"PokerPlayerMod:TheDieIsCast","floor":2},{"not_picked":["PokerPlayerMod:HeartStrike","PokerPlayerMod:Diamond4"],"picked":"PokerPlayerMod:SpadeStrike","floor":4},{"not_picked":["PokerPlayerMod:HotShotCut","PokerPlayerMod:Spade2"],"picked":"PokerPlayerMod:Diamond4","floor":5},{"not_picked":["PokerPlayerMod:Overdeal","PokerPlayerMod:Diamond3"],"picked":"PokerPlayerMod:Spade5","floor":7},{"not_picked":["PokerPlayerMod:Diamond2","PokerPlayerMod:SecondChance"],"picked":"PokerPlayerMod:CardPrinter","floor":10},{"not_picked":["PokerPlayerMod:Spade4","PokerPlayerMod:Trickery"],"picked":"PokerPlayerMod:Diamond6","floor":12},{"not_picked":["PokerPlayerMod:FlyingCard","PokerPlayerMod:PoorCopy"],"picked":"PokerPlayerMod:Club3","floor":14},{"not_picked":["PokerPlayerMod:Spade7","PokerPlayerMod:Spade8"],"picked":"PokerPlayerMod:Duplicate","floor":16},{"not_picked":["PokerPlayerMod:Diamond2","PokerPlayerMod:Spade4"],"picked":"PokerPlayerMod:SecondChance","floor":18}],"player_experience":220008,"relics_obtained":[{"floor":7,"key":"jedi:arcanewood"},{"floor":9,"key":"Gremlin Food"},{"floor":10,"key":"Simple Rune"},{"floor":12,"key":"Whetstone"},{"floor":15,"key":"ReplayTheSpireMod:Ring of Challenge"},{"floor":15,"key":"ReplayTheSpireMod:Ring of Addiction"},{"floor":15,"key":"SacredBark"},{"floor":15,"key":"Chameleon Ring"}],"event_choices":[{"cards_removed":["PokerPlayerMod:Heart2"],"damage_healed":0,"gold_gain":0,"player_choice":"Card Removal","damage_taken":0,"max_hp_gain":0,"max_hp_loss":0,"event_name":"The Cleric","floor":3,"gold_loss":50},{"damage_healed":0,"gold_gain":0,"player_choice":"Ignored","damage_taken":0,"max_hp_gain":0,"max_hp_loss":0,"event_name":"NoteForYourself","floor":19,"gold_loss":0}],"is_beta":false,"boss_relics":[{"not_picked":["Coffee Dripper","Snecko Eye"],"picked":"vexMod:BigBerry"}],"items_purged_floors":[],"is_endless":false,"potions_floor_spawned":[5,12,16,18],"killed_by":"3 Byrds","ascension_level":0}}