{"host":"0o4jkshs65tojivq","time":1611386470,"event":{"mods":["BaseMod","Downfall","Minty Spire (QoL Compilation)","Quick Restart","Slay the Relics Exporter","StSLib"],"gold_per_floor":[99,119,139,43,56,69,94,108,143,155,185,205,205,305,325,325,325,325],"floor_reached":16,"language":"ENG","playtime":1915,"items_purged":[],"score":116,"play_id":"61b00059-566f-4d9e-8683-7f496036b46a","local_time":"20210122232110","is_ascension_mode":false,"campfire_choices":[{"data":"bronze:Replicate","floor":1,"key":"SMITH"},{"floor":13,"key":"REST"}],"circlet_count":0,"master_deck":["bronze:Strike","bronze:Strike","bronze:Defend","bronze:Defend","bronze:Defend","bronze:Defend","bronze:Replicate+1","bronze:Goto","bronze:Flail","bronze:Fortify","bronze:CloningBeam","bronze:Flail","bronze:Iterate+1","bronze:ClassDefault","bronze:ThunderWave","bronze:Iterate","bronze:ChildClass","bronze:Frontload","bronze:FindAndReplace"],"relics":["bronze:BronzeCore","Blood Vial","Juzu Bracelet","Eternal Feather"],"acts_visited":["Exordium"],"potions_floor_usage":[12,16],"damage_taken":[{"damage":0,"enemies":"Jaw Worm","floor":2,"turns":4},{"damage":3,"enemies":"Small Slimes","floor":3,"turns":3},{"damage":5,"enemies":"downfall:FleeingMerchant","floor":4,"turns":4},{"damage":1,"enemies":"Cultist","floor":5,"turns":3},{"damage":0,"enemies":"2 Fungi Beasts","floor":6,"turns":2},{"damage":9,"enemies":"Blue Slaver","floor":8,"turns":3},{"damage":18,"enemies":"3 Sentries","floor":9,"turns":3},{"damage":15,"enemies":"Red Slaver","floor":10,"turns":4},{"damage":31,"enemies":"Lagavulin","floor":11,"turns":4},{"damage":0,"enemies":"Gremlin Gang","floor":12,"turns":2},{"damage":18,"enemies":"downfall:Heads","floor":14,"turns":4},{"damage":0,"enemies":"Lots of Slimes","floor":15,"turns":2},{"damage":76,"enemies":"WA_ARCHETYPE_RETAIN","floor":16,"turns":10}],"seed_played":"-6891687340081624377","potions_obtained":[{"floor":2,"key":"FairyPotion"},{"floor":5,"key":"champ:CounterPotion"},{"floor":6,"key":"BlessingOfTheForge"},{"floor":8,"key":"CultistPotion"},{"floor":11,"key":"Block Potion"},{"floor":12,"key":"PowerPotion"}],"is_trial":false,"path_per_floor":["R","M","M","$","M","M","T","M","E","M","E","M","R","?","M","B"],"character_chosen":"THE_AUTOMATON","items_purchased":["bronze:CloningBeam"],"campfire_rested":1,"item_purchase_floors":[4],"current_hp_per_floor":[77,77,74,69,68,68,68,61,45,32,3,5,37,21,23,0,0,0],"gold":325,"neow_bonus":"TEN_PERCENT_HP_BONUS","is_daily":false,"chose_seed":false,"campfire_upgraded":1,"win_rate":0.0,"timestamp":1611386470,"path_taken":["R","M","M","$","M","M","T","M","E","M","E","M","R","?","M","BOSS"],"items_purchased_type":["Card"],"build_version":"2020-12-22","purchased_purges":0,"victory":false,"max_hp_per_floor":[77,77,77,77,77,77,77,77,77,77,77,77,77,77,77,77,77,77],"card_choices":[{"not_picked":["bronze:Safeguard","bronze:FineTuning"],"picked":"bronze:Flail","floor":2},{"not_picked":["bronze:Safeguard","bronze:BuggyMess","bronze:Deprecate"],"picked":"SKIP","floor":3},{"not_picked":["bronze:WildBeam","bronze:Overheat"],"picked":"bronze:Fortify","floor":4},{"not_picked":["bronze:DelayedSlice","bronze:Shield"],"picked":"bronze:Flail","floor":5},{"not_picked":["bronze:Safeguard","bronze:BronzeArmor"],"picked":"bronze:Iterate","floor":6},{"not_picked":["bronze:CloningBeam","bronze:BuggyMess"],"picked":"bronze:ClassDefault","floor":8},{"not_picked":["bronze:ForceShield","bronze:Safeguard"],"picked":"bronze:ThunderWave","floor":9},{"not_picked":["bronze:Frontload","bronze:Invalidate"],"picked":"bronze:Iterate","floor":10},{"not_picked":["bronze:BitShift","bronze:BuggyMess"],"picked":"bronze:ChildClass","floor":11},{"not_picked":["bronze:Backtrace","bronze:Return","bronze:DelayedSlice"],"picked":"SKIP","floor":12},{"not_picked":["bronze:DelayedSlice","bronze:Shield"],"picked":"bronze:FindAndReplace","floor":15}],"player_experience":1154245,"relics_obtained":[{"floor":7,"key":"Blood Vial"},{"floor":9,"key":"Juzu Bracelet"},{"floor":11,"key":"Eternal Feather"}],"event_choices":[],"is_beta":false,"boss_relics":[],"items_purged_floors":[],"is_endless":false,"potions_floor_spawned":[2,5,6,8,11,12,14],"killed_by":"WA_ARCHETYPE_RETAIN","ascension_level":0}}