{"host":"8i58hvcssdezoe94","time":1611425125,"event":{"mods":["Act Like it!","BaseMod","Colored Map","Conspire","Downfall","Gensokyo","Good Game Mod","KinomotoSakuraMod(木之本樱)","Marisa（F雨　魔理沙）","Minty Spire (QoL Compilation)","Quick Restart","Remilia（蕾米莉亚）","Replay The Spire","StSLib","The Bug Knight","The Construct","The Cursed","The Hierophant","The Jungle","The Servant 0.9.4"],"gold_per_floor":[118,130,149,162,175,175,35,53,53,53,53],"floor_reached":10,"language":"ZHS","playtime":405,"items_purged":[],"score":62,"play_id":"e930d8d4-f26c-4bc3-a00e-eb9fe4d3ddcf","local_time":"20210124020525","is_ascension_mode":false,"campfire_choices":[{"floor":6,"key":"RECALL"}],"circlet_count":0,"master_deck":["Strike_R","Strike_R","Strike_R","Strike_R","Strike_R","Defend_R","Defend_R","Defend_R","Defend_R","Bash","Slimebound:MassFeed","ReplayTheSpireMod:LeadingStrike","Run Through","Metallicize","Shrug It Off","Dropkick","Thunderclap"],"relics":["Burning Blood","REME:ComplimentaryCards","NeowsBlessing","Lizard Tail","Mirror"],"acts_visited":["Gensokyo:Gensokyo"],"potions_floor_usage":[],"damage_taken":[{"damage":0,"enemies":"Gensokyo:Gryphon","floor":1,"turns":1},{"damage":0,"enemies":"Gensokyo:2_Kodama","floor":2,"turns":3},{"damage":1,"enemies":"Gensokyo:3_Fairies","floor":3,"turns":2},{"damage":6,"enemies":"Gensokyo:Kitsune","floor":4,"turns":6},{"damage":26,"enemies":"Gensokyo:5_Fairies","floor":5,"turns":7},{"damage":11,"enemies":"Gensokyo:VengefulSpirit","floor":8,"turns":7},{"damage":28,"enemies":"Gensokyo:Cirno","floor":10,"turns":7}],"seed_played":"5779159658007008623","potions_obtained":[{"floor":3,"key":"Doom Potion"},{"floor":8,"key":"ElixirPotion"}],"is_trial":false,"path_per_floor":["M","M","M","M","M","R","?","M","T","E"],"character_chosen":"IRONCLAD","items_purchased":[],"campfire_rested":0,"item_purchase_floors":[],"current_hp_per_floor":[83,89,89,89,69,69,69,64,64,36,36],"gold":53,"neow_bonus":"THREE_ENEMY_KILL","is_daily":false,"chose_seed":false,"campfire_upgraded":0,"win_rate":0.0,"timestamp":1611425125,"path_taken":["M","M","M","M","M","R","?","M","T","E"],"items_purchased_type":[],"build_version":"2020-12-22","purchased_purges":0,"victory":false,"max_hp_per_floor":[83,89,89,89,89,89,89,89,89,89,89],"card_choices":[{"not_picked":["Sword Boomerang","Havoc"],"picked":"ReplayTheSpireMod:LeadingStrike","floor":1},{"not_picked":["ReplayTheSpireMod:Strike From Hell","Thunderclap"],"picked":"Run Through","floor":2},{"not_picked":["Body Slam","True Grit"],"picked":"Metallicize","floor":3},{"not_picked":["Anger","Pummel"],"picked":"Shrug It Off","floor":4},{"not_picked":["Twin Strike","Havoc"],"picked":"Dropkick","floor":5},{"not_picked":["Replay:Undeath\u0027s Touch","Metallicize"],"picked":"Thunderclap","floor":8}],"player_experience":54270,"relics_obtained":[{"floor":9,"key":"Mirror"}],"event_choices":[],"is_beta":false,"boss_relics":[],"items_purged_floors":[],"is_endless":false,"potions_floor_spawned":[3,8],"killed_by":"Gensokyo:Cirno","ascension_level":0}}