{"host":"g8ufh7m4frdlkxwv","time":1611434979,"event":{"mods":["AchievementEnabler","BaseMod","Colored Map","Dark Map","Minty Spire (QoL Compilation)","Relic Stats","StSLib","ojb\u0027s Info Mod"],"gold_per_floor":[109,109,132,112,137,137,176,4,4,42,55,55,96,96,96,192,192,212,225,225,238,251,285,285,325,325,341,365,290,205,130,130,224,224,248,268,288,288,1287,866,885,905,905,905,905],"floor_reached":44,"language":"ENG","playtime":2613,"items_purged":["Defend_G","Normality"],"score":1065,"play_id":"b66a6b58-4624-490b-a325-f14b8815f286","local_time":"20210123214939","is_ascension_mode":true,"campfire_choices":[{"data":"Envenom","floor":6.0,"key":"SMITH"},{"data":"Skewer","floor":12.0,"key":"SMITH"},{"data":"Calculated Gamble","floor":15.0,"key":"SMITH"},{"floor":24.0,"key":"REST"},{"floor":32.0,"key":"RECALL"}],"circlet_count":0,"master_deck":["AscendersBane","Strike_G","Strike_G","Strike_G","Strike_G","Survivor","Neutralize","Envenom+1","Calculated Gamble+1","Flying Knee","Skewer+1","Poisoned Stab","Quick Slash+1","Die Die Die+1","Dagger Spray+1","Tools of the Trade","Flying Knee+1","Backflip","Underhanded Strike+1","Backflip","Calculated Gamble","Envenom","Blade Dance+1","Endless Agony+1","Normality","Leg Sweep"],"relics":["Ring of the Snake","Golden Idol","Molten Egg 2","Toy Ornithopter","Pantograph","Eternal Feather","Juzu Bracelet","Fusion Hammer","MutagenicStrength","Orichalcum","Centennial Puzzle","Lantern","MealTicket","Empty Cage","Nunchaku","Lee\u0027s Waffle","Pen Nib"],"acts_visited":["Exordium","TheCity","TheBeyond"],"potions_floor_usage":[42],"damage_taken":[{"damage":4.0,"enemies":"Small Slimes","floor":1.0,"turns":4.0},{"damage":0.0,"enemies":"2 Louse","floor":3.0,"turns":3.0},{"damage":0.0,"enemies":"Cultist","floor":5.0,"turns":3.0},{"damage":18.0,"enemies":"Gremlin Nob","floor":7.0,"turns":4.0},{"damage":10.0,"enemies":"Lagavulin","floor":10.0,"turns":6.0},{"damage":3.0,"enemies":"Large Slime","floor":11.0,"turns":3.0},{"damage":8.0,"enemies":"Gremlin Nob","floor":13.0,"turns":3.0},{"damage":0.0,"enemies":"Slime Boss","floor":16.0,"turns":5.0},{"damage":1.0,"enemies":"3 Byrds","floor":18.0,"turns":4.0},{"damage":11.0,"enemies":"Spheric Guardian","floor":19.0,"turns":3.0},{"damage":2.0,"enemies":"Chosen and Byrds","floor":21.0,"turns":3.0},{"damage":12.0,"enemies":"Snake Plant","floor":22.0,"turns":3.0},{"damage":23.0,"enemies":"Gremlin Leader","floor":23.0,"turns":5.0},{"damage":19.0,"enemies":"Book of Stabbing","floor":25.0,"turns":3.0},{"damage":0.0,"enemies":"Centurion and Healer","floor":27.0,"turns":4.0},{"damage":0.0,"enemies":"Shelled Parasite and Fungi","floor":28.0,"turns":2.0},{"damage":60.0,"enemies":"Collector","floor":33.0,"turns":8.0},{"damage":3.0,"enemies":"Orb Walker","floor":35.0,"turns":2.0},{"damage":13.0,"enemies":"3 Shapes","floor":36.0,"turns":3.0},{"damage":5.0,"enemies":"Sphere and 2 Shapes","floor":37.0,"turns":3.0},{"damage":46,"enemies":"Spire Growth","floor":41,"turns":4},{"damage":6,"enemies":"3 Darklings","floor":42,"turns":3},{"damage":32,"enemies":"Nemesis","floor":44,"turns":2}],"seed_played":"3658871566437379374","potions_obtained":[{"floor":3.0,"key":"SpeedPotion"},{"floor":4.0,"key":"SkillPotion"},{"floor":10.0,"key":"Swift Potion"},{"floor":16.0,"key":"BlessingOfTheForge"},{"floor":21.0,"key":"DuplicationPotion"},{"floor":25.0,"key":"SkillPotion"},{"floor":27.0,"key":"Swift Potion"},{"floor":28.0,"key":"LiquidMemories"},{"floor":41,"key":"AttackPotion"}],"is_trial":false,"path_per_floor":["M","?","M","?","M","R","E","$","T","E","M","R","E","?","R","B",null,"M","M","?","M","M","E","R","E","T","M","M","?","?","$","R","B",null,"M","M","M","?","?","$","M","M","T","E"],"character_chosen":"THE_SILENT","items_purchased":["Toy Ornithopter","Nunchaku","Lee\u0027s Waffle"],"campfire_rested":1,"item_purchase_floors":[8,40,40],"current_hp_per_floor":[55,54,54,54,54,54,36,36,36,26,28,37,29,29,38,54,54,53,43,43,41,34,11,39,25,25,25,30,30,30,45,54,4,42,39,26,21,21,21,61,15,14,14,0,0],"gold":905,"neow_bonus":"TRANSFORM_TWO_CARDS","is_daily":false,"chose_seed":false,"campfire_upgraded":3,"win_rate":0.0,"timestamp":1611434979,"path_taken":["M","?","M","?","M","R","E","$","T","E","M","R","E","?","R","BOSS","M","M","?","M","M","E","R","E","T","M","M","?","?","$","R","BOSS","M","M","M","?","?","$","M","M","T","E"],"items_purchased_type":["Relic","Relic","Relic"],"build_version":"2020-12-22","purchased_purges":2,"victory":false,"max_hp_per_floor":[60,54,54,54,54,54,54,54,54,54,54,54,54,54,54,54,54,54,54,54,54,54,54,54,54,54,54,54,54,54,54,54,54,54,54,54,54,54,54,61,61,61,61,61,61],"relic_stats":{"Lee\u0027s Waffle":25,"counters":[23,83],"Golden Idol":132,"Eternal Feather":39,"Pen Nib":[0],"Juzu Bracelet":1,"Orichalcum":[90],"Centennial Puzzle":[18],"Nunchaku":[3],"Pantograph":16,"MealTicket":30,"obtain_stats":[{"Lantern":26,"Lee\u0027s Waffle":40,"Golden Idol":2,"Eternal Feather":10,"Pen Nib":43,"Juzu Bracelet":13,"Orichalcum":23,"Empty Cage":34,"Centennial Puzzle":25,"Nunchaku":40,"Pantograph":9,"MutagenicStrength":20,"Molten Egg 2":7,"MealTicket":30,"Fusion Hammer":17,"Toy Ornithopter":8,"Ring of the Snake":0},{"Lantern":14,"Lee\u0027s Waffle":20,"Golden Idol":1,"Eternal Feather":5,"Pen Nib":22,"Juzu Bracelet":7,"Orichalcum":13,"Empty Cage":17,"Centennial Puzzle":14,"Nunchaku":20,"Pantograph":4,"MutagenicStrength":10,"Molten Egg 2":4,"MealTicket":16,"Fusion Hammer":8,"Toy Ornithopter":4,"Ring of the Snake":0},{"Lantern":52,"Lee\u0027s Waffle":74,"Golden Idol":4,"Eternal Feather":20,"Pen Nib":81,"Juzu Bracelet":26,"Orichalcum":49,"Empty Cage":66,"Centennial Puzzle":52,"Nunchaku":74,"Pantograph":14,"MutagenicStrength":38,"Molten Egg 2":14,"MealTicket":58,"Fusion Hammer":31,"Toy Ornithopter":14,"Ring of the Snake":0}],"Toy Ornithopter":36,"Ring of the Snake":[46]},"card_choices":[{"not_picked":["Heel Hook","Cloak And Dagger"],"picked":"Flying Knee","floor":1.0},{"not_picked":["Skewer","Escape Plan","Quick Slash"],"picked":"SKIP","floor":3.0},{"not_picked":["Escape Plan","Quick Slash"],"picked":"Skewer","floor":3.0},{"not_picked":["Deflect","Flying Knee"],"picked":"Poisoned Stab","floor":5.0},{"not_picked":["Deflect","Bouncing Flask"],"picked":"Quick Slash+1","floor":7.0},{"not_picked":["Backstab+1","Noxious Fumes"],"picked":"Die Die Die+1","floor":10.0},{"not_picked":["Blade Dance","Prepared"],"picked":"Dagger Spray+1","floor":11.0},{"not_picked":["Prepared","Dodge and Roll","Masterful Stab+1"],"picked":"SKIP","floor":13.0},{"not_picked":["Malaise","Adrenaline"],"picked":"Tools of the Trade","floor":16.0},{"not_picked":["Quick Slash+1","Prepared"],"picked":"Flying Knee+1","floor":18.0},{"not_picked":["Reflex","Masterful Stab+1","Poisoned Stab+1"],"picked":"SKIP","floor":19.0},{"not_picked":["Blade Dance","Quick Slash+1"],"picked":"Backflip","floor":21.0},{"not_picked":["Outmaneuver","Bane+1"],"picked":"Underhanded Strike+1","floor":22.0},{"not_picked":["Tools of the Trade","Escape Plan","Dodge and Roll"],"picked":"SKIP","floor":23.0},{"not_picked":["Outmaneuver","Masterful Stab+1","Noxious Fumes"],"picked":"SKIP","floor":25.0},{"not_picked":["Endless Agony+1","Cloak And Dagger"],"picked":"Backflip","floor":27.0},{"not_picked":["Blur","All Out Attack+1"],"picked":"Calculated Gamble","floor":28.0},{"not_picked":["Night Terror","Burst"],"picked":"Envenom","floor":33.0},{"not_picked":["Eviscerate+1","Underhanded Strike+1"],"picked":"PiercingWail","floor":35.0},{"not_picked":["Dagger Spray+1","Tactician"],"picked":"Blade Dance+1","floor":36.0},{"not_picked":["Reflex","Bullet Time"],"picked":"Endless Agony+1","floor":37.0},{"not_picked":["Slice+1","Blur"],"picked":"Leg Sweep","floor":41},{"not_picked":["Dodge and Roll","Noxious Fumes","Poisoned Stab+1"],"picked":"SKIP","floor":42}],"player_experience":1077922,"relics_obtained":[{"floor":7.0,"key":"Molten Egg 2"},{"floor":9.0,"key":"Pantograph"},{"floor":10.0,"key":"Eternal Feather"},{"floor":13.0,"key":"Juzu Bracelet"},{"floor":23.0,"key":"Orichalcum"},{"floor":25.0,"key":"Centennial Puzzle"},{"floor":26.0,"key":"Lantern"},{"floor":43,"key":"Pen Nib"}],"event_choices":[{"damage_healed":0.0,"max_hp_gain":0.0,"max_hp_loss":6.0,"gold_gain":0.0,"event_name":"Golden Idol","player_choice":"Lose Max HP","floor":2.0,"gold_loss":0.0,"damage_taken":0.0,"relics_obtained":["Golden Idol"]},{"damage_healed":0.0,"max_hp_gain":0.0,"max_hp_loss":0.0,"gold_gain":0.0,"event_name":"The Woman in Blue","player_choice":"Bought 1 Potion","floor":4.0,"gold_loss":0.0,"damage_taken":0.0},{"damage_healed":0.0,"max_hp_gain":0.0,"max_hp_loss":0.0,"gold_gain":0.0,"event_name":"Liars Game","player_choice":"Ignored","floor":14.0,"gold_loss":0.0,"damage_taken":0.0},{"damage_healed":0.0,"max_hp_gain":0.0,"max_hp_loss":0.0,"gold_gain":0.0,"event_name":"Drug Dealer","player_choice":"Inject Mutagens","floor":20.0,"gold_loss":0.0,"damage_taken":0.0,"relics_obtained":["MutagenicStrength"]},{"cards_removed":["Defend_G"],"damage_healed":0.0,"max_hp_gain":0.0,"max_hp_loss":0.0,"gold_gain":0.0,"event_name":"Beggar","player_choice":"Gave Gold","floor":29.0,"gold_loss":75.0,"damage_taken":0.0},{"damage_healed":0.0,"max_hp_gain":0.0,"max_hp_loss":0.0,"gold_gain":0.0,"event_name":"Addict","player_choice":"Obtained Relic","floor":30.0,"gold_loss":85.0,"damage_taken":0.0,"relics_obtained":["MealTicket"]},{"cards_removed":["PiercingWail"],"damage_healed":0.0,"max_hp_gain":0.0,"max_hp_loss":0.0,"gold_gain":0.0,"event_name":"Falling","player_choice":"Removed Skill","floor":38.0,"gold_loss":0.0,"damage_taken":0.0},{"damage_healed":0.0,"max_hp_gain":0.0,"max_hp_loss":0.0,"gold_gain":999.0,"event_name":"MindBloom","player_choice":"Gold","floor":39.0,"gold_loss":0.0,"damage_taken":0.0,"cards_obtained":["Normality","Normality"]}],"is_beta":false,"boss_relics":[{"not_picked":["SacredBark","SlaversCollar"],"picked":"Fusion Hammer"},{"not_picked":["Snecko Eye","Runic Dome"],"picked":"Empty Cage"}],"items_purged_floors":[31,40],"is_endless":false,"potions_floor_spawned":[3,10,16,21,25,27,28,41],"killed_by":"Nemesis","ascension_level":20}}