{"host":"l84l8xigz5v5foa2","time":1611395840,"event":{"mods":["2.2 Compatiblity","AchievementEnabler","BaseMod","Better Note","Better Vampires","Card Filter","Colored Map","DeckTracker","Gremlin Skip","Highlight Path","Keyboard Shortcuts","Minty Spire (QoL Compilation)","Permanent Neow","Quick Restart","Relic Filter","Relic Stats","Shop Mod","StSLib","SuperFastMode","Transform Curses","Unknown Chances"],"gold_per_floor":[113,125,140,160,160,195,195,225,248,283,296,314,314,347,347,423,423,439,439,452,340,253,272,272,272,272],"floor_reached":25,"language":"KOR","playtime":795,"items_purged":["Strike_G"],"score":539,"play_id":"bfaa9aab-e279-403a-ae72-8da3a266d02a","local_time":"20210123185720","is_ascension_mode":true,"campfire_choices":[{"data":"Glass Knife","floor":7,"key":"SMITH"},{"data":"Deadly Poison","floor":13,"key":"SMITH"},{"data":"Noxious Fumes","floor":15,"key":"SMITH"},{"data":"Acrobatics","floor":24,"key":"SMITH"}],"circlet_count":0,"master_deck":["AscendersBane","Strike_G","Strike_G","Strike_G+1","Strike_G","Defend_G","Defend_G","Defend_G+1","Defend_G","Defend_G","Survivor+1","Neutralize","Glass Knife+1","Deadly Poison+1","Dash+1","Noxious Fumes+1","Cloak And Dagger","Catalyst","Footwork","Tools of the Trade","Footwork","Acrobatics+1","Corpse Explosion","Backflip","Noxious Fumes","Backflip+1"],"relics":["Ring of the Snake","War Paint","Smiling Mask","PreservedInsect","Oddly Smooth Stone","Whetstone","Coffee Dripper","HornCleat"],"acts_visited":["Exordium","TheCity"],"potions_floor_usage":[6,6,10,20],"damage_taken":[{"damage":0.0,"enemies":"Cultist","floor":1.0,"turns":3.0},{"damage":0.0,"enemies":"2 Louse","floor":2.0,"turns":3.0},{"damage":7.0,"enemies":"Small Slimes","floor":3.0,"turns":3.0},{"damage":0.0,"enemies":"2 Fungi Beasts","floor":4.0,"turns":3.0},{"damage":8,"enemies":"Gremlin Nob","floor":6,"turns":3},{"damage":6,"enemies":"3 Sentries","floor":8,"turns":6},{"damage":7,"enemies":"Gremlin Nob","floor":10,"turns":4},{"damage":0,"enemies":"Red Slaver","floor":11,"turns":4},{"damage":2,"enemies":"Exordium Wildlife","floor":12,"turns":6},{"damage":0,"enemies":"Lagavulin","floor":14,"turns":7},{"damage":0,"enemies":"Hexaghost","floor":16,"turns":8},{"damage":10,"enemies":"Spheric Guardian","floor":18,"turns":5},{"damage":7,"enemies":"3 Byrds","floor":20,"turns":3},{"damage":0,"enemies":"3 Cultists","floor":23,"turns":3},{"damage":49,"enemies":"Slavers","floor":25,"turns":4}],"seed_played":"-5769939964075198390","potions_obtained":[{"floor":2.0,"key":"Weak Potion"},{"floor":3.0,"key":"SkillPotion"},{"floor":4.0,"key":"PowerPotion"},{"floor":8,"key":"Block Potion"},{"floor":11,"key":"SkillPotion"}],"is_trial":false,"path_per_floor":["M","M","M","M","?","E","R","E","T","E","M","M","R","E","R","B",null,"M","?","M","?","$","M","R","E"],"character_chosen":"THE_SILENT","items_purchased":["Noxious Fumes"],"campfire_rested":0,"item_purchase_floors":[22],"current_hp_per_floor":[59,59,52,52,48,40,40,34,34,27,27,25,25,25,25,25,56,46,46,39,39,39,39,39,0,0],"gold":272,"neow_bonus":"ONE_RANDOM_RARE_CARD","is_daily":false,"chose_seed":false,"campfire_upgraded":4,"win_rate":0.0,"timestamp":1611395840,"path_taken":["M","?","M","M","?","E","R","E","T","E","?","M","R","E","R","BOSS","M","?","M","?","$","M","R","E"],"items_purchased_type":["Card"],"build_version":"2020-12-22","purchased_purges":1,"victory":false,"max_hp_per_floor":[66,66,66,66,66,66,66,66,66,66,66,66,66,66,66,66,66,66,66,66,66,66,66,66,66,66],"relic_stats":{"counters":[15,65],"PreservedInsect":94,"Whetstone":["Dash","Strike_G"],"War Paint":["Defend_G","Survivor"],"Smiling Mask":25,"obtain_stats":[{"HornCleat":21,"Oddly Smooth Stone":10,"PreservedInsect":9,"Coffee Dripper":17,"Whetstone":14,"War Paint":6,"Smiling Mask":8,"Ring of the Snake":0},{"HornCleat":13,"Oddly Smooth Stone":7,"PreservedInsect":6,"Coffee Dripper":11,"Whetstone":10,"War Paint":5,"Smiling Mask":6,"Ring of the Snake":0},{"HornCleat":58,"Oddly Smooth Stone":25,"PreservedInsect":21,"Coffee Dripper":50,"Whetstone":42,"War Paint":15,"Smiling Mask":21,"Ring of the Snake":0}],"Ring of the Snake":[30]},"card_choices":[{"not_picked":["Quick Slash","Predator","Choke"],"picked":"SKIP","floor":1.0},{"not_picked":["Finisher","Sucker Punch"],"picked":"Deadly Poison","floor":2.0},{"not_picked":["Prepared","Dagger Throw"],"picked":"Dash","floor":3.0},{"not_picked":["Sucker Punch","Skewer"],"picked":"Noxious Fumes","floor":4.0},{"not_picked":["Quick Slash","Underhanded Strike"],"picked":"Cloak And Dagger","floor":6},{"not_picked":["Masterful Stab","Caltrops"],"picked":"Catalyst","floor":8},{"not_picked":["Bouncing Flask","Predator"],"picked":"Footwork","floor":10},{"not_picked":["Poisoned Stab","Underhanded Strike"],"picked":"Tools of the Trade","floor":11},{"not_picked":["Riddle With Holes","Deadly Poison"],"picked":"Footwork","floor":12},{"not_picked":["Wraith Form v2","Blade Dance"],"picked":"Acrobatics","floor":14},{"not_picked":["Malaise","Phantasmal Killer"],"picked":"Corpse Explosion","floor":16},{"not_picked":["Cloak And Dagger","Distraction","Infinite Blades"],"picked":"SKIP","floor":18},{"not_picked":["Quick Slash","Dagger Spray"],"picked":"Backflip","floor":20},{"not_picked":["Acrobatics","PiercingWail"],"picked":"Backflip+1","floor":23}],"player_experience":1416003,"relics_obtained":[{"floor":6,"key":"War Paint"},{"floor":8,"key":"Smiling Mask"},{"floor":9,"key":"PreservedInsect"},{"floor":10,"key":"Oddly Smooth Stone"},{"floor":14,"key":"Whetstone"}],"event_choices":[{"damage_healed":0.0,"max_hp_gain":0.0,"max_hp_loss":0.0,"gold_gain":0.0,"event_name":"The Woman in Blue","player_choice":"Bought 0 Potions","floor":5.0,"gold_loss":0.0,"damage_taken":0.0},{"damage_healed":0,"gold_gain":0,"player_choice":"Ignored","damage_taken":0,"max_hp_gain":0,"max_hp_loss":0,"event_name":"Vampires","floor":19,"gold_loss":0},{"damage_healed":0,"gold_gain":0,"player_choice":"Paid Gold","damage_taken":0,"relics_obtained":["HornCleat"],"max_hp_gain":0,"max_hp_loss":0,"event_name":"WeMeetAgain","floor":21,"gold_loss":112}],"is_beta":false,"boss_relics":[{"not_picked":["Velvet Choker","Astrolabe"],"picked":"Coffee Dripper"}],"items_purged_floors":[22],"is_endless":false,"potions_floor_spawned":[2,3,4,8,11],"killed_by":"Slavers","ascension_level":15}}