{"host":"knspyp6dy614fx6e","time":1611369175,"event":{"mods":["ATMod(°¢èªMod)","BaseMod","Better Altar","Better Match","Better Note","Better Sensory Stone","Better Skull","Better Third Choice","DeckTracker","Minty Spire (QoL Compilation)","Quick Restart","Relic Stats","Shop Mod","Spicy Shops","StSLib","Waifu the Spire"],"gold_per_floor":[18,32,0,11,11,11,43,43,66,84,109,109,128,128,128,201,201,212,227,239,11,11,11,42,94,94,126,126,25,40,40,40,116,116,130,67,83,8,8,42,42,60,60,239,258,270,270,296,296,296,296,296,26,56,56],"floor_reached":56,"language":"ZHS","playtime":1882,"items_purged":["Strike_R","Strike_R","Strike_R","Strike_R","Bloodletting"],"score":2305,"play_id":"da5a1d21-c258-45c9-a152-770c1ef86b09","local_time":"20210123103255","is_ascension_mode":true,"campfire_choices":[{"data":"Searing Blow","floor":6.0,"key":"SMITH"},{"floor":8.0,"key":"REST"},{"data":"Searing Blow+1","floor":15.0,"key":"SMITH"},{"data":"Searing Blow+2","floor":23.0,"key":"SMITH"},{"data":"AT_ShrugMaster","floor":28.0,"key":"SMITH"},{"data":"Searing Blow+5","floor":32.0,"key":"SMITH"},{"data":"Searing Blow+8","floor":41.0,"key":"SMITH"},{"data":"Searing Blow+9","floor":47,"key":"SMITH"},{"floor":49,"key":"RECALL"},{"data":"Searing Blow+10","floor":52,"key":"SMITH"}],"circlet_count":0,"master_deck":["AscendersBane","Defend_R","Defend_R+1","Defend_R","Bash","Disarm","Metallicize","Searing Blow+12","AT_Dispersion","Burning Pact+1","Flash of Steel","AT_ShrugMaster+1","Demon Form","Battle Trance","Fiend Fire","Flame Barrier","Shockwave","AT_CaressingTears","Metallicize","Offering"],"relics":["Burning Blood","AT_ATBox","betterThird:SlimedRelic","AT_BladeRuinedKing","PreservedInsect","The Courier","Snecko Eye","Membership Card","AT_SilvercatRing","AT_DeathDance","AT_RedTearstoneRing","AT_TrinityForce","Lantern","Gremlin Horn","Bag of Preparation","MerchantsRug","Centennial Puzzle","Paper Frog"],"acts_visited":["Exordium","TheCity","TheBeyond","TheEnding"],"potions_floor_usage":[],"damage_taken":[{"damage":7.0,"enemies":"Small Slimes","floor":1.0,"turns":4.0},{"damage":12.0,"enemies":"Jaw Worm","floor":2.0,"turns":4.0},{"damage":7.0,"enemies":"2 Louse","floor":4.0,"turns":4.0},{"damage":18.0,"enemies":"Gremlin Nob","floor":7.0,"turns":4.0},{"damage":7.0,"enemies":"Looter","floor":10.0,"turns":3.0},{"damage":14.0,"enemies":"3 Sentries","floor":11.0,"turns":9.0},{"damage":13.0,"enemies":"Blue Slaver","floor":13.0,"turns":4.0},{"damage":10.0,"enemies":"Hexaghost","floor":16.0,"turns":13.0},{"damage":34.0,"enemies":"Shell Parasite","floor":18.0,"turns":6.0},{"damage":4.0,"enemies":"Chosen","floor":19.0,"turns":5.0},{"damage":0.0,"enemies":"Snake Plant","floor":20.0,"turns":1.0},{"damage":20.0,"enemies":"Slavers","floor":24.0,"turns":7.0},{"damage":12.0,"enemies":"Gremlin Leader","floor":27.0,"turns":6.0},{"damage":0.0,"enemies":"Snecko","floor":30.0,"turns":3.0},{"damage":5.0,"enemies":"Collector","floor":33.0,"turns":3.0},{"damage":12.0,"enemies":"3 Darklings","floor":35.0,"turns":3.0},{"damage":14.0,"enemies":"3 Shapes","floor":37.0,"turns":3.0},{"damage":0.0,"enemies":"Reptomancer","floor":40.0,"turns":1.0},{"damage":0.0,"enemies":"Spire Growth","floor":42.0,"turns":2.0},{"damage":0,"enemies":"3 Darklings","floor":45,"turns":4},{"damage":0,"enemies":"Jaw Worm Horde","floor":46,"turns":3},{"damage":0,"enemies":"Nemesis","floor":48,"turns":3},{"damage":7,"enemies":"Awakened One","floor":50,"turns":4},{"damage":0,"enemies":"Shield and Spear","floor":54,"turns":3},{"damage":26,"enemies":"The Heart","floor":55,"turns":4}],"seed_played":"-2040758591239072341","potions_obtained":[{"floor":1.0,"key":"Weak Potion"},{"floor":10.0,"key":"Dexterity Potion"},{"floor":16.0,"key":"AttackPotion"},{"floor":19.0,"key":"BlessingOfTheForge"},{"floor":30.0,"key":"SteroidPotion"},{"floor":33.0,"key":"SteroidPotion"}],"is_trial":false,"path_per_floor":["M","M","?","M","?","R","E","R","T","M","E","?","M","?","R","B",null,"M","M","M","$","?","R","E","T","T","E","R","$","M","?","R","B",null,"M","$","M","$","?","E","R","M","T","?","M","M","R","E","R","B",null,"R","$","E","B",null],"character_chosen":"IRONCLAD","items_purchased":["Membership Card","AT_ShrugMaster","Battle Trance","Bag of Preparation","MerchantsRug","Centennial Puzzle","Metallicize"],"campfire_rested":1,"item_purchase_floors":[21,21,29,53,53,53,53],"current_hp_per_floor":[67,61,50,49,23,23,11,33,33,32,24,24,17,17,17,13,60,32,34,40,40,40,40,26,26,26,20,20,20,26,26,26,27,63,57,57,49,49,49,55,55,61,61,43,49,55,55,61,61,60,68,68,71,71,54],"gold":56,"neow_bonus":"REMOVE_TWO","is_daily":false,"chose_seed":false,"campfire_upgraded":8,"win_rate":0.0,"timestamp":1611369175,"path_taken":["M","M","?","M","?","R","E","R","T","?","E","?","M","?","R","BOSS","M","M","M","$","?","R","E","?","T","E","R","$","M","?","R","BOSS","M","$","M","$","?","E","R","M","T","?","M","?","R","E","R","BOSS","R","$","E","BOSS"],"items_purchased_type":["Relic","Card","Card","Relic","Relic","Relic","Card"],"build_version":"2020-12-22","purchased_purges":5,"victory":true,"max_hp_per_floor":[75,75,75,75,75,75,75,75,75,75,75,75,75,75,75,75,75,75,75,75,75,75,75,75,75,75,75,75,75,75,75,75,75,75,75,75,75,75,71,71,71,71,71,71,71,71,71,71,71,71,71,71,71,71,71],"relic_stats":{"Centennial Puzzle":[1],"Gremlin Horn":[9,9],"counters":[25,106],"Snecko Eye":[131,113,123,134],"PreservedInsect":310,"Bag of Preparation":[4],"obtain_stats":[{"MerchantsRug":53,"AT_RedTearstoneRing":27,"Lantern":40,"AT_ATBox":0,"Gremlin Horn":43,"AT_BladeRuinedKing":5,"PreservedInsect":7,"The Courier":11,"Bag of Preparation":53,"AT_SilvercatRing":24,"War Paint":25,"Burning Blood":0,"Centennial Puzzle":53,"betterThird:SlimedRelic":3,"Snecko Eye":17,"AT_TrinityForce":34,"MealTicket":48,"Membership Card":21,"AT_DeathDance":26,"Paper Frog":54},{"MerchantsRug":23,"AT_RedTearstoneRing":13,"Lantern":18,"AT_ATBox":0,"Gremlin Horn":19,"AT_BladeRuinedKing":3,"PreservedInsect":4,"The Courier":6,"Bag of Preparation":23,"AT_SilvercatRing":12,"War Paint":12,"Burning Blood":0,"Centennial Puzzle":23,"betterThird:SlimedRelic":2,"Snecko Eye":8,"AT_TrinityForce":15,"MealTicket":22,"Membership Card":11,"AT_DeathDance":12,"Paper Frog":24},{"MerchantsRug":99,"AT_RedTearstoneRing":70,"Lantern":83,"AT_ATBox":0,"Gremlin Horn":85,"AT_BladeRuinedKing":12,"PreservedInsect":16,"The Courier":28,"Bag of Preparation":99,"AT_SilvercatRing":64,"War Paint":64,"Burning Blood":0,"Centennial Puzzle":99,"betterThird:SlimedRelic":8,"Snecko Eye":45,"AT_TrinityForce":76,"MealTicket":95,"Membership Card":57,"AT_DeathDance":64,"Paper Frog":102}],"Burning Blood":144},"card_choices":[{"not_picked":["Havoc","Armaments"],"picked":"Disarm","floor":1.0},{"not_picked":["Shockwave","Disarm"],"picked":"Metallicize","floor":2.0},{"not_picked":["Twin Strike","Iron Wave"],"picked":"Searing Blow","floor":4.0},{"not_picked":["Shrug It Off","Cleave"],"picked":"AT_Dispersion","floor":7.0},{"not_picked":["Clash","Flame Barrier"],"picked":"Bloodletting","floor":10.0},{"not_picked":["Flex","Twin Strike"],"picked":"Burning Pact","floor":11.0},{"not_picked":["Ghostly Armor","Shrug It Off","Pommel Strike"],"picked":"SKIP","floor":13.0},{"not_picked":["AT_FalsePromise","Mind Blast"],"picked":"Flash of Steel","floor":14.0},{"not_picked":["Rage","Combust","Shrug It Off"],"picked":"SKIP","floor":18.0},{"not_picked":["Clash","Burning Pact","AT_IchimonjiDouble"],"picked":"SKIP","floor":19.0},{"not_picked":["Clash","Burning Pact","AT_IchimonjiDouble"],"picked":"SKIP","floor":19.0},{"not_picked":["True Grit","Heavy Blade","Warcry"],"picked":"SKIP","floor":20.0},{"not_picked":["Carnage","Warcry"],"picked":"Demon Form","floor":24.0},{"not_picked":["Rupture","Wild Strike","Warcry"],"picked":"SKIP","floor":27.0},{"not_picked":["Sword Boomerang","Clothesline"],"picked":"Fiend Fire","floor":30.0},{"not_picked":["Iron Wave","Dropkick+1","Heavy Blade"],"picked":"SKIP","floor":35.0},{"not_picked":["Dual Wield","Rupture+1","Sentinel"],"picked":"SKIP","floor":37.0},{"not_picked":["Thunderclap","Pommel Strike"],"picked":"Flame Barrier","floor":40.0},{"not_picked":["Sentinel","Searing Blow+1","Shrug It Off"],"picked":"SKIP","floor":42.0},{"not_picked":["Twin Strike","Pommel Strike+1"],"picked":"Shockwave","floor":45},{"not_picked":["Twin Strike","Clash","AT_GerminateFire"],"picked":"SKIP","floor":46},{"not_picked":["Heavy Blade","AT_IchimonjiDouble"],"picked":"AT_CaressingTears","floor":48},{"not_picked":["Flame Barrier+1","Twin Strike"],"picked":"Offering","floor":54}],"player_experience":257000,"relics_obtained":[{"floor":7.0,"key":"PreservedInsect"},{"floor":11.0,"key":"The Courier"},{"floor":24.0,"key":"AT_SilvercatRing"},{"floor":25.0,"key":"War Paint"},{"floor":26.0,"key":"AT_DeathDance"},{"floor":27.0,"key":"AT_RedTearstoneRing"},{"floor":40.0,"key":"Lantern"},{"floor":43.0,"key":"Gremlin Horn"},{"floor":48,"key":"MealTicket"},{"floor":54,"key":"Paper Frog"}],"event_choices":[{"damage_healed":0.0,"max_hp_gain":0.0,"max_hp_loss":0.0,"gold_gain":0.0,"event_name":"betterThird:BetterGoop","player_choice":"Slimed","floor":3.0,"gold_loss":32.0,"damage_taken":11.0},{"damage_healed":0.0,"max_hp_gain":0.0,"max_hp_loss":0.0,"gold_gain":0.0,"event_name":"betterThird:BetterScrap","player_choice":"Relic ","floor":5.0,"gold_loss":0.0,"damage_taken":26.0,"cards_obtained":["Establishment"]},{"damage_healed":0.0,"max_hp_gain":0.0,"max_hp_loss":0.0,"gold_gain":0.0,"event_name":"Dead Adventurer","player_choice":"Searched \u00270\u0027 times","floor":12.0,"gold_loss":0.0,"damage_taken":0.0},{"damage_healed":0.0,"max_hp_gain":0.0,"max_hp_loss":0.0,"gold_gain":1.0,"event_name":"betterStone:BetterStone","player_choice":"1","floor":14.0,"gold_loss":0.0,"damage_taken":0.0},{"damage_healed":0.0,"max_hp_gain":0.0,"max_hp_loss":0.0,"gold_gain":0.0,"event_name":"Vampires","player_choice":"Ignored","floor":31.0,"gold_loss":0.0,"damage_taken":0.0},{"damage_healed":0.0,"max_hp_gain":0.0,"max_hp_loss":4.0,"gold_gain":0.0,"event_name":"Winding Halls","player_choice":"Max HP","floor":39.0,"gold_loss":0.0,"damage_taken":0.0},{"damage_healed":0,"gold_gain":179,"player_choice":"GO GO ","damage_taken":20,"relics_obtained":[],"max_hp_gain":0,"max_hp_loss":0,"event_name":"betterSkull:BetterSkull","floor":44,"gold_loss":0,"cards_upgraded":[]}],"is_beta":false,"boss_relics":[{"not_picked":["Runic Dome","Sozu"],"picked":"Snecko Eye"},{"not_picked":["Coffee Dripper","Mark of Pain"],"picked":"AT_TrinityForce"}],"items_purged_floors":[29,29,36,38,53],"is_endless":false,"potions_floor_spawned":[1,10,16,19,30,33,45,48],"ascension_level":19}}