{"host":"5vely6jbi66u1z8q","time":1611387443,"event":{"mods":["2.2 Compatiblity","Act Like it!","Aspiration","BaseMod","Conspire","Downfall","Hermit","Hubris","Minty Spire (QoL Compilation)","Shade Mod","Spicy Shops","StSLib","The Construct"],"gold_per_floor":[109,109,125,125,36,36,36],"floor_reached":6,"language":"ENG","playtime":727,"items_purged":[],"score":34,"play_id":"3f0cbb48-4b02-4c62-b475-ec0f2e88c3ac","local_time":"20210123023723","is_ascension_mode":false,"campfire_choices":[],"circlet_count":0,"master_deck":["construct:Strike_Gold","construct:Strike_Gold","construct:Strike_Gold","construct:Strike_Gold","construct:Strike_Gold","construct:Defend_Gold","construct:Defend_Gold","construct:Defend_Gold","construct:Defend_Gold","construct:Defend_Gold","construct:AttackMode","construct:DefenseMode","construct:Reinforce","construct:LaserCore"],"relics":["construct:Cogwheel","Unceasing Top"],"acts_visited":["Exordium"],"potions_floor_usage":[],"damage_taken":[{"damage":2,"enemies":"2 Louse","floor":1,"turns":3},{"damage":10,"enemies":"conspire:RoseBush","floor":3,"turns":5},{"damage":15,"enemies":"Lagavulin","floor":6,"turns":7}],"seed_played":"-5056887842432042081","potions_obtained":[],"is_trial":false,"path_per_floor":["M","?","M","?","$","E"],"character_chosen":"THE_CONSTRUCT_MOD","items_purchased":["Unceasing Top"],"campfire_rested":0,"item_purchase_floors":[5],"current_hp_per_floor":[91,91,81,86,86,71,71],"gold":36,"neow_bonus":"TEN_PERCENT_HP_BONUS","is_daily":false,"chose_seed":false,"campfire_upgraded":0,"win_rate":0.0,"timestamp":1611387443,"path_taken":["M","?","M","?","$","E"],"items_purchased_type":["Relic"],"build_version":"2020-12-22","purchased_purges":0,"victory":false,"max_hp_per_floor":[93,93,93,98,98,98,98],"card_choices":[{"not_picked":["construct:Chainstrike","construct:FocusedBeam"],"picked":"construct:Reinforce","floor":1},{"not_picked":["construct:HeavyBolt","construct:FocusedBeam"],"picked":"construct:LaserCore","floor":3}],"player_experience":115167,"relics_obtained":[],"event_choices":[{"damage_healed":0,"gold_gain":0,"player_choice":"Leave","damage_taken":0,"max_hp_gain":0,"max_hp_loss":0,"event_name":"conspire:Investor","floor":2,"gold_loss":0},{"damage_healed":0,"gold_gain":0,"player_choice":"Donut","damage_taken":0,"max_hp_gain":5,"max_hp_loss":0,"event_name":"Big Fish","floor":4,"gold_loss":0}],"is_beta":false,"boss_relics":[],"items_purged_floors":[],"is_endless":false,"potions_floor_spawned":[],"killed_by":"Lagavulin","ascension_level":0}}