{"host":"87nh37ho6vfc76k4","time":1611388245,"event":{"mods":["AchievementEnabler","BaseMod","Colored Map","Googly Eyes","Highlight Path","Minty Spire (QoL Compilation)","Permanent Neow","Random Character Button","StSLib","Waifu the Spire"],"gold_per_floor":[109,184,201,211,211,211,211,222,222,222,222],"floor_reached":10,"language":"ENG","playtime":300,"items_purged":[],"score":107,"play_id":"c6e4429e-2891-445d-a0c0-23cda87234da","local_time":"20210123025045","is_ascension_mode":true,"campfire_choices":[{"data":"Doom and Gloom","floor":6,"key":"SMITH"}],"circlet_count":0,"master_deck":["AscendersBane","Strike_B+1","Strike_B","Strike_B","Strike_B","Defend_B","Defend_B","Defend_B","Defend_B","Zap","Dualcast","Doom and Gloom+1","Go for the Eyes+1","Sunder+1","Steam"],"relics":["Cracked Core","Eternal Feather"],"acts_visited":[],"potions_floor_usage":[10],"damage_taken":[{"damage":2,"enemies":"2 Louse","floor":1,"turns":3},{"damage":0,"enemies":"Small Slimes","floor":3,"turns":2},{"damage":12,"enemies":"Jaw Worm","floor":4,"turns":3},{"damage":6,"enemies":"Red Slaver","floor":8,"turns":3},{"damage":5,"enemies":"3 Sentries","floor":10,"turns":2}],"seed_played":"6142473163967108111","potions_obtained":[{"floor":8,"key":"ColorlessPotion"}],"is_trial":false,"path_per_floor":["M","?","M","M","?","R","?","M","T","E"],"character_chosen":"DEFECT","items_purchased":[],"campfire_rested":0,"item_purchase_floors":[],"current_hp_per_floor":[62,51,51,39,39,39,18,12,12,7,7],"gold":222,"neow_bonus":"THREE_CARDS","is_daily":false,"chose_seed":false,"campfire_upgraded":1,"win_rate":0.0,"timestamp":1611388245,"path_taken":["M","?","M","M","?","R","?","M","T","E"],"items_purchased_type":[],"build_version":"2020-12-22","purchased_purges":0,"victory":false,"max_hp_per_floor":[71,71,71,71,71,71,71,71,71,71,71],"card_choices":[{"not_picked":["Double Energy","Compile Driver"],"picked":"Doom and Gloom","floor":0},{"not_picked":["Streamline","Leap"],"picked":"Go for the Eyes","floor":1},{"not_picked":["Stack","Redo"],"picked":"Sunder","floor":3},{"not_picked":["Stack","Go for the Eyes","Barrage"],"picked":"SKIP","floor":4},{"not_picked":["Streamline","Redo"],"picked":"Steam","floor":8}],"player_experience":1500858,"relics_obtained":[{"floor":9,"key":"Eternal Feather"}],"event_choices":[{"damage_healed":0,"gold_gain":75,"player_choice":"Gather Gold","damage_taken":11,"max_hp_gain":0,"max_hp_loss":0,"event_name":"World of Goop","floor":2,"gold_loss":0},{"damage_healed":0,"gold_gain":0,"player_choice":"Grow","damage_taken":0,"max_hp_gain":0,"max_hp_loss":0,"event_name":"Living Wall","floor":5,"gold_loss":0,"cards_upgraded":["Sunder"]},{"damage_healed":0,"gold_gain":0,"player_choice":"Entered Light","damage_taken":21,"max_hp_gain":0,"max_hp_loss":0,"event_name":"Shining Light","floor":7,"gold_loss":0,"cards_upgraded":["Strike_B","Go for the Eyes"]}],"is_beta":false,"boss_relics":[],"items_purged_floors":[],"is_endless":false,"potions_floor_spawned":[8],"killed_by":"3 Sentries","ascension_level":17}}