{"host":"8s7r99mpv862ws6o","time":1611415949,"event":{"mods":["ATMod(∞¢Ë™Mod)","AchievementEnabler","Act Like it!","BaseMod","Gensokyo","GifTheSpireLib","Minty Spire (QoL Compilation)","Quick Restart","Reimu£®≤©¿ˆ¡È√Œ£©","StSLib"],"gold_per_floor":[109,109,9,19,19,19,46,46,94,111,184,198,198,198,198,296,296,309,234,234,286,286,748,783,834,834,876,1032,1101,1155,1222,1222,1222,1222],"floor_reached":33,"language":"ZHS","playtime":1244,"items_purged":["Defend_Lin:ReiMu"],"score":491,"play_id":"0c32e2ec-43e3-4d59-903c-09968a751150","local_time":"20210123233229","is_ascension_mode":true,"campfire_choices":[{"data":"NB:ReiMu","floor":6.0,"key":"SMITH"},{"data":"KamiRite:ReiMu","floor":13.0,"key":"SMITH"},{"data":"Gensokyo:CrescentMoonSlash","floor":15.0,"key":"SMITH"},{"data":"NineCharacters:ReiMu","floor":32,"key":"SMITH"}],"circlet_count":0,"master_deck":["Strike_Lin:ReiMu","Strike_Lin:ReiMu","Strike_Lin:ReiMu","Strike_Lin:ReiMu","Defend_Lin:ReiMu","Defend_Lin:ReiMu","Defend_Lin:ReiMu","NB:ReiMu+1","Stagnation:ReiMu","KamiSacrifice:ReiMu","Injury","AirStrike:ReiMu","Clumsy","KamiRite:ReiMu+1","WonderfulDomain:ReiMu","Gensokyo:CrescentMoonSlash+1","BlastKick2:ReiMu","Amulet:ReiMu+1","SpreadBorder2:ReiMu","Gensokyo:MonkeysPaw","SubAcupoint:ReiMu+1","Revelation:ReiMu","NineCharacters:ReiMu+1","FantasyMoon:ReiMu+1","OctopathBindingBorder2:ReiMu","ShadowOfCrow2:ReiMu"],"relics":["FlyPower:ReiMu","AT_ATBox","NeowsBlessing","Mango","Mummified Hand","Gensokyo:NagashiBinaDoll","Akabeko","Bag of Marbles","CrazyTorch:ReiMu","AT_TrinityForce","AT_MibuBalloonWealth","Ice Cream","AT_BladeRuinedKing","Darkstone Periapt","Bow_fan:ReiMu","Dead Branch"],"acts_visited":["Exordium","Gensokyo:Gensokyo"],"potions_floor_usage":[30],"damage_taken":[{"damage":0.0,"enemies":"Gensokyo:Gryphon","floor":1.0,"turns":1.0},{"damage":0.0,"enemies":"Gensokyo:3_Fairies","floor":4.0,"turns":3.0},{"damage":0.0,"enemies":"Gensokyo:Aya","floor":7.0,"turns":1.0},{"damage":0.0,"enemies":"Gensokyo:2_Kodama","floor":10.0,"turns":4.0},{"damage":0.0,"enemies":"Gensokyo:2_Rabbits","floor":12.0,"turns":4.0},{"damage":16.0,"enemies":"Gensokyo:Yukari","floor":16.0,"turns":8.0},{"damage":0.0,"enemies":"Gensokyo:Chomper","floor":18.0,"turns":1.0},{"damage":36,"enemies":"Gensokyo:Reisen","floor":23,"turns":1},{"damage":0,"enemies":"Gensokyo:AngelMirror","floor":24,"turns":2},{"damage":0,"enemies":"Gensokyo:Tenshi","floor":25,"turns":2},{"damage":6,"enemies":"Gensokyo:Swordslinger","floor":27,"turns":2},{"damage":0,"enemies":"Gensokyo:Reisen","floor":28,"turns":4},{"damage":0,"enemies":"Gensokyo:Mirror_and_Dog","floor":29,"turns":2},{"damage":0,"enemies":"Gensokyo:Tenshi","floor":30,"turns":1},{"damage":0,"enemies":"Gensokyo:Monolith_and_Dog","floor":31,"turns":1},{"damage":34,"enemies":"Gensokyo:Eternal_Rivals","floor":33,"turns":2}],"seed_played":"-376113583211174500","potions_obtained":[{"floor":4.0,"key":"ZuzhouPotion:ReiMu"},{"floor":7.0,"key":"CultistPotion"},{"floor":10.0,"key":"BottledKami:ReiMu"},{"floor":25,"key":"Fire Potion"},{"floor":29,"key":"DuplicationPotion"},{"floor":30,"key":"HakureiPotion:ReiMu"}],"is_trial":false,"path_per_floor":["M","?","?","M","?","R","E","$","T","M","T","M","R","?","R","B",null,"M","$","?","T","?","E","M","E","T","M","E","M","E","M","R","B"],"character_chosen":"REIMU","items_purchased":[],"campfire_rested":0,"item_purchase_floors":[],"current_hp_per_floor":[65,79,79,79,79,79,79,79,79,79,79,79,79,68,68,52,79,79,79,79,79,72,36,36,36,36,30,30,30,30,30,30,0,0],"gold":1222,"neow_bonus":"THREE_ENEMY_KILL","is_daily":false,"chose_seed":false,"campfire_upgraded":4,"win_rate":0.0,"timestamp":1611415949,"path_taken":["M","?","?","?","?","R","E","$","T","?","?","M","R","?","R","BOSS","M","?","?","?","?","E","M","E","T","M","E","M","E","M","R","BOSS"],"items_purchased_type":[],"build_version":"2020-12-22","purchased_purges":1,"victory":false,"max_hp_per_floor":[65,79,79,79,79,79,79,79,79,79,79,79,79,79,79,79,79,79,79,79,79,72,72,72,72,72,72,72,72,72,72,72,72,72],"card_choices":[{"not_picked":["Meditation:ReiMu","LearningPray:ReiMu"],"picked":"KamiSacrifice:ReiMu","floor":1.0},{"not_picked":["WonderfulDomain:ReiMu","PayForSelf:ReiMu"],"picked":"AirStrike:ReiMu","floor":4.0},{"not_picked":["YinYangSign:ReiMu","RunawayExorcism:ReiMu"],"picked":"KamiRite:ReiMu","floor":7.0},{"not_picked":["SafetyPray:ReiMu","CareerPray:ReiMu"],"picked":"WonderfulDomain:ReiMu","floor":10.0},{"not_picked":["Mountainwind:ReiMu","SealNeedle:ReiMu","Intuition:ReiMu"],"picked":"SKIP","floor":12.0},{"not_picked":["HakureiPhantom:ReiMu","OctopathSalyBorderN:ReiMu"],"picked":"BlastKick2:ReiMu","floor":16.0},{"not_picked":["FineLineFantasy:ReiMu","YinYangSign:ReiMu"],"picked":"Amulet:ReiMu+1","floor":18.0},{"not_picked":["Gensokyo:Apocalypse","Gensokyo:HAARP"],"picked":"Gensokyo:MonkeysPaw","floor":22},{"not_picked":["ManaGlint:ReiMu","SafetyPray:ReiMu"],"picked":"SubAcupoint:ReiMu+1","floor":23},{"not_picked":["TightArray:ReiMu","NineCharacters:ReiMu"],"picked":"Revelation:ReiMu","floor":24},{"not_picked":["Dreaming2:ReiMu","AlertArray:ReiMu"],"picked":"NineCharacters:ReiMu","floor":25},{"not_picked":["Meditation:ReiMu","Enchanting:ReiMu"],"picked":"FantasyMoon:ReiMu+1","floor":27},{"not_picked":["DoubleButterfly:ReiMu","WonderfulDomain:ReiMu","NineCharacters:ReiMu"],"picked":"SKIP","floor":28},{"not_picked":["Conquer:ReiMu","AirStrike:ReiMu","Intuition:ReiMu+1"],"picked":"SKIP","floor":29},{"not_picked":["NineCharacters:ReiMu","Amulet:ReiMu"],"picked":"OctopathBindingBorder2:ReiMu","floor":30},{"not_picked":["CeremonyResonance:ReiMu","SafetyPray:ReiMu"],"picked":"ShadowOfCrow2:ReiMu","floor":31}],"player_experience":600672,"relics_obtained":[{"floor":7.0,"key":"Akabeko"},{"floor":9.0,"key":"Bag of Marbles"},{"floor":11.0,"key":"CrazyTorch:ReiMu"},{"floor":21,"key":"AT_MibuBalloonWealth"},{"floor":23,"key":"Ice Cream"},{"floor":25,"key":"AT_BladeRuinedKing"},{"floor":26,"key":"Darkstone Periapt"},{"floor":28,"key":"Bow_fan:ReiMu"},{"floor":30,"key":"Dead Branch"}],"event_choices":[],"is_beta":false,"boss_relics":[{"not_picked":["Astrolabe","Fusion Hammer"],"picked":"AT_TrinityForce"}],"items_purged_floors":[19],"is_endless":false,"potions_floor_spawned":[4,7,10,25,27,29,30],"killed_by":"Gensokyo:Eternal_Rivals","ascension_level":1}}