{"host":"takgv9cv6xf64vhq","time":1611401624,"event":{"mods":["BaseMod","Colored Powertips","Downfall","Marisa£®ÏF”Í°°ƒß¿Ì…≥£©","Minty Spire (QoL Compilation)","Replay The Spire","StSLib","The Cursed"],"gold_per_floor":[119,131,109,123,123,123,150,163,190,190,200,200,200,214,214,316,316,330,57,87,97,107,139,139,165,191,211,230,334,352,366,366,465,465,475,525,98,98,98,98,110,139,163,163,177,232,232,232,232,232],"floor_reached":51,"language":"ZHS","playtime":5829,"items_purged":["ReplayTheSpireMod:Splinters"],"score":694,"play_id":"6df0e7bf-38fb-4eab-8411-59994e9ec1b6","local_time":"20210123193344","is_ascension_mode":false,"campfire_choices":[{"data":"Footwork","floor":6.0,"key":"SMITH"},{"data":"Footwork","floor":10.0,"key":"SMITH"},{"data":"Madness","floor":15.0,"key":"SMITH"},{"data":"Sneak Up","floor":32.0,"key":"SMITH"},{"data":"A Thousand Cuts","floor":40,"key":"SMITH"},{"data":"Blade Dance","floor":44,"key":"SMITH"},{"data":"Amnesia","floor":49,"key":"PURGE"}],"circlet_count":0,"master_deck":["Strike_G","Strike_G+1","Strike_G","Defend_G","Defend_G+1","Defend_G","Defend_G","Defend_G","Survivor","Neutralize","Dagger Spray","Backflip","Blade Dance","Backflip","Footwork+1","Madness+1","Dagger Spray+1","Footwork+1","Masterful Stab","Footwork+1","Hidden Blade+1","Bullet Time","PiercingWail","ReplayTheSpireMod:Brewmster","Infinite Blades","Deflect+1","Blade Dance+1","Blade Dance","ReplayTheSpireMod:Tripwire+1","Endless Agony+1","PiercingWail","Blade Dance","Acrobatics+1","Sneak Up+1","A Thousand Cuts+1","Bullet Time","Choke+1","Escape Plan+1","Replay:Parry","Mayhem","Finesse","Secret Technique","Fluid Movement+1","Quick Slash+1","Flying Knee+1","Blade Dance"],"relics":["ReplayTheSpireMod:DimensionalGlitch","Bag of Preparation","ReplayTheSpireMod:Lightbulb","WristBlade","Replay:Rubber Ducky","War Paint","Whetstone","ReplayTheSpireMod:TigerMarble","Replay:Grab Bag","Busted Crown","Coffee Dripper","Honey Jar","CatCart","Simple Rune","ReplayTheSpireMod:ShopPack","Ring of Panic","ReplayTheSpireMod:Ring of Exchange","Nunchaku","Strawberry","Counterbalance"],"acts_visited":["Exordium","TheCity","TheBeyond"],"potions_floor_usage":[36,36,36,36,36,36,41,41,42,45,46,46,46,50,50,50,50,50],"damage_taken":[{"damage":0.0,"enemies":"Cultist","floor":1.0,"turns":4.0},{"damage":1.0,"enemies":"Jaw Worm","floor":2.0,"turns":4.0},{"damage":0.0,"enemies":"Small Slimes","floor":4.0,"turns":2.0},{"damage":16.0,"enemies":"Gremlin Nob","floor":7.0,"turns":4.0},{"damage":0.0,"enemies":"Blue Slaver","floor":8.0,"turns":4.0},{"damage":0.0,"enemies":"Red Slaver","floor":11.0,"turns":3.0},{"damage":7.0,"enemies":"3 Louse","floor":14.0,"turns":2.0},{"damage":4.0,"enemies":"The Guardian","floor":16.0,"turns":15.0},{"damage":0.0,"enemies":"3 Byrds","floor":18.0,"turns":3.0},{"damage":0.0,"enemies":"Spheric Guardian","floor":20.0,"turns":4.0},{"damage":1.0,"enemies":"Centurion and Healer","floor":21.0,"turns":4.0},{"damage":12.0,"enemies":"Snake Plant","floor":22.0,"turns":6.0},{"damage":1.0,"enemies":"Book of Stabbing","floor":23.0,"turns":5.0},{"damage":13.0,"enemies":"Gremlin Leader","floor":25.0,"turns":5.0},{"damage":0.0,"enemies":"Snecko","floor":27.0,"turns":4.0},{"damage":0.0,"enemies":"Cultist and Chosen","floor":28.0,"turns":5.0},{"damage":0.0,"enemies":"Chosen and Byrds","floor":30.0,"turns":5.0},{"damage":0.0,"enemies":"Snake Plant","floor":31.0,"turns":4.0},{"damage":0.0,"enemies":"Pondfish","floor":33.0,"turns":7.0},{"damage":0.0,"enemies":"Orb Walker","floor":35.0,"turns":5.0},{"damage":67,"enemies":"Orin","floor":36,"turns":7},{"damage":0,"enemies":"3 Darklings","floor":41,"turns":4},{"damage":0,"enemies":"Reptomancer","floor":42,"turns":4},{"damage":0,"enemies":"Transient","floor":45,"turns":5},{"damage":0,"enemies":"2 Orb Walkers","floor":46,"turns":3},{"damage":18,"enemies":"Replay:Hell Engine","floor":50,"turns":6}],"seed_played":"2804171206953808762","potions_obtained":[{"floor":11.0,"key":"LifebloodPotion"},{"floor":14.0,"key":"Elixir"},{"floor":16.0,"key":"LiquidMemories"},{"floor":18.0,"key":"Weak Potion"},{"floor":22.0,"key":"ColorlessPotion"},{"floor":23.0,"key":"GamblersBrew"},{"floor":28.0,"key":"Strength Potion"},{"floor":36,"key":"Block Potion"},{"floor":42,"key":"LiquidBronze"}],"is_trial":false,"path_per_floor":["M","M","$","M","?","R","E","M","T","R","M","?","?","M","R","B",null,"M","$","M","M","M","E","?","E","T","M","M","?","M","M","R","B",null,"M","?","$","?","?","R","M","E","T","R","M","?","?","?","R","B",null],"character_chosen":"THE_SILENT","items_purchased":["Blade Dance","ReplayTheSpireMod:Brewmster","Infinite Blades","Deflect","Replay:Parry","Simple Rune","ReplayTheSpireMod:ShopPack"],"campfire_rested":0,"item_purchase_floors":[3,19,19,19,37,37,37],"current_hp_per_floor":[70,69,69,69,69,69,53,53,53,53,53,53,46,39,39,35,70,70,70,70,69,57,56,56,43,43,43,43,43,43,43,43,43,70,70,3,3,3,3,3,3,3,10,10,10,10,10,64,64,46],"gold":232,"neow_bonus":"BOSS_RELIC","is_daily":false,"chose_seed":false,"campfire_upgraded":6,"win_rate":0.0,"timestamp":1611401624,"path_taken":["M","M","?","M","?","R","E","M","T","R","?","?","?","M","R","BOSS","M","$","M","M","M","E","?","E","T","M","?","?","M","?","R","BOSS","M","?","$","?","?","R","M","E","T","R","M","?","?","?","R","BOSS"],"items_purchased_type":["Card","Card","Card","Card","Card","Relic","Relic"],"build_version":"2020-12-22","purchased_purges":1,"victory":true,"max_hp_per_floor":[70,70,70,70,70,70,70,70,70,70,70,70,70,70,70,70,70,70,70,70,70,70,70,70,70,70,70,70,70,70,70,70,70,70,70,70,70,66,66,66,66,66,73,73,73,73,73,64,64,64],"card_choices":[{"not_picked":["Sucker Punch","Deadly Poison"],"picked":"Dagger Spray","floor":1.0},{"not_picked":["Quick Slash","Prepared"],"picked":"Backflip","floor":2.0},{"not_picked":["Burst","Well Laid Plans"],"picked":"Choke","floor":4.0},{"not_picked":["Envenom","Backflip"],"picked":"Dagger Spray","floor":7.0},{"not_picked":["Backflip","Slice"],"picked":"Footwork","floor":8.0},{"not_picked":["Quick Slash","Flying Knee"],"picked":"Masterful Stab","floor":11.0},{"not_picked":["Masterful Stab","Finisher"],"picked":"Hidden Blade","floor":14.0},{"not_picked":["Die Die Die","Adrenaline"],"picked":"Bullet Time","floor":16.0},{"not_picked":["Deadly Poison","Predator"],"picked":"PiercingWail","floor":18.0},{"not_picked":["Flying Knee","Poisoned Stab"],"picked":"Blade Dance","floor":20.0},{"not_picked":["Underhanded Strike","Acrobatics"],"picked":"Blade Dance","floor":21.0},{"not_picked":["Dodge and Roll","Skewer"],"picked":"ReplayTheSpireMod:Tripwire+1","floor":22.0},{"not_picked":["Noxious Fumes","Outmaneuver"],"picked":"Riddle With Holes","floor":23.0},{"not_picked":["Draining Mist","Prepared"],"picked":"Endless Agony+1","floor":25.0},{"not_picked":["Predator","Underhanded Strike"],"picked":"PiercingWail","floor":27.0},{"not_picked":["Sucker Punch","Flechettes"],"picked":"Blade Dance","floor":28.0},{"not_picked":["Underhanded Strike","Outmaneuver"],"picked":"Acrobatics+1","floor":29.0},{"not_picked":["Dagger Spray","Quick Slash"],"picked":"Sneak Up","floor":30.0},{"not_picked":["Endless Agony","Slice"],"picked":"A Thousand Cuts","floor":31.0},{"not_picked":["Adrenaline","A Thousand Cuts"],"picked":"Bullet Time","floor":33.0},{"not_picked":["Outmaneuver"],"picked":"Choke+1","floor":35.0},{"not_picked":["ReplayTheSpireMod:The Works"],"picked":"Escape Plan+1","floor":36},{"not_picked":["Midas Touch"],"picked":"Mayhem","floor":37},{"not_picked":["Replay:Parry"],"picked":"Finesse","floor":37},{"not_picked":["Replay:Sssssssssstrike"],"picked":"Secret Technique","floor":37},{"not_picked":["Expertise+1"],"picked":"Fluid Movement+1","floor":41},{"not_picked":["Venomology"],"picked":"Quick Slash+1","floor":42},{"not_picked":["Deadly Poison"],"picked":"Flying Knee+1","floor":45},{"not_picked":["ReplayTheSpireMod:Shiv Toss"],"picked":"Blade Dance","floor":46}],"player_experience":13963,"relics_obtained":[{"floor":7.0,"key":"Bag of Preparation"},{"floor":9.0,"key":"ReplayTheSpireMod:Lightbulb"},{"floor":23.0,"key":"Replay:Rubber Ducky"},{"floor":25.0,"key":"War Paint"},{"floor":26.0,"key":"Whetstone"},{"floor":29.0,"key":"ReplayTheSpireMod:TigerMarble"},{"floor":36,"key":"CatCart"},{"floor":39,"key":"Ring of Panic"},{"floor":39,"key":"ReplayTheSpireMod:Ring of Exchange"},{"floor":42,"key":"Nunchaku"},{"floor":43,"key":"Strawberry"},{"floor":46,"key":"Counterbalance"}],"event_choices":[{"damage_healed":0.0,"max_hp_gain":0.0,"max_hp_loss":0.0,"gold_gain":0.0,"event_name":"Match and Keep!","player_choice":"3 cards matched","floor":5.0,"gold_loss":0.0,"damage_taken":0.0,"cards_obtained":["Backflip","Footwork","Madness"]},{"cards_removed":["Strike_G"],"damage_healed":0.0,"max_hp_gain":0.0,"max_hp_loss":0.0,"gold_gain":0.0,"event_name":"Golden Wing","player_choice":"Card Removal","floor":13.0,"gold_loss":0.0,"damage_taken":7.0},{"cards_removed":["Strike_G"],"damage_healed":0.0,"max_hp_gain":0.0,"max_hp_loss":0.0,"gold_gain":0.0,"event_name":"Bonfire Elementals","player_choice":"Offered Basic","floor":24.0,"gold_loss":0.0,"damage_taken":0.0},{"damage_healed":0,"gold_gain":0,"player_choice":"Fight","damage_taken":0,"max_hp_gain":0,"max_hp_loss":0,"event_name":"OrinTheCat","floor":36,"gold_loss":0},{"damage_healed":0,"gold_gain":0,"player_choice":"Max HP","damage_taken":0,"max_hp_gain":0,"max_hp_loss":4,"event_name":"Winding Halls","floor":38,"gold_loss":0},{"damage_healed":0,"gold_gain":0,"player_choice":"Fight","damage_taken":0,"max_hp_gain":0,"max_hp_loss":0,"event_name":"Mysterious Sphere","floor":46,"gold_loss":0},{"cards_removed":["Riddle With Holes"],"damage_healed":0,"gold_gain":0,"player_choice":"Removed Attack","damage_taken":0,"max_hp_gain":0,"max_hp_loss":0,"event_name":"Falling","floor":47,"gold_loss":0},{"damage_healed":64,"gold_gain":0,"player_choice":"Heal","damage_taken":0,"max_hp_gain":0,"max_hp_loss":9,"event_name":"The Moai Head","floor":48,"gold_loss":0}],"is_beta":false,"boss_relics":[{"not_picked":["Ectoplasm","Snecko Eye"],"picked":"WristBlade"},{"not_picked":["Tiny House","Empty Cage"],"picked":"Replay:Grab Bag"},{"not_picked":["Runic Dome","Sozu"],"picked":"Busted Crown"},{"not_picked":["Velvet Choker","ChewingGum"],"picked":"Coffee Dripper"},{"not_picked":["Kintsugi","Astrolabe"],"picked":"Honey Jar"}],"items_purged_floors":[37],"is_endless":false,"potions_floor_spawned":[11,14,16,18,22,23,28,36,42],"ascension_level":0}}