{"host":"sian7qp8a9pc9xwd","time":1611409224,"event":{"mods":["BaseMod","Minty Spire (QoL Compilation)","StSLib","SuperFastMode"],"gold_per_floor":[367,387,387,405,8,8,35,35,59,134,148,2,2,22,22,121,121,141,141,141,141,141,141,159,84,111,111,111,131,131,131],"floor_reached":30,"language":"ENG","playtime":685,"items_purged":["Perfected Strike+1"],"score":394,"play_id":"c80c6b88-6ab7-446c-8232-945244c90adf","local_time":"20210123084024","is_ascension_mode":true,"campfire_choices":[{"data":"Flex","floor":6.0,"key":"SMITH"},{"data":"Perfected Strike","floor":13.0,"key":"SMITH"},{"floor":15.0,"key":"REST"},{"data":"Bite","floor":23.0,"key":"SMITH"}],"circlet_count":0,"master_deck":["AscendersBane","Defend_R","Defend_R","Defend_R+1","Bash+1","Flex+1","Flex+1","Swift Strike+1","Infernal Blade+1","Impervious","Battle Trance","Warcry+1","Bite+1","Bite","Bite","Bite","Bite","Flex+1"],"relics":["Burning Blood","Turnip","Dream Catcher","War Paint","Whetstone","Black Star","Toy Ornithopter","Happy Flower"],"acts_visited":["Exordium","TheCity"],"potions_floor_usage":[30],"damage_taken":[{"damage":2.0,"enemies":"Jaw Worm","floor":1.0,"turns":3.0},{"damage":1.0,"enemies":"Cultist","floor":2.0,"turns":4.0},{"damage":0.0,"enemies":"Small Slimes","floor":4.0,"turns":4.0},{"damage":35.0,"enemies":"3 Sentries","floor":7.0,"turns":7.0},{"damage":7.0,"enemies":"3 Louse","floor":11.0,"turns":4.0},{"damage":0.0,"enemies":"Blue Slaver","floor":14.0,"turns":1.0},{"damage":42.0,"enemies":"The Guardian","floor":16.0,"turns":10.0},{"damage":29.0,"enemies":"Shell Parasite","floor":18.0,"turns":4.0},{"damage":11.0,"enemies":"2 Thieves","floor":24.0,"turns":4.0},{"damage":0.0,"enemies":"Book of Stabbing","floor":28.0,"turns":1.0},{"damage":26.0,"enemies":"Snake Plant","floor":29.0,"turns":5.0},{"damage":49,"enemies":"Slavers","floor":30,"turns":2}],"seed_played":"-1438584956911907820","potions_obtained":[{"floor":11.0,"key":"Swift Potion"},{"floor":14.0,"key":"ElixirPotion"},{"floor":24.0,"key":"Weak Potion"},{"floor":29.0,"key":"PowerPotion"}],"is_trial":false,"path_per_floor":["M","M","?","M","$","R","E","?","T","?","M","$","R","M","R","B",null,"M","?","?","?","?","R","M","$","T","?","E","M","E"],"character_chosen":"IRONCLAD","items_purchased":["Turnip","Swift Strike","Whetstone"],"campfire_rested":1,"item_purchase_floors":[5,5,12],"current_hp_per_floor":[55,60,60,66,66,66,37,37,37,26,25,25,25,31,55,19,65,42,27,27,27,27,27,38,38,38,26,37,37,0,0],"gold":131,"neow_bonus":"TWO_FIFTY_GOLD","is_daily":false,"chose_seed":false,"campfire_upgraded":3,"win_rate":0.0,"timestamp":1611409224,"path_taken":["M","M","?","?","$","R","E","?","T","?","M","?","R","M","R","BOSS","M","?","?","?","?","R","M","$","T","?","E","?","E"],"items_purchased_type":["Relic","Card","Relic"],"build_version":"2020-12-22","purchased_purges":1,"victory":false,"max_hp_per_floor":[80,80,80,80,80,80,80,80,80,80,80,80,80,80,80,80,80,80,85,59,59,59,59,59,59,59,59,59,59,59,59],"card_choices":[{"not_picked":["Warcry","Shockwave"],"picked":"Flex","floor":1.0},{"not_picked":["Shockwave","Body Slam"],"picked":"Flex","floor":2.0},{"not_picked":["Headbutt","Wild Strike"],"picked":"Perfected Strike","floor":4.0},{"not_picked":["Thunderclap","Wild Strike"],"picked":"Infernal Blade","floor":7.0},{"not_picked":["Blood for Blood","Reckless Charge"],"picked":"Impervious","floor":11.0},{"not_picked":["Armaments","Body Slam","Havoc"],"picked":"SKIP","floor":14.0},{"not_picked":["Warcry","Sentinel"],"picked":"Battle Trance","floor":15.0},{"not_picked":["Blood for Blood","Havoc"],"picked":"Warcry+1","floor":18.0},{"not_picked":["Heavy Blade","Cleave"],"picked":"Flex+1","floor":24.0},{"not_picked":["Whirlwind+1","Headbutt+1","Cleave+1"],"picked":"SKIP","floor":29.0}],"player_experience":760921,"relics_obtained":[{"floor":7.0,"key":"Dream Catcher"},{"floor":9.0,"key":"War Paint"},{"floor":26.0,"key":"Happy Flower"}],"event_choices":[{"cards_removed":["Defend_R"],"damage_healed":0.0,"max_hp_gain":0.0,"max_hp_loss":0.0,"gold_gain":0.0,"event_name":"Bonfire Elementals","player_choice":"Offered Basic","floor":3.0,"gold_loss":0.0,"damage_taken":0.0},{"damage_healed":0.0,"max_hp_gain":0.0,"max_hp_loss":0.0,"gold_gain":0.0,"event_name":"Living Wall","player_choice":"Grow","floor":8.0,"gold_loss":0.0,"damage_taken":0.0,"cards_upgraded":["Infernal Blade"]},{"damage_healed":0.0,"max_hp_gain":0.0,"max_hp_loss":0.0,"gold_gain":75.0,"event_name":"World of Goop","player_choice":"Gather Gold","floor":10.0,"gold_loss":0.0,"damage_taken":11.0},{"damage_healed":0.0,"max_hp_gain":5.0,"max_hp_loss":0.0,"gold_gain":0.0,"event_name":"Forgotten Altar","player_choice":"Shed Blood","floor":19.0,"gold_loss":0.0,"damage_taken":20.0},{"damage_healed":0.0,"max_hp_gain":0.0,"max_hp_loss":26.0,"gold_gain":0.0,"event_name":"Vampires","player_choice":"Became a vampire","floor":20.0,"gold_loss":0.0,"damage_taken":0.0,"cards_obtained":["Bite","Bite","Bite","Bite","Bite"]},{"damage_healed":0.0,"max_hp_gain":0.0,"max_hp_loss":0.0,"gold_gain":0.0,"event_name":"Ghosts","player_choice":"Ignored","floor":21.0,"gold_loss":0.0,"damage_taken":0.0},{"damage_healed":0.0,"max_hp_gain":0.0,"max_hp_loss":0.0,"gold_gain":0.0,"event_name":"The Mausoleum","player_choice":"Opened","floor":22.0,"gold_loss":0.0,"damage_taken":0.0,"relics_obtained":["Toy Ornithopter"]},{"damage_healed":0.0,"max_hp_gain":0.0,"max_hp_loss":0.0,"gold_gain":0.0,"event_name":"Knowing Skull","player_choice":"POTION ","floor":27.0,"potions_obtained":["SmokeBomb"],"gold_loss":0.0,"damage_taken":12.0,"cards_obtained":[]}],"is_beta":false,"boss_relics":[{"not_picked":["Mark of Pain","Fusion Hammer"],"picked":"Black Star"}],"items_purged_floors":[25],"is_endless":false,"potions_floor_spawned":[11,14,24,29],"killed_by":"Slavers","ascension_level":10}}