{"host":"o5or1zybx7au40zl","time":1611442384,"event":{"mods":["Act Like it!","Aspiration","BaseMod","Better Third Choice","Conspire","Dota2Spire","GungeonMod","Halation","Hubris","Infinite Spire","Minty Spire (QoL Compilation)","Replay The Spire","Robot Space Explorer","StSLib","The Jungle","Yuri Mod","vexMod"],"gold_per_floor":[111,111,125,140,140,167,167,181,181,248,248,248,260,7,7,103,103,119,138,158,174,174,174,203,303,303,322,322,322,322,332,332,433,433,463,488,488,65,65,65,97,97,97,117,117,127,154,154,154],"floor_reached":48,"language":"ENG","playtime":1124,"items_purged":["Injury"],"score":509,"play_id":"bea219a2-2275-4c33-9a72-c0589aa35860","local_time":"20210123235304","is_ascension_mode":false,"campfire_choices":[{"floor":7,"key":"REST"},{"floor":11,"key":"REST"},{"data":"DemoMod:ChanceBullets","floor":15,"key":"SMITH"},{"floor":23,"key":"REST"},{"floor":28,"key":"REST"},{"floor":32,"key":"REST"},{"data":"DemoMod:SpreadAmmo","floor":40,"key":"SMITH"},{"floor":42,"key":"REST"},{"data":"DemoMod:ManualReload","floor":45,"key":"SMITH"}],"circlet_count":0,"master_deck":["DemoMod:Strike_Huntress","DemoMod:Strike_Huntress","DemoMod:Strike_Huntress","DemoMod:Defend_Huntress","DemoMod:Defend_Huntress","DemoMod:Defend_Huntress","DemoMod:Defend_Huntress","DemoMod:Roll","DemoMod:ManualReload+1","DemoMod:RustySidearm","DemoMod:CrossBow","DemoMod:ChanceBullets+1","DemoMod:ZorGun+1","DemoMod:MegaHand+1","DemoMod:Ejector","DemoMod:BSG+1","DemoMod:DirectionalPad+1","DemoMod:HighKaliber+1","DemoMod:ThirdPartyController+1","infinitespire:Gouge+1","DemoMod:FightSabre+1","DemoMod:ZorGun+1","DemoMod:DirectionalPad+1","DemoMod:FinishedGun+1","DemoMod:Casey+1","DemoMod:SpreadAmmo+1","DemoMod:MegaHand+1","DemoMod:TeaPot+1","vexMod:UltimateCard","DemoMod:HuntsMan+1","DemoMod:FortunesFavor+1"],"relics":["DemoMod:Dog","Replay:PocketPolymizer","Molten Egg 2","hubris:MobiusCoin","Ring of Searing","Replay:Rubber Ducky","Pantograph","hubris:Towel","Dota2Spire:Desolator","Replay:Bronze Core","Replay:Baseball","hubris:PeanutButter","Dota2Spire:ShadowBlade","conspire:DecoderRing","Cursed Key","Replay:Towering Pillar of Hats","halation:StarCompass","Mercury Hourglass","Orichalcum"],"acts_visited":["Exordium","Exordium","TheBeyond"],"potions_floor_usage":[6,16,33],"damage_taken":[{"damage":3,"enemies":"Small Slimes","floor":1,"turns":4},{"damage":2,"enemies":"2 Louse","floor":3,"turns":3},{"damage":0,"enemies":"Cultist","floor":4,"turns":3},{"damage":20,"enemies":"3 Sentries","floor":6,"turns":8},{"damage":5,"enemies":"2 Fungi Beasts","floor":8,"turns":2},{"damage":5,"enemies":"3 Louse","floor":10,"turns":2},{"damage":10,"enemies":"Looter","floor":13,"turns":3},{"damage":39,"enemies":"Slime Boss","floor":16,"turns":7},{"damage":5,"enemies":"theJungle:GiantWrat","floor":18,"turns":2},{"damage":14,"enemies":"theJungle:Flameango_and_Byrd","floor":19,"turns":2},{"damage":11,"enemies":"theJungle:SlimyTreeVines","floor":20,"turns":4},{"damage":17,"enemies":"Snake Plant","floor":21,"turns":2},{"damage":17,"enemies":"theJungle:2_Phrogs","floor":24,"turns":4},{"damage":4,"enemies":"theJungle:2_Flameangoes","floor":27,"turns":2},{"damage":0,"enemies":"theJungle:Snecko_Cultist_And_Trap","floor":31,"turns":3},{"damage":42,"enemies":"theJungle:TotemBoss","floor":33,"turns":6},{"damage":15,"enemies":"3 Darklings","floor":35,"turns":3},{"damage":2,"enemies":"3 Shapes","floor":36,"turns":2},{"damage":12,"enemies":"Nemesis","floor":41,"turns":3},{"damage":12,"enemies":"Transient","floor":44,"turns":5},{"damage":2,"enemies":"Spire Growth","floor":46,"turns":4},{"damage":18,"enemies":"Sphere and 2 Shapes","floor":47,"turns":3},{"damage":30,"enemies":"Writhing Mass","floor":48,"turns":3}],"seed_played":"-376972836035044335","potions_obtained":[{"floor":1,"key":"AttackPotion"},{"floor":3,"key":"SpeedPotion"},{"floor":4,"key":"LiquidMemories"},{"floor":13,"key":"SteroidPotion"},{"floor":16,"key":"Reflective Coating"},{"floor":33,"key":"FearPotion"}],"is_trial":false,"path_per_floor":["M","?","M","M","?","E","R","M","T","M","R","?","M","$","R","B",null,"M","M","M","M","AVR","R","E","?","T","M","R","?","?","M","R","B",null,"M","M","?","$","?","R","E","R","T","M","R","M","M","M"],"character_chosen":"HUNTRESS","items_purchased":["Dota2Spire:Desolator","Replay:Towering Pillar of Hats","DemoMod:MegaHand+1"],"campfire_rested":6,"item_purchase_floors":[14,38,38],"current_hp_per_floor":[46,46,44,44,44,24,45,40,40,35,56,56,46,46,46,31,70,65,51,45,28,28,49,32,32,32,28,49,39,25,25,46,28,70,55,53,53,53,53,53,41,62,62,50,50,48,30,0,0],"gold":154,"neow_bonus":"ONE_RARE_RELIC","is_daily":false,"chose_seed":false,"campfire_upgraded":3,"win_rate":0.0,"timestamp":1611442384,"path_taken":["M","?","M","M","?","E","R","M","T","M","R","?","M","$","R","BOSS","M","M","M","M","AVR","R","E","?","T","?","R","?","?","M","R","BOSS","M","M","?","$","?","R","E","R","T","M","R","M","M","M"],"items_purchased_type":["Relic","Relic","Card"],"build_version":"2020-12-22","purchased_purges":1,"victory":false,"max_hp_per_floor":[70,70,70,70,70,70,70,70,70,70,70,70,70,70,70,70,70,70,70,70,70,70,70,70,70,70,70,70,70,70,70,70,70,70,70,70,70,70,70,70,70,70,70,70,70,70,70,70,70],"card_choices":[{"not_picked":["DemoMod:AC15","DemoMod:MachoBrace"],"picked":"DemoMod:ChanceBullets","floor":1},{"not_picked":["DemoMod:EasyReloadBullets","DemoMod:ConditionalReflex"],"picked":"DemoMod:ZorGun+1","floor":3},{"not_picked":["DemoMod:FastSwitch","DemoMod:SpreadAmmo","DemoMod:SAA+1"],"picked":"SKIP","floor":4},{"not_picked":["DemoMod:GunstockTap+1","DemoMod:DoubleSwitch"],"picked":"DemoMod:MegaHand+1","floor":6},{"not_picked":["DemoMod:PotionOfGunFriendShip","DemoMod:BattleInHaste","DemoMod:SpreadAmmo"],"picked":"SKIP","floor":8},{"not_picked":["DemoMod:FeignSurrender","DemoMod:StickyCrossBow+1"],"picked":"DemoMod:Ejector","floor":10},{"not_picked":["DemoMod:AC15+1","DemoMod:SAA+1","DemoMod:StickyCrossBow+1"],"picked":"SKIP","floor":13},{"not_picked":["DemoMod:Elimentaler+1","DemoMod:Behold!"],"picked":"DemoMod:BSG+1","floor":16},{"not_picked":["DemoMod:JK47+1","DemoMod:AC15+1"],"picked":"DemoMod:DirectionalPad+1","floor":18},{"not_picked":["DemoMod:LifeOrb+1","DemoMod:ChanceBullets"],"picked":"DemoMod:HighKaliber+1","floor":19},{"not_picked":["DemoMod:DirectionalPad+1","DemoMod:Polaris+1","DemoMod:SpreadAmmo"],"picked":"SKIP","floor":20},{"not_picked":["DemoMod:HardPowerCard","DemoMod:BoxingGlove+1"],"picked":"DemoMod:ThirdPartyController+1","floor":21},{"not_picked":["DemoMod:Eureka","DemoMod:AC15+1"],"picked":"DemoMod:FightSabre+1","floor":24},{"not_picked":["DemoMod:FastSwitch","DemoMod:BattleInHaste"],"picked":"DemoMod:ZorGun+1","floor":27},{"not_picked":["DemoMod:DoubleSwitch","DemoMod:PotionOfGunFriendShip"],"picked":"DemoMod:DirectionalPad+1","floor":31},{"not_picked":["DemoMod:BlankBullets","DemoMod:ThirdPartyController+1"],"picked":"DemoMod:FinishedGun+1","floor":33},{"not_picked":["DemoMod:PotionOfGunFriendShip","DemoMod:ConditionalReflex+1"],"picked":"DemoMod:Casey+1","floor":35},{"not_picked":["DemoMod:Unmoved","DemoMod:Casey+1","DemoMod:StickyCrossBow+1"],"picked":"SKIP","floor":36},{"not_picked":["DemoMod:FastSwitch","DemoMod:RadGun+1"],"picked":"DemoMod:TeaPot+1","floor":41},{"not_picked":["DemoMod:Slinger","DemoMod:BoxingGlove+1"],"picked":"DemoMod:HuntsMan+1","floor":44},{"not_picked":["DemoMod:FastSwitch","DemoMod:DoubleSwitch+1","DemoMod:BoxingGlove+1"],"picked":"SKIP","floor":46},{"not_picked":["DemoMod:Unmoved+1","DemoMod:TripleGun+1"],"picked":"DemoMod:FortunesFavor+1","floor":47}],"player_experience":984233,"relics_obtained":[{"floor":3,"key":"hubris:MobiusCoin"},{"floor":5,"key":"Ring of Searing"},{"floor":6,"key":"Replay:Rubber Ducky"},{"floor":9,"key":"Pantograph"},{"floor":19,"key":"Replay:Baseball"},{"floor":24,"key":"Dota2Spire:ShadowBlade"},{"floor":26,"key":"conspire:DecoderRing"},{"floor":41,"key":"Mercury Hourglass"},{"floor":43,"key":"Orichalcum"}],"event_choices":[{"damage_healed":0,"gold_gain":100,"player_choice":"Pray","damage_taken":0,"max_hp_gain":0,"max_hp_loss":0,"event_name":"Golden Shrine","floor":25,"gold_loss":0}],"is_beta":false,"boss_relics":[{"not_picked":["hubris:Stopwatch","SlaversCollar"],"picked":"Replay:Bronze Core"},{"not_picked":["aspiration:PoetsPen_weak","halation:PlatinumPhoenix"],"picked":"Cursed Key"}],"items_purged_floors":[38],"is_endless":false,"potions_floor_spawned":[1,3,4,13,16,18,19,24,27,33],"killed_by":"Writhing Mass","ascension_level":0}}