{"host":"q0qnzbgdx8oqogg9","time":1611369377,"event":{"mods":["BaseMod","Minty Spire (QoL Compilation)","StSLib"],"gold_per_floor":[113,129,139,239,20,70,70,82,106,179,276,7,7,35,35,131,131,149,162,162,172,184,218,275,304,304,343,24,24,24,62,62,162,162,174,224,234,234,159,159,191,26,26,40,40,40,59,94,94,114,114],"floor_reached":50,"language":"ENG","playtime":2422,"items_purged":["Decay"],"score":802,"play_id":"da315f37-cbde-478e-b81c-9ea51895c99b","local_time":"20210122213617","is_ascension_mode":true,"campfire_choices":[{"floor":7.0,"key":"REST"},{"floor":13.0,"key":"REST"},{"data":"Defragment","floor":15.0,"key":"SMITH"},{"floor":29.0,"key":"REST"},{"floor":32,"key":"REST"},{"data":"Creative AI","floor":40,"key":"SMITH"},{"data":"Echo Form","floor":49,"key":"SMITH"}],"circlet_count":0,"master_deck":["Strike_B","Strike_B","Strike_B","Defend_B","Defend_B","Defend_B","Defend_B","Zap","Dualcast","Core Surge","Ball Lightning","Gash","Cold Snap","HandOfGreed","Barrage","Self Repair","Hyperbeam","Turbo","Defragment+1","Defragment","FTL","Echo Form+1","Coolheaded","Tempest","Biased Cognition","Chill+1","Hologram","Darkness+1","Creative AI+1","Hologram+1","Biased Cognition","Hologram+1","Leap+1","Master of Strategy+1","Decay","Defragment+1","Undo+1","BootSequence+1"],"relics":["Cracked Core","PreservedInsect","Regal Pillow","Pen Nib","Ancient Tea Set","DollysMirror","Juzu Bracelet","Philosopher\u0027s Stone","MealTicket","Letter Opener","Toxic Egg 2","Mummified Hand","Cursed Key","Turnip","Shuriken","TungstenRod","Bag of Marbles"],"acts_visited":["Exordium","TheCity","TheBeyond"],"potions_floor_usage":[33,37,50],"damage_taken":[{"damage":7.0,"enemies":"Jaw Worm","floor":1.0,"turns":4.0},{"damage":1.0,"enemies":"Cultist","floor":2.0,"turns":3.0},{"damage":2.0,"enemies":"2 Louse","floor":3.0,"turns":2.0},{"damage":30.0,"enemies":"Lagavulin","floor":6.0,"turns":7.0},{"damage":10.0,"enemies":"Large Slime","floor":8.0,"turns":4.0},{"damage":19.0,"enemies":"3 Sentries","floor":10.0,"turns":6.0},{"damage":8.0,"enemies":"3 Sentries","floor":11.0,"turns":6.0},{"damage":0.0,"enemies":"Gremlin Nob","floor":14.0,"turns":1.0},{"damage":15.0,"enemies":"Slime Boss","floor":16.0,"turns":7.0},{"damage":2.0,"enemies":"Spheric Guardian","floor":18.0,"turns":3.0},{"damage":0.0,"enemies":"3 Byrds","floor":19.0,"turns":4.0},{"damage":0.0,"enemies":"3 Cultists","floor":21.0,"turns":2.0},{"damage":20.0,"enemies":"Snake Plant","floor":22.0,"turns":3.0},{"damage":16.0,"enemies":"Book of Stabbing","floor":23.0,"turns":5.0},{"damage":17.0,"enemies":"Centurion and Healer","floor":24.0,"turns":8.0},{"damage":29.0,"enemies":"Slavers","floor":25.0,"turns":4.0},{"damage":16.0,"enemies":"Shelled Parasite and Fungi","floor":27.0,"turns":9.0},{"damage":60.0,"enemies":"Snake Plant","floor":31.0,"turns":6.0},{"damage":43,"enemies":"Automaton","floor":33,"turns":11},{"damage":4,"enemies":"3 Shapes","floor":35,"turns":6},{"damage":9,"enemies":"Mind Bloom Boss Battle","floor":36,"turns":5},{"damage":26,"enemies":"3 Darklings","floor":37,"turns":6},{"damage":34,"enemies":"Reptomancer","floor":41,"turns":9},{"damage":26,"enemies":"Transient","floor":44,"turns":5},{"damage":13,"enemies":"Maw","floor":47,"turns":11},{"damage":0,"enemies":"4 Shapes","floor":48,"turns":12},{"damage":72,"enemies":"Donu and Deca","floor":50,"turns":8}],"seed_played":"1468437636274655359","potions_obtained":[{"floor":1.0,"key":"GamblersBrew"},{"floor":8.0,"key":"BlessingOfTheForge"},{"floor":14.0,"key":"SteroidPotion"},{"floor":16.0,"key":"DistilledChaos"},{"floor":19.0,"key":"SteroidPotion"},{"floor":22.0,"key":"Fruit Juice"},{"floor":23.0,"key":"SkillPotion"},{"floor":27.0,"key":"PowerPotion"},{"floor":31,"key":"LiquidMemories"},{"floor":44,"key":"Swift Potion"},{"floor":47,"key":"BlessingOfTheForge"}],"is_trial":false,"path_per_floor":["M","M","M","?","$","E","R","M","T","E","?","$","R","E","R","B",null,"M","M","?","M","M","E","M","E","T","M","$","R","?","M","R","B",null,"M","?","M","T","$","R","E","$","T","M","?","$","M","M","R","B"],"character_chosen":"DEFECT","items_purchased":["HandOfGreed","Barrage","Defragment","DollysMirror","FTL","Mummified Hand","Creative AI","Master of Strategy+1"],"campfire_rested":4,"item_purchase_floors":[5,5,12,12,12,28,28,42],"current_hp_per_floor":[61,60,58,58,58,28,50,40,40,28,30,30,67,67,67,59,71,75,75,75,75,55,53,43,14,14,17,32,71,80,20,59,30,68,78,80,68,68,80,80,60,75,75,49,49,64,58,72,72,0,0],"gold":114,"neow_bonus":"ONE_RANDOM_RARE_CARD","is_daily":false,"chose_seed":false,"campfire_upgraded":3,"win_rate":0.0,"timestamp":1611369377,"path_taken":["M","M","M","?","?","E","R","M","T","E","?","$","R","E","R","BOSS","M","M","?","M","M","E","M","E","T","M","$","R","?","M","R","BOSS","M","?","M","?","?","R","E","$","T","M","?","$","M","M","R","BOSS"],"items_purchased_type":["Card","Card","Card","Relic","Card","Relic","Card","Card"],"build_version":"2020-12-22","purchased_purges":1,"victory":false,"max_hp_per_floor":[75,75,75,75,75,75,75,75,75,75,75,75,75,75,75,75,75,75,75,75,75,75,75,75,75,75,80,80,80,80,80,80,80,80,80,80,80,80,80,80,80,80,80,80,80,80,80,80,80,80,80],"card_choices":[{"not_picked":["Chaos","Coolheaded"],"picked":"Ball Lightning","floor":1.0},{"not_picked":["Double Energy","White Noise"],"picked":"Gash","floor":2.0},{"not_picked":["Sweeping Beam","Go for the Eyes"],"picked":"Cold Snap","floor":3.0},{"not_picked":["Streamline","Compile Driver","Melter"],"picked":"SKIP","floor":6.0},{"not_picked":["Turbo","Melter"],"picked":"Self Repair","floor":8.0},{"not_picked":["Sweeping Beam","Ball Lightning"],"picked":"Hyperbeam","floor":10.0},{"not_picked":["Go for the Eyes","Compile Driver"],"picked":"Turbo","floor":11.0},{"not_picked":["Leap","Turbo","Ball Lightning"],"picked":"SKIP","floor":14.0},{"not_picked":["All For One","Hyperbeam"],"picked":"Echo Form","floor":16.0},{"not_picked":["Beam Cell+1","Stack+1"],"picked":"Coolheaded","floor":18.0},{"not_picked":["Double Energy","Sweeping Beam"],"picked":"Tempest","floor":19.0},{"not_picked":["Stack","Doom and Gloom"],"picked":"Chill+1","floor":21.0},{"not_picked":["Gash","Ball Lightning","Compile Driver"],"picked":"SKIP","floor":22.0},{"not_picked":["Turbo+1","Consume"],"picked":"Hologram","floor":23.0},{"not_picked":["Scrape+1","Rebound","Chaos"],"picked":"SKIP","floor":24.0},{"not_picked":["Hello World+1","Go for the Eyes"],"picked":"Darkness+1","floor":25.0},{"not_picked":["Scrape","Gash+1","Hello World"],"picked":"SKIP","floor":27.0},{"not_picked":["Fission+1","Conserve Battery+1"],"picked":"Hologram+1","floor":31},{"not_picked":["All For One","Meteor Strike"],"picked":"Biased Cognition","floor":33},{"not_picked":["Stack+1","Force Field+1"],"picked":"Hologram+1","floor":35},{"not_picked":["Aggregate+1","Force Field+1"],"picked":"Leap+1","floor":36},{"not_picked":["Beam Cell","Go for the Eyes+1","Conserve Battery+1"],"picked":"SKIP","floor":37},{"not_picked":["Go for the Eyes","Reinforced Body+1","Compile Driver"],"picked":"SKIP","floor":41},{"not_picked":["Static Discharge","Sweeping Beam+1"],"picked":"Defragment+1","floor":44},{"not_picked":["Stack+1","Hologram+1"],"picked":"Undo+1","floor":47},{"not_picked":["FTL+1","Double Energy+1"],"picked":"BootSequence+1","floor":48}],"player_experience":267031,"relics_obtained":[{"floor":6.0,"key":"PreservedInsect"},{"floor":9.0,"key":"Regal Pillow"},{"floor":10.0,"key":"Pen Nib"},{"floor":11.0,"key":"Ancient Tea Set"},{"floor":14.0,"key":"Juzu Bracelet"},{"floor":23.0,"key":"MealTicket"},{"floor":25.0,"key":"Letter Opener"},{"floor":26.0,"key":"Toxic Egg 2"},{"floor":36,"key":"Turnip"},{"floor":38,"key":"Shuriken"},{"floor":41,"key":"TungstenRod"},{"floor":43,"key":"Bag of Marbles"}],"event_choices":[{"damage_healed":0.0,"max_hp_gain":0.0,"max_hp_loss":0.0,"gold_gain":100.0,"event_name":"Golden Shrine","player_choice":"Pray","floor":4.0,"gold_loss":0.0,"damage_taken":0.0},{"damage_healed":0.0,"max_hp_gain":0.0,"max_hp_loss":0.0,"gold_gain":30.0,"event_name":"Dead Adventurer","player_choice":"Searched \u00273\u0027 times","floor":11.0,"gold_loss":0.0,"damage_taken":0.0},{"damage_healed":0.0,"max_hp_gain":0.0,"max_hp_loss":0.0,"gold_gain":0.0,"event_name":"Match and Keep!","player_choice":"1 cards matched","floor":20.0,"gold_loss":0.0,"damage_taken":0.0,"cards_obtained":["Biased Cognition"]},{"damage_healed":9.0,"max_hp_gain":0.0,"max_hp_loss":0.0,"gold_gain":0.0,"event_name":"Wheel of Change","player_choice":"Full Heal","floor":30.0,"gold_loss":0.0,"damage_taken":0.0},{"damage_healed":0,"gold_gain":0,"player_choice":"Fight","damage_taken":0,"max_hp_gain":0,"max_hp_loss":0,"event_name":"MindBloom","floor":36,"gold_loss":0},{"cards_removed":["Strike_B"],"damage_healed":0,"gold_gain":0,"player_choice":"Removed Attack","damage_taken":0,"max_hp_gain":0,"max_hp_loss":0,"event_name":"Falling","floor":45,"gold_loss":0}],"is_beta":false,"boss_relics":[{"not_picked":["Calling Bell","Inserter"],"picked":"Philosopher\u0027s Stone"},{"not_picked":["Empty Cage","SacredBark"],"picked":"Cursed Key"}],"items_purged_floors":[39],"is_endless":false,"potions_floor_spawned":[1,8,14,16,19,22,23,27,31,44,47,48],"killed_by":"Donu and Deca","ascension_level":7}}