{"host":"1mv6gj0zv8k9e9tz","time":1611421425,"event":{"mods":["AchievementEnabler","BaseMod","Better Third Choice","Colored Map","KOR Keyword Fix","Minty Spire (QoL Compilation)","Permanent Neow","Rare Cards Sparkle","StSLib"],"gold_per_floor":[114,130,55,1,1,27,37,62,88,113,113,113,147,162,162,234,234,251,262,276,287,303,303,335,335,335,335,335,260,274,285,285,364,364,384,76,87,0,0,0,0,53,105,123,123,141,170,190,190,190,190,190,20,50,50],"floor_reached":56,"language":"KOR","playtime":2650,"items_purged":["Strike_G","Calculated Gamble"],"score":2433,"play_id":"8c593f37-897c-4715-b28d-d6611a855875","local_time":"20210124020345","is_ascension_mode":true,"campfire_choices":[{"data":"Venomology","floor":11.0,"key":"SMITH"},{"data":"Corpse Explosion","floor":15.0,"key":"SMITH"},{"data":"Footwork","floor":23.0,"key":"SMITH"},{"data":"Neutralize","floor":25.0,"key":"SMITH"},{"data":"Corpse Explosion","floor":27.0,"key":"SMITH"},{"data":"Catalyst","floor":32.0,"key":"SMITH"},{"data":"Blur","floor":40.0,"key":"SMITH"},{"floor":45.0,"key":"RECALL"},{"data":"Noxious Fumes","floor":49.0,"key":"SMITH"},{"data":"PiercingWail","floor":52.0,"key":"SMITH"}],"circlet_count":0,"master_deck":["AscendersBane","Defend_G","Defend_G","Defend_G","Defend_G","Defend_G","Survivor","Neutralize+1","Deadly Poison+1","Corpse Explosion+1","Venomology+1","Footwork+1","Blur+1","Bullet Time","Backflip+1","PiercingWail+1","Dodge and Roll+1","Corpse Explosion+1","Catalyst+1","Bullet Time","PiercingWail","Noxious Fumes+1"],"relics":["Ring of the Snake","NeowsBlessing","Potion Belt","Orichalcum","Oddly Smooth Stone","Odd Mushroom","The Courier","Snecko Eye","Bag of Marbles","Thread and Needle","Empty Cage","TheAbacus","War Paint","Red Mask","Gambling Chip","Shuriken","Mercury Hourglass"],"acts_visited":["Exordium","TheCity","TheBeyond","TheEnding"],"potions_floor_usage":[54,55,55,55,55,55,55,55,55,55],"damage_taken":[{"damage":0.0,"enemies":"Jaw Worm","floor":1.0,"turns":1.0},{"damage":0.0,"enemies":"Small Slimes","floor":2.0,"turns":1.0},{"damage":0.0,"enemies":"3 Sentries","floor":6.0,"turns":1.0},{"damage":10.0,"enemies":"2 Louse","floor":7.0,"turns":3.0},{"damage":3.0,"enemies":"Gremlin Nob","floor":8.0,"turns":3.0},{"damage":17.0,"enemies":"The Mushroom Lair","floor":10.0,"turns":3.0},{"damage":1.0,"enemies":"Lagavulin","floor":13.0,"turns":5.0},{"damage":1.0,"enemies":"2 Fungi Beasts","floor":14.0,"turns":3.0},{"damage":23.0,"enemies":"Slime Boss","floor":16.0,"turns":7.0},{"damage":0.0,"enemies":"2 Thieves","floor":18.0,"turns":3.0},{"damage":2.0,"enemies":"Chosen","floor":19.0,"turns":5.0},{"damage":0.0,"enemies":"Centurion and Healer","floor":20.0,"turns":5.0},{"damage":12.0,"enemies":"Snecko","floor":21.0,"turns":7.0},{"damage":15.0,"enemies":"Shelled Parasite and Fungi","floor":22.0,"turns":5.0},{"damage":39.0,"enemies":"Gremlin Leader","floor":24.0,"turns":7.0},{"damage":0.0,"enemies":"3 Cultists","floor":30.0,"turns":2.0},{"damage":0.0,"enemies":"Snecko","floor":31.0,"turns":5.0},{"damage":0.0,"enemies":"Collector","floor":33.0,"turns":6.0},{"damage":0.0,"enemies":"3 Darklings","floor":35.0,"turns":1.0},{"damage":0.0,"enemies":"Orb Walker","floor":37.0,"turns":4.0},{"damage":0.0,"enemies":"4 Shapes","floor":41.0,"turns":1.0},{"damage":0.0,"enemies":"2 Orb Walkers","floor":42.0,"turns":2.0},{"damage":0.0,"enemies":"Maw","floor":44.0,"turns":5.0},{"damage":0.0,"enemies":"3 Darklings","floor":46.0,"turns":1.0},{"damage":0.0,"enemies":"Nemesis","floor":47.0,"turns":7.0},{"damage":8.0,"enemies":"Spire Growth","floor":48.0,"turns":3.0},{"damage":0.0,"enemies":"Awakened One","floor":50.0,"turns":14.0},{"damage":0,"enemies":"Shield and Spear","floor":54,"turns":3},{"damage":25,"enemies":"The Heart","floor":55,"turns":8}],"seed_played":"9098554728676060003","potions_obtained":[{"floor":1.0,"key":"FearPotion"},{"floor":6.0,"key":"DistilledChaos"},{"floor":7.0,"key":"SteroidPotion"},{"floor":8.0,"key":"Regen Potion"},{"floor":13.0,"key":"Fire Potion"},{"floor":20.0,"key":"FairyPotion"},{"floor":22.0,"key":"DistilledChaos"},{"floor":24.0,"key":"Strength Potion"},{"floor":30.0,"key":"EntropicBrew"},{"floor":37.0,"key":"SmokeBomb"},{"floor":44.0,"key":"AttackPotion"}],"is_trial":false,"path_per_floor":["M","M","?","$","?","E","M","E","T","?","R","?","E","M","R","B",null,"M","M","M","M","M","R","E","R","T","R","?","?","M","M","R","B",null,"M","$","M","?","?","R","M","?","T","M","R","M","E","M","R","B",null,"R","$","E","B",null],"character_chosen":"THE_SILENT","items_purchased":["Dagger Spray","TheAbacus","War Paint","EntropicBrew"],"campfire_rested":0,"item_purchase_floors":[4,36,36,53],"current_hp_per_floor":[59,59,59,59,59,59,49,46,46,29,29,29,43,42,42,19,54,54,52,52,40,25,25,11,11,11,11,11,11,11,11,11,11,52,52,52,52,52,52,52,52,52,52,52,52,52,52,44,44,44,61,61,61,61,36],"gold":50,"neow_bonus":"THREE_ENEMY_KILL","is_daily":false,"chose_seed":false,"campfire_upgraded":9,"win_rate":0.0,"timestamp":1611421425,"path_taken":["M","M","?","$","?","E","M","E","T","?","R","?","E","M","R","BOSS","M","M","M","M","M","R","E","R","T","R","?","?","M","M","R","BOSS","M","$","M","?","?","R","M","?","T","M","R","M","E","M","R","BOSS","R","$","E","BOSS"],"items_purchased_type":["Card","Relic","Relic","Potion"],"build_version":"2020-12-22","purchased_purges":2,"victory":true,"max_hp_per_floor":[66,66,66,66,66,66,66,66,66,66,66,66,66,66,66,66,66,66,66,66,66,66,66,66,66,66,66,66,66,66,66,66,66,66,66,66,66,66,66,66,66,66,66,66,66,66,66,66,66,66,66,66,66,66,66],"card_choices":[{"not_picked":["Heel Hook","Skewer","Flying Knee"],"picked":"SKIP","floor":1.0},{"not_picked":["Outmaneuver","Deflect"],"picked":"Deadly Poison","floor":2.0},{"not_picked":["Footwork","Outmaneuver"],"picked":"Corpse Explosion","floor":6.0},{"not_picked":["Cloak And Dagger","Dagger Spray","Sucker Punch"],"picked":"SKIP","floor":7.0},{"not_picked":["Terror","A Thousand Cuts"],"picked":"Venomology","floor":8.0},{"not_picked":["Underhanded Strike","Slice"],"picked":"Footwork","floor":10.0},{"not_picked":["Calculated Gamble","Predator"],"picked":"Blur","floor":13.0},{"not_picked":["Slice","Predator","Bane"],"picked":"SKIP","floor":14.0},{"not_picked":["Die Die Die","Unload"],"picked":"Bullet Time","floor":16.0},{"not_picked":["Dagger Throw","Setup","Heel Hook"],"picked":"SKIP","floor":18.0},{"not_picked":["Slice","Terror"],"picked":"Backflip","floor":19.0},{"not_picked":["Skewer+1","Underhanded Strike"],"picked":"PiercingWail","floor":20.0},{"not_picked":["Cloak And Dagger","Predator"],"picked":"Dodge and Roll","floor":21.0},{"not_picked":["Well Laid Plans+1","Blade Dance"],"picked":"Calculated Gamble","floor":22.0},{"not_picked":["Prepared","Backstab"],"picked":"Corpse Explosion","floor":24.0},{"not_picked":["Flying Knee","Slice","Dodge and Roll"],"picked":"SKIP","floor":30.0},{"not_picked":["Infinite Blades","Prepared"],"picked":"Catalyst","floor":31.0},{"not_picked":["Tools of the Trade","Night Terror"],"picked":"Bullet Time","floor":33.0},{"not_picked":["Blade Dance","Dagger Throw","Cloak And Dagger"],"picked":"SKIP","floor":35.0},{"not_picked":["Expertise","Setup","Outmaneuver"],"picked":"SKIP","floor":37.0},{"not_picked":["Blade Dance+1","Outmaneuver"],"picked":"PiercingWail","floor":42.0},{"not_picked":["Finisher+1","Dagger Spray+1","Calculated Gamble+1"],"picked":"SKIP","floor":44.0},{"not_picked":["Cloak And Dagger+1","Blade Dance+1","Dagger Throw"],"picked":"SKIP","floor":46.0},{"not_picked":["Cloak And Dagger","Deadly Poison","Acrobatics"],"picked":"SKIP","floor":47.0},{"not_picked":["Distraction","Tools of the Trade"],"picked":"Noxious Fumes","floor":48.0},{"not_picked":["Distraction+1","Poisoned Stab+1","Slice"],"picked":"SKIP","floor":54}],"player_experience":549670,"relics_obtained":[{"floor":6.0,"key":"Potion Belt"},{"floor":8.0,"key":"Orichalcum"},{"floor":9.0,"key":"Oddly Smooth Stone"},{"floor":10.0,"key":"Odd Mushroom"},{"floor":13.0,"key":"The Courier"},{"floor":24.0,"key":"Bag of Marbles"},{"floor":26.0,"key":"Thread and Needle"},{"floor":42.0,"key":"Gambling Chip"},{"floor":47.0,"key":"Shuriken"},{"floor":54,"key":"Mercury Hourglass"}],"event_choices":[{"cards_removed":["Strike_G"],"damage_healed":0.0,"max_hp_gain":0.0,"max_hp_loss":0.0,"gold_gain":0.0,"event_name":"The Cleric","player_choice":"Card Removal","floor":3.0,"gold_loss":75.0,"damage_taken":0.0},{"damage_healed":0.0,"max_hp_gain":0.0,"max_hp_loss":0.0,"gold_gain":0.0,"event_name":"betterThird:BetterSerpent","player_choice":"Ignored","floor":5.0,"gold_loss":0.0,"damage_taken":1.0},{"damage_healed":0.0,"max_hp_gain":0.0,"max_hp_loss":0.0,"gold_gain":0.0,"event_name":"Mushrooms","player_choice":"Fought Mushrooms","floor":10.0,"gold_loss":0.0,"damage_taken":0.0},{"damage_healed":0.0,"max_hp_gain":0.0,"max_hp_loss":0.0,"gold_gain":0.0,"event_name":"Living Wall","player_choice":"Grow","floor":12.0,"gold_loss":0.0,"damage_taken":0.0,"cards_upgraded":["Deadly Poison"]},{"damage_healed":0.0,"max_hp_gain":0.0,"max_hp_loss":0.0,"gold_gain":0.0,"event_name":"Ghosts","player_choice":"Ignored","floor":28.0,"gold_loss":0.0,"damage_taken":0.0},{"cards_removed":["Strike_G"],"damage_healed":0.0,"max_hp_gain":0.0,"max_hp_loss":0.0,"gold_gain":0.0,"event_name":"Beggar","player_choice":"Gave Gold","floor":29.0,"gold_loss":75.0,"damage_taken":0.0},{"damage_healed":0.0,"max_hp_gain":0.0,"max_hp_loss":0.0,"gold_gain":0.0,"event_name":"Tomb of Lord Red Mask","player_choice":"Paid","floor":38.0,"gold_loss":87.0,"damage_taken":0.0,"relics_obtained":["Red Mask"]},{"cards_removed":["Dagger Spray"],"damage_healed":0.0,"max_hp_gain":0.0,"max_hp_loss":0.0,"gold_gain":0.0,"event_name":"Falling","player_choice":"Removed Attack","floor":39.0,"gold_loss":0.0,"damage_taken":0.0},{"damage_healed":0.0,"max_hp_gain":0.0,"max_hp_loss":0.0,"gold_gain":0.0,"event_name":"Mysterious Sphere","player_choice":"Fight","floor":42.0,"gold_loss":0.0,"damage_taken":0.0}],"is_beta":false,"boss_relics":[{"not_picked":["Fusion Hammer","WristBlade"],"picked":"Snecko Eye"},{"not_picked":["Velvet Choker","Ring of the Serpent"],"picked":"Empty Cage"}],"items_purged_floors":[36,53],"is_endless":false,"potions_floor_spawned":[1,6,7,8,13,20,22,24,30,37,44,48],"ascension_level":19}}