{"host":"l5xpox9cbdko122s","time":1611437218,"event":{"mods":["AchievementEnabler","BaseMod","Better Skull","Colored Map","Colored Powertips","Curses Come First","Displayed Cursed Tome","Hermit","Highlight Path","Minty Spire (QoL Compilation)","Quick Restart","Shop Mod","StSLib"],"gold_per_floor":[117,117,117,137,150,183,183,203,227,240,258,258,275,11,11,113,113,131,131,14,14,28,28,42,42,67,79,92,111,129,0,0,0,0],"floor_reached":33,"language":"ENG","playtime":1637,"items_purged":["Strike_R","Strike_R"],"score":253,"play_id":"56412880-8514-44e5-bdb2-81c91a4561de","local_time":"20210123162658","is_ascension_mode":false,"campfire_choices":[{"floor":7,"key":"RECALL"},{"data":"Cleave","floor":12,"key":"SMITH"},{"floor":15,"key":"REST"},{"data":"Thunderclap","floor":23,"key":"SMITH"},{"floor":25,"key":"REST"},{"data":"Fire Breathing","floor":32,"key":"SMITH"}],"circlet_count":0,"master_deck":["Strike_R","Strike_R+1","Strike_R+1","Defend_R","Defend_R","Defend_R","Defend_R","Bash","Thunderclap+1","Cleave+1","Flame Barrier","Fire Breathing+1"],"relics":["Philosopher\u0027s Stone","Membership Card","MerchantsRug","Velvet Choker","Strawberry","Vajra"],"acts_visited":["Exordium","TheCity"],"potions_floor_usage":[5,6,6,6,10,16,24,33,33],"damage_taken":[{"damage":6,"enemies":"Small Slimes","floor":1,"turns":4},{"damage":0,"enemies":"Cultist","floor":4,"turns":4},{"damage":0,"enemies":"Jaw Worm","floor":5,"turns":2},{"damage":33,"enemies":"Lagavulin","floor":6,"turns":6},{"damage":7,"enemies":"Looter","floor":8,"turns":3},{"damage":7,"enemies":"Exordium Thugs","floor":10,"turns":3},{"damage":2,"enemies":"3 Louse","floor":11,"turns":3},{"damage":8,"enemies":"Blue Slaver","floor":13,"turns":2},{"damage":72,"enemies":"Hexaghost","floor":16,"turns":10},{"damage":23,"enemies":"3 Byrds","floor":18,"turns":4},{"damage":2,"enemies":"Chosen","floor":22,"turns":4},{"damage":12,"enemies":"Snecko","floor":24,"turns":5},{"damage":5,"enemies":"Cultist and Chosen","floor":27,"turns":6},{"damage":0,"enemies":"3 Cultists","floor":28,"turns":3},{"damage":9,"enemies":"Centurion and Healer","floor":29,"turns":3},{"damage":8,"enemies":"Chosen and Byrds","floor":30,"turns":4},{"damage":64,"enemies":"Champ","floor":33,"turns":9}],"seed_played":"2723177870164723411","potions_obtained":[{"floor":3,"key":"LiquidBronze"},{"floor":3,"key":"Block Potion"},{"floor":3,"key":"Regen Potion"},{"floor":5,"key":"AttackPotion"},{"floor":6,"key":"FairyPotion"},{"floor":8,"key":"DuplicationPotion"},{"floor":13,"key":"Strength Potion"},{"floor":22,"key":"Dexterity Potion"},{"floor":24,"key":"CultistPotion"},{"floor":30,"key":"ColorlessPotion"}],"is_trial":false,"path_per_floor":["M","?","?","M","M","E","R","M","T","M","M","R","M","$","R","B",null,"M","?","$","?","M","R","M","R","T","M","M","M","M","?","R","B"],"character_chosen":"IRONCLAD","items_purchased":["Membership Card","MerchantsRug","Strawberry"],"campfire_rested":2,"item_purchase_floors":[14,14,20],"current_hp_per_floor":[74,79,79,79,79,58,58,51,51,44,42,42,34,34,59,15,85,62,62,69,69,67,67,55,82,82,77,77,68,60,60,60,0,0],"gold":0,"neow_bonus":"BOSS_RELIC","is_daily":false,"chose_seed":false,"campfire_upgraded":3,"win_rate":0.0,"timestamp":1611437218,"path_taken":["M","?","?","M","M","E","R","?","T","?","M","R","M","?","R","BOSS","M","?","$","?","?","R","M","R","T","M","M","M","M","?","R","BOSS"],"items_purchased_type":["Relic","Relic","Relic"],"build_version":"2020-12-22","purchased_purges":2,"victory":false,"max_hp_per_floor":[80,85,85,85,85,85,85,85,85,85,85,85,85,85,85,85,85,85,85,92,92,92,92,92,92,92,92,92,92,92,92,92,92,92],"card_choices":[{"not_picked":["Twin Strike","Warcry","Heavy Blade"],"picked":"SKIP","floor":1},{"not_picked":["Armaments","Shrug It Off","Perfected Strike"],"picked":"SKIP","floor":4},{"not_picked":["True Grit","Clash"],"picked":"Thunderclap","floor":5},{"not_picked":["Anger","Havoc","Corruption"],"picked":"SKIP","floor":6},{"not_picked":["Havoc","Feel No Pain","Infernal Blade"],"picked":"SKIP","floor":8},{"not_picked":["Flex","Sentinel","Headbutt"],"picked":"SKIP","floor":10},{"not_picked":["Havoc","Pummel"],"picked":"Cleave","floor":11},{"not_picked":["Body Slam","Thunderclap","Iron Wave"],"picked":"SKIP","floor":13},{"not_picked":["Headbutt","Pommel Strike","Clash+1"],"picked":"SKIP","floor":18},{"not_picked":["Iron Wave+1","True Grit","Wild Strike+1"],"picked":"SKIP","floor":22},{"not_picked":["Clothesline","Iron Wave","Heavy Blade"],"picked":"SKIP","floor":24},{"not_picked":["Iron Wave","Bloodletting+1","Anger"],"picked":"SKIP","floor":27},{"not_picked":["Entrench","Anger","Shrug It Off"],"picked":"SKIP","floor":28},{"not_picked":["Infernal Blade","Clash+1"],"picked":"Fire Breathing","floor":29},{"not_picked":["Second Wind","Bludgeon","Perfected Strike"],"picked":"SKIP","floor":30}],"player_experience":183745,"relics_obtained":[{"floor":6,"key":"Whetstone"},{"floor":26,"key":"Vajra"}],"event_choices":[{"damage_healed":0,"gold_gain":0,"player_choice":"Donut","damage_taken":0,"max_hp_gain":5,"max_hp_loss":0,"event_name":"Big Fish","floor":2,"gold_loss":0},{"damage_healed":0,"gold_gain":0,"player_choice":"Got Potions","damage_taken":0,"max_hp_gain":0,"max_hp_loss":0,"event_name":"Lab","floor":3,"gold_loss":0},{"damage_healed":0,"gold_gain":0,"player_choice":"Ignored","damage_taken":0,"max_hp_gain":0,"max_hp_loss":0,"event_name":"Cursed Tome","floor":19,"gold_loss":0},{"damage_healed":0,"gold_gain":0,"player_choice":"Read","damage_taken":0,"max_hp_gain":0,"max_hp_loss":0,"event_name":"The Library","floor":21,"gold_loss":0,"cards_obtained":["Flame Barrier"]},{"damage_healed":0,"gold_gain":0,"player_choice":"Paid Fearfully","damage_taken":0,"max_hp_gain":0,"max_hp_loss":0,"event_name":"Masked Bandits","floor":31,"gold_loss":129}],"is_beta":false,"boss_relics":[{"not_picked":["Busted Crown","Runic Dome"],"picked":"Velvet Choker"}],"items_purged_floors":[14,20],"is_endless":false,"potions_floor_spawned":[5,6,8,13,22,24,30],"killed_by":"Champ","ascension_level":0}}