{"host":"928gv66myv2vlnsd","time":1611379602,"event":{"mods":["BaseMod","Minty Spire (QoL Compilation)","StSLib"],"gold_per_floor":[113,113,263,274,274,274,274,274,274,302,318,330,361,361,361,361,361],"floor_reached":16,"language":"ENG","playtime":378,"items_purged":[],"score":211,"play_id":"d0bdc4db-8aed-43bc-a1f6-fdc870207c8d","local_time":"20210123002642","is_ascension_mode":true,"campfire_choices":[{"data":"Bash","floor":6,"key":"SMITH"},{"floor":8,"key":"REST"},{"data":"True Grit","floor":15,"key":"SMITH"}],"circlet_count":0,"master_deck":["AscendersBane","Strike_R","Strike_R","Strike_R","Strike_R","Strike_R","Defend_R","Defend_R","Defend_R","Defend_R","Bash+1","Perfected Strike+1","True Grit+1","Reaper"],"relics":["Burning Blood","CaptainsWheel","Paper Frog","Oddly Smooth Stone","Orichalcum","Pen Nib"],"acts_visited":["Exordium"],"potions_floor_usage":[13],"damage_taken":[{"damage":2,"enemies":"Jaw Worm","floor":1,"turns":4},{"damage":6,"enemies":"2 Louse","floor":4,"turns":2},{"damage":8,"enemies":"Gremlin Nob","floor":10,"turns":3},{"damage":6,"enemies":"Small Slimes","floor":11,"turns":3},{"damage":11,"enemies":"3 Louse","floor":12,"turns":4},{"damage":4,"enemies":"Lagavulin","floor":13,"turns":5},{"damage":66,"enemies":"The Guardian","floor":16,"turns":11}],"seed_played":"-6740487479305495767","potions_obtained":[{"floor":10,"key":"DuplicationPotion"},{"floor":11,"key":"ElixirPotion"},{"floor":12,"key":"CultistPotion"}],"is_trial":false,"path_per_floor":["M","?","?","M","?","R","?","R","T","E","M","M","E","?","R","B"],"character_chosen":"IRONCLAD","items_purchased":[],"campfire_rested":1,"item_purchase_floors":[],"current_hp_per_floor":[54,54,54,54,47,47,52,76,76,74,74,69,71,60,60,0,0],"gold":361,"neow_bonus":"ONE_RARE_RELIC","is_daily":false,"chose_seed":false,"campfire_upgraded":2,"win_rate":0.0,"timestamp":1611379602,"path_taken":["M","?","?","M","?","R","?","R","T","E","M","M","E","?","R","BOSS"],"items_purchased_type":[],"build_version":"2020-12-22","purchased_purges":0,"victory":false,"max_hp_per_floor":[75,75,75,75,75,75,80,80,80,80,80,80,80,80,80,80,80],"card_choices":[{"not_picked":["Body Slam","Blood for Blood"],"picked":"Perfected Strike","floor":1},{"not_picked":["Heavy Blade","Havoc","Thunderclap"],"picked":"SKIP","floor":4},{"not_picked":["Flex","Carnage","Thunderclap"],"picked":"SKIP","floor":10},{"not_picked":["Thunderclap","Heavy Blade","Clash"],"picked":"SKIP","floor":11},{"not_picked":["Pummel","Headbutt"],"picked":"True Grit","floor":12},{"not_picked":["Dual Wield","Rage"],"picked":"Reaper","floor":13}],"player_experience":1301814,"relics_obtained":[{"floor":9,"key":"Paper Frog"},{"floor":10,"key":"Oddly Smooth Stone"},{"floor":13,"key":"Orichalcum"}],"event_choices":[{"damage_healed":0,"gold_gain":0,"player_choice":"Grow","damage_taken":0,"max_hp_gain":0,"max_hp_loss":0,"event_name":"Living Wall","floor":2,"gold_loss":0,"cards_upgraded":["Perfected Strike"]},{"damage_healed":0,"gold_gain":150,"player_choice":"AGREE","damage_taken":0,"max_hp_gain":0,"max_hp_loss":0,"event_name":"Liars Game","floor":3,"gold_loss":0,"cards_obtained":["Doubt"]},{"cards_removed":["Doubt"],"damage_healed":0,"gold_gain":0,"player_choice":"Card Removal","damage_taken":7,"max_hp_gain":0,"max_hp_loss":0,"event_name":"Golden Wing","floor":5,"gold_loss":0},{"damage_healed":0,"gold_gain":0,"player_choice":"Donut","damage_taken":0,"max_hp_gain":5,"max_hp_loss":0,"event_name":"Big Fish","floor":7,"gold_loss":0},{"damage_healed":0,"gold_gain":0,"player_choice":"Success","damage_taken":11,"relics_obtained":["Pen Nib"],"max_hp_gain":0,"max_hp_loss":0,"event_name":"Scrap Ooze","floor":14,"gold_loss":0}],"is_beta":false,"boss_relics":[],"items_purged_floors":[],"is_endless":false,"potions_floor_spawned":[10,11,12],"killed_by":"The Guardian","ascension_level":19}}