{"host":"746m694if73h3gai","time":1611391473,"event":{"mods":["2.2 Compatiblity","AchievementEnabler","Act Like it!","BaseMod","Colored Map","Colored Powertips","Downfall","Minty Spire (QoL Compilation)","Quick Restart","Rare Cards Sparkle","Relic Stats","StSLib","everything is the same but u backflip on backflip","slay the spire mod where everything is the same but ironclad has a cowboy hat"],"gold_per_floor":[114,114,127,146,158,189,189,208,208,236,254,279,454,467,467,565,615,634,388,400,400,103,103,130,130,130],"floor_reached":25,"language":"ENG","playtime":798,"items_purged":["Strike_B","Doubt"],"score":304,"play_id":"98bea5da-fb11-49ad-95f3-95feced6ad8d","local_time":"20210123094433","is_ascension_mode":true,"campfire_choices":[{"data":"Sunder","floor":7,"key":"SMITH"},{"floor":15,"key":"REST"},{"data":"Reprogram","floor":23,"key":"SMITH"}],"circlet_count":0,"master_deck":["Strike_B","Strike_B","Strike_B","Defend_B","Defend_B","Defend_B","Defend_B","Zap+1","Dualcast","Sunder+1","Gash","Darkness","BootSequence","Steam","Ball Lightning","Biased Cognition","Glacier","Electrodynamics","Gash","Glacier","Coolheaded","Chill+1","All For One","Beam Cell","Reprogram+1","Gash+1"],"relics":["Cracked Core","Ice Cream","Pen Nib","Centennial Puzzle","InkBottle","Tiny House","MealTicket","Toy Ornithopter","HornCleat"],"acts_visited":["Exordium","TheCity"],"potions_floor_usage":[2,10,12,16,24,24,24],"damage_taken":[{"damage":11,"enemies":"Jaw Worm","floor":1,"turns":5},{"damage":1,"enemies":"Cultist","floor":3,"turns":3},{"damage":0,"enemies":"2 Louse","floor":4,"turns":2},{"damage":6,"enemies":"Exordium Thugs","floor":5,"turns":4},{"damage":15,"enemies":"Lagavulin","floor":6,"turns":6},{"damage":3,"enemies":"Large Slime","floor":8,"turns":5},{"damage":5,"enemies":"3 Sentries","floor":10,"turns":5},{"damage":0,"enemies":"Red Slaver","floor":11,"turns":2},{"damage":16,"enemies":"Gremlin Nob","floor":12,"turns":3},{"damage":5,"enemies":"Exordium Thugs","floor":14,"turns":3},{"damage":10,"enemies":"The Guardian","floor":16,"turns":11},{"damage":0,"enemies":"3 Byrds","floor":18,"turns":2},{"damage":2,"enemies":"2 Thieves","floor":20,"turns":4},{"damage":94,"enemies":"Book of Stabbing","floor":24,"turns":8},{"damage":14,"enemies":"Shelled Parasite and Fungi","floor":25,"turns":3}],"seed_played":"4814320166290140234","potions_obtained":[{"floor":1,"key":"Fruit Juice"},{"floor":2,"key":"Guardian:BlockOnCardUsePotion"},{"floor":2,"key":"FearPotion"},{"floor":2,"key":"EssenceOfDarkness"},{"floor":11,"key":"GamblersBrew"},{"floor":16,"key":"Weak Potion"},{"floor":17,"key":"EntropicBrew"},{"floor":24,"key":"LiquidBronze"}],"is_trial":false,"path_per_floor":["M","?","M","M","M","E","R","M","T","E","M","E","?","M","R","B",null,"M","$","M","?","$","R","E","M"],"character_chosen":"DEFECT","items_purchased":["MealTicket","Coolheaded","All For One","Beam Cell","Reprogram"],"campfire_rested":1,"item_purchase_floors":[19,19,22,22,22],"current_hp_per_floor":[71,76,75,75,69,54,54,51,51,46,46,30,30,25,51,41,92,92,92,90,90,92,92,13,0,0],"gold":130,"neow_bonus":"TEN_PERCENT_HP_BONUS","is_daily":false,"chose_seed":false,"campfire_upgraded":2,"win_rate":0.0,"timestamp":1611391473,"path_taken":["M","?","M","M","?","E","R","M","T","E","M","E","?","M","R","BOSS","M","$","M","?","$","R","E","M"],"items_purchased_type":["Relic","Card","Card","Card","Card"],"build_version":"2020-12-22","purchased_purges":2,"victory":false,"max_hp_per_floor":[82,87,87,87,87,87,87,87,87,87,87,87,87,87,87,87,92,92,92,92,92,92,92,92,92,92],"relic_stats":{"Centennial Puzzle":[18],"counters":[15,66],"MealTicket":2,"Pen Nib":[5],"obtain_stats":[{"Ice Cream":6,"Centennial Puzzle":10,"Tiny House":17,"HornCleat":24,"MealTicket":19,"Pen Nib":9,"Cracked Core":0,"InkBottle":12,"Toy Ornithopter":21},{"Ice Cream":5,"Centennial Puzzle":7,"Tiny House":11,"HornCleat":14,"MealTicket":12,"Pen Nib":6,"Cracked Core":0,"InkBottle":9,"Toy Ornithopter":13},{"Ice Cream":20,"Centennial Puzzle":30,"Tiny House":49,"HornCleat":63,"MealTicket":51,"Pen Nib":25,"Cracked Core":0,"InkBottle":35,"Toy Ornithopter":55}],"InkBottle":[9],"Toy Ornithopter":15},"card_choices":[{"not_picked":["Barrage","Steam Power"],"picked":"Sunder","floor":1},{"not_picked":["Scrape","Aggregate"],"picked":"Gash","floor":3},{"not_picked":["Compile Driver","Barrage"],"picked":"Darkness","floor":4},{"not_picked":["Streamline","Rip and Tear"],"picked":"BootSequence","floor":5},{"not_picked":["Sweeping Beam","Ball Lightning"],"picked":"Steam","floor":6},{"not_picked":["FTL","Stack"],"picked":"Ball Lightning","floor":8},{"not_picked":["Steam","Recycle"],"picked":"Biased Cognition","floor":10},{"not_picked":["Compile Driver","Genetic Algorithm"],"picked":"Glacier","floor":11},{"not_picked":["Lockon","Chaos","Tempest"],"picked":"SKIP","floor":12},{"not_picked":["Steam","Conserve Battery","Stack"],"picked":"SKIP","floor":14},{"not_picked":["Multi-Cast","Meteor Strike"],"picked":"Electrodynamics","floor":16},{"not_picked":["Streamline","Hologram"],"picked":"Gash","floor":17},{"not_picked":["Hologram","Ball Lightning"],"picked":"Glacier","floor":18},{"not_picked":["Hello World","Heatsinks"],"picked":"Chill+1","floor":20},{"not_picked":["Leap","Aggregate+1"],"picked":"Gash+1","floor":24}],"player_experience":136468,"relics_obtained":[{"floor":6,"key":"Ice Cream"},{"floor":9,"key":"Pen Nib"},{"floor":10,"key":"Centennial Puzzle"},{"floor":12,"key":"InkBottle"},{"floor":24,"key":"HornCleat"}],"event_choices":[{"damage_healed":0,"gold_gain":0,"player_choice":"Got Potions","damage_taken":0,"max_hp_gain":0,"max_hp_loss":0,"event_name":"Lab","floor":2,"gold_loss":0},{"damage_healed":0,"gold_gain":175,"player_choice":"AGREE","damage_taken":0,"max_hp_gain":0,"max_hp_loss":0,"event_name":"Liars Game","floor":13,"gold_loss":0,"cards_obtained":["Doubt"]},{"damage_healed":0,"gold_gain":0,"player_choice":"Opened","damage_taken":0,"relics_obtained":["Toy Ornithopter"],"max_hp_gain":0,"max_hp_loss":0,"event_name":"The Mausoleum","floor":21,"gold_loss":0}],"is_beta":false,"boss_relics":[{"not_picked":["Fusion Hammer","Empty Cage"],"picked":"Tiny House"}],"items_purged_floors":[19,22],"is_endless":false,"potions_floor_spawned":[1,5,8,11,16,24],"killed_by":"Shelled Parasite and Fungi","ascension_level":3}}