{"host":"sian7qp8a9pc9xwd","time":1611410299,"event":{"mods":["BaseMod","Minty Spire (QoL Compilation)","StSLib","SuperFastMode"],"gold_per_floor":[112,112,44,58,68,68,68,138,138,165,183,183,183,195,195,292,292,309,162,177,187,90,90,123,123,198,198,211,54,65,77,77,77,77],"floor_reached":33,"language":"ENG","playtime":1066,"items_purged":["Strike_R"],"score":401,"play_id":"d5ad067b-82a7-4e48-91cf-5947b90a31a0","local_time":"20210123085819","is_ascension_mode":true,"campfire_choices":[{"data":"Rampage","floor":6,"key":"SMITH"},{"data":"True Grit","floor":12,"key":"SMITH"},{"data":"True Grit","floor":15,"key":"SMITH"},{"floor":23,"key":"REST"},{"floor":25,"key":"REST"},{"floor":32,"key":"REST"}],"circlet_count":0,"master_deck":["AscendersBane","Strike_R","Strike_R","Strike_R","Strike_R","Defend_R","Defend_R","Defend_R","Defend_R","Bash","Rampage+1","Battle Trance","True Grit+1","Clash","True Grit+1","Corruption+1","Rampage","Dark Embrace+1","Finesse","Decay","Sever Soul+1"],"relics":["Burning Blood","Frozen Egg 2","Letter Opener","Pantograph","Sozu","MealTicket","Sundial","Sling"],"acts_visited":["Exordium","TheCity"],"potions_floor_usage":[18,21],"damage_taken":[{"damage":6,"enemies":"Cultist","floor":1,"turns":3},{"damage":14,"enemies":"Jaw Worm","floor":4,"turns":3},{"damage":2,"enemies":"2 Louse","floor":5,"turns":2},{"damage":34,"enemies":"Gremlin Nob","floor":10,"turns":4},{"damage":10,"enemies":"2 Fungi Beasts","floor":11,"turns":4},{"damage":9,"enemies":"Red Slaver","floor":14,"turns":3},{"damage":45,"enemies":"The Guardian","floor":16,"turns":10},{"damage":18,"enemies":"2 Thieves","floor":18,"turns":4},{"damage":19,"enemies":"3 Byrds","floor":20,"turns":5},{"damage":33,"enemies":"Shelled Parasite and Fungi","floor":21,"turns":6},{"damage":23,"enemies":"Gremlin Leader","floor":24,"turns":4},{"damage":39,"enemies":"Snake Plant","floor":28,"turns":5},{"damage":16,"enemies":"3 Cultists","floor":30,"turns":5},{"damage":11,"enemies":"Cultist and Chosen","floor":31,"turns":5},{"damage":66,"enemies":"Champ","floor":33,"turns":6}],"seed_played":"1751390093618356617","potions_obtained":[{"floor":1,"key":"Energy Potion"},{"floor":11,"key":"LiquidBronze"}],"is_trial":false,"path_per_floor":["M","?","$","M","M","R","$","T","T","E","M","R","?","M","R","B",null,"M","$","M","M","$","R","E","R","T","?","M","$","M","M","R","B"],"character_chosen":"IRONCLAD","items_purchased":["Rampage","Rampage","Finesse","Sling"],"campfire_rested":3,"item_purchase_floors":[3,19,22,29],"current_hp_per_floor":[51,80,80,72,76,76,76,76,76,48,44,44,44,41,41,27,67,55,55,42,15,15,39,22,46,46,46,13,28,18,13,37,0,0],"gold":77,"neow_bonus":"THREE_RARE_CARDS","is_daily":false,"chose_seed":false,"campfire_upgraded":3,"win_rate":0.0,"timestamp":1611410299,"path_taken":["M","?","$","?","M","R","?","?","T","E","M","R","?","M","R","BOSS","M","$","M","M","$","R","E","R","T","?","M","?","?","M","R","BOSS"],"items_purchased_type":["Card","Card","Card","Relic"],"build_version":"2020-12-22","purchased_purges":1,"victory":false,"max_hp_per_floor":[80,80,80,80,80,80,80,80,80,80,80,80,80,80,80,80,80,80,80,80,80,80,80,80,80,80,80,80,80,80,80,80,80,80],"card_choices":[{"not_picked":["Barricade","Brutality"],"picked":"Limit Break","floor":0},{"not_picked":["Reckless Charge","Rage"],"picked":"Pummel","floor":1},{"not_picked":["Twin Strike","Rage"],"picked":"Battle Trance","floor":4},{"not_picked":["Perfected Strike","Iron Wave","Armaments"],"picked":"SKIP","floor":5},{"not_picked":["Thunderclap","Power Through"],"picked":"True Grit","floor":10},{"not_picked":["Blood for Blood","Headbutt","Heavy Blade"],"picked":"SKIP","floor":11},{"not_picked":["Flex","Anger"],"picked":"True Grit","floor":14},{"not_picked":["Bludgeon","Fiend Fire"],"picked":"Corruption+1","floor":16},{"not_picked":["Sword Boomerang","Twin Strike","Reckless Charge"],"picked":"SKIP","floor":18},{"not_picked":["Headbutt","True Grit"],"picked":"Dark Embrace+1","floor":20},{"not_picked":["Rampage","Sword Boomerang","Clash+1"],"picked":"SKIP","floor":21},{"not_picked":["Sever Soul","True Grit","Headbutt"],"picked":"SKIP","floor":24},{"not_picked":["Body Slam+1","Headbutt+1","Wild Strike"],"picked":"SKIP","floor":28},{"not_picked":["Infernal Blade","Twin Strike+1","Body Slam"],"picked":"SKIP","floor":30},{"not_picked":["Fiend Fire","Clothesline"],"picked":"Sever Soul+1","floor":31}],"player_experience":761606,"relics_obtained":[{"floor":8,"key":"Frozen Egg 2"},{"floor":9,"key":"Letter Opener"},{"floor":10,"key":"Pantograph"},{"floor":24,"key":"MealTicket"},{"floor":26,"key":"Sundial"}],"event_choices":[{"cards_removed":["Pummel"],"damage_healed":29,"gold_gain":0,"player_choice":"Offered Uncommon","damage_taken":0,"max_hp_gain":0,"max_hp_loss":0,"event_name":"Bonfire Elementals","floor":2,"gold_loss":0},{"damage_healed":0,"gold_gain":0,"cards_transformed":["Limit Break"],"player_choice":"Transformed","damage_taken":0,"max_hp_gain":0,"max_hp_loss":0,"event_name":"Transmorgrifier","floor":13,"gold_loss":0,"cards_obtained":["Clash"]},{"damage_healed":0,"gold_gain":0,"player_choice":"Cursed","damage_taken":0,"max_hp_gain":0,"max_hp_loss":0,"event_name":"Wheel of Change","floor":27,"gold_loss":0,"cards_obtained":["Decay"]}],"is_beta":false,"boss_relics":[{"not_picked":["Ectoplasm","SlaversCollar"],"picked":"Sozu"}],"items_purged_floors":[19],"is_endless":false,"potions_floor_spawned":[1,11,18,24],"killed_by":"Champ","ascension_level":10}}