{"host":"awrw1gk2acwismlg","time":1611397600,"event":{"mods":["100% Spire Juice","ATMod(°¢èªMod)","BaseMod","Bestiary","Hero for Fun","KinomotoSakuraMod(Ä¾Ö®±¾Ó£)","Marisa£¨ìFÓê¡¡Ä§ÀíÉ³£©","Minty Spire (QoL Compilation)","Remilia£¨ÀÙÃ×ÀòÑÇ£©","Robot Space Explorer","Small Relic Pack","StSLib","The Dragon Tamer","Wide Potions","Yakumo Yukari mod","Youmu£¨»êÆÇÑýÃÎ£©","¡¾ÒÅÎï¿¨ÅÆ¡¿REMEMod","óô»ðÖ¸ÄÏ"],"gold_per_floor":[114,125,75,95,110,145,145,506,506,189,208,208,233,248,248,348,348,365,265,284,297,317,57,92,102,150,150,169,169,183,183,34,132,132,171,98,98,234,272,322,97,208,232,232,37,37,37,37,37,87],"floor_reached":51,"language":"ZHS","playtime":2387,"items_purged":["Defend_R","Defend_R","Defend_R","Defend_R"],"score":1102,"play_id":"59ddc8b7-c2ce-4a89-bab4-2ef1911d8389","local_time":"20210123182640","is_ascension_mode":true,"campfire_choices":[{"data":"AT_FamilyPortrait","floor":7,"key":"SMITH"},{"data":"Heavy Blade","floor":12,"key":"SMITH"},{"floor":15,"key":"REST"},{"data":"Heavy Blade","floor":27,"key":"SMITH"},{"data":"Heavy Blade","floor":29,"key":"SMITH"},{"floor":44,"key":"REST"},{"data":"Flex","floor":46,"key":"SMITH"},{"data":"Flex","floor":48,"key":"SMITH"},{"floor":49,"key":"REST"}],"circlet_count":0,"master_deck":["Strike_R","Strike_R","Strike_R","Strike_R","Strike_R","Defend_R","Bash","AT_FamilyPortrait+1","Flex+1","Heavy Blade+1","Flex+1","Heavy Blade+1","Heavy Blade+1","Double Tap","Sword Boomerang","Flex","Flex","Flex","Berserk+1","Inflame+1","REME_BuildACard","Fiend Fire","Flex","Magnetism+1"],"relics":["Burning Blood","AT_ATBox","REME_ComplimentaryCards","Strawberry","REME_PuzzleBoxRelic","Old Coin","Pantograph","AT_BellowingDragoncrestRing","Frozen Egg 2","Black Star","AT_RedNoBalance","Pen Nib","Centennial Puzzle","Nunchaku","REME_LowDesire","AT_MibuBalloonWealth","Toy Ornithopter","relicPack:OneForAll","MealTicket"],"acts_visited":["Exordium","TheCity","TheBeyond"],"potions_floor_usage":[6,8,13,16,21,21,39,39,50,50],"damage_taken":[{"damage":11,"enemies":"Small Slimes","floor":1,"turns":3},{"damage":8,"enemies":"Jaw Worm","floor":2,"turns":3},{"damage":0,"enemies":"Cultist","floor":4,"turns":2},{"damage":9,"enemies":"3 Louse","floor":5,"turns":4},{"damage":45,"enemies":"Gremlin Nob","floor":6,"turns":5},{"damage":5,"enemies":"3 Sentries","floor":8,"turns":3},{"damage":12,"enemies":"Gremlin Gang","floor":11,"turns":3},{"damage":14,"enemies":"Lagavulin","floor":13,"turns":3},{"damage":0,"enemies":"Lots of Slimes","floor":14,"turns":1},{"damage":0,"enemies":"Slime Boss","floor":16,"turns":4},{"damage":20,"enemies":"Chosen","floor":18,"turns":5},{"damage":46,"enemies":"3 Byrds","floor":20,"turns":4},{"damage":1,"enemies":"3 Cultists","floor":21,"turns":3},{"damage":13,"enemies":"Snecko","floor":22,"turns":4},{"damage":27,"enemies":"Book of Stabbing","floor":24,"turns":3},{"damage":11,"enemies":"Sentry and Sphere","floor":25,"turns":3},{"damage":12,"enemies":"3 Cultists","floor":28,"turns":4},{"damage":8,"enemies":"Centurion and Healer","floor":30,"turns":3},{"damage":2,"enemies":"Automaton","floor":33,"turns":2},{"damage":11,"enemies":"Orb Walker","floor":35,"turns":2},{"damage":31,"enemies":"3 Darklings","floor":38,"turns":3},{"damage":30,"enemies":"Maw","floor":39,"turns":3},{"damage":18,"enemies":"Reptomancer","floor":40,"turns":3},{"damage":41,"enemies":"4 Shapes","floor":42,"turns":3},{"damage":21,"enemies":"Nemesis","floor":47,"turns":2},{"damage":69,"enemies":"Donu and Deca","floor":50,"turns":4}],"seed_played":"2324231784501701635","potions_obtained":[{"floor":4,"key":"Swift Potion"},{"floor":5,"key":"Energy Potion"},{"floor":6,"key":"REME_GoldPotion"},{"floor":11,"key":"AttackPotion"},{"floor":13,"key":"Weak Potion"},{"floor":20,"key":"Fire Potion"},{"floor":21,"key":"REME_GoldPotion"},{"floor":25,"key":"AttackPotion"},{"floor":30,"key":"Swift Potion"},{"floor":38,"key":"Strength Potion"},{"floor":42,"key":"Weak Potion"}],"is_trial":false,"path_per_floor":["M","M","?","M","M","E","R","?","T","R","M","R","E","M","R","B",null,"M","$","M","M","M","R","E","M","T","R","M","R","M","?","R","B",null,"M","$","?","M","M","E","R","M","T","R","$","R","E","R","R","B",null],"character_chosen":"IRONCLAD","items_purchased":["AT_BellowingDragoncrestRing","AT_SilverBalance","Flex","Inflame+1","Fiend Fire","Flex","Magnetism+1"],"campfire_rested":3,"item_purchase_floors":[10,23,32,36,41,45,45],"current_hp_per_floor":[82,80,80,86,83,44,44,45,45,45,39,39,31,37,63,87,87,73,73,33,38,31,31,22,38,38,38,37,37,44,100,100,79,100,95,95,95,70,56,47,47,15,15,45,60,60,45,45,75,45],"gold":87,"neow_bonus":"RANDOM_COMMON_RELIC","is_daily":false,"chose_seed":false,"campfire_upgraded":6,"win_rate":0.0,"timestamp":1611397600,"path_taken":["M","M","?","M","M","E","R","?","T","R","M","R","E","M","R","BOSS","M","$","M","M","M","R","E","M","T","R","M","R","M","?","R","BOSS","M","$","?","M","M","E","R","M","T","R","$","R","E","?","R","BOSS"],"items_purchased_type":["Relic","Relic","Card","Card","Card","Card","Card"],"build_version":"2020-12-22","purchased_purges":4,"victory":true,"max_hp_per_floor":[87,87,87,87,87,87,87,87,87,87,87,87,87,87,87,87,87,87,87,87,87,87,87,87,87,87,87,87,87,90,100,100,100,100,100,100,100,100,100,100,100,103,103,103,103,103,103,103,103,103],"card_choices":[{"not_picked":["Seeing Red","Iron Wave"],"picked":"Flex","floor":1},{"not_picked":["Pommel Strike","Spot Weakness"],"picked":"Heavy Blade","floor":2},{"not_picked":["Carnage","Clash"],"picked":"Flex","floor":4},{"not_picked":["Carnage","Perfected Strike","Clash"],"picked":"SKIP","floor":5},{"not_picked":["Iron Wave","True Grit","Perfected Strike"],"picked":"SKIP","floor":6},{"not_picked":["Clothesline","Headbutt"],"picked":"Heavy Blade","floor":8},{"not_picked":["Disarm","Reckless Charge"],"picked":"Heavy Blade","floor":11},{"not_picked":["Immolate","Shrug It Off","AT_BodySlamDance"],"picked":"SKIP","floor":13},{"not_picked":["Cleave","Headbutt","Twin Strike"],"picked":"SKIP","floor":14},{"not_picked":["REME_TheLastStrike","Feed"],"picked":"Double Tap","floor":16},{"not_picked":["Sentinel+1","Body Slam","Reckless Charge"],"picked":"SKIP","floor":18},{"not_picked":["True Grit","Thunderclap"],"picked":"Sword Boomerang","floor":20},{"not_picked":["AT_DiedThrough","Havoc"],"picked":"Flex","floor":21},{"not_picked":["Havoc","Warcry+1","AT_BodySlamDance+1"],"picked":"SKIP","floor":22},{"not_picked":["Twin Strike","Dropkick"],"picked":"Double Tap","floor":24},{"not_picked":["AT_GerminateFire+1","Pommel Strike","AT_IchimonjiDouble"],"picked":"SKIP","floor":25},{"not_picked":["AT_BodySlamDance","Sword Boomerang+1"],"picked":"Flex","floor":28},{"not_picked":["Reckless Charge","Feel No Pain+1","Pommel Strike"],"picked":"SKIP","floor":30},{"not_picked":["Immolate","Corruption+1"],"picked":"Berserk+1","floor":33},{"not_picked":["Clothesline+1","Sword Boomerang","Thunderclap"],"picked":"AT_Homeward","floor":35},{"not_picked":["True Grit+1","Cleave+1","Evolve+1"],"picked":"REME_BuildACard","floor":38},{"not_picked":["Shrug It Off","Rage","True Grit","REME_FirmDetermination+1"],"picked":"SKIP","floor":39},{"not_picked":["AT_ShrugMaster+1","AT_BodySlamDance+1","Twin Strike","Panache+1"],"picked":"SKIP","floor":42}],"player_experience":28798,"relics_obtained":[{"floor":6,"key":"REME_PuzzleBoxRelic"},{"floor":8,"key":"Old Coin"},{"floor":9,"key":"Pantograph"},{"floor":13,"key":"Frozen Egg 2"},{"floor":24,"key":"Pen Nib"},{"floor":24,"key":"Centennial Puzzle"},{"floor":26,"key":"Nunchaku"},{"floor":34,"key":"AT_MibuBalloonWealth"},{"floor":34,"key":"Toy Ornithopter"},{"floor":43,"key":"MealTicket"}],"event_choices":[{"damage_healed":0,"gold_gain":30,"player_choice":"Searched \u00272\u0027 times","damage_taken":0,"max_hp_gain":0,"max_hp_loss":0,"event_name":"Dead Adventurer","floor":8,"gold_loss":0},{"cards_removed":["Double Tap"],"damage_healed":46,"gold_gain":0,"player_choice":"Offered Rare","damage_taken":0,"max_hp_gain":10,"max_hp_loss":0,"event_name":"Bonfire Elementals","floor":31,"gold_loss":0}],"is_beta":false,"boss_relics":[{"not_picked":["relicPack:KazumaCape","AT_MortalBlade"],"picked":"Black Star"},{"not_picked":["Runic Cube","Fusion Hammer"],"picked":"REME_LowDesire"}],"items_purged_floors":[10,19,32,41],"is_endless":false,"potions_floor_spawned":[4,5,6,11,13,20,21,25,30,38,42,47],"ascension_level":4}}