{"host":"fqepcc6wiujntn7y","time":1611406233,"event":{"mods":["AchievementEnabler","BaseMod","Minty Spire (QoL Compilation)","Quick Restart","Replay The Spire","StSLib","The Jungle"],"gold_per_floor":[153,387,444,480,519,519,624,624,699,191,230,30,30,120,120,420,420,459,504,540,82,82,181,29,29,54,54,102,144,183,267,267,579,579,627,627,681,383,425,425,425],"floor_reached":40,"language":"ENG","playtime":3423,"items_purged":["Wraith Form v2","Pain"],"score":535,"play_id":"21206882-d7e1-4b41-8fb5-ac36a72d0965","local_time":"20210123125033","daily_mods":["Draft","Midas"],"is_ascension_mode":true,"campfire_choices":[{"floor":6.0,"key":"REST"},{"floor":8.0,"key":"REST"},{"floor":15,"key":"DIG"},{"floor":25,"key":"REST"},{"floor":27,"key":"REST"},{"floor":32,"key":"REST"}],"circlet_count":0,"master_deck":["Demon Form","Echo Form","DevaForm","Deadly Poison+1","Cloak And Dagger","ReplayTheSpireMod:The Works","Poisoned Stab","ReplayTheSpireMod:Tripwire","Deflect","Quick Slash","Quick Slash+1","Infinite Blades","Blade Dance","Noxious Fumes","Caltrops","Deadly Poison","All Out Attack","Backstab","Bane","Caltrops","Cloak And Dagger+1","Replay:Poison Smokescreen","Blade Dance","Atom Bomb","Footwork+1","Blade Dance+1","Magnetism","Caltrops","Quick Slash+1","After Image","Cloak And Dagger","Accuracy","Backstab","Accuracy","Seeing Red","Replay:Poison Smokescreen+1","SashWhip+1","BowlingBash","Defragment","ReplayTheSpireMod:Scrap Shanks","Prostrate","Consecrate+1","Hologram+1","Apotheosis","Fasting2+1","Streamline","Consecrate","Reprogram","Replay:LoomingThreat","Chill"],"relics":["Ring of the Snake","replay:Trail_Library","MealTicket","TungstenRod","Bottled Flame","Mercury Hourglass","Boot","Whetstone","Honey Jar","PrismaticShard","Chameleon Ring","ReplayTheSpireMod:TigerMarble","Prayer Wheel","Gremlin Food","War Paint","Art of War","Runic Pyramid","WarpedTongs","Replay:Wax Seal","Strawberry"],"acts_visited":["Exordium","TheCity","TheBeyond"],"potions_floor_usage":[16,19],"damage_taken":[{"damage":6.0,"enemies":"Cultist","floor":1.0,"turns":3.0},{"damage":0.0,"enemies":"2 Louse","floor":3.0,"turns":2.0},{"damage":11.0,"enemies":"Jaw Worm","floor":4.0,"turns":3.0},{"damage":5.0,"enemies":"Large Slime","floor":5.0,"turns":5.0},{"damage":33.0,"enemies":"3 Sentries","floor":7.0,"turns":6.0},{"damage":0.0,"enemies":"Lots of Slimes","floor":11.0,"turns":1.0},{"damage":14.0,"enemies":"Gremlin Nob","floor":14.0,"turns":4.0},{"damage":24,"enemies":"Fading Forest","floor":16,"turns":12},{"damage":14,"enemies":"Spheric Guardian","floor":18,"turns":3},{"damage":16,"enemies":"Shell Parasite","floor":19,"turns":5},{"damage":14,"enemies":"Snake Plant","floor":20,"turns":4},{"damage":20,"enemies":"Book of Stabbing","floor":23,"turns":4},{"damage":9,"enemies":"Centurion and Healer","floor":28,"turns":3},{"damage":7,"enemies":"Cultist and Chosen","floor":29,"turns":4},{"damage":4,"enemies":"Snake Plant","floor":30,"turns":3},{"damage":28,"enemies":"Gremlin Leader","floor":31,"turns":7},{"damage":15,"enemies":"Champ","floor":33,"turns":7},{"damage":20,"enemies":"3 Darklings","floor":35,"turns":4},{"damage":8,"enemies":"Orb Walker","floor":37,"turns":4},{"damage":27,"enemies":"Sphere and 2 Shapes","floor":39,"turns":6},{"damage":50,"enemies":"Giant Head","floor":40,"turns":5}],"seed_played":"-7596856233052892958","potions_obtained":[{"floor":2.0,"key":"SteroidPotion"},{"floor":2.0,"key":"Block Potion"},{"floor":3.0,"key":"SkillPotion"},{"floor":5.0,"key":"Explosive Potion"},{"floor":18,"key":"EssenceOfSteel"},{"floor":23,"key":"CultistPotion"},{"floor":30,"key":"Ancient Potion"},{"floor":35,"key":"SteroidPotion"}],"is_trial":true,"path_per_floor":["M","?","M","M","M","R","E","R","T","$","M","$","?","E","R","B",null,"M","M","M","$","?","E","$","R","T","R","M","M","M","E","R","B",null,"M","?","M","$","M","E"],"character_chosen":"THE_SILENT","items_purchased":["Atom Bomb","Footwork","Mercury Hourglass","Magnetism","Caltrops","PrismaticShard","Accuracy","Chameleon Ring","Gremlin Food","Replay:Wax Seal","Strawberry"],"campfire_rested":5,"item_purchase_floors":[10,10,10,12,12,21,21,21,24,38,38],"current_hp_per_floor":[64,47,47,36,31,52,19,40,40,55,55,70,64,50,50,38,70,56,40,26,41,41,21,36,57,57,70,61,54,50,22,43,28,70,50,50,42,64,37,0,0],"gold":425,"neow_bonus":"","is_daily":false,"chose_seed":false,"campfire_upgraded":0,"win_rate":0.0,"timestamp":1611406233,"path_taken":["M","?","M","M","M","R","E","R","T","$","M","$","?","E","R","BOSS","M","M","M","$","?","E","?","R","T","R","M","M","M","E","R","BOSS","M","?","M","$","?","E"],"items_purchased_type":["Card","Card","Relic","Card","Card","Relic","Card","Relic","Relic","Relic","Relic"],"build_version":"2020-12-22","purchased_purges":2,"victory":false,"max_hp_per_floor":[70,70,70,70,70,70,70,70,70,70,70,70,70,70,70,70,70,70,70,70,70,70,70,70,70,70,70,70,70,70,70,70,70,70,70,70,70,77,77,77,77],"card_choices":[{"not_picked":["Acrobatics","Outmaneuver"],"picked":"Deadly Poison","floor":0.0},{"not_picked":["Riddle With Holes","Sucker Punch"],"picked":"Cloak And Dagger","floor":0.0},{"not_picked":["Expertise","Leg Sweep"],"picked":"ReplayTheSpireMod:The Works","floor":0.0},{"not_picked":["Dagger Spray","Riddle With Holes"],"picked":"Poisoned Stab","floor":0.0},{"not_picked":["Calculated Gamble","Expertise"],"picked":"ReplayTheSpireMod:Tripwire","floor":0.0},{"not_picked":["Prepared","ReplayTheSpireMod:Scrap Shanks"],"picked":"Deflect","floor":0.0},{"not_picked":["Prepared","Riddle With Holes"],"picked":"Quick Slash","floor":0.0},{"not_picked":["Dagger Throw","ReplayTheSpireMod:Shiv Toss"],"picked":"Quick Slash","floor":0.0},{"not_picked":["Deadly Poison","Dagger Spray"],"picked":"Infinite Blades","floor":0.0},{"not_picked":["Acrobatics","Skewer"],"picked":"Blade Dance","floor":0.0},{"not_picked":["Acrobatics","Quick Slash"],"picked":"Noxious Fumes","floor":0.0},{"not_picked":["Backflip","Poisoned Stab"],"picked":"Caltrops","floor":0.0},{"not_picked":["Backstab","Poisoned Stab"],"picked":"Deadly Poison","floor":0.0},{"not_picked":["Flying Knee","Blur"],"picked":"All Out Attack","floor":0.0},{"not_picked":["Dagger Throw","Backflip"],"picked":"Backstab","floor":0.0},{"not_picked":["PiercingWail","Sneak Up"],"picked":"Bane","floor":1.0},{"not_picked":["Flechettes","Backflip"],"picked":"Caltrops","floor":2.0},{"not_picked":["Backflip","Dash"],"picked":"Cloak And Dagger","floor":3.0},{"not_picked":["Sucker Punch","Prepared"],"picked":"Replay:Poison Smokescreen","floor":4.0},{"not_picked":["Dodge and Roll","Hidden Blade"],"picked":"Blade Dance","floor":5.0},{"not_picked":["Expertise","Riddle With Holes","ReplayTheSpireMod:Necrosis"],"picked":"SKIP","floor":7.0},{"not_picked":["Dodge and Roll","ReplayTheSpireMod:Exploit Weakness"],"picked":"Blade Dance","floor":11.0},{"not_picked":["Underhanded Strike","Escape Plan","Slice"],"picked":"SKIP","floor":14.0},{"not_picked":["Phantasmal Killer","Bullet Time"],"picked":"After Image","floor":16},{"not_picked":["Slice","Backflip","Flying Knee+1"],"picked":"Cloak And Dagger","floor":18},{"not_picked":["Acrobatics","Backflip","Heel Hook+1"],"picked":"Accuracy","floor":19},{"not_picked":["Hidden Blade","Underhanded Strike+1","Slice"],"picked":"Backstab","floor":20},{"not_picked":["Halt","Sword Boomerang+1","Alpha"],"picked":"Seeing Red","floor":23},{"not_picked":["Recycle","Bouncing Flask","Prepared+1"],"picked":"SashWhip+1","floor":28},{"not_picked":["Terror","ReplayTheSpireMod:Muscle Training","Defy Death"],"picked":"BowlingBash","floor":28},{"not_picked":["WheelKick","Deadly Poison","Clothesline"],"picked":"Defragment","floor":29},{"not_picked":["Turbo+1","Armaments","WreathOfFlame"],"picked":"ReplayTheSpireMod:Scrap Shanks","floor":29},{"not_picked":["Combust","Conserve Battery","CutThroughFate"],"picked":"Prostrate","floor":30},{"not_picked":["Deflect","Replay:AllIn","Replay:Bootleg Shield Generator"],"picked":"Consecrate+1","floor":30},{"not_picked":["Redo","EmptyFist+1","Blizzard"],"picked":"Hologram+1","floor":31},{"not_picked":["Chrysalis","Eclipse","The Bomb"],"picked":"Apotheosis","floor":33},{"not_picked":["Replay:Undeath\u0027s Touch+1","Clash+1","Choke"],"picked":"Fasting2+1","floor":35},{"not_picked":["Acrobatics","Skim","Quick Slash+1"],"picked":"Streamline","floor":35},{"not_picked":["CrushJoints+1","Perfected Strike+1","Replay:DivineShield"],"picked":"Consecrate","floor":37},{"not_picked":["Run Through+1","Conserve Battery","Sunder+1"],"picked":"Reprogram","floor":37},{"not_picked":["Cloak And Dagger+1","Spot Weakness+1","ThirdEye+1"],"picked":"Replay:LoomingThreat","floor":39},{"not_picked":["Redo","Heavy Blade","Gash"],"picked":"Chill","floor":39}],"player_experience":68863,"relics_obtained":[{"floor":2.0,"key":"MealTicket"},{"floor":7.0,"key":"TungstenRod"},{"floor":9.0,"key":"Bottled Flame"},{"floor":14.0,"key":"Boot"},{"floor":15,"key":"Whetstone"},{"floor":23,"key":"Prayer Wheel"},{"floor":26,"key":"War Paint"},{"floor":31,"key":"Art of War"}],"event_choices":[{"damage_healed":0,"gold_gain":0,"player_choice":"Rummage","damage_taken":0,"relics_obtained":["WarpedTongs"],"max_hp_gain":0,"max_hp_loss":0,"event_name":"Accursed Blacksmith","floor":36,"gold_loss":0,"cards_obtained":["Pain"]}],"is_beta":false,"boss_relics":[{"not_picked":["Replay:Bronze Core","SacredBark"],"picked":"Honey Jar"},{"not_picked":["Replay:Wanted Poster","Replay:Fungal Core"],"picked":"Runic Pyramid"}],"items_purged_floors":[10,38],"is_endless":true,"potions_floor_spawned":[3,4,5,18,23,30,35,39],"killed_by":"Giant Head","ascension_level":1}}