{"host":"yd6hhqps9de4qmof","time":1611406144,"event":{"mods":["BaseMod","Downfall","Hermit","Highlight Path","Jorbs\u0027s Wanderer Trilogy","Minty Spire (QoL Compilation)","Relic Stats","Robot Space Explorer","Shade Mod","StSLib","The Cursed","The Disciple","The Marked","The Servant 0.9.4"],"gold_per_floor":[113,63,79,79,79,79,30,30,30,130,160,160,178,209,209,308,308,320,338,191,208,223,223,223,223,223,250,250,262,275,275,275,275,275],"floor_reached":33,"language":"ENG","playtime":1235,"items_purged":[],"score":298,"play_id":"71c91dc8-bb8f-48e7-b8f6-4dcd63bb1795","local_time":"20210123134904","is_ascension_mode":false,"campfire_choices":[{"data":"theMarked:ElementalBlade","floor":6,"key":"SMITH"},{"data":"theMarked:BanishingStrike","floor":8,"key":"SMITH"},{"data":"theMarked:Electrify","floor":12,"key":"SMITH"},{"data":"theMarked:Opportunist","floor":15,"key":"SMITH"},{"floor":23,"key":"REST"},{"floor":25,"key":"REST"},{"floor":32,"key":"REST"}],"circlet_count":0,"master_deck":["theMarked:Strike","theMarked:Strike","theMarked:Defend","theMarked:Defend","theMarked:Defend","theMarked:Defend","theMarked:SoldierOfQuellstein+1","theMarked:Parkour","theMarked:ElementalBlade+1","theMarked:BanishingStrike+1","theMarked:Electrify+1","theMarked:BanishingStrike","theMarked:Opportunist+1","theMarked:EternalStudent","theMarked:Seal+1","theMarked:SoldierForm","theMarked:WardOff","theMarked:ChainLightning+1","theMarked:ResourceFulStrike","theMarked:HeightenedSenses+1","theMarked:WardOff","theMarked:SoldierForm","theMarked:Panic+1","theMarked:RepellingDischarge+1","Decay"],"relics":["theMarked:BronzeBlade","NeowsBlessing","White Beast Statue","Letter Opener","Ice Cream","Orrery","theMarked:Gun","Blue Candle"],"acts_visited":["Exordium","TheCity"],"potions_floor_usage":[16,21,22,27,27,30,33,33,33],"damage_taken":[{"damage":0,"enemies":"Jaw Worm","floor":1,"turns":1},{"damage":0,"enemies":"Small Slimes","floor":3,"turns":1},{"damage":0,"enemies":"3 Sentries","floor":11,"turns":2},{"damage":0,"enemies":"Cultist","floor":13,"turns":3},{"damage":21,"enemies":"Lagavulin","floor":14,"turns":5},{"damage":19,"enemies":"The Guardian","floor":16,"turns":9},{"damage":0,"enemies":"Spheric Guardian","floor":18,"turns":3},{"damage":5,"enemies":"Chosen","floor":19,"turns":3},{"damage":36,"enemies":"Snake Plant","floor":21,"turns":4},{"damage":18,"enemies":"Centurion and Healer","floor":22,"turns":4},{"damage":40,"enemies":"Slavers","floor":27,"turns":5},{"damage":3,"enemies":"Chosen and Byrds","floor":29,"turns":4},{"damage":3,"enemies":"Shelled Parasite and Fungi","floor":30,"turns":3},{"damage":60,"enemies":"Automaton","floor":33,"turns":6}],"seed_played":"-6302998117520668050","potions_obtained":[{"floor":11,"key":"FearPotion"},{"floor":13,"key":"Dexterity Potion"},{"floor":14,"key":"Energy Potion"},{"floor":16,"key":"Strength Potion"},{"floor":21,"key":"DistilledChaos"},{"floor":22,"key":"Regen Potion"},{"floor":27,"key":"bronze:BurnAndBuffPotion"},{"floor":29,"key":"SkillPotion"},{"floor":30,"key":"champ:CounterPotion"}],"is_trial":false,"path_per_floor":["M","?","M","?","?","R","$","R","T","?","E","R","M","E","R","B",null,"M","M","$","M","M","R","?","R","T","E","?","M","M","?","R","B"],"character_chosen":"THE_DEFAULT","items_purchased":["theMarked:BanishingStrike","Orrery"],"campfire_rested":3,"item_purchase_floors":[7,20],"current_hp_per_floor":[70,70,70,63,63,63,63,63,63,63,63,63,63,42,42,23,70,70,65,65,29,11,32,32,53,53,27,27,24,21,21,42,0,0],"gold":275,"neow_bonus":"THREE_ENEMY_KILL","is_daily":false,"chose_seed":false,"campfire_upgraded":4,"win_rate":0.0,"timestamp":1611406144,"path_taken":["M","?","M","?","?","R","$","R","T","?","E","R","M","E","R","BOSS","M","M","$","M","?","R","?","R","T","E","?","M","?","?","R","BOSS"],"items_purchased_type":["Card","Relic"],"build_version":"2020-12-22","purchased_purges":0,"victory":false,"max_hp_per_floor":[70,70,70,70,70,70,70,70,70,70,70,70,70,70,70,70,70,70,70,70,70,70,70,70,70,70,70,70,70,70,70,70,70,70],"relic_stats":{"counters":[14,53],"Blue Candle":[1],"Letter Opener":[85],"obtain_stats":[{"Ice Cream":14,"theMarked:ArtifactOfAir":0,"theMarked:Gun":26,"NeowsBlessing":0,"Blue Candle":27,"Orrery":20,"theMarked:BronzeBlade":17,"Letter Opener":11,"White Beast Statue":9},{"Ice Cream":5,"theMarked:ArtifactOfAir":0,"theMarked:Gun":10,"NeowsBlessing":0,"Blue Candle":11,"Orrery":8,"theMarked:BronzeBlade":6,"Letter Opener":3,"White Beast Statue":2},{"Ice Cream":12,"theMarked:ArtifactOfAir":0,"theMarked:Gun":35,"NeowsBlessing":0,"Blue Candle":40,"Orrery":27,"theMarked:BronzeBlade":21,"Letter Opener":4,"White Beast Statue":2}]},"card_choices":[{"not_picked":["theMarked:ElectricStrings","theMarked:TwofoldDefense"],"picked":"theMarked:Parkour","floor":1},{"not_picked":["theMarked:Frustration","theMarked:WastefulDefense"],"picked":"theMarked:ElementalBlade","floor":3},{"not_picked":["theMarked:Static","theMarked:TunnelVision"],"picked":"theMarked:Electrify","floor":11},{"not_picked":["theMarked:Static","theMarked:TakeCover"],"picked":"theMarked:BanishingStrike","floor":13},{"not_picked":["theMarked:ParalyzingBlade","theMarked:Parkour"],"picked":"theMarked:Opportunist","floor":14},{"not_picked":["theMarked:SummonStrength","theMarked:Levitate"],"picked":"theMarked:EternalStudent","floor":16},{"not_picked":["theMarked:TwofoldDefense","theMarked:Electrify","theMarked:MaelstromOfLightning"],"picked":"SKIP","floor":18},{"not_picked":["theMarked:HeightenedSenses","theMarked:Frustration"],"picked":"theMarked:Seal+1","floor":19},{"not_picked":["theMarked:CreepingChasm+1","theMarked:DispelDoubt"],"picked":"theMarked:SoldierForm","floor":20},{"not_picked":["theMarked:Static","theMarked:BanishingStrike+1"],"picked":"theMarked:WardOff","floor":20},{"not_picked":["theMarked:Parkour","theMarked:TakeCover"],"picked":"theMarked:ChainLightning+1","floor":20},{"not_picked":["theMarked:TunnelVision","theMarked:GodGivenPower"],"picked":"theMarked:ResourceFulStrike","floor":20},{"not_picked":["theMarked:ChainLightning","theMarked:Overcharge"],"picked":"theMarked:HeightenedSenses+1","floor":21},{"not_picked":["theMarked:LightningStrikesTwice","theMarked:UnarmedFury"],"picked":"theMarked:WardOff","floor":22},{"not_picked":["theMarked:Overcharge","theMarked:Static","theMarked:WastefulAttack"],"picked":"SKIP","floor":27},{"not_picked":["theMarked:Static+1","theMarked:GodGivenPower+1"],"picked":"theMarked:Panic+1","floor":29},{"not_picked":["theMarked:Reabsorb","theMarked:Overcharge+1"],"picked":"theMarked:RepellingDischarge+1","floor":30}],"player_experience":1167981,"relics_obtained":[{"floor":9,"key":"White Beast Statue"},{"floor":11,"key":"Letter Opener"},{"floor":14,"key":"Ice Cream"},{"floor":26,"key":"theMarked:Gun"},{"floor":27,"key":"Blue Candle"}],"event_choices":[{"cards_removed":["theMarked:Strike"],"damage_healed":0,"gold_gain":0,"player_choice":"Card Removal","damage_taken":0,"max_hp_gain":0,"max_hp_loss":0,"event_name":"The Cleric","floor":2,"gold_loss":50},{"cards_removed":["theMarked:Strike"],"damage_healed":0,"gold_gain":0,"player_choice":"Card Removal","damage_taken":7,"max_hp_gain":0,"max_hp_loss":0,"event_name":"Golden Wing","floor":4,"gold_loss":0},{"damage_healed":0,"gold_gain":0,"player_choice":"Grow","damage_taken":0,"max_hp_gain":0,"max_hp_loss":0,"event_name":"Living Wall","floor":5,"gold_loss":0,"cards_upgraded":["theMarked:SoldierOfQuellstein"]},{"damage_healed":0,"gold_gain":100,"player_choice":"Pray","damage_taken":0,"max_hp_gain":0,"max_hp_loss":0,"event_name":"Golden Shrine","floor":10,"gold_loss":0},{"damage_healed":0,"gold_gain":0,"cards_transformed":["theMarked:Strike"],"player_choice":"Transformed","damage_taken":0,"max_hp_gain":0,"max_hp_loss":0,"event_name":"Transmorgrifier","floor":28,"gold_loss":0,"cards_obtained":["theMarked:SoldierForm"]},{"damage_healed":0,"gold_gain":0,"player_choice":"Smashed Altar","damage_taken":0,"max_hp_gain":0,"max_hp_loss":0,"event_name":"Forgotten Altar","floor":31,"gold_loss":0,"cards_obtained":["Decay"]}],"is_beta":false,"boss_relics":[{"not_picked":["Ectoplasm","SacredBark"],"picked":"theMarked:BronzeBlade"}],"items_purged_floors":[],"is_endless":false,"potions_floor_spawned":[11,13,14,16,18,19,21,22,27,29,30],"killed_by":"Automaton","ascension_level":0}}