{"host":"88eug9pqmt5m979n","time":1611422417,"event":{"mods":["100% Spire Juice","Arknights The Spire","BaseMod","Downfall","Minty Spire (QoL Compilation)","MostiFishMod","Remilia（蕾米莉亚）","StSLib","WarShipGirlsR/战舰少女R mod","Yakumo Yukari mod","【遗物卡牌】REMEMod"],"gold_per_floor":[99,114,114,104,104,14,14,14,31,46,72,88,88,88,108,206,206,206,218,227,238,238,250,250,277,277,62,62,75,75,95,115,211,211,211,231,249,263,274,274,301,301,301,332,92,102,148,175,194,194],"floor_reached":51,"language":"ZHS","playtime":2432,"items_purged":["bronze:Defend","bronze:GetLatest"],"score":1029,"play_id":"033f88a7-c49e-4e3e-a36b-781e1f4a3650","local_time":"20210124012017","is_ascension_mode":false,"campfire_choices":[{"data":"hexamod:VolcanoVisage","floor":1,"key":"SMITH"},{"data":"bronze:Replicate","floor":18,"key":"SMITH"},{"data":"bronze:Format","floor":35,"key":"SMITH"},{"data":"bronze:Iterate","floor":40,"key":"SMITH"},{"data":"bronze:Philosophize","floor":43,"key":"SMITH"}],"circlet_count":0,"master_deck":["bronze:Strike+1","bronze:Defend+1","bronze:Defend+1","bronze:Replicate+1","bronze:Goto+1","hexamod:VolcanoVisage+1","bronze:Optimize+1","bronze:Boost+1","bronze:WhirlingStrike+1","bronze:DelayedGuard+1","bronze:FineTuning+1","bronze:Flail+1","bronze:CleanCode+1","bronze:ClassDefault+1","bronze:DelayedSlice+1","bronze:Iterate+1","RitualDagger+1","bronze:ChosenStrike+1","bronze:BronzeOrb+1","bronze:Format+1","bronze:GetLatest+1","bronze:Philosophize+1","bronze:Verify"],"relics":["bronze:BronzeCore","DaveBox","REME_ComplimentaryCards","ShadowXiaoBlade","bronze:CableSpool","PreservedInsect","bronze:BottledCode","Bottled Flame","FeatherPendant","REME_PuzzleBoxRelic","Torii","Toy Ornithopter","Bronze Scales","JellyFishMachine","Anchor","FossilizedHelix","Slimebound:PreparedRelic","Girya","bronze:SilverBullet"],"acts_visited":["Exordium","TheCity","TheBeyond"],"potions_floor_usage":[42,50,50],"damage_taken":[{"damage":1,"enemies":"Jaw Worm","floor":2,"turns":3},{"damage":0,"enemies":"downfall:FleeingMerchant","floor":6,"turns":4},{"damage":0,"enemies":"2 Louse","floor":9,"turns":1},{"damage":7,"enemies":"Small Slimes","floor":10,"turns":2},{"damage":0,"enemies":"Gremlin Nob","floor":11,"turns":2},{"damage":0,"enemies":"Exordium Thugs","floor":12,"turns":1},{"damage":0,"enemies":"Blue Slaver","floor":15,"turns":1},{"damage":31,"enemies":"IC_STATUS_ARCHETYPE","floor":16,"turns":5},{"damage":0,"enemies":"Shell Parasite","floor":19,"turns":1},{"damage":1,"enemies":"downfall:FleeingMerchant","floor":20,"turns":4},{"damage":27,"enemies":"Shelled Parasite and Fungi","floor":21,"turns":3},{"damage":0,"enemies":"Shelled Parasite and Fungi","floor":22,"turns":2},{"damage":0,"enemies":"Chosen and Byrds","floor":23,"turns":1},{"damage":0,"enemies":"Slavers","floor":25,"turns":2},{"damage":0,"enemies":"Snake Plant","floor":29,"turns":1},{"damage":0,"enemies":"Snecko","floor":31,"turns":1},{"damage":0,"enemies":"Centurion and Healer","floor":32,"turns":2},{"damage":8,"enemies":"DF_ARCHETYPE_CLAW","floor":33,"turns":4},{"damage":0,"enemies":"3 Darklings","floor":36,"turns":1},{"damage":0,"enemies":"Orb Walker","floor":37,"turns":1},{"damage":0,"enemies":"Spire Growth","floor":38,"turns":1},{"damage":0,"enemies":"Writhing Mass","floor":39,"turns":2},{"damage":54,"enemies":"Writhing Mass","floor":42,"turns":8},{"damage":0,"enemies":"Giant Head","floor":44,"turns":2},{"damage":0,"enemies":"3 Darklings","floor":46,"turns":2},{"damage":0,"enemies":"2 Orb Walkers","floor":47,"turns":1},{"damage":0,"enemies":"Reptomancer","floor":48,"turns":1},{"damage":0,"enemies":"Jaw Worm Horde","floor":49,"turns":1},{"damage":0,"enemies":"WA_ARCHETYPE_DIVINITY","floor":50,"turns":2}],"seed_played":"-1353266870349555667","potions_obtained":[{"floor":9,"key":"PowerPotion"},{"floor":10,"key":"FearPotion"},{"floor":11,"key":"bronze:CleanCodePotion"},{"floor":23,"key":"PowerPotion"},{"floor":33,"key":"Energy Potion"},{"floor":39,"key":"PowerPotion"},{"floor":49,"key":"SneckoOil"}],"is_trial":false,"path_per_floor":["R","M","?","?","T","$","T","?","M","M","E","M","?","?","M","B",null,"R","M","$","M","?","M","T","E","?","$","?","M","?","M","M","B",null,"R","M","M","M","M","R","T","?","R","E","$","M","?","E","M","B",null],"character_chosen":"THE_AUTOMATON","items_purchased":["REME_PuzzleBoxRelic","bronze:DelayedSlice","bronze:ChosenStrike","Bronze Scales","Slimebound:PreparedRelic"],"campfire_rested":0,"item_purchase_floors":[20,20,27,27,45],"current_hp_per_floor":[77,76,76,76,76,76,76,67,67,60,60,60,60,60,60,29,67,67,67,66,54,54,54,54,54,54,54,42,42,42,42,42,34,72,72,72,72,72,72,72,72,72,72,72,72,72,72,72,72,72],"gold":194,"neow_bonus":"TEN_PERCENT_HP_BONUS","is_daily":false,"chose_seed":false,"campfire_upgraded":5,"win_rate":0.0,"timestamp":1611422417,"path_taken":["R","M","?","?","?","$","T","?","?","M","E","M","?","?","M","BOSS","R","M","$","M","?","M","T","E","?","?","?","M","?","M","M","BOSS","R","M","M","M","?","R","T","?","R","E","$","M","?","E","M","BOSS"],"items_purchased_type":["Relic","Card","Card","Relic","Relic"],"build_version":"2020-12-22","purchased_purges":2,"victory":true,"max_hp_per_floor":[77,77,77,77,77,77,77,67,67,67,67,67,67,67,67,67,67,67,67,67,67,67,67,67,67,67,67,72,72,72,72,72,72,72,72,72,72,72,72,72,72,72,72,72,72,72,72,72,72,72],"card_choices":[{"not_picked":["bronze:DigitalCarnage","bronze:Invalidate"],"picked":"bronze:Optimize","floor":2},{"not_picked":[],"picked":"bronze:Boost","floor":4},{"not_picked":["bronze:ForceShield","bronze:Invalidate"],"picked":"bronze:WhirlingStrike","floor":6},{"not_picked":["bronze:Shield","bronze:BitShift"],"picked":"bronze:DelayedGuard","floor":9},{"not_picked":["bronze:Deprecate","bronze:DarkDash"],"picked":"bronze:FineTuning","floor":10},{"not_picked":["bronze:FineTuning","bronze:Overheat","bronze:Allocate"],"picked":"SKIP","floor":11},{"not_picked":["bronze:Return","bronze:BronzeOrb"],"picked":"bronze:Flail","floor":12},{"not_picked":["bronze:BuggyMess","bronze:Iterate"],"picked":"bronze:GetLatest","floor":15},{"not_picked":["bronze:BurnOut","bronze:Break"],"picked":"bronze:CleanCode","floor":16},{"not_picked":["bronze:CutThrough","bronze:WildBeam"],"picked":"bronze:ClassDefault","floor":19},{"not_picked":["bronze:BuggyMess+1","bronze:WildBeam","bronze:ClassDefault"],"picked":"SKIP","floor":20},{"not_picked":["bronze:Allocate","bronze:GetLatest"],"picked":"bronze:Iterate","floor":21},{"not_picked":["bronze:Invalidate","bronze:GetLatest","bronze:BronzeArmor"],"picked":"SKIP","floor":23},{"not_picked":["bronze:Iterate","bronze:Frontload","bronze:Repulsor"],"picked":"SKIP","floor":25},{"not_picked":["bronze:Iterate","bronze:WhirlingStrike","bronze:GetLatest"],"picked":"SKIP","floor":29},{"not_picked":["bronze:BurnOut","bronze:WhirlingStrike","bronze:Optimize"],"picked":"SKIP","floor":31},{"not_picked":["bronze:CutThrough+1","bronze:Branch"],"picked":"bronze:BronzeOrb+1","floor":32},{"not_picked":["bronze:CleanCode","bronze:FindAndReplace"],"picked":"bronze:Format","floor":33},{"not_picked":["bronze:BuggyMess","bronze:Iterate+1","bronze:Branch+1"],"picked":"SKIP","floor":36},{"not_picked":["bronze:Optimize+1","bronze:Invalidate+1"],"picked":"bronze:GetLatest+1","floor":37},{"not_picked":["bronze:DelayedSlice+1","bronze:WhirlingStrike","bronze:ForceShield"],"picked":"SKIP","floor":38},{"not_picked":["bronze:Iterate+1","bronze:Invalidate","bronze:DigitalCarnage"],"picked":"SKIP","floor":39},{"not_picked":["bronze:Flail+1","bronze:DigitalCarnage"],"picked":"bronze:Philosophize","floor":42},{"not_picked":["bronze:CloningBeam","bronze:BronzeOrb","bronze:Format"],"picked":"SKIP","floor":44},{"not_picked":["bronze:BuggyMess+1","bronze:CloningBeam+1","bronze:DelayedGuard+1"],"picked":"SKIP","floor":46},{"not_picked":["bronze:Shield+1","bronze:FollowUp+1"],"picked":"bronze:Verify","floor":48},{"not_picked":["bronze:ItsAFeature+1","bronze:Backtrace","bronze:CutThrough+1"],"picked":"SKIP","floor":49}],"player_experience":340113,"relics_obtained":[{"floor":5,"key":"bronze:CableSpool"},{"floor":7,"key":"PreservedInsect"},{"floor":11,"key":"Bottled Flame"},{"floor":24,"key":"Torii"},{"floor":25,"key":"Toy Ornithopter"},{"floor":41,"key":"Anchor"},{"floor":44,"key":"FossilizedHelix"},{"floor":47,"key":"Girya"},{"floor":48,"key":"bronze:SilverBullet"}],"event_choices":[{"cards_removed":["bronze:Strike"],"damage_healed":0,"gold_gain":0,"player_choice":"Card Removal","damage_taken":0,"max_hp_gain":0,"max_hp_loss":0,"event_name":"The Cleric","floor":14,"gold_loss":0},{"damage_healed":0,"gold_gain":0,"player_choice":"Fight","damage_taken":0,"max_hp_gain":0,"max_hp_loss":0,"event_name":"Mysterious Sphere","floor":47,"gold_loss":0}],"is_beta":false,"boss_relics":[{"not_picked":["MoonlightInvasionPlan","SlaversCollar"],"picked":"FeatherPendant"},{"not_picked":["REME_ChargedStone","RhineFirstAidKit"],"picked":"JellyFishMachine"}],"items_purged_floors":[6,20],"is_endless":false,"potions_floor_spawned":[9,10,11,12,15,19,23,25,31,33,38,39,46,49],"ascension_level":0}}