{"host":"b995t17pt6d05w8c","time":1611428054,"event":{"mods":["AchievementEnabler","BaseMod","Colored Map","DeckTracker","Keyboard Shortcuts","Minty Spire (QoL Compilation)","Permanent Neow","SuperFastMode"],"gold_per_floor":[115,115,115,115,85,85,115,115,186,202,202,214,246,261,261,334,334,350,400,69,119,119,119,148,148,148,126,142,51,63,63,63,138,138,158,158,183,183,8,8,27,27,27,45,55,55,55,55,55,55],"floor_reached":51,"language":"KOR","playtime":1306,"items_purged":["Strike_B","Strike_B"],"score":1276,"play_id":"34abc551-df03-4da9-9db6-e604f69567ac","local_time":"20210124035414","is_ascension_mode":true,"campfire_choices":[{"data":"Zap","floor":6.0,"key":"SMITH"},{"data":"Biased Cognition","floor":8.0,"key":"SMITH"},{"data":"Coolheaded","floor":11.0,"key":"SMITH"},{"floor":15.0,"key":"REST"},{"data":"Defragment","floor":23.0,"key":"SMITH"},{"floor":32.0,"key":"REST"},{"data":"Defragment","floor":40,"key":"SMITH"},{"floor":42,"key":"REST"},{"data":"Heatsinks","floor":49,"key":"SMITH"}],"circlet_count":0,"master_deck":["AscendersBane","Strike_B","Strike_B","Defend_B","Defend_B","Defend_B","Zap+1","Dualcast","Coolheaded+1","Biased Cognition+1","Go for the Eyes","Melter","Glacier","Conserve Battery","Core Surge","Defragment+1","Master of Strategy","White Noise","Heatsinks+1","Consume","Defragment+1","Creative AI","Undo","Master of Strategy","Deep Breath","Capacitor","Heatsinks+1"],"relics":["Cracked Core","Sundial","Akabeko","Bronze Scales","Mummified Hand","MealTicket","Inserter","Membership Card","Matryoshka","Sozu","Unceasing Top","Cables","Ornamental Fan","Pear"],"acts_visited":["TheCity","TheBeyond"],"potions_floor_usage":[50],"damage_taken":[{"damage":1.0,"enemies":"Cultist","floor":1.0,"turns":3.0},{"damage":26.0,"enemies":"Lagavulin","floor":7.0,"turns":7.0},{"damage":0.0,"enemies":"2 Louse","floor":10.0,"turns":2.0},{"damage":1.0,"enemies":"Small Slimes","floor":12.0,"turns":2.0},{"damage":11.0,"enemies":"Gremlin Nob","floor":13.0,"turns":3.0},{"damage":9.0,"enemies":"Exordium Thugs","floor":14.0,"turns":3.0},{"damage":39.0,"enemies":"Slime Boss","floor":16.0,"turns":11.0},{"damage":2.0,"enemies":"3 Byrds","floor":18.0,"turns":4.0},{"damage":11.0,"enemies":"Book of Stabbing","floor":24.0,"turns":5.0},{"damage":22.0,"enemies":"2 Thieves","floor":27.0,"turns":4.0},{"damage":13.0,"enemies":"Snecko","floor":28.0,"turns":4.0},{"damage":0.0,"enemies":"Shelled Parasite and Fungi","floor":30.0,"turns":5.0},{"damage":10.0,"enemies":"Collector","floor":33.0,"turns":13.0},{"damage":22.0,"enemies":"3 Shapes","floor":35.0,"turns":4.0},{"damage":0,"enemies":"Mind Bloom Boss Battle","floor":37,"turns":8},{"damage":7,"enemies":"3 Darklings","floor":41,"turns":5},{"damage":22,"enemies":"Spire Growth","floor":44,"turns":5},{"damage":13,"enemies":"Transient","floor":45,"turns":6},{"damage":34,"enemies":"Time Eater","floor":50,"turns":13}],"seed_played":"-3792714146837047824","potions_obtained":[{"floor":5.0,"key":"Explosive Potion"},{"floor":5.0,"key":"Explosive Potion"},{"floor":10.0,"key":"Fire Potion"},{"floor":14.0,"key":"ColorlessPotion"},{"floor":16.0,"key":"LiquidBronze"},{"floor":33.0,"key":"Energy Potion"}],"is_trial":false,"path_per_floor":["M","T","?","?","?","R","E","R","T","M","R","M","E","M","R","B",null,"M","?","$","?","?","R","E","?","T","M","M","$","M","?","R","B",null,"M","?","?","?","$","R","M","R","T","M","M","?","$","?","R","B",null],"character_chosen":"DEFECT","items_purchased":["Membership Card","Defragment","Master of Strategy","Defragment","Cables","Capacitor"],"campfire_rested":3,"item_purchase_floors":[20,20,20,29,39,39],"current_hp_per_floor":[70,70,75,70,70,70,44,44,44,44,44,43,32,23,47,8,64,62,62,77,77,53,53,42,42,42,20,7,22,22,22,48,38,76,54,44,44,44,59,59,52,78,88,66,53,53,68,68,68,34],"gold":55,"neow_bonus":"TEN_PERCENT_HP_BONUS","is_daily":false,"chose_seed":false,"campfire_upgraded":6,"win_rate":0.0,"timestamp":1611428054,"path_taken":["M","?","?","?","?","R","E","R","T","?","R","M","E","M","R","BOSS","M","?","?","?","?","R","E","?","T","?","M","$","M","?","R","BOSS","M","?","?","?","$","R","M","R","T","M","M","?","?","?","R","BOSS"],"items_purchased_type":["Relic","Card","Card","Card","Relic","Card"],"build_version":"2020-12-22","purchased_purges":2,"victory":true,"max_hp_per_floor":[78,78,83,83,83,83,83,83,83,83,83,83,83,83,83,83,83,83,83,83,83,88,88,88,88,88,88,88,88,88,88,88,88,88,88,88,88,88,88,88,88,88,98,98,98,98,98,98,98,98],"card_choices":[{"not_picked":["Conserve Battery","Steam"],"picked":"Coolheaded","floor":1.0},{"not_picked":["Barrage","Turbo"],"picked":"Biased Cognition","floor":7.0},{"not_picked":["Barrage","Gash"],"picked":"Go for the Eyes","floor":10.0},{"not_picked":["Fusion","Turbo"],"picked":"Melter","floor":12.0},{"not_picked":["Streamline","Conserve Battery"],"picked":"Glacier","floor":13.0},{"not_picked":["Sweeping Beam","Beam Cell"],"picked":"Conserve Battery","floor":14.0},{"not_picked":["Amplify","Rainbow"],"picked":"Core Surge","floor":16.0},{"not_picked":["Turbo","Cold Snap","Barrage"],"picked":"SKIP","floor":18.0},{"not_picked":["Rebound","Hello World"],"picked":"White Noise","floor":24.0},{"not_picked":["Steam+1","Conserve Battery","Barrage"],"picked":"SKIP","floor":27.0},{"not_picked":["Hello World","Beam Cell"],"picked":"Consume","floor":28.0},{"not_picked":["Compile Driver+1","Static Discharge","Beam Cell"],"picked":"SKIP","floor":30.0},{"not_picked":["Multi-Cast","Echo Form"],"picked":"Creative AI","floor":33.0},{"not_picked":["Redo+1","Go for the Eyes"],"picked":"Undo","floor":35.0},{"not_picked":["Secret Technique","Swift Strike"],"picked":"Master of Strategy","floor":36},{"not_picked":["Secret Technique","Trip"],"picked":"Deep Breath","floor":36},{"not_picked":["Coolheaded","Conserve Battery","Scrape"],"picked":"SKIP","floor":41},{"not_picked":["Auto Shields","Leap"],"picked":"Heatsinks+1","floor":44},{"not_picked":["Cold Snap","Conserve Battery","Compile Driver"],"picked":"SKIP","floor":45}],"player_experience":168034,"relics_obtained":[{"floor":2.0,"key":"Sundial"},{"floor":7.0,"key":"Bronze Scales"},{"floor":9.0,"key":"Mummified Hand"},{"floor":13.0,"key":"MealTicket"},{"floor":26.0,"key":"Matryoshka"},{"floor":37,"key":"Unceasing Top"},{"floor":43,"key":"Ornamental Fan"},{"floor":43,"key":"Pear"}],"event_choices":[{"damage_healed":0.0,"max_hp_gain":5.0,"max_hp_loss":0.0,"gold_gain":0.0,"event_name":"Big Fish","player_choice":"Donut","floor":3.0,"gold_loss":0.0,"damage_taken":0.0},{"damage_healed":0.0,"max_hp_gain":0.0,"max_hp_loss":0.0,"gold_gain":0.0,"event_name":"Scrap Ooze","player_choice":"Success","floor":4.0,"gold_loss":0.0,"damage_taken":5.0,"relics_obtained":["Akabeko"]},{"damage_healed":0.0,"max_hp_gain":0.0,"max_hp_loss":0.0,"gold_gain":0.0,"event_name":"The Woman in Blue","player_choice":"Bought 2 Potions","floor":5.0,"gold_loss":0.0,"damage_taken":0.0},{"damage_healed":0.0,"max_hp_gain":0.0,"max_hp_loss":0.0,"gold_gain":100.0,"event_name":"The Joust","player_choice":"Bet on Murderer","floor":19.0,"gold_loss":50.0,"damage_taken":0.0},{"damage_healed":0.0,"max_hp_gain":0.0,"max_hp_loss":0.0,"gold_gain":50.0,"event_name":"Nest","player_choice":"Stole From Cult","floor":21.0,"gold_loss":0.0,"damage_taken":0.0},{"damage_healed":0.0,"max_hp_gain":5.0,"max_hp_loss":0.0,"gold_gain":0.0,"event_name":"Forgotten Altar","player_choice":"Shed Blood","floor":22.0,"gold_loss":0.0,"damage_taken":29.0},{"damage_healed":0.0,"max_hp_gain":0.0,"max_hp_loss":0.0,"gold_gain":0.0,"event_name":"The Library","player_choice":"Read","floor":25.0,"gold_loss":0.0,"damage_taken":0.0,"cards_obtained":["Heatsinks"]},{"damage_healed":0,"gold_gain":0,"player_choice":"Memory 3","damage_taken":10,"max_hp_gain":0,"max_hp_loss":0,"event_name":"SensoryStone","floor":36,"gold_loss":0},{"damage_healed":0,"gold_gain":0,"player_choice":"Fight","damage_taken":0,"max_hp_gain":0,"max_hp_loss":0,"event_name":"MindBloom","floor":37,"gold_loss":0},{"damage_healed":0,"gold_gain":0,"player_choice":"Ignored","damage_taken":0,"max_hp_gain":0,"max_hp_loss":0,"event_name":"Tomb of Lord Red Mask","floor":38,"gold_loss":0},{"damage_healed":0,"gold_gain":0,"player_choice":"Ignored","damage_taken":0,"max_hp_gain":0,"max_hp_loss":0,"event_name":"Mysterious Sphere","floor":46,"gold_loss":0},{"cards_removed":["Defend_B"],"damage_healed":0,"gold_gain":0,"player_choice":"Removed Skill","damage_taken":0,"max_hp_gain":0,"max_hp_loss":0,"event_name":"Falling","floor":48,"gold_loss":0}],"is_beta":false,"boss_relics":[{"not_picked":["Snecko Eye","Ectoplasm"],"picked":"Inserter"},{"not_picked":["SacredBark","Calling Bell"],"picked":"Sozu"}],"items_purged_floors":[20,29],"is_endless":false,"potions_floor_spawned":[7,10,14,16,33,37,44],"ascension_level":18}}