{"host":"ao8ok4k25npyixk7","time":1611418040,"event":{"mods":["BaseMod","Colored Map","Minty Spire (QoL Compilation)"],"gold_per_floor":[110,110,130,55,71,71,105,155,206,223,238,249,62,80,80,80,80],"floor_reached":16,"language":"ENG","playtime":535,"items_purged":["Strike_G"],"score":187,"play_id":"ca958a2f-2435-45f2-96f8-efc575a630f4","local_time":"20210123170720","is_ascension_mode":true,"campfire_choices":[{"data":"Blade Dance","floor":6,"key":"SMITH"},{"data":"Cloak And Dagger","floor":15,"key":"SMITH"}],"circlet_count":0,"master_deck":["AscendersBane","Strike_G","Strike_G","Strike_G","Strike_G","Defend_G","Defend_G","Defend_G","Defend_G","Defend_G","Survivor","Neutralize","Blade Dance+1","Accuracy","Cloak And Dagger+1","Escape Plan","HandOfGreed","Die Die Die"],"relics":["Ring of the Snake","NeowsBlessing","Lantern","Bag of Marbles"],"acts_visited":["Exordium"],"potions_floor_usage":[16],"damage_taken":[{"damage":0,"enemies":"Jaw Worm","floor":1,"turns":1},{"damage":0,"enemies":"Cultist","floor":3,"turns":1},{"damage":0,"enemies":"Small Slimes","floor":5,"turns":1},{"damage":32,"enemies":"3 Sentries","floor":7,"turns":14},{"damage":0,"enemies":"Gremlin Gang","floor":10,"turns":4},{"damage":0,"enemies":"Red Slaver","floor":11,"turns":2},{"damage":9,"enemies":"Exordium Thugs","floor":12,"turns":4},{"damage":0,"enemies":"Looter","floor":14,"turns":1},{"damage":26,"enemies":"Hexaghost","floor":16,"turns":9}],"seed_played":"636442912424818419","potions_obtained":[{"floor":10,"key":"DuplicationPotion"},{"floor":12,"key":"Poison Potion"}],"is_trial":false,"path_per_floor":["M","?","M","$","M","R","E","?","T","M","M","M","$","M","R","B"],"character_chosen":"THE_SILENT","items_purchased":["HandOfGreed"],"campfire_rested":0,"item_purchase_floors":[13],"current_hp_per_floor":[59,66,66,66,66,66,34,34,34,34,34,25,25,25,25,0,0],"gold":80,"neow_bonus":"THREE_ENEMY_KILL","is_daily":false,"chose_seed":false,"campfire_upgraded":2,"win_rate":0.0,"timestamp":1611418040,"path_taken":["M","?","M","$","?","R","E","?","T","M","M","?","?","M","R","BOSS"],"items_purchased_type":["Card"],"build_version":"2020-12-22","purchased_purges":1,"victory":false,"max_hp_per_floor":[66,66,66,66,66,66,66,66,66,66,66,66,66,66,66,66,66],"card_choices":[{"not_picked":["Bane","All Out Attack","Flying Knee"],"picked":"SKIP","floor":1},{"not_picked":["Flying Knee","Cloak And Dagger"],"picked":"Blade Dance","floor":3},{"not_picked":["Prepared","Concentrate"],"picked":"Accuracy","floor":5},{"not_picked":["Bullet Time","Blade Dance"],"picked":"Cloak And Dagger","floor":7},{"not_picked":["Distraction","Dodge and Roll","Setup"],"picked":"SKIP","floor":10},{"not_picked":["Bouncing Flask","Bane"],"picked":"Escape Plan","floor":11},{"not_picked":["Catalyst","Prepared","Underhanded Strike"],"picked":"SKIP","floor":12},{"not_picked":["Outmaneuver","Flying Knee"],"picked":"Die Die Die","floor":14}],"player_experience":253359,"relics_obtained":[{"floor":7,"key":"Lantern"},{"floor":9,"key":"Bag of Marbles"}],"event_choices":[{"damage_healed":7,"gold_gain":0,"player_choice":"Full Heal","damage_taken":0,"max_hp_gain":0,"max_hp_loss":0,"event_name":"Wheel of Change","floor":2,"gold_loss":0},{"damage_healed":0,"gold_gain":50,"player_choice":"Pray","damage_taken":0,"max_hp_gain":0,"max_hp_loss":0,"event_name":"Golden Shrine","floor":8,"gold_loss":0}],"is_beta":false,"boss_relics":[],"items_purged_floors":[4],"is_endless":false,"potions_floor_spawned":[10,12],"killed_by":"Hexaghost","ascension_level":16}}