{"host":"m1zxfnvdt64iwp8k","time":1611396009,"event":{"mods":["Act Like it!","BaseMod","Gensokyo","Koishi","Marisa£®ÏF”Í°°ƒß¿Ì…≥£©","Minty Spire (QoL Compilation)","Reimu£®≤©¿ˆ¡È√Œ£©","StSLib"],"gold_per_floor":[110,36,36,36,36,52,52,67,67,67,84,84,98,115,115,211,211,211,211],"floor_reached":18,"language":"ZHS","playtime":647,"items_purged":[],"score":152,"play_id":"39e79f47-8fc1-410c-aca5-221754e68aed","local_time":"20210123180009","is_ascension_mode":false,"campfire_choices":[{"data":"NonDirectionalLaser","floor":10,"key":"SMITH"},{"data":"MillisecondPulsars","floor":12,"key":"SMITH"},{"floor":15,"key":"REST"}],"circlet_count":0,"master_deck":["Strike_MRS","Strike_MRS","Strike_MRS","Strike_MRS","Defend_MRS","Defend_MRS","Defend_MRS","Defend_MRS","MasterSpark","UpSweep","NonDirectionalLaser+1","Gensokyo:LockedMedkit","ShootTheMoon","ChargingUp","DarkMatter","MillisecondPulsars+1","MeteoricShower","IllusionStar","UltimateShortwave"],"relics":["MiniHakkero","NeowsBlessing","Mango","Gensokyo:YoukaiFlower","InkBottle","Fusion Hammer"],"acts_visited":["Exordium","Gensokyo:Gensokyo"],"potions_floor_usage":[16,16],"damage_taken":[{"damage":0,"enemies":"Gensokyo:Gryphon","floor":1,"turns":1},{"damage":0,"enemies":"Gensokyo:2_Kodama","floor":6,"turns":1},{"damage":0,"enemies":"Gensokyo:3_Fairies","floor":8,"turns":1},{"damage":6,"enemies":"Gensokyo:2_Rabbits","floor":11,"turns":3},{"damage":6,"enemies":"Gensokyo:VengefulSpirit","floor":13,"turns":3},{"damage":9,"enemies":"Gensokyo:Gryphon_and_Rabbit","floor":14,"turns":3},{"damage":40,"enemies":"Gensokyo:Reimu","floor":16,"turns":13},{"damage":0,"enemies":"Gensokyo:3_Dogs","floor":18,"turns":1}],"seed_played":"-6030264611529537266","potions_obtained":[{"floor":6,"key":"ColorlessPotion"},{"floor":8,"key":"GrandPatriotsElixir:ReiMu"},{"floor":14,"key":"EssenceOfSteel"}],"is_trial":false,"path_per_floor":["M","COS","?","?","$","M","?","M","T","R","M","R","M","M","R","B",null,"M"],"character_chosen":"MARISA","items_purchased":[],"campfire_rested":1,"item_purchase_floors":[],"current_hp_per_floor":[75,75,75,68,68,68,68,68,68,68,62,62,56,47,73,33,89,89,89],"gold":211,"neow_bonus":"THREE_ENEMY_KILL","is_daily":false,"chose_seed":false,"campfire_upgraded":2,"win_rate":0.0,"timestamp":1611396009,"path_taken":["M","COS","?","?","$","?","?","M","T","R","M","R","?","M","R","BOSS","M"],"items_purchased_type":[],"build_version":"2020-12-22","purchased_purges":0,"victory":false,"max_hp_per_floor":[75,75,75,89,89,89,89,89,89,89,89,89,89,89,89,89,89,89,89],"card_choices":[{"not_picked":["GrandCross","ShootingEcho"],"picked":"NonDirectionalLaser","floor":1},{"not_picked":["WitchOfGreed","Acceleration"],"picked":"ShootTheMoon","floor":3},{"not_picked":["6A","DC"],"picked":"GrandCross","floor":3},{"not_picked":["MachineGunSpark","PowerUp"],"picked":"ChargingUp","floor":6},{"not_picked":["NonDirectionalLaser","ChargingUp"],"picked":"DarkMatter","floor":8},{"not_picked":["6A","MilkyWay"],"picked":"MillisecondPulsars","floor":11},{"not_picked":["WitchOfGreed","Occultation"],"picked":"MeteoricShower","floor":13},{"not_picked":["LuminesStrike","ChargeUpSpray"],"picked":"IllusionStar","floor":14},{"not_picked":["EscapeVelocity","CollectingQuirk"],"picked":"UltimateShortwave","floor":16}],"player_experience":103092,"relics_obtained":[{"floor":9,"key":"InkBottle"}],"event_choices":[],"is_beta":false,"boss_relics":[{"not_picked":["Cursed Key","Busted Crown"],"picked":"Fusion Hammer"}],"items_purged_floors":[],"is_endless":false,"potions_floor_spawned":[6,8,14],"killed_by":"Gensokyo:3_Dogs","ascension_level":0}}