{"host":"wogey4gsknv4ot2d","time":1611424268,"event":{"mods":["2.2 Compatiblity","AchievementEnabler","Alarm Clock","BaseMod","Bestiary","Better Match","Better Third Choice","Colored Map","Colored Powertips","Googly Eyes","Key Reminder","Minty Spire (QoL Compilation)","Permanent Neow","Rare Cards Sparkle","Relic Stats","StSLib"],"gold_per_floor":[118,133,204,219,219,219,232,250,304,315,327,347,364,379,379,477,527,508,508,18,35,49,49,49,63,63,63,80,80,80,80,80,80,80],"floor_reached":33,"language":"ENG","playtime":1142,"items_purged":[],"score":270,"play_id":"8601ca99-ac0a-4f0c-b3f8-01d7421fb4c0","local_time":"20210123115108","is_ascension_mode":false,"campfire_choices":[{"floor":6,"key":"REST"},{"floor":15,"key":"REST"},{"floor":23,"key":"REST"},{"floor":29,"key":"REST"},{"floor":32,"key":"REST"}],"circlet_count":0,"master_deck":["Strike_B","Strike_B","Strike_B","Strike_B","Defend_B","Defend_B","Defend_B","Defend_B","Dualcast","Stack","Conserve Battery","BootSequence","Conserve Battery","Capacitor+1","Cold Snap","Loop","Lockon","Core Surge","Consume","Go for the Eyes","Conserve Battery","Melter","Cold Snap","Genetic Algorithm","Cold Snap+1","Conserve Battery","Genetic Algorithm","Consume"],"relics":["Cracked Core","keyreminder:keyreminder","Dream Catcher","Tiny House","Pantograph","Sling","Nilry\u0027s Codex","Kunai","Mercury Hourglass"],"acts_visited":["Exordium","TheCity"],"potions_floor_usage":[16,16,16,22,25,28],"damage_taken":[{"damage":6,"enemies":"Cultist","floor":1,"turns":3},{"damage":7,"enemies":"Small Slimes","floor":2,"turns":3},{"damage":6,"enemies":"Jaw Worm","floor":4,"turns":3},{"damage":0,"enemies":"Blue Slaver","floor":7,"turns":5},{"damage":39,"enemies":"Exordium Thugs","floor":8,"turns":6},{"damage":15,"enemies":"Gremlin Gang","floor":10,"turns":7},{"damage":10,"enemies":"Exordium Wildlife","floor":11,"turns":4},{"damage":7,"enemies":"Looter","floor":12,"turns":4},{"damage":5,"enemies":"2 Fungi Beasts","floor":13,"turns":4},{"damage":0,"enemies":"3 Louse","floor":14,"turns":5},{"damage":18,"enemies":"Hexaghost","floor":16,"turns":15},{"damage":21,"enemies":"2 Thieves","floor":18,"turns":5},{"damage":8,"enemies":"Shell Parasite","floor":21,"turns":10},{"damage":33,"enemies":"Shelled Parasite and Fungi","floor":22,"turns":9},{"damage":30,"enemies":"Snake Plant","floor":25,"turns":7},{"damage":0,"enemies":"Snecko","floor":28,"turns":5},{"damage":93,"enemies":"Collector","floor":33,"turns":7}],"seed_played":"9055488489544307976","potions_obtained":[{"floor":7,"key":"BlessingOfTheForge"},{"floor":13,"key":"Swift Potion"},{"floor":14,"key":"FearPotion"},{"floor":18,"key":"AttackPotion"},{"floor":21,"key":"SneckoOil"}],"is_trial":false,"path_per_floor":["M","M","T","M","?","R","M","M","T","M","M","M","M","M","R","B",null,"M","?","$","M","M","R","?","M","T","T","M","R","?","?","R","B"],"character_chosen":"DEFECT","items_purchased":["Pantograph","Sling","Conserve Battery","Explosive Potion"],"campfire_rested":5,"item_purchase_floors":[20,20,20,20],"current_hp_per_floor":[76,69,69,63,63,82,82,43,43,28,18,11,6,6,30,12,87,66,66,66,58,25,51,35,5,5,5,5,31,31,31,57,0,0],"gold":80,"neow_bonus":"TEN_PERCENT_HP_BONUS","is_daily":false,"chose_seed":false,"campfire_upgraded":0,"win_rate":0.0,"timestamp":1611424268,"path_taken":["M","M","?","M","?","R","M","?","T","M","M","M","M","M","R","BOSS","M","?","?","M","?","R","?","M","T","?","M","R","?","?","R","BOSS"],"items_purchased_type":["Relic","Relic","Card","Potion"],"build_version":"2020-12-22","purchased_purges":0,"victory":false,"max_hp_per_floor":[82,82,82,82,82,82,82,82,82,82,82,82,82,82,82,82,87,87,87,87,87,87,87,87,87,87,87,87,87,87,87,87,87,87],"relic_stats":{"Dream Catcher":4,"counters":[17,102],"Pantograph":25,"Kunai":[3],"obtain_stats":[{"keyreminder:keyreminder":3,"Dream Catcher":9,"Tiny House":17,"Nilry\u0027s Codex":24,"Pantograph":20,"Kunai":26,"Cracked Core":0,"Sling":20,"Mercury Hourglass":27},{"keyreminder:keyreminder":2,"Dream Catcher":5,"Tiny House":11,"Nilry\u0027s Codex":14,"Pantograph":12,"Kunai":15,"Cracked Core":0,"Sling":12,"Mercury Hourglass":15},{"keyreminder:keyreminder":6,"Dream Catcher":20,"Tiny House":59,"Nilry\u0027s Codex":83,"Pantograph":64,"Kunai":90,"Cracked Core":0,"Sling":64,"Mercury Hourglass":90}],"Mercury Hourglass":[66]},"card_choices":[{"not_picked":["Darkness","Turbo","Fusion"],"picked":"SKIP","floor":1},{"not_picked":["Static Discharge","Ball Lightning"],"picked":"Stack","floor":2},{"not_picked":["Compile Driver","Turbo"],"picked":"Conserve Battery","floor":4},{"not_picked":["Recycle","Barrage"],"picked":"BootSequence","floor":7},{"not_picked":["Force Field","Stack","Ball Lightning"],"picked":"SKIP","floor":8},{"not_picked":["Leap","Sweeping Beam"],"picked":"Conserve Battery","floor":10},{"not_picked":["Multi-Cast","Skim","Steam"],"picked":"SKIP","floor":11},{"not_picked":["Conserve Battery","Stack"],"picked":"Capacitor","floor":12},{"not_picked":["Aggregate","Turbo"],"picked":"Cold Snap","floor":13},{"not_picked":["Compile Driver","Turbo"],"picked":"Loop","floor":14},{"not_picked":["Rebound","Ball Lightning"],"picked":"Lockon","floor":15},{"not_picked":["Amplify","Reboot"],"picked":"Core Surge","floor":16},{"not_picked":["Beam Cell","Reinforced Body"],"picked":"Consume","floor":17},{"not_picked":["Skim","Rebound"],"picked":"Go for the Eyes","floor":18},{"not_picked":["Redo","Stack"],"picked":"Melter","floor":21},{"not_picked":["Leap+1","Barrage"],"picked":"Cold Snap","floor":22},{"not_picked":["Compile Driver","Hologram+1"],"picked":"Genetic Algorithm","floor":23},{"not_picked":["Ball Lightning","Gash"],"picked":"Cold Snap+1","floor":25},{"not_picked":["Capacitor","Barrage"],"picked":"Conserve Battery","floor":28},{"not_picked":["Force Field","Double Energy"],"picked":"Genetic Algorithm","floor":29},{"not_picked":["Scrape","Heatsinks"],"picked":"Consume","floor":32}],"player_experience":77368,"relics_obtained":[{"floor":9,"key":"Dream Catcher"},{"floor":24,"key":"Nilry\u0027s Codex"},{"floor":26,"key":"Kunai"},{"floor":27,"key":"Mercury Hourglass"}],"event_choices":[{"damage_healed":0,"gold_gain":0,"player_choice":"Leave","damage_taken":0,"max_hp_gain":0,"max_hp_loss":0,"event_name":"The Cleric","floor":5,"gold_loss":0},{"cards_removed":["Zap"],"damage_healed":0,"gold_gain":0,"player_choice":"Offered Basic","damage_taken":0,"max_hp_gain":0,"max_hp_loss":0,"event_name":"Bonfire Elementals","floor":19,"gold_loss":0},{"damage_healed":0,"gold_gain":0,"player_choice":"Obtained Book","damage_taken":16,"max_hp_gain":0,"max_hp_loss":0,"event_name":"Cursed Tome","floor":24,"gold_loss":0},{"damage_healed":0,"gold_gain":0,"player_choice":"Obtain J.A.X.","damage_taken":0,"max_hp_gain":0,"max_hp_loss":0,"event_name":"Drug Dealer","floor":30,"gold_loss":0,"cards_obtained":["J.A.X."]},{"cards_removed":["J.A.X."],"damage_healed":0,"gold_gain":0,"player_choice":"Elegance","damage_taken":0,"max_hp_gain":0,"max_hp_loss":0,"event_name":"betterThird:BetterWriting","floor":31,"gold_loss":0}],"is_beta":false,"boss_relics":[{"not_picked":["Cursed Key","Philosopher\u0027s Stone"],"picked":"Tiny House"}],"items_purged_floors":[],"is_endless":false,"potions_floor_spawned":[1,7,11,13,14,18,21],"killed_by":"Collector","ascension_level":0}}