{"host":"19tvufa8xx4wr4o1","time":1611417438,"event":{"mods":["AchievementEnabler","BaseMod","Better Sensory Stone","Better Third Choice","Highlight Path","Minty Spire (QoL Compilation)","Relic Stats","StSLib"],"gold_per_floor":[109,125,136,136,136,167,167,194,243,255,255,255,21,37,37,111,111,121,121,321,340,357,387,387,277,277,291,319,319,329,133,133,204,204,223,223,223,223,235,235,249,249,249],"floor_reached":42,"language":"ENG","playtime":1521,"items_purged":["Regret"],"score":781,"play_id":"6b815090-70a3-43b7-a9ed-54313f5c580c","local_time":"20210123095718","is_ascension_mode":true,"campfire_choices":[{"data":"Cloak And Dagger","floor":7.0,"key":"SMITH"},{"floor":11,"key":"REST"},{"data":"Accuracy","floor":15,"key":"SMITH"},{"floor":24,"key":"REST"},{"floor":29,"key":"REST"},{"floor":32,"key":"REST"},{"floor":40,"key":"REST"}],"circlet_count":0,"master_deck":["AscendersBane","Strike_G","Strike_G","Strike_G","Strike_G","Defend_G","Defend_G","Defend_G","Defend_G","Defend_G","Survivor","Neutralize","Deadly Poison","Bane+1","Cloak And Dagger+1","Blur","Terror","Bouncing Flask","Blade Dance","Accuracy+1","Burst","Footwork","Crippling Poison","Catalyst+1","Caltrops","Malaise","PiercingWail","Cloak And Dagger"],"relics":["WristBlade","Shuriken","Orichalcum","Strawberry","Bronze Scales","Cursed Key","Kunai","Singing Bowl","Toy Ornithopter"],"acts_visited":["Exordium","TheCity","TheBeyond"],"potions_floor_usage":[21,23,28,33,35],"damage_taken":[{"damage":2.0,"enemies":"2 Louse","floor":1.0,"turns":3.0},{"damage":1.0,"enemies":"Cultist","floor":2.0,"turns":4.0},{"damage":1.0,"enemies":"Jaw Worm","floor":3.0,"turns":3.0},{"damage":12.0,"enemies":"3 Sentries","floor":6.0,"turns":8.0},{"damage":24.0,"enemies":"Lagavulin","floor":8.0,"turns":6.0},{"damage":3,"enemies":"Looter","floor":10,"turns":3},{"damage":0,"enemies":"3 Louse","floor":14,"turns":3},{"damage":20,"enemies":"Hexaghost","floor":16,"turns":6},{"damage":14,"enemies":"Shell Parasite","floor":18,"turns":4},{"damage":0,"enemies":"Spheric Guardian","floor":21,"turns":3},{"damage":16,"enemies":"Cultist and Chosen","floor":22,"turns":6},{"damage":16,"enemies":"Slavers","floor":23,"turns":4},{"damage":2,"enemies":"3 Cultists","floor":27,"turns":4},{"damage":18,"enemies":"Book of Stabbing","floor":28,"turns":5},{"damage":12,"enemies":"Snecko","floor":30,"turns":3},{"damage":64,"enemies":"Champ","floor":33,"turns":9},{"damage":23,"enemies":"3 Darklings","floor":35,"turns":5},{"damage":0,"enemies":"Orb Walker","floor":39,"turns":3},{"damage":37,"enemies":"3 Darklings","floor":41,"turns":7},{"damage":46,"enemies":"Transient","floor":42,"turns":2}],"seed_played":"-1642960438541314048","potions_obtained":[{"floor":2.0,"key":"DuplicationPotion"},{"floor":8.0,"key":"LiquidMemories"},{"floor":22,"key":"Weak Potion"},{"floor":33,"key":"Swift Potion"},{"floor":41,"key":"Energy Potion"}],"is_trial":false,"path_per_floor":["M","M","M","?","$","E","R","E","T","M","R","?","$","M","R","B",null,"M","?","?","M","M","E","R","?","T","M","E","R","M","$","R","B",null,"M","?","?","?","M","R","M","M"],"character_chosen":"THE_SILENT","items_purchased":["Bronze Scales","Blade Dance","Accuracy","Caltrops","PowerPotion"],"campfire_rested":5,"item_purchase_floors":[13,13,13,31,31],"current_hp_per_floor":[57,56,55,55,55,43,43,19,26,23,44,44,44,44,44,24,61,47,62,62,62,46,30,51,51,51,49,31,52,42,42,64,5,58,40,40,40,40,42,63,26,0,0],"gold":249,"neow_bonus":"BOSS_RELIC","is_daily":false,"chose_seed":false,"campfire_upgraded":2,"win_rate":0.0,"timestamp":1611417438,"path_taken":["M","M","M","?","$","E","R","E","T","?","R","?","$","M","R","BOSS","M","?","?","M","?","E","R","?","T","M","E","R","M","$","R","BOSS","M","?","?","?","M","R","M","M"],"items_purchased_type":["Relic","Card","Card","Card","Potion"],"build_version":"2020-12-22","purchased_purges":1,"victory":false,"max_hp_per_floor":[66,66,66,66,66,66,66,66,73,73,73,73,73,73,73,73,73,73,73,73,73,73,73,73,73,73,73,73,73,75,75,75,75,75,75,75,71,71,73,73,73,73,73],"relic_stats":{"Singing Bowl":4,"counters":[20,91],"Shuriken":[34],"Bronze Scales":[206],"Kunai":[18],"Orichalcum":[96],"Cursed Key":1,"obtain_stats":[{"WristBlade":0,"Singing Bowl":26,"Shuriken":6,"Strawberry":9,"Bronze Scales":13,"Kunai":23,"Orichalcum":8,"Cursed Key":17,"Toy Ornithopter":28,"Ring of the Snake":0},{"WristBlade":0,"Singing Bowl":12,"Shuriken":4,"Strawberry":5,"Bronze Scales":6,"Kunai":12,"Orichalcum":5,"Cursed Key":8,"Toy Ornithopter":14,"Ring of the Snake":0},{"WristBlade":0,"Singing Bowl":53,"Shuriken":18,"Strawberry":24,"Bronze Scales":27,"Kunai":53,"Orichalcum":24,"Cursed Key":36,"Toy Ornithopter":62,"Ring of the Snake":0}],"Toy Ornithopter":10},"card_choices":[{"not_picked":["Underhanded Strike","Acrobatics"],"picked":"Deadly Poison","floor":1.0},{"not_picked":["Flying Knee","Prepared"],"picked":"Bane","floor":2.0},{"not_picked":["PiercingWail","Bane"],"picked":"Cloak And Dagger","floor":3.0},{"not_picked":["Panache","The Bomb"],"picked":"Swift Strike","floor":4.0},{"not_picked":["Outmaneuver","Finisher"],"picked":"Blur","floor":6.0},{"not_picked":["Predator","Flying Knee"],"picked":"Terror","floor":8.0},{"not_picked":["Bane","Sucker Punch"],"picked":"Bouncing Flask","floor":10},{"not_picked":["Deflect","Deadly Poison","Predator"],"picked":"SKIP","floor":14},{"not_picked":["Envenom","A Thousand Cuts"],"picked":"Burst","floor":16},{"not_picked":["All Out Attack","Tactician","Flying Knee"],"picked":"SKIP","floor":18},{"not_picked":["Dash+1","Blur"],"picked":"Footwork","floor":21},{"not_picked":["Accuracy","Deadly Poison","Endless Agony"],"picked":"SKIP","floor":22},{"not_picked":["Underhanded Strike+1","Acrobatics","Dagger Spray+1"],"picked":"SKIP","floor":23},{"not_picked":["PiercingWail","Quick Slash"],"picked":"Crippling Poison","floor":27},{"not_picked":["Masterful Stab","Well Laid Plans"],"picked":"Catalyst+1","floor":28},{"not_picked":["Setup","Deflect+1","Deadly Poison"],"picked":"Singing Bowl","floor":30},{"not_picked":["Tools of the Trade","Storm of Steel"],"picked":"Malaise","floor":33},{"not_picked":["Prepared","Sucker Punch+1"],"picked":"PiercingWail","floor":35},{"not_picked":["Crippling Poison","Outmaneuver","Underhanded Strike"],"picked":"Singing Bowl","floor":39},{"not_picked":["Dagger Spray","Malaise"],"picked":"Cloak And Dagger","floor":41}],"player_experience":596271,"relics_obtained":[{"floor":6.0,"key":"Shuriken"},{"floor":8.0,"key":"Orichalcum"},{"floor":9.0,"key":"Strawberry"},{"floor":23,"key":"Kunai"},{"floor":26,"key":"Singing Bowl"},{"floor":28,"key":"Toy Ornithopter"}],"event_choices":[{"damage_healed":0.0,"max_hp_gain":0.0,"max_hp_loss":0.0,"gold_gain":1.0,"event_name":"betterStone:BetterStone","player_choice":"1","floor":4.0,"gold_loss":0.0,"damage_taken":0.0},{"damage_healed":0,"gold_gain":0,"player_choice":"Grow","damage_taken":0,"max_hp_gain":0,"max_hp_loss":0,"event_name":"Living Wall","floor":12,"gold_loss":0,"cards_upgraded":["Bane"]},{"damage_healed":15,"gold_gain":0,"player_choice":"Heal","damage_taken":0,"max_hp_gain":0,"max_hp_loss":0,"event_name":"The Library","floor":19,"gold_loss":0},{"damage_healed":0,"gold_gain":200,"player_choice":"Gold","damage_taken":0,"max_hp_gain":0,"max_hp_loss":0,"event_name":"Wheel of Change","floor":20,"gold_loss":0},{"cards_removed":["Strike_G"],"damage_healed":0,"gold_gain":0,"player_choice":"Upgrade and Remove","damage_taken":0,"max_hp_gain":0,"max_hp_loss":0,"event_name":"Designer","floor":25,"gold_loss":110,"cards_upgraded":["Swift Strike"]},{"damage_healed":0,"gold_gain":0,"player_choice":"Ignored","damage_taken":0,"max_hp_gain":0,"max_hp_loss":0,"event_name":"Tomb of Lord Red Mask","floor":36,"gold_loss":0},{"damage_healed":0,"gold_gain":0,"player_choice":"Max HP","damage_taken":0,"max_hp_gain":0,"max_hp_loss":4,"event_name":"Winding Halls","floor":37,"gold_loss":0},{"cards_removed":["Swift Strike"],"damage_healed":0,"gold_gain":0,"player_choice":"Removed Attack","damage_taken":0,"max_hp_gain":0,"max_hp_loss":0,"event_name":"Falling","floor":38,"gold_loss":0}],"is_beta":false,"boss_relics":[{"not_picked":["Runic Dome","Snecko Eye"],"picked":"Cursed Key"},{"not_picked":["Velvet Choker","Coffee Dripper","Philosopher\u0027s Stone"]}],"items_purged_floors":[31],"is_endless":false,"potions_floor_spawned":[2,8,10,14,18,22,33,41],"killed_by":"Transient","ascension_level":15}}