{"host":"vm8b3ptwl81uq21f","time":1611387777,"event":{"mods":["Aspiration","BaseMod","BetterRewards","Colored Map","Colored Powertips","GifTheSpireLib","Googly Eyes","GungeonMod","Halation","Hubris","Infinite Spire","Minty Spire (QoL Compilation)","Quick Restart","Rare Cards Sparkle","Replay The Spire","Shop Mod","Spicy Shops","StSLib","Stuff the Spire","The IronCluck","[IsaacMod]????"],"gold_per_floor":[112,125,138,148,58,85,85,1,83,103,103,138,154,154,154,228,228,248,248,248,323,337,337,366,366,366,366,366,366,378,396,396,470,470,482,500,500,500,500,527,527,558,638,0,0,0,17,17,17,17],"floor_reached":51,"language":"ENG","playtime":1706,"items_purged":["DemoMod:RustySidearm","DemoMod:CrossBow","DemoMod:Strike_Huntress","DemoMod:Strike_Huntress","DemoMod:Defend_Huntress","DemoMod:Strike_Huntress+1","DemoMod:Defend_Huntress","DemoMod:Defend_Huntress","DemoMod:Defend_Huntress","DemoMod:Roll","DemoMod:StrategicReserve","Shame","DemoMod:BattleInHaste","Good Instincts"],"score":2483,"play_id":"a228df71-6550-4d7c-bfea-3558cc74d660","local_time":"20210123024257","is_ascension_mode":true,"campfire_choices":[{"data":"DemoMod:ManualReload","floor":7,"key":"SMITH"},{"data":"DemoMod:ConditionalReflex","floor":15,"key":"SMITH"},{"data":"DemoMod:ConditionalReflex","floor":23,"key":"SMITH"},{"data":"DemoMod:FastSwitch","floor":25,"key":"SMITH"},{"data":"StuffTheSpire:WarGroove","floor":32,"key":"SMITH"},{"data":"DemoMod:Behold!","floor":41,"key":"SMITH"}],"circlet_count":0,"master_deck":["AscendersBane","DemoMod:ManualReload+1","DemoMod:AWP+1","DemoMod:FastSwitch+1","DemoMod:ConditionalReflex+1","DemoMod:ConditionalReflex+1","StuffTheSpire:WarGroove+1","DemoMod:HardPowerCard+1","DemoMod:Behold!+1","DemoMod:ManualReload"],"relics":["Burning Blood","HushsDoor","GuppysTail","ReplayFunnel","DemoMod:WhiteGuonStone","MerchantsRug","infinitespire:Golems Mask","halation:LettersToHer","Membership Card","DemoMod:SuperHotWatch","DemoMod:GlassGuonStoneRelic","DemoMod:LamentConfigurum","SteamSale","Gremlin Horn","Toy Ornithopter","DemoMod:PoisonVial","DemoMod:GnawedKey","DemoMod:OrangeGuonStone","infinitespire:Cubic Diamond","TuHaoJin","Happy Flower","Frozen Eye","Bag of Preparation","Medical Kit","DemoMod:MeltedRock","StuffTheSpire:CocoNut","halation:SmartPhone","halation:PinkSoulGem","StuffTheSpire:Tea","Chameleon Ring","Snack Pack","halation:PromiseList","OrangePellets","halation:PrussianBluePaint","aspiration:FetidBarrel","Replay:Towering Pillar of Hats","hubris:BottledHeart","Oddly Smooth Stone","Darkstone Periapt","infinitespire:PuzzleCube","TheAbacus","Strange Spoon","DemoMod:Wolf","Toolbox","Incense Burner","halation:Jellyphish","hubris:TenFootPole","infinitespire:Joker Card","White Beast Statue","Red Mask","Blue Doll","hubris:EmptyBottle","Potion Belt","StuffTheSpire:Nightcore","StuffTheSpire:RubySignet","StuffTheSpire:BottledEssence"],"acts_visited":["Exordium","TheCity","TheBeyond"],"potions_floor_usage":[8,50,50,50,50,50],"damage_taken":[{"damage":0,"enemies":"Jaw Worm","floor":1,"turns":1},{"damage":0,"enemies":"2 Louse","floor":2,"turns":4},{"damage":0,"enemies":"Cultist","floor":3,"turns":3},{"damage":0,"enemies":"Exordium Thugs","floor":4,"turns":4},{"damage":0,"enemies":"3 Sentries","floor":6,"turns":5},{"damage":0,"enemies":"Exordium Wildlife","floor":10,"turns":2},{"damage":0,"enemies":"Gremlin Nob","floor":12,"turns":2},{"damage":0,"enemies":"Slime Boss","floor":16,"turns":4},{"damage":0,"enemies":"Chosen","floor":18,"turns":2},{"damage":0,"enemies":"2 Thieves","floor":22,"turns":1},{"damage":0,"enemies":"Slavers","floor":24,"turns":2},{"damage":0,"enemies":"Centurion and Healer","floor":30,"turns":1},{"damage":0,"enemies":"Snake Plant","floor":31,"turns":1},{"damage":0,"enemies":"hubris:MusketHawk","floor":33,"turns":4},{"damage":0,"enemies":"Orb Walker","floor":35,"turns":1},{"damage":0,"enemies":"3 Shapes","floor":36,"turns":1},{"damage":0,"enemies":"R_Hoarder","floor":40,"turns":4},{"damage":0,"enemies":"Giant Head","floor":42,"turns":2},{"damage":0,"enemies":"Writhing Mass","floor":47,"turns":1},{"damage":0,"enemies":"Donu and Deca","floor":50,"turns":1}],"seed_played":"-513911992305151646","potions_obtained":[{"floor":2,"key":"Swift Potion"},{"floor":31,"key":"infinitespire:BlackPotion"},{"floor":42,"key":"SpeedPotion"}],"is_trial":false,"path_per_floor":["M","M","M","M","$","E","R","$","T","M","?","E","$","?","R","B",null,"M","?","$","?","M","R","E","R","T","?","?","$","M","M","R","B",null,"M","M","?","$","?","E","R","E","T","?","$","R","M","?","R_BF","B",null],"character_chosen":"HUNTRESS","items_purchased":["ReplayFunnel","DemoMod:WhiteGuonStone","DemoMod:AWP","MerchantsRug","halation:LettersToHer","Membership Card","DemoMod:SuperHotWatch","Whetstone","DemoMod:BoxingGlove","SteamSale","Gremlin Horn","Toy Ornithopter","DemoMod:PoisonVial","DemoMod:GnawedKey","Fruit Juice","Dexterity Potion","DemoMod:ConditionalReflex","Happy Flower","Frozen Eye","Bag of Preparation","Medical Kit","DemoMod:MeltedRock","StuffTheSpire:CocoNut","FearPotion","Good Instincts","StuffTheSpire:Tea","Chameleon Ring","Snack Pack","halation:PromiseList","OrangePellets","Oddly Smooth Stone","Darkstone Periapt","infinitespire:PuzzleCube","TheAbacus","Strange Spoon","Toolbox","Incense Burner","halation:Jellyphish","Blue Doll","hubris:EmptyBottle","Potion Belt","StuffTheSpire:Nightcore","StuffTheSpire:RubySignet","StuffTheSpire:BottledEssence","DemoMod:LeadSkinPotion"],"campfire_rested":0,"item_purchase_floors":[0,0,0,0,0,0,0,0,5,8,8,8,8,8,8,8,8,13,13,13,13,13,13,13,13,20,20,20,20,20,29,29,29,29,29,38,38,38,45,45,45,45,45,45,45],"current_hp_per_floor":[21,21,21,21,21,21,21,31,31,31,31,37,44,44,44,50,65,69,69,69,41,49,49,59,59,59,27,1,1,1,1,1,1,1,1,1,1,1,1,1,1,1,1,1,1,1,1,1,1,1],"gold":17,"neow_bonus":"","is_daily":false,"chose_seed":false,"campfire_upgraded":6,"win_rate":0.0,"timestamp":1611387777,"path_taken":["M","M","M","M","$","E","R","$","T","M","?","E","$","?","R","BOSS","M","?","$","?","?","R","E","R","T","?","?","$","M","M","R","BOSS","M","M","?","$","?","E","R","E","T","?","?","R","?","?","R_BF","BOSS"],"items_purchased_type":["Relic","Relic","Card","Relic","Relic","Relic","Relic","Relic","Card","Relic","Relic","Relic","Relic","Relic","Potion","Potion","Card","Relic","Relic","Relic","Relic","Relic","Relic","Potion","Card","Relic","Relic","Relic","Relic","Relic","Relic","Relic","Relic","Relic","Relic","Relic","Relic","Relic","Relic","Relic","Relic","Relic","Relic","Relic","Undefined"],"build_version":"2020-12-22","purchased_purges":14,"victory":true,"max_hp_per_floor":[63,63,63,63,63,63,63,68,68,68,68,68,75,75,75,75,70,70,70,70,70,70,70,70,70,70,70,1,1,1,1,1,1,1,1,1,1,1,1,1,1,1,1,1,1,1,1,1,1,1],"card_choices":[{"not_picked":["DemoMod:ProbeStrike","DemoMod:AWP"],"picked":"DemoMod:StrategicReserve","floor":1},{"not_picked":["Bomb","DemoMod:Replace"],"picked":"DemoMod:FastSwitch","floor":2},{"not_picked":["DemoMod:TeaPot","DemoMod:DoubleSwitch"],"picked":"DemoMod:BattleInHaste","floor":3},{"not_picked":["DemoMod:PracticeMakesPerfect","DemoMod:GunstockTap"],"picked":"DemoMod:Purify","floor":4},{"not_picked":["DemoMod:MegaHand","DemoMod:Ejector","DemoMod:DirectionalPad"],"picked":"SKIP","floor":6},{"not_picked":["DemoMod:Ejector","DemoMod:GunslingerForm"],"picked":"DemoMod:ConditionalReflex","floor":10},{"not_picked":["DemoMod:DirectionalPad","DemoMod:HighKaliber","DemoMod:ShadowBullets"],"picked":"SKIP","floor":12},{"not_picked":["DemoMod:DirectionalPad","DemoMod:Replace","DemoMod:CombinedRifle"],"picked":"SKIP","floor":18},{"not_picked":["DemoMod:DoubleSwitch","DemoMod:MachoBrace","DemoMod:ConditionalReflex"],"picked":"SKIP","floor":22},{"not_picked":["DemoMod:GunstockTap+1","DemoMod:SAA","DemoMod:CursedBullets"],"picked":"SKIP","floor":24},{"not_picked":["DemoMod:AbyssalTentacle","DemoMod:BattleInHaste"],"picked":"DemoMod:HardPowerCard","floor":30},{"not_picked":["DemoMod:ProbeStrike","DemoMod:JK47","DemoMod:TableSutra+1"],"picked":"SKIP","floor":31},{"not_picked":["DemoMod:FullFirepower","DemoMod:SuppressiveFire"],"picked":"DemoMod:Behold!","floor":33},{"not_picked":["DemoMod:DoubleSwitch+1","DemoMod:PotionOfGunFriendShip","DemoMod:DirectionalPad"],"picked":"SKIP","floor":35},{"not_picked":["DemoMod:BoxingGlove","DemoMod:Polaris","DemoMod:Replace"],"picked":"SKIP","floor":36},{"not_picked":["DemoMod:EasyReloadBullets","DemoMod:TripleGun","DemoMod:AC15+1"],"picked":"SKIP","floor":40},{"not_picked":["DemoMod:HungryBullets","DemoMod:SkilledReload","DemoMod:Casey"],"picked":"SKIP","floor":42},{"not_picked":["DemoMod:HardPowerCard","DemoMod:EasyReloadBullets+1","DemoMod:BoxingGlove"],"picked":"SKIP","floor":47}],"player_experience":368731,"relics_obtained":[{"floor":6,"key":"DemoMod:LamentConfigurum"},{"floor":9,"key":"halation:LettersToHer"},{"floor":9,"key":"DemoMod:OrangeGuonStone"},{"floor":12,"key":"TuHaoJin"},{"floor":21,"key":"halation:PrussianBluePaint"},{"floor":24,"key":"aspiration:FetidBarrel"},{"floor":26,"key":"halation:LettersToHer"},{"floor":26,"key":"Replay:Towering Pillar of Hats"},{"floor":40,"key":"hubris:TenFootPole"},{"floor":42,"key":"infinitespire:Joker Card"},{"floor":43,"key":"halation:LettersToHer"},{"floor":43,"key":"White Beast Statue"}],"event_choices":[{"damage_healed":0,"gold_gain":0,"player_choice":"Forge","damage_taken":0,"max_hp_gain":0,"max_hp_loss":0,"event_name":"Accursed Blacksmith","floor":39,"gold_loss":0,"cards_upgraded":["DemoMod:HardPowerCard"]},{"damage_healed":0,"gold_gain":0,"player_choice":"Paid","damage_taken":0,"relics_obtained":["Red Mask"],"max_hp_gain":0,"max_hp_loss":0,"event_name":"Tomb of Lord Red Mask","floor":44,"gold_loss":638},{"damage_healed":0,"gold_gain":0,"player_choice":"1 cards matched","damage_taken":0,"max_hp_gain":0,"max_hp_loss":0,"event_name":"Match and Keep!","floor":48,"gold_loss":0,"cards_obtained":["DemoMod:ManualReload"]}],"is_beta":false,"boss_relics":[{"not_picked":["halation:PlatinumPhoenix","Runic Pyramid"],"picked":"halation:SmartPhone"},{"not_picked":[]},{"not_picked":["aspiration:RitualDagger","DemoMod:ElasticCartridgeClip"],"picked":"DemoMod:Wolf"},{"not_picked":[]}],"items_purged_floors":[0,0,0,0,5,8,8,13,17,20,29,38,38,45],"is_endless":false,"potions_floor_spawned":[2,4,16,18,22,31,33,35,36,42,47],"ascension_level":18}}