{"host":"ucdtmwoyjdi175gg","time":1611418070,"event":{"mods":["2.2 Compatiblity","Act Like it!","Aspiration","BaseMod","Beaked The Cultist","Bestiary","Better Third Choice","CapriCore","Chen","Ekko","Filter the Spire","Friendly Minions","Gensokyo","Halation","Hermit","HololiveMod","KinomotoSakuraMod(????)","Koishi","Lobotomy","Luminous","Marisa????????","Marked Mod","Minty Spire (QoL Compilation)","Nova Terra(??·??)","Quick Restart","Relic Stats","Remilia??????","Replay The Spire","Somnambulant","StSLib","Td1madao Mod","The Administrix","The Bug Knight","The Fake Hero","The Hierophant","The Immortal","The Jungle","The Marked","The Servant 0.9.4","TheSwordswoman","Yuyuko","??????REMEMod"],"gold_per_floor":[119,135,135,195,210,242,242,367,367,377,377,377,388,388,13,63,63,161,161,178,198,248,266,278,312,312,312,312],"floor_reached":26,"language":"ENG","playtime":1916,"items_purged":[],"score":280,"play_id":"6ef2a888-2d78-4a9c-9da4-c9b1bebca175","local_time":"20210123100750","is_ascension_mode":false,"campfire_choices":[{"data":"MokouMod:ThermalPressure","floor":7,"key":"SMITH"},{"data":"MokouMod:SpontaneousHumanCombustion","floor":14,"key":"SMITH"},{"floor":17,"key":"REST"}],"circlet_count":0,"master_deck":["MokouMod:Strike","MokouMod:Strike","MokouMod:Strike","MokouMod:Strike","MokouMod:Strike","MokouMod:Defend","MokouMod:Defend","MokouMod:Defend","MokouMod:Defend","MokouMod:HeatSpark","ConjureBlade+1","MokouMod:ThermalPressure+1","MokouMod:Sear+1","MokouMod:Cataclysm","MokouMod:Sear","MokouMod:ScorchingColumn","MokouMod:Combust","MokouMod:SpontaneousHumanCombustion+1","MokouMod:Ventilation+1","MokouMod:RadiantBlade","MokouMod:FujiyamaVolcano+1","MokouMod:RisingSunBarrier","J.A.X.","MokouMod:ResonanceReactor","MokouMod:HeartofFire","MokouMod:ScorchedEarth"],"relics":["MokouMod:PhoenixFeather","REME_ComplimentaryCards","SsserpentHead","Oddly Smooth Stone","Quantum Egg","aspiration:FrozenJewel","REME_LowDesire","Omamori","halation:KoshaPiece","Matryoshka"],"acts_visited":["Exordium","TheCity"],"potions_floor_usage":[18,21,24,26],"damage_taken":[{"damage":1,"enemies":"Cultist","floor":1,"turns":3},{"damage":7,"enemies":"Small Slimes","floor":2,"turns":4},{"damage":6,"enemies":"2 Louse","floor":4,"turns":2},{"damage":10,"enemies":"Exordium Thugs","floor":5,"turns":5},{"damage":10,"enemies":"Lagavulin","floor":6,"turns":4},{"damage":0,"enemies":"2 Fungi Beasts","floor":10,"turns":3},{"damage":2,"enemies":"Blue Slaver","floor":13,"turns":3},{"damage":0,"enemies":"Slime Boss","floor":18,"turns":3},{"damage":8,"enemies":"Spheric Guardian","floor":20,"turns":3},{"damage":14,"enemies":"Shell Parasite","floor":21,"turns":3},{"damage":12,"enemies":"Sentry and Sphere","floor":23,"turns":3},{"damage":27,"enemies":"Snecko","floor":24,"turns":5},{"damage":64,"enemies":"Book of Stabbing","floor":25,"turns":5},{"damage":23,"enemies":"Centurion and Healer","floor":26,"turns":2}],"seed_played":"-3387950355258969759","potions_obtained":[{"floor":4,"key":"Strength Potion"},{"floor":5,"key":"Regen Potion"},{"floor":6,"key":"Milkshake"},{"floor":13,"key":"DuplicationPotion"},{"floor":18,"key":"SneckoOil"},{"floor":20,"key":"SkillPotion"}],"is_trial":false,"path_per_floor":["M","M","?","M","M","E","R","?","T","M","PTL","PTL","M","R","$","?","R","B",null,"M","M","?","M","M","E","M"],"character_chosen":"MKU","items_purchased":["MokouMod:Ventilation+1","aspiration:FrozenJewel"],"campfire_rested":1,"item_purchase_floors":[15,15],"current_hp_per_floor":[74,67,67,61,51,41,41,30,30,30,30,30,28,28,28,28,50,59,75,67,53,53,41,14,18,0,0,0],"gold":312,"neow_bonus":"UPGRADE_CARD","is_daily":false,"chose_seed":false,"campfire_upgraded":2,"win_rate":0.0,"timestamp":1611418070,"path_taken":["M","M","?","?","M","E","R","?","T","M","PTL","PTL","M","R","$","?","R","BOSS","M","M","?","M","M","E","M"],"items_purchased_type":["Card","Relic"],"build_version":"2020-12-22","purchased_purges":0,"victory":false,"max_hp_per_floor":[75,75,75,75,75,75,75,75,75,75,75,75,75,75,75,75,75,75,75,75,75,75,75,75,75,75,75,75],"relic_stats":{"SsserpentHead":200,"counters":[14,48],"obtain_stats":[{"SsserpentHead":3,"Matryoshka":25,"Quantum Egg":9,"MokouMod:PhoenixFeather":0,"Oddly Smooth Stone":6,"Omamori":19,"halation:KoshaPiece":19,"REME_LowDesire":19,"aspiration:FrozenJewel":15,"REME_ComplimentaryCards":0},{"SsserpentHead":2,"Matryoshka":13,"Quantum Egg":5,"MokouMod:PhoenixFeather":0,"Oddly Smooth Stone":5,"Omamori":8,"halation:KoshaPiece":8,"REME_LowDesire":8,"aspiration:FrozenJewel":7,"REME_ComplimentaryCards":0},{"SsserpentHead":7,"Matryoshka":46,"Quantum Egg":18,"MokouMod:PhoenixFeather":0,"Oddly Smooth Stone":18,"Omamori":27,"halation:KoshaPiece":27,"REME_LowDesire":27,"aspiration:FrozenJewel":24,"REME_ComplimentaryCards":0}]},"card_choices":[{"not_picked":["MokouMod:Singe","MokouMod:ResoluteFlare"],"picked":"MokouMod:ThermalPressure","floor":1},{"not_picked":["MokouMod:Overheat","MokouMod:Singe"],"picked":"MokouMod:Sear","floor":2},{"not_picked":["MokouMod:HeatCyclone","MokouMod:AdaptivePyromancy"],"picked":"MokouMod:Cataclysm","floor":4},{"not_picked":["MokouMod:Singe","MokouMod:Combust"],"picked":"MokouMod:Sear","floor":5},{"not_picked":["MokouMod:Firecracker","MokouMod:SearingShot"],"picked":"MokouMod:ScorchingColumn","floor":6},{"not_picked":["MokouMod:TemporalFireSeal","MokouMod:EternalBurstReactor"],"picked":"MokouMod:Combust","floor":10},{"not_picked":["MokouMod:Firecracker","MokouMod:FlickeringFlame"],"picked":"MokouMod:SpontaneousHumanCombustion","floor":13},{"not_picked":["MokouMod:EnchantingBambooForest","MokouMod:BurningHiddenBullet"],"picked":"MokouMod:RadiantBlade","floor":18},{"not_picked":["MokouMod:Overheat+1","MokouMod:FlareStarter+1","REME_MawOfCthun"],"picked":"MokouMod:FujiyamaVolcano+1","floor":20},{"not_picked":["MokouMod:Cataclysm+1","MokouMod:BlazingComet+1","Replay:Sssssssssshield+1"],"picked":"MokouMod:RisingSunBarrier","floor":21},{"not_picked":["MokouMod:Fireball","MokouMod:FujiyamaVolcano","Panacea"],"picked":"MokouMod:ResonanceReactor","floor":23},{"not_picked":["MokouMod:SubterraneanCore","MokouMod:IllusoryBattlefield+1","Crow Ritual"],"picked":"MokouMod:HeartofFire","floor":24},{"not_picked":["MokouMod:Rekindle","MokouMod:PhoenixFeathers","Swift Strike"],"picked":"MokouMod:ScorchedEarth","floor":25}],"player_experience":1616565,"relics_obtained":[{"floor":6,"key":"Oddly Smooth Stone"},{"floor":9,"key":"Quantum Egg"},{"floor":19,"key":"Omamori"},{"floor":19,"key":"halation:KoshaPiece"},{"floor":25,"key":"Matryoshka"}],"event_choices":[{"damage_healed":0,"gold_gain":0,"player_choice":"Trade","damage_taken":0,"relics_obtained":["SsserpentHead"],"max_hp_gain":0,"max_hp_loss":0,"event_name":"FaceTrader","floor":3,"gold_loss":0},{"damage_healed":0,"gold_gain":75,"player_choice":"Gold","damage_taken":11,"max_hp_gain":0,"max_hp_loss":0,"event_name":"betterThird:BetterGoop","floor":8,"gold_loss":0},{"damage_healed":0,"gold_gain":0,"player_choice":"Grow","damage_taken":0,"max_hp_gain":0,"max_hp_loss":0,"event_name":"Living Wall","floor":16,"gold_loss":0,"cards_upgraded":["MokouMod:Sear"]},{"damage_healed":0,"gold_gain":0,"player_choice":"Obtain J.A.X.","damage_taken":0,"max_hp_gain":0,"max_hp_loss":0,"event_name":"Drug Dealer","floor":22,"gold_loss":0,"cards_obtained":["J.A.X."]}],"is_beta":false,"boss_relics":[{"not_picked":["Tiny House","beaked:MawFillet"],"picked":"REME_LowDesire"}],"items_purged_floors":[],"is_endless":false,"potions_floor_spawned":[4,5,6,13,18,20],"killed_by":"Centurion and Healer","ascension_level":0}}