{"host":"bebwmhhch11ak7yk","time":1611434505,"event":{"mods":["Act Like it!","Arknights The Spire","Aspiration","BaseMod","Better Skull","Better Third Choice","Colored Powertips","Elementarium","Fiend Mod","Hermit","Hunter ??","Kratos Character Expansion","Luminous","Minty Spire (QoL Compilation)","Replay The Spire","SIMod","StSLib","The Animator","The Blackbeard","The Bladedancer","The Bug Knight","The Cursed","The Death Knight","The Necromancer","The Servant 0.9.4","The Vixen"],"gold_per_floor":[115,131,145,160,160,187,187,7,7,17,17,34,66,66,66,164,164,177,9,9,28,42,42,42],"floor_reached":23,"language":"ENG","playtime":1916,"items_purged":[],"score":228,"play_id":"1404dabd-c6f4-4040-bd39-3fac17f46bde","local_time":"20210123214145","is_ascension_mode":false,"campfire_choices":[{"data":"ats:Roar Of Ursus","floor":7,"key":"SMITH"},{"data":"ats:Part Time Job","floor":11,"key":"SMITH"},{"floor":15,"key":"REST"}],"circlet_count":0,"master_deck":["ats:Strike C","ats:Strike G","ats:Strike S","ats:Strike V","ats:Armor Crushing Shot","ats:Defend","ats:Defend","ats:Defend","ats:Defend","ats:Emotion Absorption","ats:Ignite","ats:Roar Of Ursus+1","ats:Flame Of Heaven","ats:Closed Bolt Burst Fire","ats:Thorns","ats:Part Time Job+1","ats:Magnetic Hammer","ats:Apocalypse","ats:Serious Mode","ats:Burning Ground","ats:Soul Rend","Elementarium:StickyTar","ats:Blood Oath","ats:Poison Spread","ats:Poison Spread","ats:Mental Burst","ats:Apocalypse","ats:Thorns"],"relics":["ats:Sanity","NeowsBlessing","ats:Originium","aspiration:ChemicalBlood","Pet Ghost","Sozu"],"acts_visited":["Exordium","Exordium"],"potions_floor_usage":[10,13,13,16,16,16],"damage_taken":[{"damage":0,"enemies":"2 Louse","floor":1,"turns":2},{"damage":0,"enemies":"Cultist","floor":2,"turns":1},{"damage":0,"enemies":"Jaw Worm","floor":3,"turns":1},{"damage":18,"enemies":"Red Slaver","floor":4,"turns":4},{"damage":0,"enemies":"HollowMod:MossKnight","floor":6,"turns":4},{"damage":0,"enemies":"Gremlin Gang","floor":10,"turns":3},{"damage":19,"enemies":"Blue Slaver","floor":12,"turns":4},{"damage":22,"enemies":"Gremlin Nob","floor":13,"turns":5},{"damage":52,"enemies":"Hexaghost","floor":16,"turns":9},{"damage":22,"enemies":"Elementarium:MUD_AND_TAR_GOLEMS","floor":18,"turns":5},{"damage":20,"enemies":"Elementarium:2_ELEMENTALS","floor":21,"turns":5},{"damage":42,"enemies":"Elementarium:Hydrostalker","floor":22,"turns":5},{"damage":57,"enemies":"Elementarium:FIRE_NOBILITY","floor":23,"turns":4}],"seed_played":"731434228950705196","potions_obtained":[{"floor":6,"key":"Adrenaline Potion"},{"floor":12,"key":"Swift Potion"}],"is_trial":false,"path_per_floor":["M","M","M","M","?","E","R","$","T","M","R","M","E","?","R","B",null,"M","$","?","M","M","E"],"character_chosen":"DOCTOR_CLASS","items_purchased":["ats:Part Time Job","ats:Magnetic Hammer","ats:Apocalypse","ats:Poison Spread","ats:Mental Burst","ats:Apocalypse"],"campfire_rested":1,"item_purchase_floors":[8,8,8,19,19,19],"current_hp_per_floor":[72,72,72,54,59,59,59,59,59,62,62,51,38,38,61,32,77,69,69,77,64,36,0,0],"gold":42,"neow_bonus":"THREE_ENEMY_KILL","is_daily":false,"chose_seed":false,"campfire_upgraded":2,"win_rate":0.0,"timestamp":1611434505,"path_taken":["M","M","M","M","?","E","R","$","T","M","R","M","E","?","R","BOSS","M","$","?","?","M","E"],"items_purchased_type":["Card","Card","Card","Card","Card","Card"],"build_version":"2020-12-22","purchased_purges":0,"victory":false,"max_hp_per_floor":[72,72,72,72,77,77,77,77,77,77,77,77,77,77,77,77,77,77,77,77,77,77,77,77],"card_choices":[{"not_picked":["ats:Cat Scratch","ats:Shell Defense"],"picked":"ats:Ignite","floor":1},{"not_picked":["ats:Thermite Blade","ats:Mental Burst"],"picked":"ats:Roar Of Ursus","floor":2},{"not_picked":["ats:Hook Shot","ats:Cat Scratch"],"picked":"ats:Flame Of Heaven","floor":3},{"not_picked":["ats:Directed Diagnosis","ats:Leaping Hammer"],"picked":"ats:Closed Bolt Burst Fire","floor":4},{"not_picked":["ats:Leaping Hammer","ats:Ambush"],"picked":"ats:Thorns","floor":6},{"not_picked":["ats:Consecutive Shot Auto","ats:Sword Rain"],"picked":"ats:Serious Mode","floor":10},{"not_picked":["ats:Soul Absorption","ats:Closed Bolt Burst Fire","ats:Very Hot Blade"],"picked":"SKIP","floor":12},{"not_picked":["ats:Childhood Dance","ats:Shell Defense"],"picked":"ats:Burning Ground","floor":13},{"not_picked":["ats:Ambush","ats:Disruption Kick"],"picked":"ats:Soul Rend","floor":16},{"not_picked":["ats:Explosion Area Strengthen","ats:Cat Scratch+1"],"picked":"ats:Blood Oath","floor":18},{"not_picked":["ats:Assault Order","ats:Very Hot Blade","ats:Curse Doll"],"picked":"SKIP","floor":21},{"not_picked":["ats:Apocalypse","ats:Very Hot Blade"],"picked":"ats:Thorns","floor":22}],"player_experience":343636,"relics_obtained":[{"floor":6,"key":"ats:Originium"},{"floor":6,"key":"aspiration:ChemicalBlood"},{"floor":13,"key":"ats:Originium"},{"floor":13,"key":"Pet Ghost"}],"event_choices":[{"damage_healed":0,"gold_gain":0,"player_choice":"Donut","damage_taken":0,"max_hp_gain":5,"max_hp_loss":0,"event_name":"Big Fish","floor":5,"gold_loss":0},{"cards_removed":["ats:Magnetic Hammer"],"damage_healed":0,"gold_gain":0,"player_choice":"Purged","damage_taken":0,"max_hp_gain":0,"max_hp_loss":0,"event_name":"Purifier","floor":14,"gold_loss":0}],"is_beta":false,"boss_relics":[{"not_picked":["Busted Crown","Cursed Key"],"picked":"Sozu"}],"items_purged_floors":[],"is_endless":false,"potions_floor_spawned":[2,6,12,18,22],"killed_by":"Elementarium:FIRE_NOBILITY","ascension_level":0}}