{"host":"dt8l0my8qdt1qx2n","time":1611406570,"event":{"mods":["Arknights The Spire","BaseMod","Marisa£®ÏF”Í°°ƒß¿Ì…≥£©","Minty Spire (QoL Compilation)","Reimu£®≤©¿ˆ¡È√Œ£©","Remilia£®¿Ÿ√◊¿Ú—«£©","StSLib","The Servant 0.9.4","Yuyuko","°æ“≈ŒÔø®≈∆°øREMEMod"],"gold_per_floor":[114,127,140,157,157,185,205,240,240,240,253,269,269,288,288,383,383,401,414,434,447,50,50,83,133,180,180,200,220,26,41,41,140,140,153,76,126,142,154,154,165,184,184,184],"floor_reached":43,"language":"ZHS","playtime":3804,"items_purged":["Defend_Lin:ReiMu"],"score":520,"play_id":"741c9c3e-b1ef-43a1-8a05-3f35444b5480","local_time":"20210123205610","is_ascension_mode":false,"campfire_choices":[{"data":"MikOfLucky:ReiMu","floor":10.0,"key":"SMITH"},{"data":"Conquer:ReiMu","floor":13.0,"key":"SMITH"},{"data":"Gathering:ReiMu","floor":15.0,"key":"SMITH"},{"data":"KamiRite:ReiMu","floor":23.0,"key":"SMITH"},{"data":"AlertArray:ReiMu","floor":27.0,"key":"SMITH"},{"data":"Enchanting:ReiMu","floor":32.0,"key":"SMITH"},{"data":"ManaGlint:ReiMu","floor":40.0,"key":"SMITH"}],"circlet_count":0,"master_deck":["Strike_Lin:ReiMu","Strike_Lin:ReiMu","Strike_Lin:ReiMu","Strike_Lin:ReiMu","Defend_Lin:ReiMu","Defend_Lin:ReiMu","Defend_Lin:ReiMu","NB:ReiMu","Stagnation:ReiMu","Chase The Sukhavati","AlertArray:ReiMu+1","Conquer:ReiMu+1","SpreadBorder2:ReiMu","MikOfLucky:ReiMu+1","FantasyMoon:ReiMu","FantasyBorder:ReiMu","Enchanting:ReiMu+1","Revelation:ReiMu","Gathering:ReiMu+1","KamiRite:ReiMu+1","ManaGlint:ReiMu+1","SpreadBorder2:ReiMu+1","SubcavityInstant:ReiMu+1","Amulet:ReiMu+1","DoubleButterfly:ReiMu+1","CareerPray:ReiMu+1","Authority:ReiMu+1","KamiRite:ReiMu+1","FineLineFantasy:ReiMu+1","MikOfLucky:ReiMu+1","CareerPray:ReiMu+1"],"relics":["FlyPower:ReiMu","REME_ComplimentaryCards","NeowsBlessing","Darkstone Periapt","Bag of Marbles","HornCleat","RuthlessExorcism:ReiMu","Coffee Dripper","Membership Card","REME_HandOfSuture","Toxic Egg 2","CrazyTorch:ReiMu","REME_PuzzleBoxRelic","Letter Opener","RedLine:ReiMu","DollysMirror","Torii","Molten Egg 2"],"acts_visited":["Exordium","TheCity","TheBeyond"],"potions_floor_usage":[],"damage_taken":[{"damage":0.0,"enemies":"Cultist","floor":1.0,"turns":1.0},{"damage":0.0,"enemies":"Jaw Worm","floor":2.0,"turns":1.0},{"damage":0.0,"enemies":"2 Louse","floor":3.0,"turns":1.0},{"damage":0.0,"enemies":"Blue Slaver","floor":4.0,"turns":3.0},{"damage":4.0,"enemies":"3 Sentries","floor":6.0,"turns":10.0},{"damage":5.0,"enemies":"Exordium Wildlife","floor":7.0,"turns":5.0},{"damage":18.0,"enemies":"Gremlin Nob","floor":8.0,"turns":5.0},{"damage":0.0,"enemies":"Looter","floor":11.0,"turns":3.0},{"damage":0.0,"enemies":"2 Fungi Beasts","floor":12.0,"turns":2.0},{"damage":4.0,"enemies":"Large Slime","floor":14.0,"turns":5.0},{"damage":4.0,"enemies":"Hexaghost","floor":16.0,"turns":8.0},{"damage":0.0,"enemies":"Chosen","floor":18.0,"turns":3.0},{"damage":0.0,"enemies":"Spheric Guardian","floor":19.0,"turns":6.0},{"damage":0.0,"enemies":"Cultist and Chosen","floor":20.0,"turns":4.0},{"damage":9.0,"enemies":"Centurion and Healer","floor":21.0,"turns":8.0},{"damage":11.0,"enemies":"Book of Stabbing","floor":24.0,"turns":6.0},{"damage":0.0,"enemies":"Chosen and Byrds","floor":28.0,"turns":5.0},{"damage":0.0,"enemies":"Snake Plant","floor":29.0,"turns":3.0},{"damage":44.0,"enemies":"3 Cultists","floor":31.0,"turns":3.0},{"damage":0.0,"enemies":"Champ","floor":33.0,"turns":8.0},{"damage":0.0,"enemies":"Orb Walker","floor":35.0,"turns":2.0},{"damage":0.0,"enemies":"Mind Bloom Boss Battle","floor":37.0,"turns":5.0},{"damage":3.0,"enemies":"3 Darklings","floor":38.0,"turns":2.0},{"damage":1.0,"enemies":"Jaw Worm Horde","floor":39.0,"turns":3.0},{"damage":0.0,"enemies":"Sphere and 2 Shapes","floor":41.0,"turns":3.0},{"damage":0.0,"enemies":"Maw","floor":42.0,"turns":5.0}],"seed_played":"-7837369352118641788","potions_obtained":[{"floor":2.0,"key":"Explosive Potion"},{"floor":4.0,"key":"EssenceOfSteel"},{"floor":7.0,"key":"DuplicationPotion"},{"floor":8.0,"key":"Swift Potion"},{"floor":18.0,"key":"Weak Potion"},{"floor":24.0,"key":"EssenceOfSteel"},{"floor":29.0,"key":"Fire Potion"},{"floor":35.0,"key":"SmokeBomb"},{"floor":39.0,"key":"GamblersBrew"},{"floor":41.0,"key":"Weak Potion"}],"is_trial":false,"path_per_floor":["M","M","M","M","T","E","M","E","T","R","M","M","R","M","R","B",null,"M","M","M","M","$","R","E","?","T","R","M","M","$","M","R","B",null,"M","$","?","M","M","R","M","M","T"],"character_chosen":"REIMU","items_purchased":["Membership Card","REME_HandOfSuture","Toxic Egg 2","Letter Opener","Authority:ReiMu+1","DollysMirror"],"campfire_rested":0,"item_purchase_floors":[22,22,22,30,30,36],"current_hp_per_floor":[65,65,65,65,65,61,56,38,38,38,38,38,38,34,34,30,65,65,65,65,56,56,56,45,45,45,45,45,45,45,1,1,1,65,65,65,65,62,61,61,61,1,1,1],"gold":184,"neow_bonus":"THREE_ENEMY_KILL","is_daily":false,"chose_seed":false,"campfire_upgraded":7,"win_rate":0.0,"timestamp":1611406570,"path_taken":["M","M","M","M","?","E","M","E","T","R","M","M","R","M","R","BOSS","M","M","M","M","$","R","E","?","T","R","M","M","$","?","R","BOSS","M","$","?","M","M","R","M","M","T"],"items_purchased_type":["Relic","Relic","Relic","Relic","Card","Relic"],"build_version":"2020-12-22","purchased_purges":1,"victory":false,"max_hp_per_floor":[65,65,65,65,65,65,65,65,65,65,65,65,65,65,65,65,65,65,65,65,65,65,65,65,65,65,65,65,65,65,65,65,65,65,65,65,65,65,65,65,65,65,65,65],"card_choices":[{"not_picked":["Conquer:ReiMu","Enchanting:ReiMu"],"picked":"AlertArray:ReiMu","floor":1.0},{"not_picked":["EmergencyTakeOff:ReiMu","Intuition:ReiMu","YinYangSign:ReiMu"],"picked":"SKIP","floor":2.0},{"not_picked":["Intuition:ReiMu","YinYangSign:ReiMu"],"picked":"Conquer:ReiMu","floor":3.0},{"not_picked":["AlertArray:ReiMu","Intuition:ReiMu"],"picked":"SpreadBorder2:ReiMu","floor":4.0},{"not_picked":["WonderfulDomain:ReiMu","AirManeuver:ReiMu"],"picked":"MikOfLucky:ReiMu","floor":6.0},{"not_picked":["Enchanting:ReiMu","SpringWay:ReiMu"],"picked":"FantasyMoon:ReiMu","floor":7.0},{"not_picked":["TightArray:ReiMu","Dreaming2:ReiMu"],"picked":"FantasyBorder:ReiMu","floor":8.0},{"not_picked":["PhosphorusFlame:ReiMu","NineCharacters:ReiMu"],"picked":"Enchanting:ReiMu","floor":11.0},{"not_picked":["SpiritualOutbreak2:ReiMu","LovePray:ReiMu"],"picked":"Revelation:ReiMu","floor":12.0},{"not_picked":["Intuition:ReiMu","ForcedLanding:ReiMu"],"picked":"Gathering:ReiMu","floor":14.0},{"not_picked":["Shading:ReiMu","YinYang:ReiMu"],"picked":"KamiRite:ReiMu","floor":16.0},{"not_picked":["Enchanting:ReiMu","AlertArray:ReiMu"],"picked":"ManaGlint:ReiMu","floor":18.0},{"not_picked":["OrbThrow:ReiMu","YinYangSign:ReiMu"],"picked":"SpreadBorder2:ReiMu+1","floor":19.0},{"not_picked":["Meditation:ReiMu","Gathering:ReiMu","Conquer:ReiMu"],"picked":"SKIP","floor":20.0},{"not_picked":["Shading:ReiMu","ManaGlint:ReiMu"],"picked":"SubcavityInstant:ReiMu+1","floor":21.0},{"not_picked":["Crusade:ReiMu","FantasyMoon:ReiMu+1"],"picked":"Amulet:ReiMu+1","floor":24.0},{"not_picked":["Amulet:ReiMu+1","SubAcupoint:ReiMu"],"picked":"DoubleButterfly:ReiMu+1","floor":28.0},{"not_picked":["WonderfulDomain:ReiMu+1","RainPray2:ReiMu+1"],"picked":"CareerPray:ReiMu+1","floor":29.0},{"not_picked":["SubcavityInstant:ReiMu+1","MountainWay:ReiMu+1","WonderfulDomain:ReiMu+1"],"picked":"SKIP","floor":31.0},{"not_picked":["HakureiPhantom:ReiMu+1","Shading:ReiMu+1"],"picked":"KamiRite:ReiMu+1","floor":33.0},{"not_picked":["Enchanting:ReiMu+1","SubAcupoint:ReiMu"],"picked":"FineLineFantasy:ReiMu+1","floor":35.0},{"not_picked":["SafetyPray:ReiMu+1","SubAcupoint:ReiMu"],"picked":"CareerPray:ReiMu+1","floor":38.0},{"not_picked":["Meditation:ReiMu+1","Free:ReiMu+1","Intuition:ReiMu+1"],"picked":"SKIP","floor":39.0},{"not_picked":["PayForSelf:ReiMu","Amulet:ReiMu+1","SpreadBorder2:ReiMu+1"],"picked":"SKIP","floor":41.0},{"not_picked":["Meditation:ReiMu+1","KamiSacrifice:ReiMu+1","FantasyMoon:ReiMu+1"],"picked":"SKIP","floor":42}],"player_experience":151849,"relics_obtained":[{"floor":5.0,"key":"Darkstone Periapt"},{"floor":6.0,"key":"Bag of Marbles"},{"floor":8.0,"key":"HornCleat"},{"floor":9.0,"key":"RuthlessExorcism:ReiMu"},{"floor":24.0,"key":"CrazyTorch:ReiMu"},{"floor":26.0,"key":"REME_PuzzleBoxRelic"},{"floor":37.0,"key":"Torii"},{"floor":43,"key":"Molten Egg 2"}],"event_choices":[{"damage_healed":0.0,"max_hp_gain":0.0,"max_hp_loss":0.0,"gold_gain":100.0,"event_name":"The Joust","player_choice":"Bet on Murderer","floor":25.0,"gold_loss":50.0,"damage_taken":0.0},{"damage_healed":0.0,"max_hp_gain":0.0,"max_hp_loss":0.0,"gold_gain":0.0,"event_name":"MindBloom","player_choice":"Fight","floor":37.0,"gold_loss":0.0,"damage_taken":0.0}],"is_beta":false,"boss_relics":[{"not_picked":["REME_DuelDisc","Runic Dome"],"picked":"Coffee Dripper"},{"not_picked":["SacredBark","Fusion Hammer"],"picked":"RedLine:ReiMu"}],"items_purged_floors":[22],"is_endless":false,"potions_floor_spawned":[2,4,7,8,18,24,29,35,39,41],"ascension_level":0}}