{"host":"mku5fdaoqz3qihec","time":1611437512,"event":{"mods":["2.2 Compatiblity","AchievementEnabler","BaseMod","Colored Map","Colored Powertips","Hermit","Koishi","Minty Spire (QoL Compilation)","Rare Cards Sparkle","Replay The Spire","StSLib","SuperFastMode","The Bug Knight","The Dragon Tamer","The Runesmith","The Servant 0.9.4","WarShipGirlsR/??á´Ò³R mod"],"gold_per_floor":[113,113,113,127,127,163,198,250,288,334,346,358,370,398,410,408,436,448,588,600,635,661,418,418,82,82,106,106,106,106,21,36,36,36],"floor_reached":33,"language":"KOR","playtime":1084,"items_purged":["rmod:ammunitionsupply"],"score":290,"play_id":"d04fb6c4-05dc-40f8-a57b-1c39bc610f76","local_time":"20210124063152","is_ascension_mode":false,"campfire_choices":[{"data":"rmod:stealaluminum","floor":15,"key":"SMITH"},{"data":"rmod:advancebysurprise","floor":18,"key":"SMITH"},{"floor":26,"key":"REST"},{"data":"rmod:aviationdawn","floor":28,"key":"SMITH"},{"data":"rmod:aviationdawn","floor":30,"key":"SMITH"}],"circlet_count":0,"master_deck":["rmod:basicallowance","rmod:maingunfire","rmod:steelsupply","rmod:intelligenceanalysis","rmod:victimresponsibility+1","rmod:steelsupply","rmod:wife","rmod:stealaluminum+1","rmod:launchingtorpedo","rmod:advancebysurprise+1","rmod:seals","rmod:u235","rmod:supportaircraftcarrier","rmod:heivgo","rmod:ammunitionsupply","rmod:stealaluminum","rmod:garrisonisland","rmod:heivgo","rmod:diamondstrike","rmod:aviationdawn+1","rmod:aviationdawn+1","rmod:victimresponsibility"],"relics":["rmod:firstchargereward","NeowsBlessing","Golden Idol","MawBank","War Paint","Lantern","ReplayTheSpireMod:TigerMarble","Pandora\u0027s Box","ClockworkSouvenir","Incense Burner","Divine Protection","HollowMod:PaleOreRelic"],"acts_visited":["Exordium","TheCity"],"potions_floor_usage":[8,17,19,19,21],"damage_taken":[{"damage":0,"enemies":"2 Louse","floor":1,"turns":1},{"damage":0,"enemies":"Small Slimes","floor":4,"turns":1},{"damage":0,"enemies":"Lagavulin","floor":6,"turns":1},{"damage":0,"enemies":"Cultist","floor":7,"turns":3},{"damage":14,"enemies":"Gremlin Nob","floor":8,"turns":3},{"damage":9,"enemies":"Lagavulin","floor":10,"turns":10},{"damage":8,"enemies":"3 Louse","floor":14,"turns":3},{"damage":14,"enemies":"Exordium Thugs","floor":16,"turns":4},{"damage":0,"enemies":"Large Slime","floor":17,"turns":6},{"damage":6,"enemies":"Hexaghost","floor":19,"turns":6},{"damage":24,"enemies":"3 Byrds","floor":21,"turns":7},{"damage":53,"enemies":"Snake Plant","floor":22,"turns":6},{"damage":0,"enemies":"Snecko","floor":27,"turns":5},{"damage":8,"enemies":"Centurion and Healer","floor":32,"turns":6},{"damage":17,"enemies":"Slavers","floor":33,"turns":4}],"seed_played":"-5935392682725872552","potions_obtained":[{"floor":1,"key":"Swift Potion"},{"floor":6,"key":"ColorlessPotion"},{"floor":7,"key":"AttackPotion"},{"floor":17,"key":"SkillPotion"},{"floor":19,"key":"Swift Potion"},{"floor":27,"key":"SteroidPotion"},{"floor":32,"key":"FearPotion"}],"is_trial":false,"path_per_floor":["M","?","?","M","?","E","M","E","T","E","E","PTL","PTL","M","R","M","M","R","B",null,"M","M","$","?","$","R","M","R","T","R","?","M","E"],"character_chosen":"PRAEFECT","items_purchased":["rmod:aviationdawn","ClockworkSouvenir","Incense Burner","rmod:aviationdawn"],"campfire_rested":1,"item_purchase_floors":[23,23,25,25],"current_hp_per_floor":[75,75,57,57,57,57,57,43,43,34,34,34,34,26,26,12,12,12,6,75,51,2,2,2,2,24,24,24,24,24,24,16,0,0],"gold":36,"neow_bonus":"THREE_ENEMY_KILL","is_daily":false,"chose_seed":false,"campfire_upgraded":4,"win_rate":0.0,"timestamp":1611437512,"path_taken":["M","?","?","M","?","E","M","E","T","E","E","PTL","PTL","?","R","M","M","R","BOSS","M","?","$","?","?","R","M","R","T","R","?","M","E"],"items_purchased_type":["Card","Relic","Relic","Card"],"build_version":"2020-12-22","purchased_purges":1,"victory":false,"max_hp_per_floor":[75,75,75,75,75,75,75,75,75,75,75,75,75,75,75,75,75,75,75,75,75,75,75,75,75,75,75,75,75,75,75,75,75,75],"card_choices":[{"not_picked":["rmod:punchline","rmod:luckystar"],"picked":"rmod:steelsupply","floor":1},{"not_picked":["rmod:heivgo","rmod:capitalist"],"picked":"rmod:intelligenceanalysis","floor":4},{"not_picked":["rmod:robin","rmod:lonelyqueen"],"picked":"rmod:victimresponsibility","floor":6},{"not_picked":["rmod:smokecover","rmod:fletcherpendant"],"picked":"rmod:steelsupply","floor":7},{"not_picked":["rmod:heivgo","rmod:aviationdawn"],"picked":"rmod:ammunitionsupply","floor":8},{"not_picked":["rmod:firesupport","rmod:luckystar"],"picked":"rmod:wife","floor":10},{"not_picked":["rmod:intelligenceanalysis","rmod:capitalist"],"picked":"rmod:stealaluminum","floor":14},{"not_picked":["rmod:firesupport","rmod:ammunitionsupply"],"picked":"rmod:launchingtorpedo","floor":16},{"not_picked":["rmod:diaomin","rmod:steelsupply"],"picked":"rmod:advancebysurprise","floor":17},{"not_picked":["rmod:saltedfish","rmod:fletcher"],"picked":"rmod:seals","floor":19},{"not_picked":["rmod:fuelsupply","rmod:luckystar","rmod:supportescort"],"picked":"SKIP","floor":21},{"not_picked":["rmod:goodfighter+1","rmod:diamondstrike","rmod:fletcherpendant"],"picked":"SKIP","floor":22},{"not_picked":["rmod:diaomin","rmod:lonelyqueen","rmod:supportescort+1"],"picked":"SKIP","floor":27},{"not_picked":["rmod:tearstotiara+1","rmod:steelsupply"],"picked":"rmod:victimresponsibility","floor":32}],"player_experience":264046,"relics_obtained":[{"floor":6,"key":"MawBank"},{"floor":8,"key":"War Paint"},{"floor":9,"key":"Lantern"},{"floor":10,"key":"ReplayTheSpireMod:TigerMarble"},{"floor":29,"key":"Divine Protection"}],"event_choices":[{"damage_healed":0,"gold_gain":0,"player_choice":"Ignored","damage_taken":0,"max_hp_gain":0,"max_hp_loss":0,"event_name":"Liars Game","floor":2,"gold_loss":0},{"damage_healed":0,"gold_gain":0,"player_choice":"Take Damage","damage_taken":18,"relics_obtained":["Golden Idol"],"max_hp_gain":0,"max_hp_loss":0,"event_name":"Golden Idol","floor":3,"gold_loss":0},{"damage_healed":0,"gold_gain":0,"player_choice":"Ignored","damage_taken":0,"max_hp_gain":0,"max_hp_loss":0,"event_name":"NoteForYourself","floor":5,"gold_loss":0},{"damage_healed":0,"gold_gain":0,"player_choice":"Ignored","damage_taken":0,"max_hp_gain":0,"max_hp_loss":0,"event_name":"Ghosts","floor":24,"gold_loss":0},{"damage_healed":0,"gold_gain":0,"player_choice":"Obtained Relic","damage_taken":0,"relics_obtained":["HollowMod:PaleOreRelic"],"max_hp_gain":0,"max_hp_loss":0,"event_name":"Addict","floor":31,"gold_loss":85}],"is_beta":false,"boss_relics":[{"not_picked":["Replay:Drink Me","Empty Cage"],"picked":"Pandora\u0027s Box"}],"items_purged_floors":[23],"is_endless":false,"potions_floor_spawned":[1,6,7,17,19,27,32],"killed_by":"Slavers","ascension_level":0}}