{"host":"70jy76jvzy076wi7","time":1611395491,"event":{"mods":["100% Spire Juice","Act Like it!","BaseMod","Better Third Choice","Energized Spire","Gensokyo","GungeonMod","GungeonMod Extend","Hallownest","Infinite Spire","Library of Ruina","Library of Ruina Extra","Minty Spire (QoL Compilation)","Pale of the Ancients","Permanent Neow","Replay The Spire","Spicy Shops","StSLib","Yakumo Yukari mod"],"gold_per_floor":[119,119,133,157,177,177,93,109,155,155,155,155,198,198,198,216,96,220,100,123,123,144,144,159,186,205,205,205,119,119,27,41,78,78,186,186,206,51,81,135,156,187,224,224,275,301,301,317,317,342,342,495,511],"floor_reached":3,"language":"ZHS","playtime":246,"items_purged":["Moonworks:Strike","Moonworks:Strike"],"score":331,"play_id":"deb72d38-f940-4ee3-bbd7-ae005122a173","local_time":"20210123175131","is_ascension_mode":false,"campfire_choices":[{"data":"Moonworks:BigBangBell","floor":6.0,"key":"SMITH"},{"floor":10.0,"key":"REST"},{"floor":14.0,"key":"REST"},{"data":"Moonworks:CookingTime","floor":17.0,"key":"SMITH"},{"floor":27.0,"key":"REST"},{"data":"Moonworks:AnotherUltimateWeapon","floor":30.0,"key":"SMITH"},{"data":"Moonworks:RocketCannon","floor":34.0,"key":"SMITH"},{"data":"Moonworks:MetallicMonocoque","floor":44.0,"key":"SMITH"},{"data":"Moonworks:MetallicMonocoque","floor":49.0,"key":"SMITH"},{"floor":51.0,"key":"DIG"}],"circlet_count":0,"master_deck":["Moonworks:Strike","Moonworks:Defend","Moonworks:Defend","Moonworks:Defend","Moonworks:Defend","Moonworks:Ambush","Moonworks:LongDistanceShot","Moonworks:BigBangBell+1","Moonworks:CloudOfSeagulls","Moonworks:RocketCannon+1","Moonworks:IndiscriminateFireSupport","Swivel","Moonworks:CookingTime+1","Moonworks:AnotherUltimateWeapon+1","Moonworks:CloudOfSeagulls+1","Moonworks:RedAndBlue","Moonworks:ExtendedPhotonRifle+1","Moonworks:CloudOfSeagulls+1","Moonworks:IndiscriminateFireSupport+1","Moonworks:Flamethrower+1","Moonworks:EvilSpyWorkPreparation+1","Moonworks:MetallicMonocoque+1","Moonworks:TacticalRetreat+1","Moonworks:RagingMadness","Moonworks:RagingMadness","Moonworks:MetallicMonocoque+1","Moonworks:EvilSpyWorkPreparation+1","Moonworks:JonathanRush+1","Moonworks:SakisCookie","Moonworks:GoAway"],"relics":["Moonworks:BrokenBomb","Moonworks:Homemark","Bloody Idol","DemoMod:JetPack","Regal Pillow","Smiling Mask","Vajra","Black Star","infinitespire:EmpoweringShard","Strawberry","DemoMod:DecoyRelic","DemoMod:WeirdEgg","infinitespire:Lucky Rock","infinitespire:Midas Blood","Potion Belt","Chameleon Ring","infinitespire:Satchel","DemoMod:Relodestone","MealTicket","infinitespire:CheckeredPen","Oddly Smooth Stone","energizedSpire:DeadBattery","Akabeko"],"acts_visited":["Exordium","TheCity","TheBeyond","Exordium"],"potions_floor_usage":[2],"damage_taken":[{"damage":5.0,"enemies":"Small Slimes","floor":1.0,"turns":4.0},{"damage":1.0,"enemies":"Jaw Worm","floor":3.0,"turns":4.0},{"damage":0.0,"enemies":"2 Louse","floor":4.0,"turns":3.0},{"damage":19.0,"enemies":"Exordium Wildlife","floor":5.0,"turns":4.0},{"damage":16.0,"enemies":"3 Sentries","floor":7.0,"turns":4.0},{"damage":0.0,"enemies":"Large Slime","floor":8.0,"turns":3.0},{"damage":20.0,"enemies":"Replay:BlueRogue","floor":13.0,"turns":5.0},{"damage":0.0,"enemies":"2 Fungi Beasts","floor":16.0,"turns":1.0},{"damage":15.0,"enemies":"Hexaghost","floor":18.0,"turns":7.0},{"damage":0.0,"enemies":"Shell Parasite","floor":20.0,"turns":3.0},{"damage":0.0,"enemies":"Chosen","floor":22.0,"turns":3.0},{"damage":28.0,"enemies":"3 Cultists","floor":24.0,"turns":4.0},{"damage":39.0,"enemies":"Gremlin Leader","floor":25.0,"turns":7.0},{"damage":11.0,"enemies":"Snecko","floor":26.0,"turns":6.0},{"damage":7.0,"enemies":"Nightmare","floor":29.0,"turns":6.0},{"damage":17.0,"enemies":"Replay:Snechameleon","floor":31.0,"turns":4.0},{"damage":10.0,"enemies":"Cultist and Chosen","floor":32.0,"turns":3.0},{"damage":24.0,"enemies":"Slavers","floor":33.0,"turns":4.0},{"damage":33.0,"enemies":"Automaton","floor":35.0,"turns":5.0},{"damage":17.0,"enemies":"Orb Walker","floor":37.0,"turns":3.0},{"damage":18.0,"enemies":"3 Shapes","floor":39.0,"turns":3.0},{"damage":2.0,"enemies":"Mind Bloom Boss Battle","floor":40.0,"turns":6.0},{"damage":47.0,"enemies":"Writhing Mass","floor":41.0,"turns":5.0},{"damage":10.0,"enemies":"Giant Head","floor":42.0,"turns":6.0},{"damage":61.0,"enemies":"4 Shapes","floor":43.0,"turns":5.0},{"damage":20.0,"enemies":"Transient","floor":46.0,"turns":5.0},{"damage":0.0,"enemies":"Jaw Worm Horde","floor":48.0,"turns":1.0},{"damage":24.0,"enemies":"4 Shapes","floor":50.0,"turns":3.0},{"damage":0,"enemies":"Slime Boss","floor":1,"turns":2},{"damage":93,"enemies":"Slime Boss","floor":2,"turns":6}],"seed_played":"3029429564587996236","potions_obtained":[{"floor":0.0,"key":"Elixir"},{"floor":0.0,"key":"GamblersBrew"},{"floor":0.0,"key":"EssenceOfSteel"},{"floor":20.0,"key":"Toxic Potion"},{"floor":37.0,"key":"SteroidPotion"},{"floor":40.0,"key":"LiquidBronze"},{"floor":41.0,"key":"Languid Potion"},{"floor":46.0,"key":"DemoMod:LeadSkinPotion"}],"is_trial":false,"path_per_floor":["M","?","M","M","M","R","E","M","T","R","PTL","PTL","E","R","?","M","R","B",null,"M","?","M","?","M","E","M","R","T","NM","R","E","M","E","R","B",null,"M","$","M","?","M","E","M","R","T","M","AVR","M","R","M","R","B","B",null,null],"character_chosen":"THE_STARBREAKER","items_purchased":["Moonworks:RagingMadness"],"campfire_rested":3,"item_purchase_floors":[38],"current_hp_per_floor":[55,40,39,39,20,20,4,4,4,37,37,37,17,50,38,38,38,28,60,60,60,60,60,38,19,21,56,56,62,62,50,55,60,60,52,67,55,55,67,67,43,43,40,40,45,58,58,63,63,63,63,67,9],"gold":511,"neow_bonus":"TRANSFORM_CARD","is_daily":false,"chose_seed":false,"campfire_upgraded":6,"win_rate":0.0,"timestamp":1611395491,"path_taken":["M","?","M","M","M","R","E","M","T","R","PTL","PTL","E","R","?","M","R","BOSS","M","?","M","?","?","E","M","R","T","NM","R","E","M","E","R","BOSS","M","$","M","?","M","E","M","R","T","M","AVR","M","R","M","R","BOSS","BOSS"],"items_purchased_type":["Card"],"build_version":"2020-12-22","purchased_purges":2,"victory":true,"max_hp_per_floor":[60,60,60,60,60,60,60,60,60,60,60,60,60,60,60,60,60,60,60,60,60,60,60,60,67,67,67,67,67,67,67,67,67,67,67,67,67,67,67,67,67,67,67,67,67,67,67,67,67,67,67,67,67],"card_choices":[{"not_picked":["Moonworks:ReproductionOfRecords","Moonworks:IndiscriminateFireSupport"],"picked":"Moonworks:BigBangBell","floor":1.0},{"not_picked":["Moonworks:LulusLuckyEgg","Moonworks:IndiscriminateFireSupport","Moonworks:ScrambledEve"],"picked":"SKIP","floor":3.0},{"not_picked":["Moonworks:x16BigRocket","Moonworks:BigMagnum"],"picked":"Moonworks:CloudOfSeagulls","floor":4.0},{"not_picked":["Moonworks:TacticalRetreat","Moonworks:Assault"],"picked":"Moonworks:RocketCannon","floor":5.0},{"not_picked":["Moonworks:FullSpeedAlicianrone","Moonworks:SakisCookie"],"picked":"Moonworks:IndiscriminateFireSupport","floor":7.0},{"not_picked":["Moonworks:ImmovableObject","Moonworks:LulusLuckyEgg","Moonworks:BigMagnum"],"picked":"SKIP","floor":8.0},{"not_picked":["Moonworks:BigBangBell","Moonworks:Dinner","Moonworks:BigMagnum"],"picked":"SKIP","floor":13.0},{"not_picked":["Moonworks:JonathanRush","Moonworks:IndiscriminateFireSupport"],"picked":"Moonworks:CookingTime","floor":16.0},{"not_picked":["Moonworks:EvilMastermind","Moonworks:Blazing"],"picked":"Moonworks:AnotherUltimateWeapon","floor":18.0},{"not_picked":["Moonworks:CookingTime","Moonworks:IndiscriminateFireSupport"],"picked":"Moonworks:CloudOfSeagulls+1","floor":20.0},{"not_picked":["Moonworks:JonathanRush","Moonworks:ImOnFire"],"picked":"Moonworks:RedAndBlue","floor":22.0},{"not_picked":["Moonworks:EvilSpyWorkPreparation","Moonworks:NicePresent"],"picked":"Moonworks:ExtendedPhotonRifle+1","floor":24.0},{"not_picked":["Moonworks:ImOnFire","Moonworks:LulusLuckyEgg","Moonworks:CompletionReward"],"picked":"SKIP","floor":25.0},{"not_picked":["Moonworks:DeployBits","Moonworks:MiracleRedBeanIceCream+1"],"picked":"Moonworks:CloudOfSeagulls+1","floor":26.0},{"not_picked":["Moonworks:Assault","Moonworks:ImOnFire","Moonworks:SakisCookie"],"picked":"SKIP","floor":29.0},{"not_picked":["Moonworks:WindyEnchantment","Moonworks:NicePresent"],"picked":"Moonworks:IndiscriminateFireSupport+1","floor":31.0},{"not_picked":["Moonworks:UnpaidWork","Moonworks:DeployBits"],"picked":"Moonworks:Flamethrower+1","floor":32.0},{"not_picked":["Moonworks:SakisCookie","Moonworks:Assault"],"picked":"Moonworks:EvilSpyWorkPreparation+1","floor":33.0},{"not_picked":["Moonworks:OutOfAmmo","Moonworks:SinkOrSwim"],"picked":"Moonworks:MetallicMonocoque","floor":35.0},{"not_picked":["Moonworks:Heat300Percent","Moonworks:EvilSpyWorkPreparation"],"picked":"Moonworks:TacticalRetreat+1","floor":37.0},{"not_picked":["Moonworks:IndiscriminateFireSupport+1","Moonworks:Flamethrower","Moonworks:BeyondHell"],"picked":"SKIP","floor":39.0},{"not_picked":["Moonworks:NicePresent+1","Moonworks:IndiscriminateFireSupport","Moonworks:LulusLuckyEgg+1"],"picked":"SKIP","floor":41.0},{"not_picked":["Moonworks:BackdoorTrade+1","Moonworks:UnpaidWork"],"picked":"Moonworks:MetallicMonocoque","floor":42.0},{"not_picked":["Moonworks:DeployBits","Moonworks:LulusLuckyEgg+1","Moonworks:FinalSurgery"],"picked":"SKIP","floor":43.0},{"not_picked":["Moonworks:DeployBits","Moonworks:LulusLuckyEgg+1","Moonworks:FinalSurgery"],"picked":"SKIP","floor":43.0},{"not_picked":["Moonworks:EvilSpyWorkPreparation+1","Moonworks:ReproductionOfRecords","Moonworks:BigMagnum+1"],"picked":"SKIP","floor":46.0},{"not_picked":["Moonworks:ReproductionOfRecords","Moonworks:BigMagnum+1"],"picked":"Moonworks:EvilSpyWorkPreparation+1","floor":46.0},{"not_picked":["Moonworks:EvilSpyWorkPreparation+1","Moonworks:BigMagnum+1","Moonworks:LulusLuckyEgg"],"picked":"SKIP","floor":48.0},{"not_picked":["Moonworks:BigMagnum","Moonworks:DeployBits"],"picked":"Moonworks:JonathanRush+1","floor":50.0},{"not_picked":["Moonworks:SinkOrSwim","Moonworks:EvilMastermind"],"picked":"Moonworks:GoAway","floor":1}],"player_experience":1548094,"relics_obtained":[{"floor":7.0,"key":"DemoMod:JetPack"},{"floor":9.0,"key":"Regal Pillow"},{"floor":13.0,"key":"Smiling Mask"},{"floor":25.0,"key":"infinitespire:EmpoweringShard"},{"floor":25.0,"key":"Strawberry"},{"floor":28.0,"key":"DemoMod:DecoyRelic"},{"floor":29.0,"key":"DemoMod:WeirdEgg"},{"floor":29.0,"key":"infinitespire:Lucky Rock"},{"floor":31.0,"key":"infinitespire:Midas Blood"},{"floor":31.0,"key":"Potion Belt"},{"floor":33.0,"key":"Chameleon Ring"},{"floor":33.0,"key":"infinitespire:Satchel"},{"floor":40.0,"key":"DemoMod:Relodestone"},{"floor":42.0,"key":"MealTicket"},{"floor":42.0,"key":"infinitespire:CheckeredPen"},{"floor":45.0,"key":"Oddly Smooth Stone"},{"floor":51.0,"key":"Akabeko"}],"event_choices":[{"damage_healed":0.0,"max_hp_gain":0.0,"max_hp_loss":0.0,"gold_gain":0.0,"event_name":"Golden Idol","player_choice":"Take Damage","floor":2.0,"gold_loss":0.0,"damage_taken":15.0,"relics_obtained":["Golden Idol"]},{"damage_healed":0.0,"max_hp_gain":0.0,"max_hp_loss":0.0,"gold_gain":0.0,"event_name":"Cursed Tome","player_choice":"Ignored","floor":21.0,"gold_loss":0.0,"damage_taken":0.0},{"damage_healed":0.0,"max_hp_gain":0.0,"max_hp_loss":0.0,"gold_gain":0.0,"event_name":"Forgotten Altar","player_choice":"Gave Idol","floor":23.0,"relics_lost":["Golden Idol"],"gold_loss":0.0,"damage_taken":0.0,"relics_obtained":["Bloody Idol"]},{"damage_healed":0.0,"max_hp_gain":0.0,"max_hp_loss":0.0,"gold_gain":0.0,"event_name":"MindBloom","player_choice":"Fight","floor":40.0,"gold_loss":0.0,"damage_taken":0.0}],"is_beta":false,"boss_relics":[{"not_picked":["Empty Cage","SacredBark"],"picked":"Black Star"},{"not_picked":["ReplayTheSpireMod:SealedPack","Busted Crown"],"picked":"DemoExt:Clone"}],"items_purged_floors":[38,38],"is_endless":false,"potions_floor_spawned":[1,3,8,16,18,20,22,25,29,37,40,41,46,48],"ascension_level":0}}