{"host":"rebz3hljwx9r2qks","time":1611443447,"event":{"mods":["BaseMod","DeckTracker","GifTheSpireLib","Googly Eyes","Infinite Spire","Minty Spire (QoL Compilation)","StSLib","Unceasing Turn Reminder"],"gold_per_floor":[365,382,394,394,410,410,0,21,21,62,87,162,162,42,42,171,171,196,196,96,120,133,133,133,152,152,152,188,212,212,247,247,375,375,399,399,414,218,243,243,266,290,316,332,332,355,480,498,498,628,628,641,641,641,645,28,28,28,45,45,72,72,73,73,77,77,159,159,154,168,168,218,214,214,214,214,214,226,226,226,233,222,222,302,302,318,318,301,282,201,197,197,199,271,292,278,263,233,193,193,254,254,256,256,266,266,269,296,296,297,322,9,15,15,79,85,85,171,171,184,283,279,275,225,244,256,268,334,346,358,373,470,482,494,577,589,598,353,351,351,144,144,128,128,178,178,178,511,511,528,528,612,612,612,167,152,88,88],"floor_reached":157,"language":"ENG","playtime":7943,"items_purged":["infinitespire:Pacifist","Writhe","Strike_G","Strike_G","Defend_G","WaveOfTheHand+1"],"score":3529,"play_id":"3e53bd93-54c8-42ce-89d3-e45a47bcf9f6","local_time":"20210124021047","is_ascension_mode":false,"campfire_choices":[{"data":"Bouncing Flask","floor":6,"key":"SMITH"},{"floor":13,"key":"REST"},{"data":"Catalyst","floor":15,"key":"SMITH"},{"data":"Exhume","floor":23,"key":"SMITH"},{"data":"Noxious Fumes","floor":27,"key":"SMITH"},{"data":"Double Energy","floor":32,"key":"SMITH"},{"floor":40,"key":"RECALL"},{"floor":49,"key":"REST"},{"floor":57,"key":"REST"},{"floor":62,"key":"REST"},{"floor":66,"key":"REST"},{"floor":74,"key":"REST"},{"floor":76,"key":"REST"},{"floor":80,"key":"REST"},{"floor":83,"key":"REST"},{"floor":92,"key":"REST"},{"floor":100,"key":"REST"},{"floor":114,"key":"REST"},{"floor":117,"key":"REST"},{"floor":126,"key":"REST"},{"floor":134,"key":"REST"},{"floor":142,"key":"REST"},{"floor":146,"key":"REST"},{"floor":151,"key":"REST"},{"floor":154,"key":"REST"}],"circlet_count":1,"master_deck":["Survivor","Neutralize","Blur","Dagger Spray","Bouncing Flask+1","Acrobatics","Backstab","Double Energy+1","Transmutation","Catalyst+1","Backflip","Exhume+1","Bandage Up+1","Noxious Fumes+1","Stack+1","Buffer","Body Slam","Acrobatics+1","Crippling Poison","Tactician+1","Backflip","infinitespire:UltimateForm","Judgement","Heavy Blade","infinitespire:NeuralNetwork+1","infinitespire:TheBestDefense+1","infinitespire:Fortify","Cloak And Dagger","Buffer","Concentrate+1","Sadistic Nature","Noxious Fumes","MasterReality","infinitespire:Collect","Flame Barrier+1","Violence+1","Discovery+1","Apotheosis+1","Discovery+1","Demon Form","Bouncing Flask+1","Double Energy+1","Shame","Mind Blast+1","Violence+1","Master of Strategy+1","Headbutt+1","Dodge and Roll+1","Deadly Poison+1","Venomology+1","Blur+1"],"relics":["Ring of the Serpent","Vajra","PrismaticShard","Ninja Scroll","Torii","infinitespire:Cupcake","Mummified Hand","infinitespire:CheckeredPen","Red Mask","Ancient Tea Set","White Beast Statue","Fusion Hammer","Toolbox","FossilizedHelix","Black Star","Tingsha","Calipers","Singing Bowl","Boot","Kunai","Empty Cage","Enchiridion","Darkstone Periapt","Circlet","PreservedInsect","Letter Opener","Pen Nib","MealTicket","Bag of Preparation","Toy Ornithopter","Pantograph","Dead Branch","Anchor","infinitespire:PuzzleCube","Toxic Egg 2","Regal Pillow","Molten Egg 2","Smiling Mask","WristBlade","Bronze Scales","MawBank","MutagenicStrength","Oddly Smooth Stone","Matryoshka","infinitespire:Magic Flask","Question Card","Cursed Key","infinitespire:Bottled Soul","DollysMirror","Snake Skull","Happy Flower","Juzu Bracelet","Pandora\u0027s Box","TwistedFunnel","infinitespire:Golems Mask","Toxic Egg 2","infinitespire:FocusingShard"],"acts_visited":["Exordium","TheCity","TheBeyond","Exordium","TheCity","TheBeyond","Exordium","TheCity","TheBeyond","TheEnding"],"potions_floor_usage":[8,16,16,31,31,39,41,44,47,47,47,47,47,48,48,50,67,81,84,91,91,91,95,98,101,101,135,140,157,157,157],"damage_taken":[{"damage":0,"enemies":"2 Louse","floor":1,"turns":4},{"damage":0,"enemies":"Jaw Worm","floor":2,"turns":4},{"damage":1,"enemies":"Small Slimes","floor":3,"turns":5},{"damage":7,"enemies":"Blue Slaver","floor":5,"turns":5},{"damage":0,"enemies":"Large Slime","floor":8,"turns":5},{"damage":8,"enemies":"Gremlin Nob","floor":10,"turns":3},{"damage":0,"enemies":"Looter","floor":11,"turns":1},{"damage":3,"enemies":"Hexaghost","floor":16,"turns":9},{"damage":0,"enemies":"Spheric Guardian","floor":18,"turns":3},{"damage":0,"enemies":"3 Byrds","floor":21,"turns":4},{"damage":8,"enemies":"Snecko","floor":22,"turns":3},{"damage":11,"enemies":"Centurion and Healer","floor":25,"turns":6},{"damage":1,"enemies":"Masked Bandits","floor":28,"turns":2},{"damage":7,"enemies":"Shelled Parasite and Fungi","floor":29,"turns":5},{"damage":1,"enemies":"Nightmare","floor":31,"turns":5},{"damage":31,"enemies":"Champ","floor":33,"turns":15},{"damage":12,"enemies":"Orb Walker","floor":35,"turns":5},{"damage":0,"enemies":"3 Shapes","floor":37,"turns":5},{"damage":0,"enemies":"3 Darklings","floor":39,"turns":3},{"damage":3,"enemies":"4 Shapes","floor":41,"turns":2},{"damage":17,"enemies":"Jaw Worm Horde","floor":42,"turns":4},{"damage":0,"enemies":"Maw","floor":44,"turns":6},{"damage":0,"enemies":"Sphere and 2 Shapes","floor":46,"turns":4},{"damage":0,"enemies":"infinitespire:Three Voidlings","floor":47,"turns":4},{"damage":37,"enemies":"Nightmare_Alpha","floor":47,"turns":6},{"damage":0,"enemies":"4 Shapes","floor":48,"turns":5},{"damage":9,"enemies":"infinitespire:MassOfShapes","floor":50,"turns":11},{"damage":0,"enemies":"Small Slimes","floor":52,"turns":1},{"damage":0,"enemies":"Cultist","floor":55,"turns":3},{"damage":0,"enemies":"Jaw Worm","floor":59,"turns":1},{"damage":0,"enemies":"Exordium Thugs","floor":63,"turns":2},{"damage":0,"enemies":"Large Slime","floor":65,"turns":2},{"damage":0,"enemies":"Slime Boss","floor":67,"turns":8},{"damage":0,"enemies":"3 Byrds","floor":69,"turns":3},{"damage":0,"enemies":"Shell Parasite","floor":70,"turns":1},{"damage":0,"enemies":"Chosen and Byrds","floor":73,"turns":4},{"damage":0,"enemies":"Masked Bandits","floor":78,"turns":2},{"damage":42,"enemies":"Slavers","floor":81,"turns":4},{"damage":0,"enemies":"Snake Plant","floor":82,"turns":3},{"damage":0,"enemies":"Collector","floor":84,"turns":6},{"damage":0,"enemies":"Orb Walker","floor":86,"turns":3},{"damage":40,"enemies":"3 Darklings","floor":88,"turns":4},{"damage":7,"enemies":"Writhing Mass","floor":89,"turns":5},{"damage":0,"enemies":"Reptomancer","floor":91,"turns":4},{"damage":9,"enemies":"Nemesis","floor":93,"turns":5},{"damage":0,"enemies":"Mind Bloom Boss Battle","floor":95,"turns":4},{"damage":0,"enemies":"Giant Head","floor":96,"turns":5},{"damage":0,"enemies":"Spire Growth","floor":97,"turns":3},{"damage":0,"enemies":"Transient","floor":98,"turns":5},{"damage":0,"enemies":"infinitespire:MassOfShapes","floor":101,"turns":4},{"damage":0,"enemies":"Jaw Worm","floor":103,"turns":1},{"damage":0,"enemies":"2 Louse","floor":105,"turns":1},{"damage":0,"enemies":"Cultist","floor":107,"turns":2},{"damage":0,"enemies":"3 Sentries","floor":108,"turns":2},{"damage":0,"enemies":"Exordium Thugs","floor":110,"turns":1},{"damage":9,"enemies":"Gremlin Gang","floor":113,"turns":2},{"damage":0,"enemies":"Red Slaver","floor":116,"turns":2},{"damage":0,"enemies":"Slime Boss","floor":118,"turns":4},{"damage":0,"enemies":"Spheric Guardian","floor":120,"turns":1},{"damage":0,"enemies":"3 Byrds","floor":122,"turns":2},{"damage":0,"enemies":"Centurion and Healer","floor":123,"turns":2},{"damage":0,"enemies":"Gremlin Leader","floor":125,"turns":2},{"damage":0,"enemies":"Snake Plant","floor":131,"turns":1},{"damage":0,"enemies":"Colosseum Slavers","floor":132,"turns":2},{"damage":0,"enemies":"Colosseum Nobs","floor":132,"turns":1},{"damage":0,"enemies":"Champ","floor":135,"turns":6},{"damage":0,"enemies":"3 Darklings","floor":137,"turns":2},{"damage":0,"enemies":"3 Shapes","floor":139,"turns":1},{"damage":0,"enemies":"3 Darklings","floor":140,"turns":3},{"damage":0,"enemies":"Spire Growth","floor":143,"turns":3},{"damage":0,"enemies":"Nemesis","floor":150,"turns":1},{"damage":0,"enemies":"infinitespire:LordOfFortification","floor":152,"turns":1},{"damage":0,"enemies":"Shield and Spear","floor":156,"turns":4},{"damage":144,"enemies":"The Heart","floor":157,"turns":6}],"seed_played":"6949268958504389449","potions_obtained":[{"floor":2,"key":"Block Potion"},{"floor":10,"key":"LiquidBronze"},{"floor":11,"key":"Dexterity Potion"},{"floor":21,"key":"Ancient Potion"},{"floor":22,"key":"Regen Potion"},{"floor":28,"key":"PowerPotion"},{"floor":31,"key":"SteroidPotion"},{"floor":33,"key":"SpeedPotion"},{"floor":35,"key":"Poison Potion"},{"floor":39,"key":"SkillPotion"},{"floor":41,"key":"Dexterity Potion"},{"floor":44,"key":"Energy Potion"},{"floor":46,"key":"EntropicBrew"},{"floor":47,"key":"CunningPotion"},{"floor":48,"key":"Fire Potion"},{"floor":50,"key":"Regen Potion"},{"floor":52,"key":"Energy Potion"},{"floor":55,"key":"EssenceOfSteel"},{"floor":59,"key":"CultistPotion"},{"floor":67,"key":"Weak Potion"},{"floor":81,"key":"DistilledChaos"},{"floor":84,"key":"CunningPotion"},{"floor":86,"key":"Fire Potion"},{"floor":91,"key":"Regen Potion"},{"floor":93,"key":"FearPotion"},{"floor":95,"key":"Weak Potion"},{"floor":97,"key":"Swift Potion"},{"floor":98,"key":"Swift Potion"},{"floor":101,"key":"DistilledChaos"},{"floor":103,"key":"BlessingOfTheForge"},{"floor":105,"key":"ColorlessPotion"},{"floor":122,"key":"CultistPotion"},{"floor":123,"key":"Energy Potion"},{"floor":135,"key":"SkillPotion"},{"floor":137,"key":"Energy Potion"},{"floor":140,"key":"Dexterity Potion"},{"floor":143,"key":"SpeedPotion"},{"floor":156,"key":"LiquidMemories"}],"is_trial":false,"path_per_floor":["M","M","M","?","M","R","$","M","T","E","M","?","R","$","R","B",null,"M","?","$","M","M","R","?","M","T","R","?","M","AVR","NM","R","B",null,"M","AVR","M","$","M","R","M","M","T","M","?","M","?","M","R","B",null,"M","AVR","?","M","$","R","?","M","T","T","R","M","T","M","R","B",null,"M","M","$","?","M","R","?","R","T","?","?","R","E","M","R","B",null,"M","?","M","M","$","E","R","E","T","?","E","M","M","?","R","B",null,"M","$","M","AVR","M","E","?","M","T","$","M","R","?","M","R","B",null,"M","?","M","M","$","E","R","?","T","?","T","M","?","$","R","B",null,"M","$","M","M","$","R","M","AVR","T","R","?","?","?","E","R","B",null,"R","$","E","B"],"character_chosen":"THE_SILENT","items_purchased":["Backstab","Vajra","PrismaticShard","Catalyst","Backflip","Crippling Poison","Tingsha","Calipers","Noxious Fumes","Violence+1","Discovery+1","infinitespire:Bottled Soul","DollysMirror","TwistedFunnel","infinitespire:Golems Mask"],"campfire_rested":19,"item_purchase_floors":[7,7,7,14,14,38,56,56,90,112,112,138,141,155,155],"current_hp_per_floor":[70,70,69,52,45,45,45,45,45,37,37,26,47,47,47,44,70,70,70,70,70,62,62,62,57,57,57,56,55,55,70,70,45,70,58,58,64,64,70,70,67,53,53,59,59,65,33,39,60,57,70,70,70,70,70,70,70,54,54,54,54,70,72,72,74,74,76,76,76,78,78,78,80,80,64,80,80,82,82,82,58,64,82,82,82,84,84,52,53,53,61,88,87,87,94,96,98,100,100,100,100,100,102,102,104,104,104,106,106,108,108,108,101,110,110,112,112,112,112,114,114,116,118,118,120,120,120,120,95,95,95,103,118,127,127,127,129,129,129,131,131,131,133,133,139,139,132,132,122,122,132,134,134,134,134,136,0,0],"gold":88,"neow_bonus":"TWO_FIFTY_GOLD","is_daily":false,"chose_seed":false,"campfire_upgraded":5,"win_rate":0.0,"timestamp":1611443447,"path_taken":["M","M","M","?","M","R","$","M","T","E","M","?","R","$","R","BOSS","M","?","$","M","M","R","?","M","T","R","?","M","AVR","NM","R","BOSS","M","AVR","M","$","M","R","M","M","T","M","?","M","?","M","R","BOSS","M","AVR","?","M","$","R","?","M","T","?","R","M","?","M","R","BOSS","M","M","$","?","?","R","?","R","T","?","?","R","E","M","R","BOSS","M","?","M","?","$","E","R","E","T","?","E","M","M","?","R","BOSS","M","$","?","AVR","M","E","?","M","T","$","?","R","?","M","R","BOSS","M","?","M","M","$","E","R","?","T","?","?","M","?","?","R","BOSS","M","$","M","M","?","R","M","AVR","T","R","?","?","?","E","R","BOSS","R","$","E","BOSS"],"items_purchased_type":["Card","Relic","Relic","Card","Card","Card","Relic","Relic","Card","Card","Card","Relic","Relic","Relic","Relic"],"build_version":"2020-12-22","purchased_purges":6,"victory":false,"max_hp_per_floor":[70,70,70,70,70,70,70,70,70,70,70,70,70,70,70,70,70,70,70,70,70,70,70,70,70,70,70,70,70,70,70,70,70,70,70,70,70,70,70,70,70,70,70,70,70,70,70,70,70,70,70,70,70,70,70,70,70,70,70,70,70,70,72,72,74,74,76,76,76,78,78,78,80,80,80,80,80,82,82,82,82,82,82,82,82,84,84,86,88,88,90,90,92,92,94,96,98,100,100,100,100,100,102,102,104,104,104,106,106,108,108,108,110,110,110,112,112,112,112,114,114,116,118,118,120,120,120,120,125,125,125,127,127,127,127,127,129,129,129,131,131,131,133,133,139,139,132,132,132,132,132,134,134,134,134,136,136,136],"card_choices":[{"not_picked":["Caltrops","Slice"],"picked":"Blur","floor":1},{"not_picked":["Finisher","Setup"],"picked":"Dagger Spray","floor":2},{"not_picked":["Heel Hook","Flechettes"],"picked":"Bouncing Flask","floor":3},{"not_picked":["Infinite Blades","Deflect"],"picked":"Acrobatics","floor":5},{"not_picked":["Consume","Evaluate"],"picked":"Double Energy","floor":8},{"not_picked":["LikeWater","Fasting2"],"picked":"Transmutation","floor":10},{"not_picked":["Dodge and Roll","Turbo","CutThroughFate"],"picked":"SKIP","floor":11},{"not_picked":["Venomology","Brutality"],"picked":"Exhume","floor":16},{"not_picked":["Heavy Blade","Infernal Blade"],"picked":"Bandage Up+1","floor":18},{"not_picked":["Twin Strike+1","Doom and Gloom","Acrobatics+1"],"picked":"SKIP","floor":21},{"not_picked":["Fire Breathing","Redo","Bane"],"picked":"SKIP","floor":22},{"not_picked":["Deflect","Infinite Blades+1"],"picked":"WaveOfTheHand+1","floor":25},{"not_picked":["PiercingWail","Steam Power+1"],"picked":"Stack+1","floor":28},{"not_picked":["Lockon","Dagger Throw","FlurryOfBlows"],"picked":"SKIP","floor":29},{"not_picked":["Havoc","Stack"],"picked":"Buffer","floor":31},{"not_picked":["Inflame+1","Flying Knee"],"picked":"Body Slam","floor":35},{"not_picked":["Flechettes","Predator+1"],"picked":"Acrobatics+1","floor":37},{"not_picked":["Go for the Eyes+1","FlyingSleeves","BattleHymn+1"],"picked":"SKIP","floor":39},{"not_picked":["FollowUp+1","Battle Trance+1","Halt"],"picked":"SKIP","floor":41},{"not_picked":["Beam Cell+1","Sucker Punch"],"picked":"Tactician+1","floor":42},{"not_picked":["Compile Driver+1","Good Instincts"],"picked":"Purity","floor":44},{"not_picked":["EmptyBody+1","Cloak And Dagger"],"picked":"Backflip","floor":46},{"not_picked":["infinitespire:NeuralNetwork","infinitespire:SealOfDarkness+"],"picked":"infinitespire:UltimateForm","floor":47},{"not_picked":["Warcry+1","Leap+1","Dropkick"],"picked":"SKIP","floor":48},{"not_picked":["Brilliance","ConjureBlade"],"picked":"Judgement","floor":50},{"not_picked":["Nirvana","Outmaneuver"],"picked":"Heavy Blade","floor":52},{"not_picked":["Perfected Strike","Flex","Aggregate"],"picked":"SKIP","floor":55},{"not_picked":["infinitespire:SealOfDarkness+","infinitespire:Gouge"],"picked":"infinitespire:TheBestDefense","floor":58},{"not_picked":["ThirdEye","Blade Dance","Shockwave"],"picked":"SKIP","floor":59},{"not_picked":["Consecrate","Reprogram","Anger"],"picked":"Singing Bowl","floor":63},{"not_picked":["Tantrum","ConjureBlade","FollowUp"],"picked":"Singing Bowl","floor":65},{"not_picked":["Omniscience","A Thousand Cuts","Doppelganger"],"picked":"Singing Bowl","floor":67},{"not_picked":["infinitespire:UltimateForm","infinitespire:SevenWalls"],"picked":"infinitespire:Fortify","floor":68},{"not_picked":["Beam Cell","Underhanded Strike+1"],"picked":"Cloak And Dagger","floor":69},{"not_picked":["Body Slam","Redo+1","PanicButton+1"],"picked":"Singing Bowl","floor":70},{"not_picked":["Flechettes+1","Redo+1","EmptyFist"],"picked":"Singing Bowl","floor":73},{"not_picked":["Anger","Streamline","Consecrate"],"picked":"Singing Bowl","floor":78},{"not_picked":["Sucker Punch","Iron Wave"],"picked":"Buffer","floor":81},{"not_picked":["Deflect","Pummel"],"picked":"Concentrate+1","floor":82},{"not_picked":["Doppelganger","Secret Weapon"],"picked":"Sadistic Nature","floor":84},{"not_picked":["Pommel Strike","Thunderclap","Twin Strike"],"picked":"Singing Bowl","floor":86},{"not_picked":["Outmaneuver","Flame Barrier","Reckless Charge+1"],"picked":"Singing Bowl","floor":88},{"not_picked":["ClearTheMind","Coolheaded+1","CrushJoints+1"],"picked":"Singing Bowl","floor":89},{"not_picked":["All Out Attack+1","Havoc","Purity"],"picked":"Singing Bowl","floor":91},{"not_picked":["Flying Knee+1","Distraction+1","Dodge and Roll+1"],"picked":"Singing Bowl","floor":93},{"not_picked":["Die Die Die","ClearTheMind","Sucker Punch"],"picked":"Singing Bowl","floor":95},{"not_picked":["Leap","FollowUp+1","Intimidate"],"picked":"Singing Bowl","floor":96},{"not_picked":["EmptyMind+1","Worship","Uppercut+1"],"picked":"Singing Bowl","floor":97},{"not_picked":["Protect","CutThroughFate+1","WindmillStrike+1"],"picked":"Singing Bowl","floor":98},{"not_picked":["Omniscience","Fiend Fire"],"picked":"MasterReality","floor":101},{"not_picked":["Streamline","Blade Dance","Perfected Strike"],"picked":"Singing Bowl","floor":103},{"not_picked":["Clash","Pommel Strike","Heavy Blade"],"picked":"Singing Bowl","floor":105},{"not_picked":["Rupture","Armaments+1"],"picked":"Flame Barrier+1","floor":107},{"not_picked":["EmptyFist+1","Cold Snap+1","Die Die Die+1"],"picked":"Singing Bowl","floor":108},{"not_picked":["Hologram+1","Havoc+1","Force Field+1"],"picked":"Singing Bowl","floor":110},{"not_picked":["Deflect+1","Venomology+1","Auto Shields+1"],"picked":"Singing Bowl","floor":113},{"not_picked":["CutThroughFate+1","SandsOfTime+1","Flying Knee+1"],"picked":"Singing Bowl","floor":116},{"not_picked":["Reaper+1","Envenom"],"picked":"Apotheosis+1","floor":118},{"not_picked":["Wild Strike+1","Disarm+1","Gash+1"],"picked":"Singing Bowl","floor":120},{"not_picked":["Flying Knee+1","Compile Driver+1","Adaptation"],"picked":"Singing Bowl","floor":122},{"not_picked":["Forethought+1","Coolheaded+1","The Bomb+1"],"picked":"Singing Bowl","floor":123},{"not_picked":["JustLucky+1","Reckless Charge+1","Combust+1"],"picked":"Singing Bowl","floor":125},{"not_picked":["Dagger Throw+1","SashWhip+1"],"picked":"Discovery+1","floor":131},{"not_picked":["Sucker Punch+1","Intimidate+1","Havoc+1"],"picked":"Singing Bowl","floor":132},{"not_picked":["Multi-Cast+1","Grand Finale+1","Exhume+1"],"picked":"Demon Form","floor":135},{"not_picked":["Iron Wave+1","Consecrate+1","Bane+1","Barrage+1"],"picked":"Singing Bowl","floor":137},{"not_picked":["Blade Dance+1","Accuracy","Turbo+1"],"picked":"Bouncing Flask+1","floor":139},{"not_picked":["Reckless Charge+1","ClearTheMind+1","Gash+1","Dagger Spray+1"],"picked":"Singing Bowl","floor":140},{"not_picked":["Pommel Strike+1","Finisher+1","PanicButton+1","Second Wind+1"],"picked":"Singing Bowl","floor":143},{"not_picked":["Flash of Steel+1","Madness+1","Thinking Ahead+1"],"picked":"Mind Blast+1","floor":149},{"not_picked":["Madness+1","Dark Shackles+1","Trip+1"],"picked":"Violence+1","floor":149},{"not_picked":["Blind+1","Good Instincts+1","Jack Of All Trades+1"],"picked":"Master of Strategy+1","floor":149},{"not_picked":["Hologram+1","Die Die Die+1","Tantrum+1"],"picked":"Headbutt+1","floor":150},{"not_picked":["Electrodynamics","Violence+1","Feed+1","The Bomb+1"],"picked":"Singing Bowl","floor":152},{"not_picked":["Redo+1","Warcry+1","Secret Technique+1","Static Discharge+1"],"picked":"Singing Bowl","floor":156}],"player_experience":717983,"relics_obtained":[{"floor":9,"key":"Ninja Scroll"},{"floor":10,"key":"Torii"},{"floor":26,"key":"infinitespire:CheckeredPen"},{"floor":28,"key":"Red Mask"},{"floor":31,"key":"White Beast Statue"},{"floor":47,"key":"FossilizedHelix"},{"floor":60,"key":"Singing Bowl"},{"floor":61,"key":"Boot"},{"floor":64,"key":"Kunai"},{"floor":75,"key":"Enchiridion"},{"floor":77,"key":"Darkstone Periapt"},{"floor":78,"key":"Circlet"},{"floor":81,"key":"PreservedInsect"},{"floor":81,"key":"Letter Opener"},{"floor":91,"key":"Pen Nib"},{"floor":91,"key":"MealTicket"},{"floor":93,"key":"Bag of Preparation"},{"floor":93,"key":"Toy Ornithopter"},{"floor":94,"key":"Pantograph"},{"floor":95,"key":"Dead Branch"},{"floor":96,"key":"Anchor"},{"floor":96,"key":"infinitespire:PuzzleCube"},{"floor":108,"key":"Regal Pillow"},{"floor":108,"key":"Molten Egg 2"},{"floor":111,"key":"Smiling Mask"},{"floor":125,"key":"Bronze Scales"},{"floor":125,"key":"MawBank"},{"floor":128,"key":"Oddly Smooth Stone"},{"floor":130,"key":"Matryoshka"},{"floor":132,"key":"infinitespire:Magic Flask"},{"floor":132,"key":"Question Card"},{"floor":145,"key":"Snake Skull"},{"floor":145,"key":"Happy Flower"},{"floor":150,"key":"Juzu Bracelet"},{"floor":156,"key":"Toxic Egg 2"},{"floor":156,"key":"infinitespire:FocusingShard"}],"event_choices":[{"damage_healed":0,"gold_gain":0,"player_choice":"Take Damage","damage_taken":17,"relics_obtained":["Golden Idol"],"max_hp_gain":0,"max_hp_loss":0,"event_name":"Golden Idol","floor":4,"gold_loss":0},{"damage_healed":0,"gold_gain":75,"player_choice":"Gather Gold","damage_taken":11,"max_hp_gain":0,"max_hp_loss":0,"event_name":"World of Goop","floor":12,"gold_loss":0},{"damage_healed":0,"gold_gain":0,"player_choice":"Opened","damage_taken":0,"relics_obtained":["Mummified Hand"],"max_hp_gain":0,"max_hp_loss":0,"event_name":"The Mausoleum","floor":19,"gold_loss":0,"cards_obtained":["Writhe"]},{"damage_healed":0,"gold_gain":0,"player_choice":"Read","damage_taken":0,"max_hp_gain":0,"max_hp_loss":0,"event_name":"The Library","floor":24,"gold_loss":0,"cards_obtained":["Noxious Fumes"]},{"damage_healed":0,"gold_gain":0,"player_choice":"Fought Bandits","damage_taken":0,"max_hp_gain":0,"max_hp_loss":0,"event_name":"Masked Bandits","floor":28,"gold_loss":0},{"cards_removed":["Strike_G"],"damage_healed":0,"gold_gain":0,"player_choice":"Removed Attack","damage_taken":0,"max_hp_gain":0,"max_hp_loss":0,"event_name":"Falling","floor":45,"gold_loss":0},{"damage_healed":0,"gold_gain":100,"player_choice":"Bet on Murderer","damage_taken":0,"max_hp_gain":0,"max_hp_loss":0,"event_name":"The Joust","floor":72,"gold_loss":50},{"damage_healed":0,"gold_gain":0,"player_choice":"Obtained Book","damage_taken":16,"max_hp_gain":0,"max_hp_loss":0,"event_name":"Cursed Tome","floor":75,"gold_loss":0},{"damage_healed":0,"gold_gain":0,"player_choice":"Fought Bandits","damage_taken":0,"max_hp_gain":0,"max_hp_loss":0,"event_name":"Masked Bandits","floor":78,"gold_loss":0},{"damage_healed":0,"gold_gain":0,"player_choice":"Ignored","damage_taken":0,"max_hp_gain":0,"max_hp_loss":0,"event_name":"The Mausoleum","floor":79,"gold_loss":0},{"cards_removed":["Purity"],"damage_healed":0,"gold_gain":0,"player_choice":"Offered Uncommon","damage_taken":0,"max_hp_gain":0,"max_hp_loss":0,"event_name":"Bonfire Elementals","floor":87,"gold_loss":0},{"damage_healed":0,"gold_gain":0,"player_choice":"Fight","damage_taken":0,"max_hp_gain":0,"max_hp_loss":0,"event_name":"MindBloom","floor":95,"gold_loss":0},{"damage_healed":0,"gold_gain":0,"player_choice":"Upgrade","damage_taken":0,"max_hp_gain":0,"max_hp_loss":0,"event_name":"Designer","floor":99,"gold_loss":40,"cards_upgraded":["infinitespire:TheBestDefense"]},{"damage_healed":0,"gold_gain":0,"player_choice":"Bought 0 Potions","damage_taken":0,"max_hp_gain":0,"max_hp_loss":0,"event_name":"The Woman in Blue","floor":109,"gold_loss":0},{"damage_healed":0,"gold_gain":64,"player_choice":"Gained Gold","damage_taken":0,"max_hp_gain":0,"max_hp_loss":0,"event_name":"Golden Wing","floor":115,"gold_loss":0},{"damage_healed":0,"gold_gain":99,"player_choice":"Stole From Cult","damage_taken":0,"max_hp_gain":0,"max_hp_loss":0,"event_name":"Nest","floor":121,"gold_loss":0},{"damage_healed":0,"gold_gain":0,"player_choice":"Inject Mutagens","damage_taken":0,"relics_obtained":["MutagenicStrength"],"max_hp_gain":0,"max_hp_loss":0,"event_name":"Drug Dealer","floor":127,"gold_loss":0},{"damage_healed":0,"gold_gain":0,"player_choice":"Shed Blood","damage_taken":30,"max_hp_gain":5,"max_hp_loss":0,"event_name":"Forgotten Altar","floor":129,"gold_loss":0},{"damage_healed":0,"gold_gain":0,"player_choice":"Fight","damage_taken":0,"max_hp_gain":0,"max_hp_loss":0,"event_name":"Colosseum","floor":132,"gold_loss":0},{"damage_healed":0,"gold_gain":0,"player_choice":"Fought Nobs","damage_taken":0,"max_hp_gain":0,"max_hp_loss":0,"event_name":"Colosseum","floor":132,"gold_loss":0},{"damage_healed":0,"gold_gain":0,"player_choice":"Max HP","damage_taken":0,"max_hp_gain":0,"max_hp_loss":7,"event_name":"Winding Halls","floor":147,"gold_loss":0},{"damage_healed":0,"gold_gain":333,"player_choice":"Gave Idol","damage_taken":0,"max_hp_gain":0,"max_hp_loss":0,"event_name":"The Moai Head","floor":148,"relics_lost":["Golden Idol"],"gold_loss":0},{"damage_healed":0,"gold_gain":0,"player_choice":"Memory 3","damage_taken":10,"max_hp_gain":0,"max_hp_loss":0,"event_name":"SensoryStone","floor":149,"gold_loss":0}],"is_beta":false,"boss_relics":[{"not_picked":["Runic Pyramid","Tiny House"],"picked":"infinitespire:Cupcake"},{"not_picked":["Calling Bell","HoveringKite"],"picked":"Fusion Hammer"},{"not_picked":["Velvet Choker","Runic Dome"],"picked":"Black Star"},{"not_picked":["Velvet Choker","WristBlade"],"picked":"Empty Cage"},{"not_picked":[]},{"not_picked":["Tiny House","Snecko Eye"],"picked":"Ring of the Serpent"},{"not_picked":["Sozu","Astrolabe"],"picked":"WristBlade"},{"not_picked":["SlaversCollar","HoveringKite"],"picked":"Cursed Key"},{"not_picked":["Velvet Choker","Snecko Eye"],"picked":"Pandora\u0027s Box"}],"items_purged_floors":[7,20,38,112,124,141],"is_endless":true,"potions_floor_spawned":[2,10,11,21,22,28,29,31,33,35,37,39,41,42,44,46,47,47,48,50,52,55,59,63,65,67,69,70,73,78,81,82,84,86,88,89,91,93,95,96,97,98,101,103,105,107,108,110,113,116,118,120,122,123,125,131,132,132,135,137,139,140,143,150,152,156],"killed_by":"The Heart","ascension_level":0}}