{"host":"agbyy69nq62afhwx","time":1611394976,"event":{"mods":["BaseMod","Colored Map","DeckTracker","Highlight Path","Keyboard Shortcuts","Minty Spire (QoL Compilation)","Quick Restart","StSLib","SuperFastMode","everything is the same but u backflip on backflip"],"gold_per_floor":[117,136,147,147,161,195,195,222,222,222,222,236,236,236,236,312,312,323,13,28,28,28,28,53,53,77,77,0,0,18,33,33,111,111,125,125,135,60,60,60,60,60,84,84,84,84,84,102,102,102,102],"floor_reached":50,"language":"KOR","playtime":1444,"items_purged":["Strike_B"],"score":789,"play_id":"f880c611-0eee-4d3b-b4f6-a9b3318492a3","local_time":"20210123184256","is_ascension_mode":true,"campfire_choices":[{"floor":7.0,"key":"REST"},{"floor":10.0,"key":"REST"},{"data":"Coolheaded","floor":13.0,"key":"SMITH"},{"data":"Capacitor","floor":15.0,"key":"SMITH"},{"data":"Blizzard","floor":23.0,"key":"SMITH"},{"data":"Coolheaded","floor":25.0,"key":"SMITH"},{"floor":27.0,"key":"REST"},{"data":"Streamline","floor":29.0,"key":"SMITH"},{"floor":32.0,"key":"REST"},{"floor":40.0,"key":"REST"},{"data":"Aggregate","floor":42.0,"key":"SMITH"},{"data":"Glacier","floor":47.0,"key":"SMITH"},{"floor":49,"key":"REST"}],"circlet_count":0,"master_deck":["AscendersBane","Strike_B","Strike_B","Strike_B","Defend_B","Defend_B","Defend_B","Defend_B","Zap","Dualcast","FTL","Streamline+1","Rebound","Cold Snap","Coolheaded+1","FTL","Capacitor+1","Core Surge","Blizzard+1","Loop+1","Seek","Coolheaded+1","Glacier+1","Barrage+1","Electrodynamics","Aggregate+1","Conserve Battery+1","Stack+1","Madness","Madness","Discovery"],"relics":["Cracked Core","Incense Burner","Prayer Wheel","Bottled Flame","Ornamental Fan","Runic Pyramid","FossilizedHelix","Du-Vu Doll","Anchor","Velvet Choker","Vajra"],"acts_visited":["Exordium","TheCity","TheBeyond"],"potions_floor_usage":[48,50],"damage_taken":[{"damage":1.0,"enemies":"Cultist","floor":1.0,"turns":3.0},{"damage":1.0,"enemies":"2 Louse","floor":2.0,"turns":2.0},{"damage":12.0,"enemies":"Jaw Worm","floor":3.0,"turns":3.0},{"damage":9.0,"enemies":"Red Slaver","floor":5.0,"turns":3.0},{"damage":40.0,"enemies":"3 Sentries","floor":6.0,"turns":8.0},{"damage":17.0,"enemies":"Gremlin Nob","floor":8.0,"turns":4.0},{"damage":0.0,"enemies":"3 Louse","floor":12.0,"turns":4.0},{"damage":17.0,"enemies":"Slime Boss","floor":16.0,"turns":10.0},{"damage":3.0,"enemies":"3 Byrds","floor":18.0,"turns":5.0},{"damage":0.0,"enemies":"Chosen","floor":20.0,"turns":5.0},{"damage":56.0,"enemies":"Slavers","floor":24.0,"turns":8.0},{"damage":48.0,"enemies":"3 Cultists","floor":30.0,"turns":6.0},{"damage":9.0,"enemies":"Centurion and Healer","floor":31.0,"turns":9.0},{"damage":25.0,"enemies":"Champ","floor":33.0,"turns":17.0},{"damage":13.0,"enemies":"3 Shapes","floor":35.0,"turns":5.0},{"damage":7.0,"enemies":"3 Darklings","floor":37.0,"turns":6.0},{"damage":6,"enemies":"Jaw Worm Horde","floor":48,"turns":6},{"damage":76,"enemies":"Time Eater","floor":50,"turns":8}],"seed_played":"-763272420768961241","potions_obtained":[{"floor":1.0,"key":"AttackPotion"},{"floor":3.0,"key":"CultistPotion"},{"floor":14.0,"key":"Fruit Juice"},{"floor":14.0,"key":"FairyPotion"},{"floor":16.0,"key":"FocusPotion"},{"floor":31.0,"key":"ColorlessPotion"},{"floor":33.0,"key":"AttackPotion"},{"floor":37.0,"key":"BlessingOfTheForge"}],"is_trial":false,"path_per_floor":["M","M","M","?","M","E","R","E","T","R","?","M","R","?","R","B",null,"M","$","M","$","?","R","E","R","T","R","?","R","M","M","R","B",null,"M","?","M","$","?","R","?","R","T","$","?","$","R","M","R","B"],"character_chosen":"DEFECT","items_purchased":["FossilizedHelix"],"campfire_rested":6,"item_purchase_floors":[19],"current_hp_per_floor":[70,69,57,57,48,8,31,14,14,37,25,25,25,30,30,13,66,63,63,63,63,63,63,7,7,7,31,31,31,15,6,30,5,64,51,51,44,44,34,58,48,48,48,48,48,48,48,42,66,0,0],"gold":102,"neow_bonus":"TEN_PERCENT_HP_BONUS","is_daily":false,"chose_seed":false,"campfire_upgraded":7,"win_rate":0.0,"timestamp":1611394976,"path_taken":["M","M","?","?","M","E","R","E","T","R","?","M","R","?","R","BOSS","M","$","M","?","?","R","E","R","T","R","?","R","M","M","R","BOSS","M","?","M","$","?","R","?","R","T","$","?","?","R","M","R","BOSS"],"items_purchased_type":["Relic"],"build_version":"2020-12-22","purchased_purges":1,"victory":false,"max_hp_per_floor":[78,78,78,78,78,78,78,78,78,78,78,78,78,83,83,83,83,83,83,83,83,83,83,83,83,83,83,83,83,83,83,83,83,83,83,83,83,83,83,83,83,83,83,83,83,83,83,83,83,83,83],"card_choices":[{"not_picked":["Loop","Auto Shields"],"picked":"FTL","floor":1.0},{"not_picked":["Gash","Reinforced Body"],"picked":"Streamline","floor":2.0},{"not_picked":["Loop","Steam"],"picked":"Rebound","floor":3.0},{"not_picked":["Blizzard","Leap","Heatsinks"],"picked":"SKIP","floor":5.0},{"not_picked":["Streamline","Compile Driver"],"picked":"Cold Snap","floor":6.0},{"not_picked":["Cold Snap","Steam"],"picked":"Coolheaded","floor":8.0},{"not_picked":["Reinforced Body","Coolheaded"],"picked":"FTL","floor":12.0},{"not_picked":["Cold Snap","Conserve Battery"],"picked":"Capacitor","floor":12.0},{"not_picked":["Thunder Strike","All For One"],"picked":"Core Surge","floor":16.0},{"not_picked":["Lockon","Gash"],"picked":"Blizzard","floor":18.0},{"not_picked":["Cold Snap","BootSequence","Capacitor"],"picked":"SKIP","floor":18.0},{"not_picked":["Barrage","Streamline"],"picked":"Loop+1","floor":20.0},{"not_picked":["Tempest","Steam","Streamline"],"picked":"SKIP","floor":20.0},{"not_picked":["All For One","Consume"],"picked":"Coolheaded","floor":24.0},{"not_picked":["Stack","Heatsinks+1"],"picked":"Glacier","floor":30.0},{"not_picked":["Gash","Consume","Barrage+1"],"picked":"SKIP","floor":30.0},{"not_picked":["Compile Driver","Go for the Eyes"],"picked":"Barrage+1","floor":31.0},{"not_picked":["Melter","Sweeping Beam","Steam"],"picked":"SKIP","floor":31.0},{"not_picked":["Fission","Core Surge"],"picked":"Electrodynamics","floor":33.0},{"not_picked":["Steam","Chaos+1"],"picked":"Aggregate","floor":35.0},{"not_picked":["Barrage+1","Sweeping Beam"],"picked":"Conserve Battery+1","floor":35.0},{"not_picked":["Turbo+1","Streamline+1"],"picked":"Stack+1","floor":37.0},{"not_picked":["Conserve Battery","Gash","Rebound+1"],"picked":"SKIP","floor":37.0},{"not_picked":["Good Instincts","Panache"],"picked":"Discovery","floor":41.0},{"not_picked":["Beam Cell","Streamline","Compile Driver"],"picked":"SKIP","floor":48},{"not_picked":["Streamline","Self Repair+1","Steam+1"],"picked":"SKIP","floor":48}],"player_experience":442082,"relics_obtained":[{"floor":6.0,"key":"Incense Burner"},{"floor":8.0,"key":"Prayer Wheel"},{"floor":9.0,"key":"Bottled Flame"},{"floor":24.0,"key":"Du-Vu Doll"},{"floor":26.0,"key":"Anchor"},{"floor":43.0,"key":"Vajra"}],"event_choices":[{"damage_healed":0.0,"max_hp_gain":0.0,"max_hp_loss":0.0,"gold_gain":0.0,"event_name":"Shining Light","player_choice":"Ignored","floor":4.0,"gold_loss":0.0,"damage_taken":0.0},{"damage_healed":0.0,"max_hp_gain":0.0,"max_hp_loss":0.0,"gold_gain":0.0,"event_name":"Scrap Ooze","player_choice":"Success","floor":11.0,"gold_loss":0.0,"damage_taken":12.0,"relics_obtained":["Ornamental Fan"]},{"damage_healed":0.0,"max_hp_gain":0.0,"max_hp_loss":0.0,"gold_gain":0.0,"event_name":"Lab","player_choice":"Got Potions","floor":14.0,"gold_loss":0.0,"damage_taken":0.0},{"damage_healed":0.0,"max_hp_gain":0.0,"max_hp_loss":0.0,"gold_gain":0.0,"event_name":"The Library","player_choice":"Read","floor":22.0,"gold_loss":0.0,"damage_taken":0.0,"cards_obtained":["Seek"]},{"damage_healed":0.0,"max_hp_gain":0.0,"max_hp_loss":0.0,"gold_gain":0.0,"event_name":"Masked Bandits","player_choice":"Paid Fearfully","floor":28.0,"gold_loss":77.0,"damage_taken":0.0},{"damage_healed":0.0,"max_hp_gain":0.0,"max_hp_loss":0.0,"gold_gain":0.0,"event_name":"Mysterious Sphere","player_choice":"Ignored","floor":36.0,"gold_loss":0.0,"damage_taken":0.0},{"damage_healed":0.0,"max_hp_gain":0.0,"max_hp_loss":0.0,"gold_gain":0.0,"event_name":"Winding Halls","player_choice":"Embrace Madness","floor":39.0,"gold_loss":0.0,"damage_taken":10.0,"cards_obtained":["Madness","Madness"]},{"damage_healed":0.0,"max_hp_gain":0.0,"max_hp_loss":0.0,"gold_gain":0.0,"event_name":"SensoryStone","player_choice":"Memory 3","floor":41.0,"gold_loss":0.0,"damage_taken":10.0},{"damage_healed":0.0,"max_hp_gain":0.0,"max_hp_loss":0.0,"gold_gain":0.0,"event_name":"Tomb of Lord Red Mask","player_choice":"Ignored","floor":45.0,"gold_loss":0.0,"damage_taken":0.0}],"is_beta":false,"boss_relics":[{"not_picked":["FrozenCore","Fusion Hammer"],"picked":"Runic Pyramid"},{"not_picked":["Coffee Dripper","Inserter"],"picked":"Velvet Choker"}],"items_purged_floors":[38],"is_endless":false,"potions_floor_spawned":[1,3,8,16,31,33,37],"killed_by":"Time Eater","ascension_level":14}}