{"host":"hw13b7hbn5su36xt","time":1611434094,"event":{"mods":["2.2 Compatiblity","BaseMod","Bestiary","Colored Map","Colored Powertips","Curses Come First","Dark Map","Downfall","Highlight Path","Minty Spire (QoL Compilation)","RNG Fix","Relic Filter","Relic Sorter","Relic Stats","StSLib"],"gold_per_floor":[99,115,115,115,133,133,158,158,176,176,187,198,198,198,218,317,367,367,383,383,383,401,173,173,207,207,217,230,230,230,230],"floor_reached":29,"language":"ENG","playtime":1624,"items_purged":["downfall:Haunted"],"score":351,"play_id":"850c8ef7-7072-4e3e-863b-c7262e37c66c","local_time":"20210123203454","is_ascension_mode":true,"campfire_choices":[{"data":"hexamod:Strike","floor":1,"key":"SMITH"},{"data":"hexamod:Strike","floor":8,"key":"SMITH"},{"data":"hexamod:SpectralSpark","floor":10,"key":"SMITH"},{"floor":13,"key":"REST"},{"data":"hexamod:GhostflameBarrier","floor":18,"key":"SMITH"},{"floor":26,"key":"REST"}],"circlet_count":0,"master_deck":["hexamod:Strike","hexamod:Strike","hexamod:Strike+1","hexamod:Strike+1","hexamod:Defend","hexamod:Defend+1","hexamod:Sear","hexamod:Float","hexamod:FlameSwitch","hexamod:BurningTouch","hexamod:RecurringNightmare","hexamod:Haunt","hexamod:SpectralSpark+1","hexamod:GhostflameBarrier+1","hexamod:ExtraCrispy","hexamod:SpectralSpark+1","hexamod:ExtraCrispy","hexamod:WildfireWeapon","hexamod:GhostflameBarrier","hexamod:FlamesFromBeyond","hexamod:Incineration+1","expansioncontent:GuardianWhirl","hexamod:Incineration","hexamod:PowerFromBeyond","hexamod:Hexaguard"],"relics":["hexamod:SpiritBrand","Toy Ornithopter","Tiny House","Anchor","Calipers"],"acts_visited":["Exordium","TheCity"],"potions_floor_usage":[15,16,16,25,27,29],"damage_taken":[{"damage":2,"enemies":"Jaw Worm","floor":2,"turns":3},{"damage":0,"enemies":"Cultist","floor":4,"turns":1},{"damage":8,"enemies":"Small Slimes","floor":5,"turns":3},{"damage":12,"enemies":"Gremlin Gang","floor":9,"turns":5},{"damage":6,"enemies":"Blue Slaver","floor":11,"turns":4},{"damage":15,"enemies":"Large Slime","floor":12,"turns":6},{"damage":8,"enemies":"Exordium Wildlife","floor":15,"turns":5},{"damage":36,"enemies":"DF_ARCHETYPE_STREAMLINE","floor":16,"turns":11},{"damage":7,"enemies":"Chosen","floor":19,"turns":6},{"damage":11,"enemies":"Centurion and Healer","floor":22,"turns":5},{"damage":0,"enemies":"downfall:FleeingMerchant","floor":23,"turns":4},{"damage":35,"enemies":"Book of Stabbing","floor":25,"turns":4},{"damage":33,"enemies":"Shelled Parasite and Fungi","floor":27,"turns":4},{"damage":8,"enemies":"Snake Plant","floor":28,"turns":3},{"damage":24,"enemies":"Snecko","floor":29,"turns":3}],"seed_played":"9021889526589231287","potions_obtained":[{"floor":9,"key":"FearPotion"},{"floor":11,"key":"ColorlessPotion"},{"floor":15,"key":"Block Potion"},{"floor":17,"key":"Guardian:BlockOnCardUsePotion"},{"floor":19,"key":"champ:CounterPotion"},{"floor":27,"key":"Fire Potion"}],"is_trial":false,"path_per_floor":["R","M","?","M","M","?","T","R","M","R","M","M","R","?","M","B",null,"R","M","?","?","M","$","T","E","R","M","M","M"],"character_chosen":"THE_SPIRIT","items_purchased":["expansioncontent:GuardianWhirl","hexamod:Incineration"],"campfire_rested":2,"item_purchase_floors":[23,23],"current_hp_per_floor":[63,61,61,61,53,58,58,58,46,46,40,25,47,47,44,18,66,66,59,59,59,48,48,48,18,42,14,6,0,0,0],"gold":230,"neow_bonus":"ONE_RANDOM_RARE_CARD","is_daily":false,"chose_seed":false,"campfire_upgraded":4,"win_rate":0.0,"timestamp":1611434094,"path_taken":["R","M","?","M","M","?","T","R","M","R","?","M","R","?","M","BOSS","R","M","?","?","M","$","T","E","R","M","M","M"],"items_purchased_type":["Card","Card"],"build_version":"2020-12-22","purchased_purges":1,"victory":false,"max_hp_per_floor":[70,70,70,70,70,75,75,75,75,75,75,75,75,75,75,75,80,80,80,80,80,80,80,80,80,80,80,80,80,80,80],"relic_stats":{"counters":[15,67],"obtain_stats":[{"Anchor":24,"downfall:BrokenWingStatue":3,"Tiny House":17,"Calipers":25,"hexamod:SpiritBrand":0,"Toy Ornithopter":7},{"Anchor":11,"downfall:BrokenWingStatue":1,"Tiny House":8,"Calipers":12,"hexamod:SpiritBrand":0,"Toy Ornithopter":3},{"Anchor":53,"downfall:BrokenWingStatue":3,"Tiny House":38,"Calipers":57,"hexamod:SpiritBrand":0,"Toy Ornithopter":7}],"Toy Ornithopter":30},"card_choices":[{"not_picked":["hexamod:SpectersWail","hexamod:HeatCrush"],"picked":"hexamod:BurningTouch","floor":2},{"not_picked":["hexamod:NightmareGuise","hexamod:ShieldOfDarkness"],"picked":"hexamod:RecurringNightmare","floor":4},{"not_picked":["hexamod:AdvancingGuard","hexamod:SpectralAdrenaline"],"picked":"hexamod:Haunt","floor":5},{"not_picked":["hexamod:RetreatToShadows","hexamod:HeatCrush"],"picked":"hexamod:SpectralSpark","floor":9},{"not_picked":["hexamod:FlamesFromBeyond","hexamod:SoulSteal"],"picked":"hexamod:GhostflameBarrier","floor":11},{"not_picked":["hexamod:SecondSeal","hexamod:RetreatToShadows"],"picked":"hexamod:ExtraCrispy","floor":12},{"not_picked":["hexamod:Firestarter","hexamod:ThermalTransfer","hexamod:BacktrackSmack"],"picked":"SKIP","floor":15},{"not_picked":["hexamod:UnleashSpirits","hexamod:FlameSwitch"],"picked":"hexamod:WildfireWeapon","floor":16},{"not_picked":["hexamod:GhostLash","hexamod:SpectralAdrenaline"],"picked":"hexamod:GhostflameBarrier","floor":17},{"not_picked":["hexamod:NightmareGuise","hexamod:ThermalTransfer","hexamod:ShieldOfDarkness"],"picked":"SKIP","floor":19},{"not_picked":["hexamod:FastForward","hexamod:ShieldOfDarkness"],"picked":"hexamod:FlamesFromBeyond","floor":22},{"not_picked":["hexamod:GhostLash","hexamod:RetreatToShadows"],"picked":"hexamod:Incineration+1","floor":23},{"not_picked":["hexamod:HauntingEcho","hexamod:CatchUp"],"picked":"hexamod:PowerFromBeyond","floor":25},{"not_picked":["hexamod:ChargedBarrage","hexamod:FastForward"],"picked":"hexamod:Hexaguard","floor":27},{"not_picked":["hexamod:EtherealExpedition","hexamod:Incineration","hexamod:HeatMetal+1"],"picked":"SKIP","floor":28}],"player_experience":388089,"relics_obtained":[{"floor":7,"key":"Toy Ornithopter"},{"floor":24,"key":"Anchor"},{"floor":25,"key":"Calipers"}],"event_choices":[{"damage_healed":0,"gold_gain":0,"player_choice":"Donut","damage_taken":0,"max_hp_gain":5,"max_hp_loss":0,"event_name":"Big Fish","floor":6,"gold_loss":0}],"is_beta":false,"boss_relics":[{"not_picked":["Empty Cage","Ectoplasm"],"picked":"Tiny House"}],"items_purged_floors":[23],"is_endless":false,"potions_floor_spawned":[9,11,15,19,27],"killed_by":"Snecko","ascension_level":7}}