{"host":"7eytxr1oawi6r5nr","time":1611432278,"event":{"mods":["BaseMod","Better Third Choice","Curses Come First","Dark Map","Hermit","Hubris","Minty Spire (QoL Compilation)","Permanent Neow","Quick Restart","Rare Cards Sparkle","Replay The Spire","Robot Space Explorer","StSLib","The Cursed","The Disciple","The Forsaken","The Marked","The Mystic","The Runesmith","Wide Potions"],"gold_per_floor":[118,130,49,69,69,69,83,83,83,108,108,108,125,194,194,299,299,315,329,340,340,356,356,381,381,431,285,301,301,201,219,219,323,323,342,392,120,131,131,131,163,175,175,175,220,220,282,282,282,282],"floor_reached":51,"language":"ENG","playtime":4233,"items_purged":["theForsaken:TheForsaken_Strike","theForsaken:TheForsaken_Strike","theForsaken:SolarFlare"],"score":793,"play_id":"ed98e1d7-c949-44b3-a121-adba86299b13","local_time":"20210123200438","is_ascension_mode":false,"campfire_choices":[{"data":"theForsaken:PowerUp","floor":6.0,"key":"SMITH"},{"floor":11.0,"key":"REST"},{"data":"Amnesia","floor":15.0,"key":"PURGE"},{"data":"theForsaken:Preservation","floor":23.0,"key":"SMITH"},{"floor":25.0,"key":"REST"},{"floor":29.0,"key":"REST"},{"data":"theForsaken:DarkBargain","floor":32,"key":"SMITH"},{"data":"theForsaken:CorruptedForm","floor":40,"key":"SMITH"},{"data":"1","floor":44,"key":"LIFT"},{"data":"2","floor":46,"key":"LIFT"},{"floor":49,"key":"REST"}],"circlet_count":0,"master_deck":["theForsaken:Smite","theForsaken:Penitence","theForsaken:HymnOfRest","theForsaken:Enfeeble","theForsaken:PanicDive","theForsaken:SolarFlare","theForsaken:PowerUp+1","ReplayTheSpireMod:Limb From Limb","theForsaken:BountifulSunlight","theForsaken:StoreUp","theForsaken:Purification","theForsaken:PanicDive+1","theForsaken:Prudence+1","theForsaken:Preservation+1","theForsaken:WardingHymn","theForsaken:Terrorize+1","theForsaken:DarkBargain+1","theForsaken:CorruptedForm+1","theForsaken:Bolster","theForsaken:Parry","theForsaken:CleansingLight","theForsaken:CowardsBrand","theForsaken:Retribution","theForsaken:SacredOath","theForsaken:MagicWeapon+1","theForsaken:SacredOath","Writhe"],"relics":["theForsaken:JudgementScales","Replay:Bottled Flurry","hubris:MysteriousPyramids","ReplayTheSpireMod:Lightbulb","Darkstone Periapt","Durian","Ring of Searing","Ring of Fury","ReplayTheSpireMod:Ninjato","Ring of Chaos","Simple Rune","Art of War","Replay:Grab Bag","Replay:Bronze Core","hubris:TerracottaHorce","Pandora\u0027s Box","WingedGreaves","Gremlin Food","Girya","Thread and Needle","Molten Egg 2"],"acts_visited":["Exordium","TheCity","TheBeyond"],"potions_floor_usage":[33],"damage_taken":[{"damage":0.0,"enemies":"Small Slimes","floor":1.0,"turns":4.0},{"damage":0.0,"enemies":"2 Louse","floor":2.0,"turns":4.0},{"damage":5.0,"enemies":"Cultist","floor":4.0,"turns":5.0},{"damage":5.0,"enemies":"Red Slaver","floor":7.0,"turns":2.0},{"damage":15.0,"enemies":"Gremlin Nob","floor":10.0,"turns":6.0},{"damage":0.0,"enemies":"Looter","floor":13.0,"turns":1.0},{"damage":25.0,"enemies":"Hexaghost","floor":16.0,"turns":8.0},{"damage":26.0,"enemies":"Shell Parasite","floor":18.0,"turns":4.0},{"damage":6.0,"enemies":"Chosen","floor":19.0,"turns":4.0},{"damage":29.0,"enemies":"Snake Plant","floor":20.0,"turns":5.0},{"damage":14.0,"enemies":"Centurion and Healer","floor":22.0,"turns":12.0},{"damage":40.0,"enemies":"Slavers","floor":24.0,"turns":8.0},{"damage":30.0,"enemies":"Shelled Parasite and Fungi","floor":28.0,"turns":6.0},{"damage":1.0,"enemies":"Snecko","floor":31.0,"turns":6.0},{"damage":0,"enemies":"Champ","floor":33,"turns":11},{"damage":11,"enemies":"3 Shapes","floor":35,"turns":3},{"damage":9,"enemies":"Mind Bloom Boss Battle","floor":36,"turns":8},{"damage":0,"enemies":"Orb Walker","floor":38,"turns":4},{"damage":23,"enemies":"R_Hoarder","floor":41,"turns":9},{"damage":0,"enemies":"Transient","floor":42,"turns":5},{"damage":24,"enemies":"2 Orb Walkers","floor":45,"turns":5},{"damage":10,"enemies":"Time Eater","floor":50,"turns":6}],"seed_played":"4296690706857217407","potions_obtained":[{"floor":2.0,"key":"BlessingOfTheForge"},{"floor":7.0,"key":"SpeedPotion"},{"floor":20.0,"key":"LiquidMemories"},{"floor":24.0,"key":"Swift Potion"},{"floor":28.0,"key":"FairyPotion"},{"floor":31.0,"key":"GamblersBrew"},{"floor":33,"key":"Weak Potion"},{"floor":42,"key":"Flashbang"}],"is_trial":false,"path_per_floor":["M","M","$","M","?","R","M","?","T","E","R","?","M","T","R","B",null,"M","M","M","?","M","R","E","R","T","$","M","R","$","M","R","B",null,"M","?","$","M","?","R","E","M","T","R","?","R","?","?","R","B",null],"character_chosen":"THE_FORSAKEN","items_purchased":["theForsaken:SolarFlare","theForsaken:WardingHymn","theForsaken:SacredOath"],"campfire_rested":4,"item_purchase_floors":[3,27,37],"current_hp_per_floor":[65,65,65,60,38,38,33,33,33,23,44,50,50,50,50,25,76,54,48,28,28,55,55,27,49,49,49,26,48,48,51,51,51,70,59,56,56,56,56,56,56,56,56,56,35,35,16,41,65,58],"gold":282,"neow_bonus":"THREE_CARDS","is_daily":false,"chose_seed":false,"campfire_upgraded":4,"win_rate":0.0,"timestamp":1611432278,"path_taken":["M","M","$","M","?","R","M","?","T","E","R","?","M","?","R","BOSS","M","M","M","?","?","R","E","R","T","?","M","R","$","M","R","BOSS","M","?","$","M","?","R","E","?","T","R","?","R","?","?","R","BOSS"],"items_purchased_type":["Card","Card","Card"],"build_version":"2020-12-22","purchased_purges":3,"victory":true,"max_hp_per_floor":[65,65,65,65,65,65,65,65,65,70,70,76,76,76,76,76,76,76,76,76,76,76,76,76,76,76,76,76,76,76,76,76,76,76,76,76,76,76,76,76,76,76,76,76,76,76,76,82,82,82],"card_choices":[{"not_picked":["theForsaken:CorruptedWord","theForsaken:ShieldBash"],"picked":"theForsaken:HymnOfRest","floor":0.0},{"not_picked":["theForsaken:PowerUp","theForsaken:Parry"],"picked":"theForsaken:Enfeeble","floor":1.0},{"not_picked":["theForsaken:HymnOfRest","theForsaken:FatRoll"],"picked":"theForsaken:PanicDive","floor":2.0},{"not_picked":["theForsaken:ShieldBash","theForsaken:Terrorize"],"picked":"theForsaken:PowerUp","floor":4.0},{"not_picked":["theForsaken:HorrifyingStrike","theForsaken:SiphonStrike","theForsaken:HymnOfRest"],"picked":"SKIP","floor":7.0},{"not_picked":["theForsaken:BottledPlague","theForsaken:Riposte"],"picked":"theForsaken:BountifulSunlight","floor":10.0},{"not_picked":["theForsaken:SiphonStrike","theForsaken:SpreadingPlague"],"picked":"theForsaken:StoreUp","floor":13.0},{"not_picked":["theForsaken:SpreadingPlague","theForsaken:DesperatePlea"],"picked":"theForsaken:Purification","floor":16.0},{"not_picked":["theForsaken:Riposte+1","theForsaken:FatRoll"],"picked":"theForsaken:PanicDive+1","floor":18.0},{"not_picked":["theForsaken:QuickAttack","theForsaken:Backlash"],"picked":"theForsaken:Prudence","floor":19.0},{"not_picked":["theForsaken:InspiringBlow","theForsaken:RainingSunlight"],"picked":"theForsaken:Preservation","floor":20.0},{"not_picked":["theForsaken:Thunderbolt","theForsaken:Parry","theForsaken:BlightOfFamine"],"picked":"SKIP","floor":22.0},{"not_picked":["theForsaken:Thunderbolt+1","theForsaken:Backlash","theForsaken:CleansingLight"],"picked":"SKIP","floor":24.0},{"not_picked":["theForsaken:FatRoll","theForsaken:BindingThorns+1"],"picked":"theForsaken:Terrorize+1","floor":28.0},{"not_picked":["theForsaken:CleansingLight","theForsaken:HorrifyingStrike"],"picked":"theForsaken:DarkBargain","floor":31.0},{"not_picked":["theForsaken:DivineGuidance","theForsaken:DesperatePlea"],"picked":"theForsaken:CorruptedForm","floor":33},{"not_picked":["theForsaken:DarkBargain","theForsaken:ShieldBash","theForsaken:Backlash"],"picked":"SKIP","floor":35},{"not_picked":["theForsaken:PanicDive","theForsaken:PreciseStrike+1"],"picked":"theForsaken:MagicWeapon+1","floor":38},{"not_picked":["theForsaken:BottledPlague+1","theForsaken:ChargeAttack+1","theForsaken:RainingSunlight+1"],"picked":"SKIP","floor":41},{"not_picked":["theForsaken:MagicWeapon","theForsaken:DesperatePlea","theForsaken:InspiringBlow"],"picked":"SKIP","floor":42}],"player_experience":172051,"relics_obtained":[{"floor":9.0,"key":"Darkstone Periapt"},{"floor":10.0,"key":"Durian"},{"floor":12.0,"key":"Ring of Searing"},{"floor":12.0,"key":"Ring of Fury"},{"floor":14.0,"key":"ReplayTheSpireMod:Ninjato"},{"floor":24.0,"key":"Simple Rune"},{"floor":26.0,"key":"Art of War"},{"floor":36,"key":"WingedGreaves"},{"floor":41,"key":"Gremlin Food"},{"floor":43,"key":"Girya"},{"floor":45,"key":"Thread and Needle"},{"floor":47,"key":"Molten Egg 2"}],"event_choices":[{"damage_healed":0.0,"max_hp_gain":0.0,"max_hp_loss":0.0,"gold_gain":1.0,"event_name":"betterThird:BetterScrap","player_choice":"Card Relic Relic ","floor":5.0,"gold_loss":0.0,"damage_taken":22.0,"cards_obtained":["ReplayTheSpireMod:Limb From Limb","hubris:SpecializedCircuitry"]},{"damage_healed":0.0,"max_hp_gain":0.0,"max_hp_loss":0.0,"gold_gain":0.0,"event_name":"Dead Adventurer","player_choice":"Searched \u00271\u0027 times","floor":8.0,"gold_loss":0.0,"damage_taken":0.0,"relics_obtained":["ReplayTheSpireMod:Lightbulb"]},{"damage_healed":0.0,"max_hp_gain":0.0,"max_hp_loss":0.0,"gold_gain":0.0,"event_name":"NoteForYourself","player_choice":"Ignored","floor":21.0,"gold_loss":0.0,"damage_taken":0.0},{"damage_healed":0,"gold_gain":0,"player_choice":"Fight","damage_taken":0,"max_hp_gain":0,"max_hp_loss":0,"event_name":"MindBloom","floor":36,"gold_loss":0},{"damage_healed":0,"gold_gain":0,"player_choice":"Copied","damage_taken":0,"max_hp_gain":0,"max_hp_loss":0,"event_name":"Duplicator","floor":39,"gold_loss":0,"cards_obtained":["theForsaken:SacredOath"]},{"damage_healed":0,"gold_gain":0,"player_choice":"Fight","damage_taken":0,"max_hp_gain":0,"max_hp_loss":0,"event_name":"Mysterious Sphere","floor":45,"gold_loss":0},{"damage_healed":19,"gold_gain":0,"player_choice":"Writhe","damage_taken":0,"max_hp_gain":0,"max_hp_loss":0,"event_name":"Winding Halls","floor":48,"gold_loss":0,"cards_obtained":["Writhe"]}],"is_beta":false,"boss_relics":[{"not_picked":["Painkiller Herb","hubris:RunicObelisk"],"picked":"Ring of Chaos"},{"not_picked":["Replay:Ancient Bell","hubris:GrandSneckoEye"],"picked":"Replay:Grab Bag"},{"not_picked":["hubris:VirtuousBlindfold","Coffee Dripper"],"picked":"Replay:Bronze Core"},{"not_picked":["ReplayTheSpireMod:Onyx Gauntlets","hubris:CrackedHourglass"],"picked":"hubris:TerracottaHorce"},{"not_picked":["Snecko Eye","hubris:BlackHole"],"picked":"Pandora\u0027s Box"}],"items_purged_floors":[27,30,37],"is_endless":false,"potions_floor_spawned":[2,7,20,24,28,31,33,35,38,42,45],"ascension_level":0}}