{"host":"l15sdf2mmi0nobpi","time":1611381618,"event":{"mods":["BaseMod","Dota2Spire","Highlight Path","Minty Spire (QoL Compilation)","Quick Restart","StSLib","¡¾¹¦ÄÜMod¡¿Neow½±Àø"],"gold_per_floor":[368,385,94,114,114,114,143,156,182,182,195,195,195],"floor_reached":12,"language":"ZHS","playtime":385,"items_purged":["Strike_R"],"score":160,"play_id":"78b67dd4-6161-45c8-9a0b-f5dd435043e1","local_time":"20210123140018","is_ascension_mode":true,"campfire_choices":[{"data":"Armaments","floor":6.0,"key":"SMITH"},{"data":"Searing Blow","floor":10.0,"key":"SMITH"}],"circlet_count":0,"master_deck":["AscendersBane","Strike_R","Strike_R","Strike_R","Strike_R","Defend_R","Defend_R","Defend_R","Defend_R","Bash","Searing Blow+1","Armaments+1","Rupture"],"relics":["Burning Blood","Dota2Spire:UrnOfShadows","Dota2Spire:MaskOfMadness","Blood Vial"],"acts_visited":["Exordium"],"potions_floor_usage":[],"damage_taken":[{"damage":3.0,"enemies":"2 Louse","floor":1.0,"turns":3.0},{"damage":6.0,"enemies":"Jaw Worm","floor":2.0,"turns":4.0},{"damage":1.0,"enemies":"Cultist","floor":4.0,"turns":3.0},{"damage":47.0,"enemies":"Lagavulin","floor":7.0,"turns":9.0},{"damage":24.0,"enemies":"Exordium Thugs","floor":8.0,"turns":7.0},{"damage":14.0,"enemies":"2 Fungi Beasts","floor":11.0,"turns":4.0},{"damage":39,"enemies":"Gremlin Nob","floor":12,"turns":3}],"seed_played":"-7404802767772904304","potions_obtained":[{"floor":7.0,"key":"Dota2Spire:Clarity"},{"floor":11.0,"key":"SmokeBomb"}],"is_trial":false,"path_per_floor":["M","M","$","M","?","R","E","M","T","R","M","E"],"character_chosen":"IRONCLAD","items_purchased":["Armaments","Dota2Spire:UrnOfShadows"],"campfire_rested":0,"item_purchase_floors":[3,3],"current_hp_per_floor":[68,68,68,68,73,73,32,22,22,22,22,0,0],"gold":195,"neow_bonus":"TWO_FIFTY_GOLD","is_daily":false,"chose_seed":false,"campfire_upgraded":2,"win_rate":0.0,"timestamp":1611381618,"path_taken":["M","M","$","M","?","R","E","M","T","R","M","E"],"items_purchased_type":["Card","Relic"],"build_version":"2020-12-22","purchased_purges":1,"victory":false,"max_hp_per_floor":[68,68,68,68,73,73,73,73,73,73,73,73,73],"card_choices":[{"not_picked":["Pommel Strike","Wild Strike"],"picked":"Searing Blow","floor":1.0},{"not_picked":["Sentinel","Infernal Blade","Clash"],"picked":"SKIP","floor":2.0},{"not_picked":["Cleave","Sentinel","Rage"],"picked":"SKIP","floor":4.0},{"not_picked":["Metallicize","Dual Wield","Iron Wave"],"picked":"SKIP","floor":7.0},{"not_picked":["Headbutt","Pommel Strike"],"picked":"Rupture","floor":8.0},{"not_picked":["Heavy Blade","Twin Strike","Flex"],"picked":"SKIP","floor":11.0}],"player_experience":470863,"relics_obtained":[{"floor":7.0,"key":"Dota2Spire:MaskOfMadness"},{"floor":9.0,"key":"Blood Vial"}],"event_choices":[{"damage_healed":0.0,"max_hp_gain":5.0,"max_hp_loss":0.0,"gold_gain":0.0,"event_name":"Big Fish","player_choice":"Donut","floor":5.0,"gold_loss":0.0,"damage_taken":0.0}],"is_beta":false,"boss_relics":[],"items_purged_floors":[3],"is_endless":false,"potions_floor_spawned":[7,11],"killed_by":"Gremlin Nob","ascension_level":20}}