{"host":"20e88t9rzopateec","time":1611418538,"event":{"mods":["ATMod(°¢èªMod)","Aspiration","BaseMod","Colored Map","Dota2Spire","Downfall","Marked Mod","Minty Spire (QoL Compilation)","MostiFishMod","Quick Restart","Replay The Spire","Shop Mod","Spicy Shops","StSLib","noobMod","¡¾ÒÅÎï¿¨ÅÆ¡¿REMEMod","óô»ðÖ¸ÄÏ"],"gold_per_floor":[9400,9400,9400,9400,8987,9007,9007,9007,9024,8924,8557,8586,8603,8632,8647,8751,8751,8651,8665,8515,8515,8515,8550,8550,7963,7978,7978,7997,8009,7336,7354,7372,7472,7472,6852,6868,6918,6930,6948,6966,7038,6767,6069,6086,6086,6103,6103,6236,6246,6346,6346,6471,6173,5675,5675,5775],"floor_reached":57,"language":"ZHS","playtime":1712,"items_purged":["sneckomod:Strike+1","sneckomod:WideSting+1"],"score":1687,"play_id":"404dda11-2843-4109-84bd-1917bd44f4fb","local_time":"20210124001538","is_ascension_mode":false,"campfire_choices":[{"floor":10,"key":"RECALL"}],"circlet_count":0,"master_deck":["sneckomod:Defend+1","sneckomod:TailWhip+1","sneckomod:SnekBite+1","sneckomod:Unknown+1","REME_Flogging+1","AT_EssenceShift+1","sneckomod:TrashToTreasure+1","sneckomod:UnknownWeak+1","sneckomod:RainOfDice+1","sneckomod:IronFang+1","sneckomod:QuickBite+1","sneckomod:UnknownUncommonPower+1","sneckomod:UnknownCommonSkill+1","sneckomod:UnknownDraw+1","sneckomod:UnendingSupply+1","sneckomod:SoulDraw+1","sneckomod:UnknownUncommonAttack+1","Madness+1","sneckomod:UnknownExhaust+1","Ghostly+1","sneckomod:SlitherStrike+1","sneckomod:RainOfDice+1","Madness+1","sneckomod:WideSting+1","sneckomod:SerpentIdol+1","sneckomod:SerpentMind+1","expansioncontent:StudyTheSpire+1","sneckomod:UnknownDraw+1","expansioncontent:DashGenerateEvil+1","sneckomod:SnakeSap+1"],"relics":["sneckomod:SneckoSoul","AT_ATBox","DaveBox","REME_ComplimentaryCards","ice","Frozen Egg 2","Molten Egg 2","Toxic Egg 2","Membership Card","downfall:HeartsMalice","Sling","Boot","Omamori","Matryoshka","Dota2Spire:UrnOfShadows","aspiration:Lifesprig","AT_BellowingDragoncrestRing","Ornamental Fan","Dota2Spire:BladeMail","Regal Pillow","Akabeko","downfall:HeartBlessingBlue","aspiration:ChemicalBlood","Lantern","ReplayTheSpireMod:TigerMarble","REME_CardOfGreed","StoneCalendar","Replay:Kaleidoscope","GreenFoldingFan","downfall:HeartBlessingRed","sneckomod:BabySnecko","Orichalcum","Strawberry","SentryEyes","aspiration:AnachronicSnailShell","Replay:Accelerometer","aspiration:StickyExplosives_weak","Bag of Marbles","Toolbox","downfall:HeartBlessingGreen","OrangePellets","Centennial Puzzle","Dota2Spire:EyeOfSkadi","Replay:WaspNest","TimeFreeze","Dota2Spire:BlackKingBar","SlaversCollar","Lee\u0027s Waffle","Dota2Spire:OctarineCore","DianDianMeat","Smiling Mask","DollysMirror","AT_TheCollector","Blue Candle","Pen Nib","Dota2Spire:MagicBottle","REME_LimitBreaker","Dota2Spire:PhaseBoots","Dota2Spire:Butterfly","Mirror","ClockworkSouvenir","Medical Kit","Strange Spoon","Dota2Spire:Desolator","Golden Egg","AT_BladeRuinedKing","Blue Doll","Dota2Spire:CrimsonGuard","Art of War","aspiration:Nostalgia","Replay:M_SmolderingBlood","AT_BellDemon","Dota2Spire:PowerTreads","Replay:Rubber Ducky","Dodecahedron","Dota2Spire:DrumOfEndurance","Anchor","AT_Manta","Replay:Ringing Soul"],"acts_visited":["Exordium","TheCity","TheBeyond","TheEnding"],"potions_floor_usage":[12,55,56],"damage_taken":[{"damage":0,"enemies":"2 Louse","floor":2,"turns":1},{"damage":0,"enemies":"Cultist","floor":4,"turns":1},{"damage":0,"enemies":"downfall:FleeingMerchant","floor":5,"turns":1},{"damage":0,"enemies":"Jaw Worm","floor":6,"turns":2},{"damage":9,"enemies":"2 Fungi Beasts","floor":9,"turns":2},{"damage":1,"enemies":"downfall:FleeingMerchant","floor":11,"turns":4},{"damage":0,"enemies":"Lagavulin","floor":12,"turns":2},{"damage":0,"enemies":"Large Slime","floor":13,"turns":2},{"damage":0,"enemies":"Gremlin Nob","floor":14,"turns":1},{"damage":0,"enemies":"Gremlin Gang","floor":15,"turns":2},{"damage":2,"enemies":"WA_ARCHETYPE_RETAIN","floor":16,"turns":3},{"damage":4,"enemies":"Shell Parasite","floor":19,"turns":2},{"damage":3,"enemies":"Gremlin Leader","floor":23,"turns":2},{"damage":2,"enemies":"Shelled Parasite and Fungi","floor":26,"turns":1},{"damage":4,"enemies":"Snake Plant","floor":28,"turns":2},{"damage":2,"enemies":"Sentry and Sphere","floor":29,"turns":1},{"damage":2,"enemies":"Centurion and Healer","floor":31,"turns":1},{"damage":2,"enemies":"Snake Plant","floor":32,"turns":1},{"damage":2,"enemies":"DF_ARCHETYPE_CLAW","floor":33,"turns":1},{"damage":2,"enemies":"3 Darklings","floor":36,"turns":1},{"damage":5,"enemies":"3 Darklings","floor":37,"turns":1},{"damage":8,"enemies":"3 Shapes","floor":38,"turns":1},{"damage":2,"enemies":"Writhing Mass","floor":39,"turns":1},{"damage":2,"enemies":"downfall:FleeingMerchant","floor":40,"turns":1},{"damage":2,"enemies":"Jaw Worm Horde","floor":44,"turns":1},{"damage":8,"enemies":"4 Shapes","floor":46,"turns":1},{"damage":2,"enemies":"Giant Head","floor":48,"turns":1},{"damage":2,"enemies":"Writhing Mass","floor":49,"turns":1},{"damage":2,"enemies":"SI_POISON_ARCHETYPE","floor":50,"turns":1},{"damage":4,"enemies":"downfall:CharBossMerchant","floor":52,"turns":2},{"damage":5,"enemies":"downfall:NeowBoss","floor":55,"turns":3},{"damage":8,"enemies":"downfall:NeowBossFinal","floor":56,"turns":3}],"seed_played":"4899945737716409344","potions_obtained":[{"floor":12,"key":"LifebloodPotion"}],"is_trial":false,"path_per_floor":["R","M","?","M","$","M","T","?","M","R","$","E","M","E","M","B",null,"R_BF","M","?","?","?","E","T","R","M","R","M","M","R","M","M","B",null,"R","M","?","M","M","$","T","R","$","M","?","M","$","E","M","B",null,"E","$","R","B","B",null],"character_chosen":"THE_SNECKO","items_purchased":["Sling","Boot","Omamori","Matryoshka","Dota2Spire:UrnOfShadows","sneckomod:TrashToTreasure+1","sneckomod:WideSting+1","sneckomod:UnknownWeak+1","ColorlessPotion","SteroidPotion","Strength Potion","AT_BellowingDragoncrestRing","Ornamental Fan","Dota2Spire:BladeMail","Regal Pillow","sneckomod:UnknownUncommonPower+1","aspiration:ChemicalBlood","Lantern","ReplayTheSpireMod:TigerMarble","REME_CardOfGreed","aspiration:AnachronicSnailShell","Replay:Accelerometer","aspiration:StickyExplosives_weak","Bag of Marbles","Toolbox","sneckomod:RainOfDice+1","OrangePellets","Centennial Puzzle","Dota2Spire:EyeOfSkadi","Replay:WaspNest","TimeFreeze","Dota2Spire:BlackKingBar","Lee\u0027s Waffle","Dota2Spire:OctarineCore","DianDianMeat","Smiling Mask","expansioncontent:StudyTheSpire+1","DollysMirror","Blue Candle","Pen Nib","Dota2Spire:MagicBottle","Elixir","Dota2Spire:PhaseBoots","Dota2Spire:Butterfly","Mirror","ClockworkSouvenir","Medical Kit","Strange Spoon","Dota2Spire:Desolator","Golden Egg","AT_BladeRuinedKing","Blue Doll","expansioncontent:DashGenerateEvil+1","sneckomod:SnakeSap+1","aspiration:Nostalgia","AT_BellDemon","Dota2Spire:PowerTreads","Replay:Rubber Ducky","Dodecahedron","Dota2Spire:DrumOfEndurance","Anchor","AT_Manta","Replay:Ringing Soul"],"campfire_rested":0,"item_purchase_floors":[1,1,1,1,1,1,1,1,1,1,1,5,5,5,5,5,11,11,11,11,25,25,25,25,25,25,30,30,30,30,30,30,35,35,35,35,35,35,40,40,40,40,42,42,42,42,43,43,43,43,43,43,43,43,53,53,53,53,54,54,54,54,54],"current_hp_per_floor":[90,90,83,83,83,83,83,83,74,84,83,83,83,83,83,81,100,100,100,100,100,100,100,107,107,107,107,107,107,112,112,112,112,112,122,122,122,122,122,122,122,122,129,129,121,123,123,129,129,129,129,129,129,129,129,129],"gold":5775,"neow_bonus":"THREE_ENEMY_KILL","is_daily":false,"chose_seed":false,"campfire_upgraded":0,"win_rate":0.0,"timestamp":1611418538,"path_taken":["R","M","?","M","$","M","T","?","M","R","$","E","M","E","M","BOSS","R_BF","M","?","?","?","E","T","R","?","R","M","M","R","M","M","BOSS","R","M","?","M","M","$","T","R","$","M","?","?","?","E","M","BOSS","E","$","R","BOSS","BOSS"],"items_purchased_type":["Relic","Relic","Relic","Relic","Relic","Card","Card","Card","Potion","Potion","Potion","Relic","Relic","Relic","Relic","Card","Relic","Relic","Relic","Relic","Relic","Relic","Relic","Relic","Relic","Card","Relic","Relic","Relic","Relic","Relic","Relic","Relic","Relic","Relic","Relic","Card","Relic","Relic","Relic","Relic","Potion","Relic","Relic","Relic","Relic","Relic","Relic","Relic","Relic","Relic","Relic","Card","Card","Relic","Relic","Relic","Relic","Relic","Relic","Relic","Relic","Relic"],"build_version":"2020-12-22","purchased_purges":2,"victory":true,"max_hp_per_floor":[90,90,90,90,90,90,90,90,90,100,100,100,100,100,100,100,100,100,100,100,100,100,100,107,107,107,107,107,107,112,112,112,112,112,122,122,122,122,122,122,122,122,129,129,129,129,129,129,129,129,129,129,129,129,129,129],"card_choices":[{"not_picked":["sneckomod:UnknownCommonSkill+1","sneckomod:MasterEye+1"],"picked":"sneckomod:RainOfDice+1","floor":2},{"not_picked":["sneckomod:Unknown1Cost+1","sneckomod:SoulRoll+1"],"picked":"sneckomod:IronFang+1","floor":4},{"not_picked":["sneckomod:Unknown1Cost+1","sneckomod:RainOfDice+1"],"picked":"sneckomod:QuickBite+1","floor":5},{"not_picked":["sneckomod:IronFang+1","sneckomod:DiceBoulder+1"],"picked":"sneckomod:UnknownCommonSkill+1","floor":6},{"not_picked":["sneckomod:ImprovisedGuard+1","sneckomod:UnknownStrike+1"],"picked":"sneckomod:UnknownDraw+1","floor":9},{"not_picked":["sneckomod:SoulRoll+1","sneckomod:SlitherStrike+1"],"picked":"sneckomod:UnendingSupply+1","floor":11},{"not_picked":["sneckomod:DiceCrush+1","sneckomod:ImprovisedGuard+1","sneckomod:UnknownCommonAttack+1"],"picked":"SKIP","floor":12},{"not_picked":["sneckomod:UnknownCommonSkill+1","sneckomod:QuickBite+1"],"picked":"sneckomod:SoulDraw+1","floor":13},{"not_picked":["sneckomod:RainOfDice+1","sneckomod:DiceCrush+1","sneckomod:WideSting+1"],"picked":"SKIP","floor":14},{"not_picked":["sneckomod:SoulDraw+1","sneckomod:Unknown2Cost+1"],"picked":"sneckomod:UnknownUncommonAttack+1","floor":15},{"not_picked":["sneckomod:UnlimitedRolls+1","sneckomod:Restock+1"],"picked":"sneckomod:UnknownRareAttack+1","floor":16},{"not_picked":["sneckomod:Unknown1Cost+1","sneckomod:UnknownUncommonPower+1"],"picked":"sneckomod:UnknownExhaust+1","floor":19},{"not_picked":["sneckomod:ImprovisedAttack+1","sneckomod:TrashToTreasure+1"],"picked":"sneckomod:SlitherStrike+1","floor":23},{"not_picked":["sneckomod:UnknownVulnerable+1","sneckomod:DiceCrush+1","sneckomod:SlitherStrike+1"],"picked":"SKIP","floor":26},{"not_picked":["sneckomod:IronFang+1","sneckomod:UnknownUncommonAttack+1"],"picked":"sneckomod:WideSting+1","floor":28},{"not_picked":["sneckomod:TrashToTreasure+1","sneckomod:Unknown1Cost+1","sneckomod:ImprovisedGuard+1"],"picked":"SKIP","floor":29},{"not_picked":["sneckomod:UnknownBlock+1","sneckomod:MasterEye+1","sneckomod:SoulDraw+1"],"picked":"SKIP","floor":31},{"not_picked":["sneckomod:UnknownCommonAttack+1","sneckomod:UnknownExhaust+1"],"picked":"sneckomod:SerpentIdol+1","floor":32},{"not_picked":["sneckomod:UnknownRarePower+1","sneckomod:Restock+1"],"picked":"sneckomod:SerpentMind+1","floor":33},{"not_picked":["sneckomod:WideSting+1","sneckomod:SoulRoll+1","sneckomod:DiceCrush+1"],"picked":"SKIP","floor":36},{"not_picked":["sneckomod:UnknownUncommonSkill+1","sneckomod:SlitherStrike+1","sneckomod:UnknownWeak+1"],"picked":"SKIP","floor":38},{"not_picked":["sneckomod:UnknownCommonSkill+1","sneckomod:UnknownWeak+1","sneckomod:SoulRoll+1"],"picked":"SKIP","floor":39},{"not_picked":["sneckomod:IronFang+1","sneckomod:RainOfDice+1","sneckomod:UnknownStrike+1"],"picked":"SKIP","floor":40},{"not_picked":["sneckomod:UnknownBlock+1","sneckomod:ImprovisedGuard+1","sneckomod:SnakeSap+1"],"picked":"SKIP","floor":44},{"not_picked":["sneckomod:UnknownCommonAttack+1","sneckomod:UnknownRareAttack+1","sneckomod:UnknownCommonSkill+1"],"picked":"SKIP","floor":46},{"not_picked":["sneckomod:SerpentIdol+1","sneckomod:WideSting+1","sneckomod:DiceCrush+1"],"picked":"SKIP","floor":48},{"not_picked":["sneckomod:SoulRoll+1","sneckomod:RainOfDice+1","sneckomod:UnknownCommonSkill+1"],"picked":"SKIP","floor":49},{"not_picked":["sneckomod:UnlimitedRolls+1","sneckomod:UnknownStrike+1","sneckomod:SoulExchange+1"],"picked":"SKIP","floor":52}],"player_experience":287994,"relics_obtained":[{"floor":7,"key":"Akabeko"},{"floor":12,"key":"StoneCalendar"},{"floor":14,"key":"Replay:Kaleidoscope"},{"floor":23,"key":"Orichalcum"},{"floor":24,"key":"Strawberry"},{"floor":24,"key":"SentryEyes"},{"floor":37,"key":"AT_TheCollector"},{"floor":41,"key":"REME_LimitBreaker"},{"floor":48,"key":"Dota2Spire:CrimsonGuard"},{"floor":52,"key":"Art of War"}],"event_choices":[{"damage_healed":0,"gold_gain":0,"player_choice":"Success","damage_taken":7,"relics_obtained":["aspiration:Lifesprig"],"max_hp_gain":0,"max_hp_loss":0,"event_name":"Scrap Ooze","floor":3,"gold_loss":0},{"damage_healed":0,"gold_gain":0,"player_choice":"Punched","damage_taken":8,"max_hp_gain":0,"max_hp_loss":0,"event_name":"Designer","floor":45,"gold_loss":0}],"is_beta":false,"boss_relics":[{"not_picked":["TakeMeEscape","Calling Bell"],"picked":"GreenFoldingFan"},{"not_picked":["Pandora\u0027s Box","Tiny House"],"picked":"SlaversCollar"}],"items_purged_floors":[5,11],"is_endless":false,"potions_floor_spawned":[6,12,14,15,16,28,29,32,36,38,49],"ascension_level":0}}