{"host":"lnnm69al9x392px5","time":1611389536,"event":{"mods":["BaseMod","Downfall","Minty Spire (QoL Compilation)","Replay The Spire","StSLib"],"gold_per_floor":[118,118,179,224,224,0,0,0,0,16,16,16,56,94,94,214,214,227,45,65,88,288,288,307,352,352],"floor_reached":25,"language":"ENG","playtime":834,"items_purged":["Looming Evil","Strike_P"],"score":278,"play_id":"3635163d-2152-4be3-a6cf-8196e37f23e6","local_time":"20210123001216","is_ascension_mode":false,"campfire_choices":[{"data":"ConjureBlade","floor":8,"key":"SMITH"},{"floor":15,"key":"REST"},{"data":"ForeignInfluence","floor":23,"key":"SMITH"}],"circlet_count":0,"master_deck":["Strike_P","Strike_P","Defend_P","Defend_P","Defend_P","Eruption","Vigilance","ConjureBlade+1","Crescendo","FollowUp","BowlingBash","Judgement","ForeignInfluence+1","Steam","FlurryOfBlows","ReachHeaven","Alpha","SandsOfTime","Dark Shackles","Replay:ManipulateFuture","Study"],"relics":["PureWater","ReplayTheSpireMod:Ring of Challenge","Ring of Hypnosis","Golden Idol","Quantum Egg","Pondfish Scales","Painkiller Herb"],"acts_visited":["Exordium","TheCity"],"potions_floor_usage":[16,25],"damage_taken":[{"damage":4,"enemies":"2 Louse","floor":1,"turns":4},{"damage":19,"enemies":"Small Slimes","floor":3,"turns":3},{"damage":6,"enemies":"Jaw Worm","floor":4,"turns":2},{"damage":10,"enemies":"2 Fungi Beasts","floor":10,"turns":3},{"damage":0,"enemies":"Lagavulin","floor":13,"turns":3},{"damage":1,"enemies":"Lots of Slimes","floor":14,"turns":3},{"damage":0,"enemies":"Slime Boss","floor":16,"turns":3},{"damage":1,"enemies":"2 Thieves","floor":18,"turns":3},{"damage":0,"enemies":"Spheric Guardian","floor":20,"turns":1},{"damage":20,"enemies":"3 Cultists","floor":21,"turns":5},{"damage":0,"enemies":"Centurion and Healer","floor":24,"turns":3},{"damage":53,"enemies":"Replay:Snechameleon","floor":25,"turns":2}],"seed_played":"4228503071400487596","potions_obtained":[{"floor":4,"key":"Block Potion"},{"floor":13,"key":"Energy Potion"},{"floor":14,"key":"BottledMiracle"},{"floor":16,"key":"BottledMiracle"},{"floor":18,"key":"Swift Potion"}],"is_trial":false,"path_per_floor":["M","?","M","M","?","$","?","R","T","M","$","?","E","M","R","B",null,"?","T","?","?","?","T","?","E"],"character_chosen":"WATCHER","items_purchased":["Judgement","Dark Shackles"],"campfire_rested":1,"item_purchase_floors":[6,19],"current_hp_per_floor":[68,68,49,43,25,25,25,25,25,15,15,15,15,14,35,35,72,71,71,71,51,51,51,51,0,0],"gold":352,"neow_bonus":"ONE_RANDOM_RARE_CARD","is_daily":false,"chose_seed":false,"campfire_upgraded":2,"win_rate":0.0,"timestamp":1611389536,"path_taken":["M","?","M","M","?","$","?","R","T","M","?","?","E","M","R","BOSS","?","T","?","?","?","T","?","E"],"items_purchased_type":["Card","Card"],"build_version":"2020-12-22","purchased_purges":2,"victory":false,"max_hp_per_floor":[72,72,72,72,72,72,72,72,72,72,72,72,72,72,72,72,72,72,72,72,72,72,72,72,72,72],"card_choices":[{"not_picked":["FollowUp","CutThroughFate"],"picked":"Crescendo","floor":1},{"not_picked":["LikeWater","Crescendo"],"picked":"FollowUp","floor":3},{"not_picked":["Evaluate","Replay:BluntJabs"],"picked":"BowlingBash","floor":4},{"not_picked":["Protect","BattleHymn","Crescendo"],"picked":"SKIP","floor":10},{"not_picked":["CutThroughFate","CarveReality"],"picked":"FlurryOfBlows","floor":13},{"not_picked":["Halt","Replay:Cycle"],"picked":"ReachHeaven","floor":14},{"not_picked":["Blasphemy","Vault"],"picked":"Alpha","floor":16},{"not_picked":["Crescendo","FlyingSleeves"],"picked":"SandsOfTime","floor":18},{"not_picked":["CutThroughFate","Evaluate+1"],"picked":"Replay:ManipulateFuture","floor":20},{"not_picked":["Halt","DeceiveReality","EmptyFist+1"],"picked":"SKIP","floor":21},{"not_picked":["SignatureMove","Replay:DivineShield+1"],"picked":"Study","floor":24}],"player_experience":245636,"relics_obtained":[{"floor":2,"key":"ReplayTheSpireMod:Ring of Challenge"},{"floor":2,"key":"Ring of Hypnosis"},{"floor":9,"key":"Quantum Egg"},{"floor":13,"key":"Pondfish Scales"}],"event_choices":[{"damage_healed":0,"gold_gain":0,"player_choice":"Take Damage","damage_taken":18,"relics_obtained":["Golden Idol"],"max_hp_gain":0,"max_hp_loss":0,"event_name":"Golden Idol","floor":5,"gold_loss":0},{"damage_healed":0,"gold_gain":250,"player_choice":"Bet on Owner","damage_taken":0,"max_hp_gain":0,"max_hp_loss":0,"event_name":"The Joust","floor":22,"gold_loss":50}],"is_beta":false,"boss_relics":[{"not_picked":["Kintsugi","Replay:Wanted Poster"],"picked":"Painkiller Herb"}],"items_purged_floors":[6,19],"is_endless":false,"potions_floor_spawned":[4,13,14,16,18,20,21],"killed_by":"Replay:Snechameleon","ascension_level":0}}