{"host":"daa8jqyg4gqfaysm","time":1611418917,"event":{"mods":["BaseMod","Colored Powertips","Minty Spire (QoL Compilation)","StSLib"],"gold_per_floor":[113,131,33,51,64,64,80,108,160,175,175,194,369,403,403,508,508,519,569,58,77,28,28,44,73,98,123,123,137,150,150,150,150,150],"floor_reached":33,"language":"ENG","playtime":853,"items_purged":["Strike_B","Strike_B"],"score":299,"play_id":"d8e4330f-9324-43e9-9b23-dcc9bd8f3b9e","local_time":"20210124002157","is_ascension_mode":false,"campfire_choices":[{"data":"Sunder","floor":6,"key":"SMITH"},{"data":"Electrodynamics","floor":11,"key":"SMITH"},{"data":"Loop","floor":15,"key":"SMITH"},{"data":"Seek","floor":23,"key":"SMITH"},{"data":"Coolheaded","floor":32,"key":"SMITH"}],"circlet_count":0,"master_deck":["Strike_B","Strike_B","Defend_B","Defend_B","Defend_B","Defend_B","Zap","Dualcast","Doom and Gloom","Sunder+1","Ball Lightning","BootSequence","Auto Shields","Conserve Battery","Electrodynamics+1","Cold Snap","Melter","Loop+1","Seek+1","Compile Driver","Lockon","Jack Of All Trades","Glacier","Coolheaded+1","Ball Lightning"],"relics":["Cracked Core","Pen Nib","Omamori","Bottled Flame","Nuclear Battery","Pantograph","Boot","Bird Faced Urn"],"acts_visited":["Exordium","TheCity"],"potions_floor_usage":[18,25,27,28,33,33],"damage_taken":[{"damage":0,"enemies":"Cultist","floor":1,"turns":3},{"damage":0,"enemies":"2 Louse","floor":2,"turns":2},{"damage":2,"enemies":"Small Slimes","floor":4,"turns":2},{"damage":9,"enemies":"Exordium Thugs","floor":5,"turns":3},{"damage":0,"enemies":"2 Fungi Beasts","floor":7,"turns":3},{"damage":9,"enemies":"3 Sentries","floor":8,"turns":6},{"damage":0,"enemies":"Red Slaver","floor":10,"turns":3},{"damage":0,"enemies":"Large Slime","floor":12,"turns":3},{"damage":11,"enemies":"Gremlin Nob","floor":14,"turns":4},{"damage":21,"enemies":"The Guardian","floor":16,"turns":8},{"damage":14,"enemies":"Shell Parasite","floor":18,"turns":3},{"damage":6,"enemies":"3 Byrds","floor":21,"turns":4},{"damage":5,"enemies":"Shelled Parasite and Fungi","floor":24,"turns":5},{"damage":11,"enemies":"Gremlin Leader","floor":25,"turns":4},{"damage":12,"enemies":"Book of Stabbing","floor":27,"turns":5},{"damage":0,"enemies":"Sentry and Sphere","floor":29,"turns":3},{"damage":0,"enemies":"3 Cultists","floor":30,"turns":3},{"damage":64,"enemies":"Champ","floor":33,"turns":11}],"seed_played":"-6350162394230760359","potions_obtained":[{"floor":2,"key":"PowerPotion"},{"floor":5,"key":"Weak Potion"},{"floor":7,"key":"Block Potion"},{"floor":24,"key":"DistilledChaos"},{"floor":27,"key":"PowerPotion"},{"floor":28,"key":"Fruit Juice"},{"floor":28,"key":"Ancient Potion"},{"floor":29,"key":"PotionOfCapacity"}],"is_trial":false,"path_per_floor":["M","M","$","M","M","R","M","E","T","M","R","M","?","E","R","B",null,"M","?","$","M","$","R","M","E","T","E","?","M","M","?","R","B"],"character_chosen":"DEFECT","items_purchased":["Ball Lightning","Lockon","Pantograph","Jack Of All Trades","Coolheaded"],"campfire_rested":0,"item_purchase_floors":[3,20,20,20,22],"current_hp_per_floor":[82,82,82,80,71,71,71,62,62,62,62,62,62,51,51,30,82,68,68,68,62,62,62,57,46,46,34,39,39,41,41,41,8,8],"gold":150,"neow_bonus":"TEN_PERCENT_HP_BONUS","is_daily":false,"chose_seed":false,"campfire_upgraded":5,"win_rate":0.0,"timestamp":1611418917,"path_taken":["M","M","?","M","?","R","M","E","T","M","R","M","?","E","R","BOSS","M","?","$","M","?","R","M","E","T","E","?","?","M","?","R","BOSS"],"items_purchased_type":["Card","Card","Relic","Card","Card"],"build_version":"2020-12-22","purchased_purges":2,"victory":false,"max_hp_per_floor":[82,82,82,82,82,82,82,82,82,82,82,82,82,82,82,82,82,82,82,82,82,82,82,82,82,82,82,87,87,87,87,87,87,87],"card_choices":[{"not_picked":["Coolheaded","Leap"],"picked":"Doom and Gloom","floor":1},{"not_picked":["Compile Driver","Steam"],"picked":"Sunder","floor":2},{"not_picked":["Recycle","Beam Cell"],"picked":"BootSequence","floor":4},{"not_picked":["Stack","Reinforced Body"],"picked":"Auto Shields","floor":5},{"not_picked":["Tempest","Steam"],"picked":"Conserve Battery","floor":7},{"not_picked":["Static Discharge","Sweeping Beam"],"picked":"Electrodynamics","floor":8},{"not_picked":["Steam","Conserve Battery"],"picked":"Cold Snap","floor":10},{"not_picked":["Cold Snap","Force Field"],"picked":"Melter","floor":12},{"not_picked":["Barrage","Genetic Algorithm"],"picked":"Loop","floor":14},{"not_picked":["Hyperbeam","All For One"],"picked":"Seek","floor":16},{"not_picked":["Stack","Cold Snap"],"picked":"Compile Driver","floor":18},{"not_picked":["Coolheaded","Cold Snap+1"],"picked":"Glacier","floor":21},{"not_picked":["Hologram","Lockon"],"picked":"Ball Lightning","floor":24},{"not_picked":["White Noise","Stack+1","Cold Snap"],"picked":"SKIP","floor":25},{"not_picked":["Beam Cell+1","Conserve Battery","Rip and Tear"],"picked":"SKIP","floor":27},{"not_picked":["Blizzard","Beam Cell","Stack"],"picked":"SKIP","floor":29},{"not_picked":["Lockon","Coolheaded","Scrape"],"picked":"SKIP","floor":30},{"not_picked":["Lockon","Coolheaded","Scrape"],"picked":"SKIP","floor":30}],"player_experience":857018,"relics_obtained":[{"floor":8,"key":"Pen Nib"},{"floor":9,"key":"Omamori"},{"floor":14,"key":"Bottled Flame"},{"floor":25,"key":"Boot"},{"floor":27,"key":"Bird Faced Urn"}],"event_choices":[{"damage_healed":0,"gold_gain":175,"player_choice":"AGREE","damage_taken":0,"max_hp_gain":0,"max_hp_loss":0,"event_name":"Liars Game","floor":13,"gold_loss":0,"cards_obtained":["Doubt"]},{"damage_healed":0,"gold_gain":100,"player_choice":"Bet on Murderer","damage_taken":0,"max_hp_gain":0,"max_hp_loss":0,"event_name":"The Joust","floor":19,"gold_loss":50},{"damage_healed":0,"gold_gain":0,"player_choice":"Got Potions","damage_taken":0,"max_hp_gain":0,"max_hp_loss":0,"event_name":"Lab","floor":28,"gold_loss":0},{"damage_healed":0,"gold_gain":0,"player_choice":"Ignored","damage_taken":0,"max_hp_gain":0,"max_hp_loss":0,"event_name":"Vampires","floor":31,"gold_loss":0}],"is_beta":false,"boss_relics":[{"not_picked":["Runic Dome","Tiny House"],"picked":"Nuclear Battery"}],"items_purged_floors":[3,20],"is_endless":false,"potions_floor_spawned":[2,5,7,8,10,24,27,29],"killed_by":"Champ","ascension_level":0}}