{"host":"pe2q1tocp309rrg9","time":1611376257,"event":{"mods":["2.2 Compatiblity","BaseMod","BetterRewards","Downfall","Ekko","Gremlin Mod","Hermit","Jorbs\u0027s Wanderer Trilogy","Minty Spire (QoL Compilation)","Quick Restart","Rare Cards Sparkle","Replay The Spire","StSLib","The Blue Laboratory","The Construct","The Hierophant","Uncapped"],"gold_per_floor":[113,129,12,31,48,48,80,80,103,121,73,73,73,84,84,188,188,200,216,26,46,46,46,78,7,77,88,106,106,106,146,146,146,146],"floor_reached":33,"language":"ENG","playtime":1407,"items_purged":[],"score":326,"play_id":"f1fd1f47-d801-407b-b684-5ec54cedcf1c","local_time":"20210122223057","is_ascension_mode":true,"campfire_choices":[{"data":"Well Laid Plans","floor":6,"key":"SMITH"},{"floor":8,"key":"REST"},{"data":"Blade Dance","floor":12,"key":"SMITH"},{"floor":15,"key":"REST"},{"data":"Blade Dance","floor":23,"key":"SMITH"},{"floor":30,"key":"REST"},{"floor":32,"key":"REST"}],"circlet_count":0,"master_deck":["Strike_G+1","Strike_G+1","Strike_G+1","Strike_G+1","Strike_G+1","Defend_G+1","Defend_G","Defend_G+1","Defend_G","Defend_G","Survivor","Neutralize","Poisoned Stab","Well Laid Plans+1","Blade Dance+1","Choke","Concentrate+1","Choke","Poisoned Stab","Poisoned Stab","Acrobatics","Outmaneuver+1","Bullet Time","Blade Dance+1","Poisoned Stab+1","Slice+1","Cloak And Dagger+1","Footwork","Pride","Hidden Blade+1","Malaise","PiercingWail"],"relics":["Ring of the Snake","Gremlin Food","Pet Ghost","Replay:Baseball","Lantern","Busted Crown","Lee\u0027s Waffle","Letter Opener","Replay:Bottled Eggs","CeramicFish","Ice Cream"],"acts_visited":["Exordium","TheCity"],"potions_floor_usage":[7,7,24,27,33],"damage_taken":[{"damage":1,"enemies":"Cultist","floor":1,"turns":3},{"damage":1,"enemies":"Jaw Worm","floor":2,"turns":4},{"damage":0,"enemies":"Small Slimes","floor":4,"turns":2},{"damage":8,"enemies":"Red Slaver","floor":5,"turns":3},{"damage":22,"enemies":"Gremlin Nob","floor":7,"turns":5},{"damage":4,"enemies":"Exordium Thugs","floor":10,"turns":5},{"damage":0,"enemies":"3 Louse","floor":14,"turns":5},{"damage":57,"enemies":"Fading Forest","floor":16,"turns":11},{"damage":10,"enemies":"Spheric Guardian","floor":18,"turns":4},{"damage":0,"enemies":"Shell Parasite","floor":19,"turns":2},{"damage":9,"enemies":"Centurion and Healer","floor":21,"turns":6},{"damage":20,"enemies":"Slavers","floor":24,"turns":6},{"damage":6,"enemies":"Snecko","floor":27,"turns":3},{"damage":18,"enemies":"Shelled Parasite and Fungi","floor":28,"turns":4},{"damage":32,"enemies":"Gremlin Leader","floor":31,"turns":8},{"damage":43,"enemies":"Automaton","floor":33,"turns":6}],"seed_played":"-8797830612356050693","potions_obtained":[{"floor":2,"key":"Weak Potion"},{"floor":5,"key":"Dexterity Potion"},{"floor":14,"key":"ColorlessPotion"},{"floor":16,"key":"SpeedPotion"},{"floor":18,"key":"blueLaboratory:LouseDecoction"},{"floor":22,"key":"Block Potion"},{"floor":22,"key":"blueLaboratory:ExaltedPotion"},{"floor":31,"key":"blueLaboratory:BottledHope"}],"is_trial":false,"path_per_floor":["M","M","$","M","M","R","E","R","T","M","$","R","?","M","R","B",null,"M","M","$","M","?","R","E","$","T","M","M","?","R","E","R","B"],"character_chosen":"THE_SILENT","items_purchased":["Blade Dance","Choke","Acrobatics","Lee\u0027s Waffle","Poisoned Stab+1","Footwork"],"campfire_rested":4,"item_purchase_floors":[3,3,11,20,20,25],"current_hp_per_floor":[69,68,68,68,60,60,38,59,59,55,55,55,48,48,69,32,70,60,60,77,68,68,68,48,48,48,42,24,24,47,15,38,0,0],"gold":146,"neow_bonus":"RANDOM_COMMON_RELIC","is_daily":false,"chose_seed":false,"campfire_upgraded":3,"win_rate":0.0,"timestamp":1611376257,"path_taken":["M","M","$","M","M","R","E","R","T","M","$","R","?","M","R","BOSS","M","M","$","M","?","R","E","?","T","M","M","?","R","E","R","BOSS"],"items_purchased_type":["Card","Card","Card","Relic","Card","Card"],"build_version":"2020-12-22","purchased_purges":0,"victory":false,"max_hp_per_floor":[70,70,70,70,70,70,70,70,70,70,70,70,70,70,70,70,70,70,70,77,77,77,77,77,77,77,77,77,77,77,77,77,77,77],"card_choices":[{"not_picked":["Deflect","Flechettes"],"picked":"Poisoned Stab","floor":1},{"not_picked":["ReplayTheSpireMod:The Works","Bouncing Flask"],"picked":"Well Laid Plans","floor":2},{"not_picked":["Predator","Dodge and Roll"],"picked":"Concentrate","floor":4},{"not_picked":["All Out Attack","Slice"],"picked":"Choke","floor":5},{"not_picked":["Dagger Spray","Heel Hook"],"picked":"Poisoned Stab","floor":7},{"not_picked":["Cloak And Dagger","Dagger Spray"],"picked":"Poisoned Stab","floor":10},{"not_picked":["Heel Hook","Prepared"],"picked":"Outmaneuver","floor":14},{"not_picked":["Atom Bomb","Phantasmal Killer"],"picked":"Bullet Time","floor":16},{"not_picked":["Sucker Punch"],"picked":"SKIP","floor":18},{"not_picked":[],"picked":"Blade Dance","floor":19},{"not_picked":[],"picked":"Slice+1","floor":21},{"not_picked":[],"picked":"Cloak And Dagger+1","floor":24},{"not_picked":[],"picked":"Hidden Blade+1","floor":27},{"not_picked":[],"picked":"Malaise","floor":28},{"not_picked":[],"picked":"PiercingWail","floor":31}],"player_experience":694097,"relics_obtained":[{"floor":7,"key":"Pet Ghost"},{"floor":9,"key":"Replay:Baseball"},{"floor":24,"key":"Letter Opener"},{"floor":26,"key":"Replay:Bottled Eggs"},{"floor":31,"key":"Ice Cream"}],"event_choices":[{"damage_healed":0,"gold_gain":0,"player_choice":"Success","damage_taken":7,"relics_obtained":["Lantern"],"max_hp_gain":0,"max_hp_loss":0,"event_name":"Scrap Ooze","floor":13,"gold_loss":0},{"damage_healed":0,"gold_gain":0,"player_choice":"Got Potions","damage_taken":0,"max_hp_gain":0,"max_hp_loss":0,"event_name":"Lab","floor":22,"gold_loss":0},{"damage_healed":0,"gold_gain":0,"player_choice":"Gave Potion","damage_taken":0,"relics_obtained":["CeramicFish"],"max_hp_gain":0,"max_hp_loss":0,"event_name":"WeMeetAgain","floor":29,"gold_loss":0}],"is_beta":false,"boss_relics":[{"not_picked":["Runic Dome","Coffee Dripper"],"picked":"Busted Crown"}],"items_purged_floors":[],"is_endless":false,"potions_floor_spawned":[2,5,14,16,18,19,31],"killed_by":"Automaton","ascension_level":1}}