{"host":"qsusua7l529r8z9k","time":1611371764,"event":{"mods":["BaseMod","Minty Spire (QoL Compilation)","Reimu£®≤©¿ˆ¡È√Œ£©","Spicy Shops","StSLib"],"gold_per_floor":[118,118,118,118,118,143,143,157,181,197,147,147,72,87,87,188,188,206,121,121,140,160,160,180,214,214,246,259,279,279,19,19,115,115,128,128,128,140,140,170,185,233,285,31,31,31,31,64,64,64],"floor_reached":51,"language":"ZHS","playtime":3580,"items_purged":["Strike_Lin:ReiMu","BarrageOfMoneybags:ReiMu+1"],"score":791,"play_id":"f58fcf8c-ccc9-4446-9b7d-932cf83b5ce9","local_time":"20210123111604","is_ascension_mode":false,"campfire_choices":[{"data":"LovePray:ReiMu","floor":7.0,"key":"SMITH"},{"data":"MikOfLucky:ReiMu","floor":12.0,"key":"SMITH"},{"data":"UpKicking:ReiMu","floor":15.0,"key":"SMITH"},{"data":"KyokaiOfKami:ReiMu","floor":23.0,"key":"SMITH"},{"data":"KamiRite:ReiMu","floor":32.0,"key":"SMITH"},{"floor":46,"key":"REST"},{"floor":49,"key":"REST"}],"circlet_count":0,"master_deck":["Defend_Lin:ReiMu+1","Defend_Lin:ReiMu+1","NB:ReiMu+1","Stagnation:ReiMu+1","LovePray:ReiMu+1","MikOfLucky:ReiMu+1","WonderfulDomain:ReiMu","KyokaiOfKami:ReiMu+1","CollectionFlower2:ReiMu+1","Meditation:ReiMu+1","OrbThrow:ReiMu+1","Enchanting:ReiMu","Revelation:ReiMu","Gathering:ReiMu","AirManeuver:ReiMu","ForcedLanding:ReiMu+1","AlertArray:ReiMu","Shading:ReiMu","KamiRite:ReiMu+1","KamiRite:ReiMu","CareerPray:ReiMu+1","Finesse","Mayhem","SafetyPray:ReiMu+1","RainPray2:ReiMu+1","EmergencyTakeOff:ReiMu+1","UniversalSpiritual:ReiMu"],"relics":["FlyPower:ReiMu","NeowsBlessing","CrazyTorch:ReiMu","War Paint","MealTicket","RuthlessExorcism:ReiMu","Blood Vial","Astrolabe","Gambling Chip","Toy Ornithopter","White Beast Statue","StrikeDummy","Orichalcum","Bottled Lightning","Fusion Hammer","Bag of Preparation","Mango","Bag of Marbles","SkyOrb:ReiMu","Meat on the Bone"],"acts_visited":["Exordium","TheCity","TheBeyond"],"potions_floor_usage":[40,40,42,42,50,50,50],"damage_taken":[{"damage":0.0,"enemies":"Cultist","floor":1.0,"turns":1.0},{"damage":4.0,"enemies":"3 Sentries","floor":6.0,"turns":2.0},{"damage":0.0,"enemies":"2 Louse","floor":8.0,"turns":1.0},{"damage":2.0,"enemies":"Small Slimes","floor":10.0,"turns":4.0},{"damage":0.0,"enemies":"Exordium Wildlife","floor":14.0,"turns":4.0},{"damage":60.0,"enemies":"Hexaghost","floor":16.0,"turns":16.0},{"damage":0.0,"enemies":"Shell Parasite","floor":18.0,"turns":4.0},{"damage":13.0,"enemies":"Chosen","floor":21.0,"turns":8.0},{"damage":15.0,"enemies":"3 Cultists","floor":22.0,"turns":5.0},{"damage":0.0,"enemies":"Chosen and Byrds","floor":24.0,"turns":4.0},{"damage":6.0,"enemies":"Book of Stabbing","floor":25.0,"turns":8.0},{"damage":35.0,"enemies":"Slavers","floor":27.0,"turns":10.0},{"damage":0.0,"enemies":"Snake Plant","floor":28.0,"turns":4.0},{"damage":0.0,"enemies":"Centurion and Healer","floor":29.0,"turns":8.0},{"damage":24.0,"enemies":"Champ","floor":33.0,"turns":11.0},{"damage":12.0,"enemies":"3 Darklings","floor":35.0,"turns":5.0},{"damage":0,"enemies":"3 Shapes","floor":38,"turns":1},{"damage":20,"enemies":"Reptomancer","floor":40,"turns":10},{"damage":3,"enemies":"Jaw Worm Horde","floor":41,"turns":3},{"damage":52,"enemies":"2 Orb Walkers","floor":42,"turns":6},{"damage":0,"enemies":"Giant Head","floor":48,"turns":7},{"damage":59,"enemies":"Donu and Deca","floor":50,"turns":10}],"seed_played":"-2056396335832171861","potions_obtained":[{"floor":8.0,"key":"HakureiPotion:ReiMu"},{"floor":10.0,"key":"ColorlessPotion"},{"floor":16.0,"key":"EntropicBrew"},{"floor":18.0,"key":"Ancient Potion"},{"floor":27.0,"key":"Strength Potion"},{"floor":28.0,"key":"PowerPotion"},{"floor":29.0,"key":"Energy Potion"},{"floor":35.0,"key":"DistilledChaos"},{"floor":39,"key":"Fire Potion"},{"floor":40,"key":"SkillPotion"},{"floor":41,"key":"SteroidPotion"},{"floor":42,"key":"Fire Potion"},{"floor":48,"key":"PinkPotion:ReiMu"}],"is_trial":false,"path_per_floor":["M","T","?","?","?","E","R","M","T","M","?","R","$","M","R","B",null,"M","?","?","M","M","R","M","E","T","E","M","M","?","$","R","B",null,"M","?","?","M","?","E","M","?","T","$","?","R","$","E","R","B",null],"character_chosen":"REIMU","items_purchased":["Bottled Lightning","SkyOrb:ReiMu"],"campfire_rested":2,"item_purchase_floors":[31,44],"current_hp_per_floor":[65,65,65,62,49,45,45,45,45,45,45,45,60,62,62,4,65,65,65,65,52,39,39,41,37,37,9,11,13,13,28,28,21,65,53,53,48,50,50,42,41,15,15,30,30,52,67,69,75,33],"gold":64,"neow_bonus":"THREE_ENEMY_KILL","is_daily":false,"chose_seed":false,"campfire_upgraded":5,"win_rate":0.0,"timestamp":1611371764,"path_taken":["M","?","?","?","?","E","R","?","T","M","?","R","$","M","R","BOSS","M","?","?","M","M","R","M","E","T","E","M","M","?","?","R","BOSS","M","?","?","M","?","E","?","?","T","$","?","R","$","E","R","BOSS"],"items_purchased_type":["Relic","Relic"],"build_version":"2020-12-22","purchased_purges":2,"victory":true,"max_hp_per_floor":[65,65,65,65,65,65,65,65,65,65,65,65,65,65,65,65,65,65,65,65,65,65,65,65,65,65,65,65,65,65,65,65,65,65,65,65,65,65,65,65,65,79,79,79,75,75,75,75,75,75],"card_choices":[{"not_picked":["SafetyPray:ReiMu","SpreadBorder2:ReiMu"],"picked":"LovePray:ReiMu","floor":1.0},{"not_picked":["SealNeedle:ReiMu","SafetyPray:ReiMu"],"picked":"MikOfLucky:ReiMu","floor":6.0},{"not_picked":["EmergencyTakeOff:ReiMu","NineCharacters:ReiMu"],"picked":"WonderfulDomain:ReiMu","floor":8.0},{"not_picked":["Amulet:ReiMu","UniversalSpiritual:ReiMu","CareerPray:ReiMu"],"picked":"SKIP","floor":10.0},{"not_picked":["SafetyPray:ReiMu","FineLineFantasy:ReiMu"],"picked":"UpKicking:ReiMu","floor":14.0},{"not_picked":["Authority:ReiMu","Free:ReiMu"],"picked":"KyokaiOfKami:ReiMu","floor":16.0},{"not_picked":["PayForSelf:ReiMu","SpreadBorder2:ReiMu"],"picked":"OrbThrow:ReiMu+1","floor":18.0},{"not_picked":["SpreadBorder2:ReiMu","ShadowOfCrow2:ReiMu"],"picked":"Enchanting:ReiMu","floor":21.0},{"not_picked":["YinYangSign:ReiMu","Intuition:ReiMu"],"picked":"Revelation:ReiMu","floor":22.0},{"not_picked":["CareerPray:ReiMu+1","SpreadBorder2:ReiMu"],"picked":"Gathering:ReiMu","floor":24.0},{"not_picked":["Enchanting:ReiMu","AlertArray:ReiMu"],"picked":"AirManeuver:ReiMu","floor":25.0},{"not_picked":["AirStrike:ReiMu","OctopathBindingBorder2:ReiMu"],"picked":"ForcedLanding:ReiMu+1","floor":27.0},{"not_picked":["PayForSelf:ReiMu+1","Intuition:ReiMu"],"picked":"AlertArray:ReiMu","floor":28.0},{"not_picked":["Amulet:ReiMu+1","SubcavityInstant:ReiMu","ForcedLanding:ReiMu"],"picked":"SKIP","floor":29.0},{"not_picked":["KyokaiOfKami:ReiMu","RunawayExorcism:ReiMu"],"picked":"KamiRite:ReiMu","floor":33.0},{"not_picked":["CollectionFlower2:ReiMu","BarrageOfMoneybags:ReiMu+1"],"picked":"CareerPray:ReiMu+1","floor":35.0},{"not_picked":["Sadistic Nature","Trip"],"picked":"Finesse","floor":37},{"not_picked":["Violence","Finesse"],"picked":"Mayhem","floor":37},{"not_picked":["Intuition:ReiMu+1","Amulet:ReiMu+1"],"picked":"SafetyPray:ReiMu+1","floor":38},{"not_picked":["Conquer:ReiMu+1","CardOfSanctity:ReiMu"],"picked":"RainPray2:ReiMu+1","floor":40},{"not_picked":["OrbThrow:ReiMu","SubcavityInstant:ReiMu"],"picked":"EmergencyTakeOff:ReiMu+1","floor":41},{"not_picked":["CardOfSanctity:ReiMu","Enchanting:ReiMu+1"],"picked":"UniversalSpiritual:ReiMu","floor":48}],"player_experience":464395,"relics_obtained":[{"floor":2.0,"key":"CrazyTorch:ReiMu"},{"floor":6.0,"key":"RuthlessExorcism:ReiMu"},{"floor":9.0,"key":"Blood Vial"},{"floor":25.0,"key":"White Beast Statue"},{"floor":26.0,"key":"StrikeDummy"},{"floor":27.0,"key":"Orichalcum"},{"floor":40,"key":"Bag of Preparation"},{"floor":42,"key":"Mango"},{"floor":43,"key":"Bag of Marbles"},{"floor":48,"key":"Meat on the Bone"}],"event_choices":[{"damage_healed":0.0,"max_hp_gain":0.0,"max_hp_loss":0.0,"gold_gain":0.0,"event_name":"Big Fish","player_choice":"Box","floor":3.0,"gold_loss":0.0,"damage_taken":0.0,"relics_obtained":["War Paint"],"cards_obtained":["Regret"]},{"damage_healed":0.0,"max_hp_gain":0.0,"max_hp_loss":0.0,"gold_gain":0.0,"event_name":"Scrap Ooze","player_choice":"Success","floor":4.0,"gold_loss":0.0,"damage_taken":3.0,"relics_obtained":["MealTicket"]},{"damage_healed":0.0,"max_hp_gain":0.0,"max_hp_loss":0.0,"gold_gain":0.0,"event_name":"Shining Light","player_choice":"Entered Light","floor":5.0,"gold_loss":0.0,"damage_taken":13.0,"cards_upgraded":["Defend_Lin:ReiMu","NB:ReiMu"]},{"cards_removed":["Regret"],"damage_healed":0.0,"max_hp_gain":0.0,"max_hp_loss":0.0,"gold_gain":0.0,"event_name":"The Cleric","player_choice":"Card Removal","floor":11.0,"gold_loss":50.0,"damage_taken":0.0},{"damage_healed":0.0,"max_hp_gain":0.0,"max_hp_loss":0.0,"gold_gain":0.0,"event_name":"Addict","player_choice":"Obtained Relic","floor":19.0,"gold_loss":85.0,"damage_taken":0.0,"relics_obtained":["Gambling Chip"]},{"damage_healed":0.0,"max_hp_gain":0.0,"max_hp_loss":0.0,"gold_gain":0.0,"event_name":"The Mausoleum","player_choice":"Opened","floor":20.0,"gold_loss":0.0,"damage_taken":0.0,"relics_obtained":["Toy Ornithopter"]},{"damage_healed":0.0,"max_hp_gain":0.0,"max_hp_loss":0.0,"gold_gain":0.0,"cards_transformed":["Strike_Lin:ReiMu","Defend_Lin:ReiMu"],"event_name":"Drug Dealer","player_choice":"Became Test Subject","floor":30.0,"gold_loss":0.0,"damage_taken":0.0,"cards_obtained":["Shading:ReiMu","KamiRite:ReiMu"]},{"cards_removed":["UpKicking:ReiMu"],"damage_healed":0.0,"max_hp_gain":0.0,"max_hp_loss":0.0,"gold_gain":0.0,"event_name":"Falling","player_choice":"Removed Attack","floor":36.0,"gold_loss":0.0,"damage_taken":0.0},{"damage_healed":0,"gold_gain":0,"player_choice":"Memory 2","damage_taken":5,"max_hp_gain":0,"max_hp_loss":0,"event_name":"SensoryStone","floor":37,"gold_loss":0},{"damage_healed":0,"gold_gain":0,"player_choice":"Got Potions","damage_taken":0,"max_hp_gain":0,"max_hp_loss":0,"event_name":"Lab","floor":39,"gold_loss":0},{"damage_healed":0,"gold_gain":0,"player_choice":"Fight","damage_taken":0,"max_hp_gain":0,"max_hp_loss":0,"event_name":"Mysterious Sphere","floor":42,"gold_loss":0},{"damage_healed":0,"gold_gain":0,"player_choice":"Max HP","damage_taken":0,"max_hp_gain":0,"max_hp_loss":4,"event_name":"Winding Halls","floor":45,"gold_loss":0}],"is_beta":false,"boss_relics":[{"not_picked":["Empty Cage","Philosopher\u0027s Stone"],"picked":"Astrolabe"},{"not_picked":["Sozu","RedLine:ReiMu"],"picked":"Fusion Hammer"}],"items_purged_floors":[13,44],"is_endless":false,"potions_floor_spawned":[8,10,16,18,21,27,28,29,33,35,38,40,41,42,48],"ascension_level":0}}