{"host":"ktoxvvst1mwxww91","time":1611419028,"event":{"mods":["BaseMod","Downfall","Hermit","Minty Spire (QoL Compilation)","StSLib","The Blackbeard","The Hierophant","The Mystic","The Necromancer"],"gold_per_floor":[99,99,167,167,617,617,617,646,242,242,127,147,178,189,209,209,209,209],"floor_reached":16,"language":"ENG","playtime":423,"items_purged":["downfall:Icky","downfall:Icky"],"score":144,"play_id":"b275c443-42cd-41b9-88a0-3a3b0e4f8ef1","local_time":"20210123172348","is_ascension_mode":true,"campfire_choices":[{"data":"bronze:Goto","floor":1,"key":"SMITH"},{"data":"bronze:RecursiveStrike","floor":10,"key":"SMITH"}],"circlet_count":0,"master_deck":["bronze:Strike","bronze:Strike","bronze:Strike","bronze:Defend","bronze:Defend","bronze:Defend","bronze:Defend","bronze:Replicate","bronze:Goto+1","bronze:ChosenStrike","downfall:Icky","bronze:RecursiveStrike+1","bronze:Frontload","bronze:BronzeOrb","bronze:Branch","bronze:BronzeOrb","bronze:Branch","bronze:CutThrough","bronze:CutThrough"],"relics":["bronze:BronzeCore","downfall:HeartsMalice","StrikeDummy","bronze:BottledCode","Ornamental Fan","Eternal Feather","bronze:CableSpool","Lantern"],"acts_visited":["Exordium"],"potions_floor_usage":[13,16,16],"damage_taken":[{"damage":0,"enemies":"Jaw Worm","floor":4,"turns":1},{"damage":0,"enemies":"Gremlin Nob","floor":8,"turns":1},{"damage":0,"enemies":"downfall:FleeingMerchant","floor":9,"turns":1},{"damage":0,"enemies":"downfall:FleeingMerchant","floor":11,"turns":4},{"damage":0,"enemies":"Cultist","floor":12,"turns":2},{"damage":3,"enemies":"Lagavulin","floor":13,"turns":3},{"damage":0,"enemies":"Small Slimes","floor":14,"turns":1},{"damage":0,"enemies":"Exordium Wildlife","floor":15,"turns":2},{"damage":58,"enemies":"SI_SHIV_ARCHETYPE","floor":16,"turns":10}],"seed_played":"-6785239955561398156","potions_obtained":[{"floor":8,"key":"Energy Potion"},{"floor":13,"key":"Ancient Potion"},{"floor":14,"key":"ColorlessPotion"},{"floor":15,"key":"SkillPotion"}],"is_trial":false,"path_per_floor":["R","?","T","M","?","?","T","E","$","R","$","M","E","M","M","B"],"character_chosen":"THE_AUTOMATON","items_purchased":["bronze:CableSpool","bronze:BronzeOrb"],"campfire_rested":0,"item_purchase_floors":[9,9],"current_hp_per_floor":[70,70,70,70,70,60,60,60,60,60,60,60,57,57,57,0,0,0],"gold":209,"neow_bonus":"THREE_ENEMY_KILL","is_daily":false,"chose_seed":false,"campfire_upgraded":2,"win_rate":0.0,"timestamp":1611419028,"path_taken":["R","?","?","?","?","?","T","E","?","R","$","M","E","M","M","BOSS"],"items_purchased_type":["Relic","Card"],"build_version":"2020-12-22","purchased_purges":2,"victory":false,"max_hp_per_floor":[70,70,70,70,70,60,60,60,60,60,60,60,60,60,60,60,60,60],"card_choices":[{"not_picked":["bronze:Separator","bronze:Branch"],"picked":"bronze:ChosenStrike","floor":4},{"not_picked":["bronze:ForceShield","bronze:BugBarrage"],"picked":"bronze:RecursiveStrike","floor":8},{"not_picked":["bronze:FollowUp","bronze:WhirlingStrike"],"picked":"bronze:Frontload","floor":9},{"not_picked":["bronze:FineTuning","bronze:Deprecate"],"picked":"bronze:Branch","floor":11},{"not_picked":["bronze:Break","bronze:Constructor"],"picked":"bronze:BronzeOrb","floor":12},{"not_picked":["bronze:Iterate","bronze:ForLoop"],"picked":"bronze:Branch","floor":13},{"not_picked":["bronze:Invalidate","bronze:Optimize"],"picked":"bronze:CutThrough","floor":14},{"not_picked":["bronze:DelayedSlice","bronze:Invalidate"],"picked":"bronze:CutThrough","floor":15}],"player_experience":1161864,"relics_obtained":[{"floor":3,"key":"StrikeDummy"},{"floor":7,"key":"Ornamental Fan"},{"floor":8,"key":"Eternal Feather"},{"floor":13,"key":"Lantern"}],"event_choices":[],"is_beta":false,"boss_relics":[],"items_purged_floors":[9,11],"is_endless":false,"potions_floor_spawned":[8,13,14,15],"killed_by":"SI_SHIV_ARCHETYPE","ascension_level":2}}