{"host":"sgwqwgbtco1nn2mb","time":1611428479,"event":{"mods":["ATMod(°¢èªMod)","Act Like it!","BaseMod","Downfall","Gensokyo","Hermit","KinomotoSakuraMod(Ä¾Ö®±¾Ó£)","Marisa£¨ìFÓê¡¡Ä§ÀíÉ³£©","Minty Spire (QoL Compilation)","MostiFishMod","Quick Restart","Replay The Spire","RumiaBox-Â¶Ã×æ«µÄÉñÃØºÐ×Ó","StSLib","The Marked","Waifu the Spire","vexMod","¡¾¹¦ÄÜMod¡¿»ìãçÖ®»·ÐÞ¸´²¹¶¡","¡¾ÒÅÎï¿¨ÅÆ¡¿REMEMod"],"gold_per_floor":[99,112,112,127,142,171,218,218,118,130,101,116,16,28,42,140,140,140,158,172,257,257,267,267,281,292,307,342,342,342,358,368,467,467,467,479,491,441,441,469,469,469,469,499,514,526,540,552,562,562],"floor_reached":51,"language":"ZHS","playtime":2359,"items_purged":["Amnesia","champ:Lariat"],"score":1039,"play_id":"f93a5aba-eb17-48b0-a4c1-1aa98e485bbc","local_time":"20210124030119","is_ascension_mode":false,"campfire_choices":[{"floor":1,"key":"DIG"},{"floor":9,"key":"RECALL"},{"data":"champ:MurderStrike","floor":13,"key":"SMITH"},{"floor":18,"key":"DIG"},{"data":"AT_WindFlip","floor":29,"key":"SMITH"},{"data":"Regret","floor":35,"key":"PURGE"},{"data":"Pot Of Greed","floor":43,"key":"SMITH"}],"circlet_count":0,"master_deck":["champ:Defend","champ:Defend","champ:Taunt","Omniscience+1","AT_WindFlip+1","champ:EnragedBash","champ:FanOfKnives","champ:Duel","champ:SkillfulDodge","champ:FlashCut","champ:PreciseThrust","champ:MurderStrike+1","champ:FocusedDefense+1","champ:GutPunch+1","Slimebound:Tackle+1","Slimebound:Tackle+1","Slimebound:Tackle+1","champ:Devastate","champ:CalledShot+1","champ:IronFortress","champ:RapidStrikes+1","champ:StanceDance+1","champ:Improvising+1","champ:ShieldSlam+1","Pot Of Greed+1","Pot Of Greed","Pot Of Greed","champ:PerfectedStrike+1","downfall:Aged"],"relics":["champ:ChampionCrown","DaveBox","AT_ATBox","REME_ComplimentaryCards","BirthdayGift-Tetrahedron","Art of War","Ring of Searing","ReplayTheSpireMod:Ring of Exchange","Vajra","Happy Flower","downfall:HeartBlessingGreen","Bottled Flame","downfall:HeartBlessingRed","JellyFishMachine","Oddly Smooth Stone","White Beast Statue","Smiling Mask","Coffee Dripper","Grinning Jar","AT_TimeSand","PreservedInsect"],"acts_visited":["Exordium","TheCity","TheBeyond"],"potions_floor_usage":[10,11,26,31,33,46,50,50,50,50,50,50],"damage_taken":[{"damage":11,"enemies":"2 Louse","floor":2,"turns":1},{"damage":7,"enemies":"Cultist","floor":4,"turns":2},{"damage":5,"enemies":"Small Slimes","floor":5,"turns":1},{"damage":17,"enemies":"Lagavulin","floor":6,"turns":2},{"damage":7,"enemies":"Exordium Thugs","floor":10,"turns":2},{"damage":41,"enemies":"downfall:FleeingMerchant","floor":11,"turns":4},{"damage":7,"enemies":"2 Fungi Beasts","floor":12,"turns":2},{"damage":10,"enemies":"Red Slaver","floor":14,"turns":1},{"damage":0,"enemies":"Gremlin Gang","floor":15,"turns":1},{"damage":31,"enemies":"SI_SHIV_ARCHETYPE","floor":16,"turns":4},{"damage":0,"enemies":"3 Byrds","floor":19,"turns":1},{"damage":7,"enemies":"Snake Plant","floor":20,"turns":2},{"damage":2,"enemies":"Centurion and Healer","floor":23,"turns":2},{"damage":17,"enemies":"Snecko","floor":25,"turns":2},{"damage":1,"enemies":"Sentry and Sphere","floor":26,"turns":1},{"damage":2,"enemies":"Centurion and Healer","floor":27,"turns":2},{"damage":22,"enemies":"Gremlin Leader","floor":28,"turns":3},{"damage":7,"enemies":"Snake Plant","floor":31,"turns":2},{"damage":7,"enemies":"Snecko","floor":32,"turns":2},{"damage":16,"enemies":"WA_ARCHETYPE_CALM","floor":33,"turns":3},{"damage":7,"enemies":"Orb Walker","floor":36,"turns":2},{"damage":23,"enemies":"3 Shapes","floor":37,"turns":2},{"damage":16,"enemies":"Giant Head","floor":40,"turns":4},{"damage":24,"enemies":"R_Hoarder","floor":44,"turns":3},{"damage":0,"enemies":"Sphere and 2 Shapes","floor":45,"turns":1},{"damage":22,"enemies":"Spire Growth","floor":46,"turns":2},{"damage":28,"enemies":"Maw","floor":47,"turns":3},{"damage":3,"enemies":"3 Darklings","floor":48,"turns":1},{"damage":8,"enemies":"Sphere and 2 Shapes","floor":49,"turns":2},{"damage":27,"enemies":"IC_BLOCK_ARCHETYPE","floor":50,"turns":4}],"seed_played":"7356613115718552629","potions_obtained":[{"floor":4,"key":"Fire Potion"},{"floor":6,"key":"SteroidPotion"},{"floor":10,"key":"Fruit Juice"},{"floor":12,"key":"Block Potion"},{"floor":19,"key":"Fire Potion"},{"floor":25,"key":"EntropicBrew"},{"floor":26,"key":"LiquidBronze"},{"floor":27,"key":"BlessingOfTheForge"},{"floor":31,"key":"FearPotion"},{"floor":33,"key":"Strength Potion"},{"floor":45,"key":"Strength Potion"},{"floor":46,"key":"champ:OpenerPotion"}],"is_trial":false,"path_per_floor":["R","M","?","M","M","E","T","?","R","M","$","M","R","M","M","B",null,"R","M","M","?","?","M","T","M","M","M","E","R","?","M","M","B",null,"R","M","M","$","?","E","T","?","R","E","M","M","M","M","M","B",null],"character_chosen":"THE_CHAMP","items_purchased":["Bottled Flame"],"campfire_rested":0,"item_purchase_floors":[11],"current_hp_per_floor":[99,98,98,91,91,84,84,84,84,82,76,74,74,74,74,68,104,104,104,97,79,79,77,77,75,74,72,65,65,65,63,61,55,104,104,97,79,79,79,73,73,73,73,69,69,67,59,56,53,47],"gold":562,"neow_bonus":"TEN_PERCENT_HP_BONUS","is_daily":false,"chose_seed":false,"campfire_upgraded":3,"win_rate":0.0,"timestamp":1611428479,"path_taken":["R","M","?","M","M","E","T","?","R","M","$","M","R","M","M","BOSS","R","M","?","?","?","M","T","M","M","M","E","R","?","?","M","BOSS","R","M","M","$","?","E","T","?","R","E","M","?","?","M","M","BOSS"],"items_purchased_type":["Relic"],"build_version":"2020-12-22","purchased_purges":2,"victory":true,"max_hp_per_floor":[99,99,99,99,99,99,99,99,99,104,104,104,104,104,104,104,104,104,104,104,104,104,104,104,104,104,104,104,104,104,104,104,104,104,104,104,104,104,104,104,104,104,104,104,104,104,104,104,104,104],"card_choices":[{"not_picked":["champ:Haymaker","champ:Backstep"],"picked":"champ:EnragedBash","floor":2},{"not_picked":["champ:PreciseThrust","champ:CrownThrow"],"picked":"champ:FanOfKnives","floor":4},{"not_picked":["champ:ShieldWall","champ:Parry","champ:EnGarde"],"picked":"SKIP","floor":5},{"not_picked":["champ:TornadoPunch","champ:CheapShot"],"picked":"champ:Duel","floor":6},{"not_picked":["champ:Circumvent","champ:FanOfKnives"],"picked":"champ:PreciseThrust","floor":10},{"not_picked":["champ:GutPunch","champ:EnragedBash"],"picked":"champ:MurderStrike","floor":11},{"not_picked":["champ:BerserkersShout","champ:EndlessRage","champ:EnGarde"],"picked":"SKIP","floor":12},{"not_picked":["champ:CrookedStrike","champ:SetATrap","champ:FalseCounter"],"picked":"SKIP","floor":14},{"not_picked":["champ:Shatter","champ:GutPunch","champ:Circumvent"],"picked":"SKIP","floor":15},{"not_picked":["champ:DancingMaster","champ:HeavySlash"],"picked":"champ:UltimateStance","floor":16},{"not_picked":["champ:BringItOn","champ:FocusedBerserking+1"],"picked":"champ:FocusedDefense+1","floor":19},{"not_picked":["champ:Circumvent","champ:RapidStrikes"],"picked":"champ:GutPunch+1","floor":20},{"not_picked":["champ:FanOfKnives+1","champ:SetATrap+1","champ:CrownThrow+1"],"picked":"SKIP","floor":23},{"not_picked":["champ:CrookedStrike","champ:CalledShot"],"picked":"champ:Devastate","floor":25},{"not_picked":["champ:FlashCut","champ:PerfectedStrike+1","champ:Shatter"],"picked":"SKIP","floor":26},{"not_picked":["champ:Shatter","champ:DeathBlow"],"picked":"champ:CalledShot+1","floor":27},{"not_picked":["champ:Duel+1","champ:Backstep"],"picked":"champ:IronFortress","floor":28},{"not_picked":["champ:Shatter","champ:FlashCut"],"picked":"champ:RapidStrikes+1","floor":31},{"not_picked":["champ:RisingSlash","champ:GladiatorStyle+1"],"picked":"champ:StanceDance+1","floor":32},{"not_picked":["champ:DancingMaster","champ:MurderStrike"],"picked":"champ:Improvising","floor":33},{"not_picked":["champ:BringItOn","champ:RapidStrikes"],"picked":"champ:ShieldSlam+1","floor":36},{"not_picked":["champ:CrownThrow","champ:PreciseThrust","champ:Haymaker"],"picked":"SKIP","floor":37},{"not_picked":["champ:FanOfKnives+1","champ:FaceSlap+1"],"picked":"champ:PerfectedStrike+1","floor":40},{"not_picked":["champ:BladeFlurry","champ:CrookedStrike","champ:BerserkersShout+1"],"picked":"SKIP","floor":44},{"not_picked":["champ:EndlessRage+1","champ:PreciseThrust","champ:TornadoPunch"],"picked":"SKIP","floor":45},{"not_picked":["champ:FaceSlap+1","champ:SwordThrow","champ:BladeFlurry"],"picked":"SKIP","floor":46},{"not_picked":["champ:DefensiveShout","champ:BringItOn","champ:Endure+1"],"picked":"SKIP","floor":47},{"not_picked":["champ:Circumvent+1","champ:Endure+1","champ:IronFortress"],"picked":"SKIP","floor":48},{"not_picked":["champ:GutPunch","champ:Improvising","champ:RisingSlash"],"picked":"SKIP","floor":49}],"player_experience":559531,"relics_obtained":[{"floor":1,"key":"Art of War"},{"floor":3,"key":"Ring of Searing"},{"floor":3,"key":"ReplayTheSpireMod:Ring of Exchange"},{"floor":6,"key":"Vajra"},{"floor":7,"key":"Happy Flower"},{"floor":18,"key":"Oddly Smooth Stone"},{"floor":24,"key":"White Beast Statue"},{"floor":28,"key":"Smiling Mask"},{"floor":40,"key":"Grinning Jar"},{"floor":41,"key":"AT_TimeSand"},{"floor":44,"key":"PreservedInsect"}],"event_choices":[],"is_beta":false,"boss_relics":[{"not_picked":["Lee\u0027s Waffle","champ:BerserkersGuideToSlaughter"],"picked":"JellyFishMachine"},{"not_picked":["TakeMeEscape","BloodWine"],"picked":"Coffee Dripper"}],"items_purged_floors":[11,38],"is_endless":false,"potions_floor_spawned":[4,6,10,12,19,20,25,26,27,28,31,32,33,36,37,40,44,45,46,47,48,49],"ascension_level":0}}