{"host":"15dd7v8o90xso62x","time":1611386144,"event":{"mods":["BaseMod","Minty Spire (QoL Compilation)","Quick Restart","StSLib","SuperFastMode"],"gold_per_floor":[119,119,135,149,161,161,195,195,220,220,253,327,5,23,23,97,97,115,133,153,203,10,44,63,63,63,83,83,113,130,156,156,156,156],"floor_reached":33,"language":"KOR","playtime":1612,"items_purged":[],"score":834,"play_id":"f9cca21b-a3de-4fab-8775-1e8d716b828c","local_time":"20210123161544","is_ascension_mode":true,"campfire_choices":[{"data":"Neutralize","floor":6.0,"key":"SMITH"},{"data":"Footwork","floor":8.0,"key":"SMITH"},{"data":"Blade Dance","floor":10.0,"key":"SMITH"},{"data":"Adrenaline","floor":15.0,"key":"SMITH"},{"data":"After Image","floor":25.0,"key":"SMITH"},{"data":"Choke","floor":32,"key":"SMITH"}],"circlet_count":0,"master_deck":["AscendersBane","Strike_G","Strike_G","Strike_G","Strike_G","Defend_G","Defend_G","Defend_G","Defend_G","Survivor","Neutralize+1","Adrenaline","Dagger Throw","Heel Hook","Blade Dance+1","Footwork+1","Adrenaline+1","Choke+1","Dagger Spray","Accuracy","After Image+1","Deflect","Reflex","Backstab","Blade Dance+1","Malaise","Well Laid Plans"],"relics":["Ring of the Snake","Juzu Bracelet","Smiling Mask","PreservedInsect","Bottled Lightning","Membership Card","Potion Belt","Black Star","Bird Faced Urn","Snake Skull","Eternal Feather","Gambling Chip","Turnip","Pen Nib","Singing Bowl","Tingsha"],"acts_visited":["Exordium","TheCity"],"potions_floor_usage":[33],"damage_taken":[{"damage":0.0,"enemies":"Small Slimes","floor":1.0,"turns":3.0},{"damage":0.0,"enemies":"Jaw Worm","floor":3.0,"turns":2.0},{"damage":0.0,"enemies":"Cultist","floor":4.0,"turns":3.0},{"damage":0.0,"enemies":"Large Slime","floor":5.0,"turns":2.0},{"damage":18.0,"enemies":"Lagavulin","floor":7.0,"turns":8.0},{"damage":25.0,"enemies":"3 Sentries","floor":11.0,"turns":11.0},{"damage":0.0,"enemies":"Looter","floor":14.0,"turns":2.0},{"damage":0.0,"enemies":"Hexaghost","floor":16.0,"turns":6.0},{"damage":14.0,"enemies":"3 Byrds","floor":18.0,"turns":4.0},{"damage":7.0,"enemies":"Shell Parasite","floor":19.0,"turns":4.0},{"damage":13.0,"enemies":"Centurion and Healer","floor":20.0,"turns":9.0},{"damage":0.0,"enemies":"Slavers","floor":23.0,"turns":6.0},{"damage":1.0,"enemies":"Snake Plant","floor":24.0,"turns":3.0},{"damage":32.0,"enemies":"Sentry and Sphere","floor":27.0,"turns":8.0},{"damage":0.0,"enemies":"Book of Stabbing","floor":29.0,"turns":3.0},{"damage":0,"enemies":"Chosen and Byrds","floor":30,"turns":5},{"damage":15,"enemies":"Slavers","floor":31,"turns":3},{"damage":69,"enemies":"Champ","floor":33,"turns":9}],"seed_played":"2018538565324733115","potions_obtained":[{"floor":1.0,"key":"GhostInAJar"},{"floor":4.0,"key":"Strength Potion"},{"floor":11.0,"key":"Regen Potion"},{"floor":14.0,"key":"AttackPotion"},{"floor":16.0,"key":"Regen Potion"},{"floor":19.0,"key":"Energy Potion"},{"floor":20.0,"key":"GamblersBrew"},{"floor":24.0,"key":"Regen Potion"},{"floor":31,"key":"ColorlessPotion"}],"is_trial":false,"path_per_floor":["M","?","M","M","M","R","E","R","T","R","E","T","$","M","R","B",null,"M","M","M","?","$","E","M","R","T","M","?","E","M","E","R","B"],"character_chosen":"THE_SILENT","items_purchased":["Membership Card","Potion Belt","EntropicBrew","Dagger Spray","Bird Faced Urn","PowerPotion"],"campfire_rested":0,"item_purchase_floors":[13,13,13,13,22,22],"current_hp_per_floor":[44,44,44,44,44,44,26,26,26,26,1,1,1,1,1,16,54,40,45,32,32,32,40,45,57,57,31,31,46,52,43,58,0,0],"gold":156,"neow_bonus":"TRANSFORM_TWO_CARDS","is_daily":false,"chose_seed":false,"campfire_upgraded":6,"win_rate":0.0,"timestamp":1611386144,"path_taken":["M","?","M","M","M","R","E","R","T","R","E","?","$","M","R","BOSS","M","M","M","?","$","E","M","R","T","M","?","E","M","E","R","BOSS"],"items_purchased_type":["Relic","Relic","Potion","Card","Relic","Potion"],"build_version":"2020-12-22","purchased_purges":0,"victory":false,"max_hp_per_floor":[66,66,66,66,66,66,66,66,66,66,66,66,66,66,66,66,66,66,66,66,66,66,66,66,66,66,66,66,66,66,66,66,66,66],"card_choices":[{"not_picked":["Cloak And Dagger","Sucker Punch"],"picked":"Heel Hook","floor":1.0},{"not_picked":["Slice","PiercingWail","Infinite Blades"],"picked":"SKIP","floor":3.0},{"not_picked":["Deflect","Poisoned Stab"],"picked":"Blade Dance","floor":4.0},{"not_picked":["Finisher","Dash"],"picked":"Footwork","floor":5.0},{"not_picked":["Choke","Flying Knee"],"picked":"Adrenaline","floor":7.0},{"not_picked":["Infinite Blades","Dagger Spray"],"picked":"Choke","floor":11.0},{"not_picked":["Flying Knee","Sucker Punch"],"picked":"Accuracy","floor":14.0},{"not_picked":["Bullet Time","Glass Knife"],"picked":"After Image","floor":16.0},{"not_picked":["Outmaneuver","Bane"],"picked":"Deflect","floor":18.0},{"not_picked":["Flechettes","Catalyst"],"picked":"Reflex","floor":19.0},{"not_picked":["Underhanded Strike","Dagger Spray"],"picked":"Backstab","floor":20.0},{"not_picked":["Concentrate","Slice","Masterful Stab"],"picked":"SKIP","floor":23.0},{"not_picked":["Flying Knee+1","Flechettes","Dagger Spray"],"picked":"SKIP","floor":24.0},{"not_picked":["Deadly Poison","Deflect","Escape Plan"],"picked":"SKIP","floor":27.0},{"not_picked":["Masterful Stab","Caltrops"],"picked":"Blade Dance+1","floor":29.0},{"not_picked":["Cloak And Dagger","Escape Plan"],"picked":"Malaise","floor":30},{"not_picked":["Concentrate","Slice"],"picked":"Well Laid Plans","floor":31}],"player_experience":1071703,"relics_obtained":[{"floor":7.0,"key":"Juzu Bracelet"},{"floor":9.0,"key":"Smiling Mask"},{"floor":11.0,"key":"PreservedInsect"},{"floor":12.0,"key":"Bottled Lightning"},{"floor":23.0,"key":"Snake Skull"},{"floor":23.0,"key":"Eternal Feather"},{"floor":26.0,"key":"Gambling Chip"},{"floor":29.0,"key":"Turnip"},{"floor":29.0,"key":"Pen Nib"},{"floor":31,"key":"Singing Bowl"},{"floor":31,"key":"Tingsha"}],"event_choices":[{"damage_healed":0.0,"max_hp_gain":0.0,"max_hp_loss":0.0,"gold_gain":0.0,"event_name":"Liars Game","player_choice":"Ignored","floor":2.0,"gold_loss":0.0,"damage_taken":0.0},{"damage_healed":0.0,"max_hp_gain":0.0,"max_hp_loss":0.0,"gold_gain":50.0,"event_name":"Nest","player_choice":"Stole From Cult","floor":21.0,"gold_loss":0.0,"damage_taken":0.0}],"is_beta":false,"boss_relics":[{"not_picked":["Ring of the Serpent","Fusion Hammer"],"picked":"Black Star"}],"items_purged_floors":[],"is_endless":false,"potions_floor_spawned":[1,4,11,14,16,19,20,24,31],"killed_by":"Champ","ascension_level":20}}