{"host":"70jy76jvzy076wi7","time":1611409263,"event":{"mods":["100% Spire Juice","Act Like it!","BaseMod","Better Third Choice","Energized Spire","Gensokyo","GungeonMod","GungeonMod Extend","Hallownest","Infinite Spire","Library of Ruina","Library of Ruina Extra","Minty Spire (QoL Compilation)","Pale of the Ancients","Permanent Neow","Replay The Spire","Spicy Shops","StSLib","Yakumo Yukari mod"],"gold_per_floor":[115,115,126,126,126,153,153,183,183,183,209,221,245,276,288,406,418,454,103,118,129,149,182,182,193,246,309,309,366,366,401,401,431,431],"floor_reached":33,"language":"ZHS","playtime":1708,"items_purged":["DemoMod:Strike_Huntress"],"score":394,"play_id":"40d5e524-6aca-4ddc-bd3e-a1d64d79367d","local_time":"20210123214103","is_ascension_mode":true,"campfire_choices":[{"data":"DemoMod:ManualReload","floor":7.0,"key":"SMITH"},{"floor":10.0,"key":"RECALL"},{"data":"DemoMod:PotionOfGunFriendShip","floor":15,"key":"SMITH"},{"data":"DemoMod:SuppressiveFire","floor":24,"key":"SMITH"},{"data":"DemoMod:HungryBullets","floor":30,"key":"SMITH"},{"data":"DemoMod:Strike_Huntress","floor":32,"key":"PURGE"}],"circlet_count":0,"master_deck":["DemoMod:Strike_Huntress","DemoMod:Defend_Huntress","DemoMod:Defend_Huntress","DemoMod:Defend_Huntress","DemoMod:Defend_Huntress","DemoMod:Roll","DemoMod:ManualReload+1","DemoMod:RustySidearm","DemoMod:CrossBow","DemoMod:AbyssalTentacle+1","DemoMod:Evolver+","DemoMod:Unity+1","DemoMod:PotionOfGunFriendShip+1","DemoMod:TableSutra","DemoMod:BlackHoleGun+1","DemoMod:HungryBullets+1","DemoMod:HardPowerCard+1","DemoMod:LifeOrb+1","DemoMod:SuppressiveFire+1","DemoMod:SAA+1","DemoMod:AWP+1","DemoMod:BalloonGun+1"],"relics":["DemoMod:WaxWing","Replay:Mystery Machine","Molten Egg 2","MawBank","DemoExt:Lies","ChewingGum","TungstenRod","Replay:Bandana","WingedGreaves","Dream Catcher"],"acts_visited":["Exordium","TheCity"],"potions_floor_usage":[],"damage_taken":[{"damage":0.0,"enemies":"Cultist","floor":1.0,"turns":3.0},{"damage":0.0,"enemies":"2 Louse","floor":3.0,"turns":2.0},{"damage":0.0,"enemies":"Lagavulin","floor":6.0,"turns":5.0},{"damage":18.0,"enemies":"Gremlin Nob","floor":8.0,"turns":4.0},{"damage":6.0,"enemies":"3 Sentries","floor":11.0,"turns":12.0},{"damage":0,"enemies":"Jaw Worm","floor":13,"turns":2},{"damage":0,"enemies":"Large Slime","floor":14,"turns":6},{"damage":14,"enemies":"Hexaghost","floor":16,"turns":9},{"damage":0,"enemies":"Shell Parasite","floor":18,"turns":4},{"damage":0,"enemies":"2 Thieves","floor":20,"turns":3},{"damage":2,"enemies":"Centurion and Healer","floor":21,"turns":5},{"damage":0,"enemies":"3 Cultists","floor":22,"turns":2},{"damage":4,"enemies":"Slavers","floor":23,"turns":5},{"damage":0,"enemies":"Shelled Parasite and Fungi","floor":25,"turns":4},{"damage":0,"enemies":"Replay:Snechameleon","floor":27,"turns":6},{"damage":10,"enemies":"Slavers","floor":29,"turns":4},{"damage":2,"enemies":"Cultist and Chosen","floor":31,"turns":5},{"damage":57,"enemies":"Champ","floor":33,"turns":7}],"seed_played":"-3310570088608850220","potions_obtained":[{"floor":8.0,"key":"Toxic Potion"},{"floor":13,"key":"Strength Potion"},{"floor":14,"key":"Explosive Potion"},{"floor":25,"key":"PowerPotion"}],"is_trial":false,"path_per_floor":["M","?","M","?","?","E","R","E","T","R","E","?","M","M","R","B",null,"M","$","M","M","M","E","R","M","T","E","?","E","R","M","R","B"],"character_chosen":"HUNTRESS","items_purchased":["TungstenRod"],"campfire_rested":0,"item_purchase_floors":[19],"current_hp_per_floor":[70,70,70,70,70,70,70,52,52,52,46,46,46,46,46,32,70,70,70,70,68,68,64,64,64,64,64,64,54,54,52,52,0,0],"gold":431,"neow_bonus":"BOSS_RELIC","is_daily":false,"chose_seed":false,"campfire_upgraded":4,"win_rate":0.0,"timestamp":1611409263,"path_taken":["M","?","M","?","?","E","R","E","T","R","E","?","M","M","R","BOSS","M","$","M","M","M","E","R","M","T","E","?","E","R","M","R","BOSS"],"items_purchased_type":["Relic"],"build_version":"2020-12-22","purchased_purges":1,"victory":false,"max_hp_per_floor":[70,70,70,70,70,70,70,70,70,70,70,70,70,70,70,70,70,70,70,70,70,70,70,70,70,70,70,70,70,70,70,70,70,70],"card_choices":[{"not_picked":["DemoMod:BoxingGlove","DemoMod:HighKaliber"],"picked":"DemoMod:AbyssalTentacle","floor":1.0},{"not_picked":["DemoMod:GunstockTap","DemoMod:BoxingGlove","DemoMod:Replace"],"picked":"SKIP","floor":3.0},{"not_picked":["DemoMod:AC15","DemoMod:Ejector"],"picked":"DemoMod:Evolver","floor":6.0},{"not_picked":["DemoMod:BoxingGlove+1","DemoMod:ConditionalReflex"],"picked":"DemoMod:Unity+1","floor":8.0},{"not_picked":["DemoMod:Behold!","DemoMod:EasyReloadBullets"],"picked":"DemoMod:PotionOfGunFriendShip","floor":11.0},{"not_picked":["DemoMod:SpreadAmmo","DemoMod:JK47+1","DemoMod:BoxingGlove+1"],"picked":"SKIP","floor":13},{"not_picked":["DemoMod:TeaPot+1","DemoMod:ShadowBullets"],"picked":"DemoMod:TableSutra","floor":14},{"not_picked":["DemoMod:ThirdPartyController+1","DemoMod:FullFirepower"],"picked":"DemoMod:BlackHoleGun+1","floor":16},{"not_picked":["DemoMod:JK47+1","DemoMod:TeaPot+1"],"picked":"DemoMod:HungryBullets","floor":18},{"not_picked":["DemoMod:CombinedRifle+1","DemoMod:Replace+1"],"picked":"DemoMod:HardPowerCard+1","floor":20},{"not_picked":["DemoMod:CursedBullets","DemoMod:Unmoved"],"picked":"DemoMod:LifeOrb+1","floor":21},{"not_picked":["DemoMod:DirectionalPad+1","DemoMod:PotionOfGunFriendShip"],"picked":"DemoMod:SuppressiveFire","floor":22},{"not_picked":["DemoMod:MachoBrace+1","DemoMod:StrategicReserve"],"picked":"DemoMod:SAA+1","floor":23},{"not_picked":["DemoMod:JK47+1","DemoMod:TeaPot+1","DemoMod:HuntsMan+1"],"picked":"SKIP","floor":25},{"not_picked":["DemoMod:EasyReloadBullets","DemoMod:TeaPot+1","DemoMod:Unmoved"],"picked":"SKIP","floor":27},{"not_picked":["DemoMod:PotionOfGunFriendShip","DemoMod:HighKaliber+1"],"picked":"DemoMod:AWP+1","floor":29},{"not_picked":["DemoMod:CombinedRifle+1","DemoMod:DoubleSwitch"],"picked":"DemoMod:BalloonGun+1","floor":31}],"player_experience":1552172,"relics_obtained":[{"floor":6.0,"key":"Replay:Mystery Machine"},{"floor":8.0,"key":"Molten Egg 2"},{"floor":11.0,"key":"MawBank"},{"floor":26,"key":"Replay:Bandana"},{"floor":27,"key":"WingedGreaves"},{"floor":29,"key":"Dream Catcher"}],"event_choices":[{"damage_healed":0.0,"max_hp_gain":0.0,"max_hp_loss":0.0,"gold_gain":0.0,"event_name":"betterThird:BetterSerpent","player_choice":"Ignored","floor":5.0,"gold_loss":0.0,"damage_taken":126.0},{"damage_healed":0,"gold_gain":0,"player_choice":"Ignored","damage_taken":0,"max_hp_gain":0,"max_hp_loss":0,"event_name":"Vampires","floor":28,"gold_loss":0}],"is_beta":false,"boss_relics":[{"not_picked":["SacredBark","Replay:Ancient Bell"],"picked":"ChewingGum"}],"items_purged_floors":[19],"is_endless":false,"potions_floor_spawned":[8,13,14,21,22,25,27],"killed_by":"Champ","ascension_level":1}}