{"host":"shb6fs4xkmgx64v4","time":1611440011,"event":{"mods":["AchievementEnabler","BaseMod","Colored Map","Downfall","Minty Spire (QoL Compilation)","StSLib"],"gold_per_floor":[99,139,176,203,339,407,433,433,533,602,662,662,662,214,279,380,380,380,415,460,460,310,310,358,422,433,433,44,44,83,83,145,248,248,148,162,42,42,42,97,97,32,68,108,127,35,53,84,84,84],"floor_reached":51,"language":"ENG","playtime":3953,"items_purged":["Guardian:Defend_Guardian","Clumsy","Doubt","downfall:Aged"],"score":807,"play_id":"b3f7f6e8-12ab-4b4e-852c-b68edabcde49","local_time":"20210123171331","is_ascension_mode":false,"campfire_choices":[{"data":"HandOfGreed","floor":1.0,"key":"SMITH"},{"data":"Guardian:SentryBeam","floor":12.0,"key":"SMITH"},{"data":"Guardian:FloatingOrbs","floor":18.0,"key":"SMITH"},{"data":"Ghostly","floor":23.0,"key":"SMITH"},{"data":"Guardian:FloatingOrbs","floor":29,"key":"SMITH"},{"floor":35,"key":"RECALL"},{"data":"Guardian:TimeCapacitor","floor":49,"key":"SMITH"}],"circlet_count":0,"master_deck":["Guardian:Strike_Guardian+1","Guardian:Strike_Guardian+1","Guardian:Strike_Guardian+1","Guardian:Strike_Guardian+1","Guardian:Defend_Guardian+1","Guardian:Defend_Guardian+1","Guardian:Defend_Guardian+1","Guardian:CurlUp","Guardian:TwinSlam","HandOfGreed+1","Guardian:Orbwalk","Guardian:SentryBeam+1","Guardian:Recover+1","Guardian:BronzeOrb","Guardian:VentSteam","Guardian:SphericShield","Guardian:FloatingOrbs+1","Guardian:TemporalShield","Guardian:Repulse","Guardian:PiercingHide","Guardian:SphericShield","Guardian:ShieldSpikes","Guardian:TimeCapacitor+1","Ghostly+1","Guardian:BodySlam","Guardian:FloatingOrbs+1","Guardian:DecasProtection","Guardian:StasisField","Guardian:TemporalShield","Guardian:StasisStrike","Guardian:ChargeCore+1","Guardian:BronzeOrb+1","Guardian:Preprogram","Guardian:BronzeOrb","expansioncontent:AwakenDeath","Guardian:PrimingBeam+1","Injury","Guardian:BronzeOrb+1","Guardian:Repulse","Parasite","Guardian:TimeCapacitor+1","Guardian:SphericShield","Guardian:BronzeOrb+1"],"relics":["Guardian:ModeShifter","Happy Flower","StrikeDummy","Smiling Mask","Oddly Smooth Stone","downfall:ExtraCursedKey","Darkstone Periapt","bronze:MakeshiftBattery","Lee\u0027s Waffle","SlaversCollar","downfall:HeartBlessingBlue","Guardian:StasisEgg","Nunchaku","Art of War","Du-Vu Doll","Toy Ornithopter"],"acts_visited":["Exordium","TheCity","TheBeyond"],"potions_floor_usage":[],"damage_taken":[{"damage":1.0,"enemies":"Cultist","floor":2.0,"turns":3.0},{"damage":3.0,"enemies":"Jaw Worm","floor":3.0,"turns":6.0},{"damage":18.0,"enemies":"3 Sentries","floor":5.0,"turns":11.0},{"damage":4.0,"enemies":"2 Louse","floor":6.0,"turns":5.0},{"damage":0.0,"enemies":"2 Fungi Beasts","floor":10.0,"turns":5.0},{"damage":6.0,"enemies":"Gremlin Nob","floor":11.0,"turns":5.0},{"damage":0.0,"enemies":"downfall:FleeingMerchant","floor":14.0,"turns":4.0},{"damage":11.0,"enemies":"Large Slime","floor":15.0,"turns":8.0},{"damage":4.0,"enemies":"SI_SHIV_ARCHETYPE","floor":16.0,"turns":7.0},{"damage":16.0,"enemies":"Spheric Guardian","floor":19.0,"turns":4.0},{"damage":1.0,"enemies":"Shelled Parasite and Fungi","floor":20.0,"turns":6.0},{"damage":2,"enemies":"Centurion and Healer","floor":25,"turns":11},{"damage":10,"enemies":"Sentry and Sphere","floor":26,"turns":7},{"damage":0,"enemies":"downfall:FleeingMerchant","floor":28,"turns":4},{"damage":0,"enemies":"Shelled Parasite and Fungi","floor":30,"turns":5},{"damage":0,"enemies":"Cultist and Chosen","floor":32,"turns":9},{"damage":7,"enemies":"DF_ARCHETYPE_CLAW","floor":33,"turns":11},{"damage":0,"enemies":"3 Darklings","floor":36,"turns":6},{"damage":0,"enemies":"downfall:FleeingMerchant","floor":37,"turns":4},{"damage":13,"enemies":"Giant Head","floor":40,"turns":9},{"damage":7,"enemies":"downfall:FleeingMerchant","floor":42,"turns":4},{"damage":12,"enemies":"3 Shapes","floor":43,"turns":5},{"damage":0,"enemies":"Sphere and 2 Shapes","floor":44,"turns":6},{"damage":8,"enemies":"Writhing Mass","floor":45,"turns":8},{"damage":0,"enemies":"downfall:FleeingMerchant","floor":46,"turns":1},{"damage":0,"enemies":"4 Shapes","floor":47,"turns":5},{"damage":3,"enemies":"Reptomancer","floor":48,"turns":8},{"damage":99,"enemies":"IC_BLOCK_ARCHETYPE","floor":50,"turns":15}],"seed_played":"381452883993135773","potions_obtained":[{"floor":2.0,"key":"Swift Potion"},{"floor":6.0,"key":"SpeedPotion"},{"floor":11.0,"key":"Ancient Potion"},{"floor":15.0,"key":"hexamod:SoulburnPotion"},{"floor":25,"key":"BlessingOfTheForge"}],"is_trial":false,"path_per_floor":["R","M","M","T","?","M","T","?","?","M","E","R","?","$","M","B",null,"R","M","M","?","?","R","T","M","M","?","$","R","M","?","M","B",null,"R","M","$","?","?","E","T","$","M","M","M","?","M","E","R","B",null],"character_chosen":"GUARDIAN","items_purchased":["Darkstone Periapt","Guardian:TemporalShield","Guardian:Repulse","Lee\u0027s Waffle","Guardian:StasisField","Guardian:Gem_Green","Guardian:Preprogram","Guardian:BronzeOrb","Du-Vu Doll","FairyPotion"],"campfire_rested":0,"item_purchase_floors":[14,14,14,28,28,28,37,37,46,46],"current_hp_per_floor":[72,71,68,68,50,46,46,46,46,46,40,40,40,40,29,25,72,72,56,55,55,55,55,67,65,55,47,91,91,91,91,91,84,91,101,101,101,101,107,94,106,99,87,87,85,85,85,82,82,29],"gold":84,"neow_bonus":"RANDOM_COLORLESS_2","is_daily":false,"chose_seed":false,"campfire_upgraded":6,"win_rate":0.0,"timestamp":1611440011,"path_taken":["R","M","?","?","?","M","T","?","?","M","E","R","?","?","M","BOSS","R","M","M","?","?","R","T","M","M","?","$","R","?","?","M","BOSS","R","M","$","?","?","E","T","?","?","M","M","?","M","E","R","BOSS"],"items_purchased_type":["Relic","Card","Card","Relic","Card","Card","Card","Card","Relic","Potion"],"build_version":"2020-12-22","purchased_purges":4,"victory":true,"max_hp_per_floor":[72,72,72,72,72,72,72,72,72,72,72,72,72,72,72,72,72,72,72,72,72,72,72,84,84,84,84,91,91,91,91,91,91,91,101,101,101,101,107,107,119,119,119,119,125,125,125,125,125,125],"card_choices":[{"not_picked":["The Bomb","Violence"],"picked":"HandOfGreed","floor":0.0},{"not_picked":["Guardian:EvasiveProtocol","Guardian:Gem_Lightblue"],"picked":"Guardian:Orbwalk","floor":2.0},{"not_picked":["Guardian:Gem_Yellow","Guardian:Reroute"],"picked":"Guardian:SentryBeam","floor":3.0},{"not_picked":["Guardian:ShieldCharger","Guardian:RevengeProtocol"],"picked":"Guardian:Recover","floor":5.0},{"not_picked":["Guardian:WalkerClaw","Guardian:ShieldCharger"],"picked":"Guardian:BronzeOrb","floor":6.0},{"not_picked":["Guardian:Planning","Guardian:Gem_Lightblue"],"picked":"Guardian:VentSteam","floor":10.0},{"not_picked":["Guardian:Suspension","Guardian:Reroute"],"picked":"Guardian:SphericShield","floor":11.0},{"not_picked":["Guardian:BronzeArmor","Guardian:ChargeCore"],"picked":"Guardian:FloatingOrbs","floor":14.0},{"not_picked":["Guardian:Incinerate","Guardian:Planning"],"picked":"Guardian:PiercingHide","floor":15.0},{"not_picked":["Guardian:HyperBeam_Guardian","Guardian:FastForward"],"picked":"Guardian:SphericShield","floor":16.0},{"not_picked":["Guardian:WalkerClaw+1","Guardian:Gem_Crimson"],"picked":"Guardian:ShieldSpikes","floor":19.0},{"not_picked":["Guardian:Gem_Green","Guardian:ChargeCore"],"picked":"Guardian:TimeCapacitor","floor":20.0},{"not_picked":["Guardian:Gem_Red","Guardian:PrimingBeam"],"picked":"Guardian:BodySlam","floor":25},{"not_picked":["Guardian:VentSteam","Guardian:PrismaticBarrier+1"],"picked":"Guardian:FloatingOrbs","floor":26},{"not_picked":["Guardian:Gem_Green","Guardian:CrystalBeam"],"picked":"Guardian:DecasProtection","floor":28},{"not_picked":["Guardian:TemporalStrike","Guardian:Incinerate"],"picked":"Guardian:TemporalShield","floor":30},{"not_picked":["Guardian:ArmoredProtocol","Guardian:GuardianWhirl"],"picked":"Guardian:Gem_Synthetic","floor":32},{"not_picked":["Guardian:SphericShield","Guardian:StasisField"],"picked":"Guardian:StasisStrike","floor":33},{"not_picked":["Guardian:WalkerClaw","Guardian:PrimingBeam+1"],"picked":"Guardian:ChargeCore+1","floor":36},{"not_picked":["Guardian:Planning","Guardian:TemporalStrike+1"],"picked":"Guardian:BronzeOrb+1","floor":37},{"not_picked":["expansioncontent:HyperBeam","expansioncontent:PrepareCrush"],"picked":"expansioncontent:AwakenDeath","floor":38},{"not_picked":["Guardian:EvasiveProtocol+1","Guardian:TemporalStrike+1"],"picked":"Guardian:PrimingBeam+1","floor":40},{"not_picked":["Guardian:PiercingHide+1","Guardian:Gem_Fragmented"],"picked":"Guardian:BronzeOrb+1","floor":42},{"not_picked":["Guardian:Gem_Blue","Guardian:Suspension","Guardian:PiercingHide"],"picked":"SKIP","floor":43},{"not_picked":["Guardian:SentryBeam+1","Guardian:Clone"],"picked":"Guardian:Repulse","floor":44},{"not_picked":["Guardian:VentSteam+1","Guardian:Gem_Cyan"],"picked":"Guardian:TimeCapacitor+1","floor":45},{"not_picked":["Guardian:BodySlam+1","Guardian:TemporalShield+1"],"picked":"Guardian:SphericShield","floor":46},{"not_picked":["Guardian:Gem_Green","Guardian:ChargeCore","Guardian:Planning+1"],"picked":"SKIP","floor":47},{"not_picked":["Guardian:Incinerate+1","Guardian:Gem_Synthetic"],"picked":"Guardian:BronzeOrb+1","floor":48}],"player_experience":252111,"relics_obtained":[{"floor":4.0,"key":"Happy Flower"},{"floor":5.0,"key":"StrikeDummy"},{"floor":7.0,"key":"Smiling Mask"},{"floor":11.0,"key":"Oddly Smooth Stone"},{"floor":40,"key":"Nunchaku"},{"floor":41,"key":"Art of War"},{"floor":48,"key":"Toy Ornithopter"}],"event_choices":[],"is_beta":false,"boss_relics":[{"not_picked":["Black Star","Empty Cage"],"picked":"bronze:MakeshiftBattery"},{"not_picked":["Pandora\u0027s Box","Astrolabe"],"picked":"SlaversCollar"}],"items_purged_floors":[14,28,42,46],"is_endless":false,"potions_floor_spawned":[2,6,11,15,25,26,30,33,36,44,45],"ascension_level":0}}