{"host":"flfr45pgjq2ffr5f","time":1611363562,"event":{"mods":["Act Like it!","BaseMod","Colored Map","Gensokyo","Hermit","Highlight Path","Marisa????????","Minty Spire (QoL Compilation)","Remilia??????","Robot Space Explorer","StSLib","The Bug Knight","The Cursed","The Jungle","The Marked","The Senshi","The Servant 0.9.4"],"gold_per_floor":[218,218,29,29,29,57,57,71,71,71,91,106,106,124,124,248,248,263,263,288,288,309,309,344,344,396,396,410,425,425,438,438,438,438],"floor_reached":33,"language":"ENG","playtime":6922,"items_purged":[],"score":267,"play_id":"894aba51-8852-4d1b-8931-0003dec84200","local_time":"20210122185922","is_ascension_mode":false,"campfire_choices":[{"floor":7.0,"key":"REST"},{"floor":13.0,"key":"REST"},{"data":"Mayhem","floor":15.0,"key":"SMITH"},{"data":"Searing Blow","floor":23,"key":"SMITH"},{"floor":25,"key":"REST"},{"floor":32,"key":"REST"}],"circlet_count":0,"master_deck":["Strike_R","Strike_R","Strike_R","Strike_R","Strike_R","Defend_R","Defend_R","Defend_R","Defend_R","Bash","Battle Trance","Mayhem+1","Burning Pact","Pommel Strike","Injury","Battle Trance","Shockwave","Headbutt","Fiend Fire","True Grit","Iron Wave","Searing Blow+1","Infernal Blade+1","Shrug It Off+1","Clash+1","Dark Embrace"],"relics":["Burning Blood","Charon\u0027s Ashes","Pantograph","Bottled Lightning","Golden Idol","Velvet Choker","Bag of Preparation","Toy Ornithopter","theJungle:PaperFaux"],"acts_visited":["Exordium","Exordium"],"potions_floor_usage":[24,24,31,33,33],"damage_taken":[{"damage":13.0,"enemies":"Cultist","floor":1.0,"turns":5.0},{"damage":45.0,"enemies":"Lagavulin","floor":6.0,"turns":11.0},{"damage":6.0,"enemies":"2 Louse","floor":8.0,"turns":5.0},{"damage":0.0,"enemies":"Small Slimes","floor":11.0,"turns":3.0},{"damage":8.0,"enemies":"Red Slaver","floor":12.0,"turns":4.0},{"damage":14.0,"enemies":"3 Louse","floor":14.0,"turns":5.0},{"damage":75.0,"enemies":"Hexaghost","floor":16.0,"turns":13.0},{"damage":7.0,"enemies":"theJungle:5_Spyders","floor":18.0,"turns":8.0},{"damage":11.0,"enemies":"Shell Parasite","floor":20.0,"turns":6.0},{"damage":14,"enemies":"theJungle:SlimyTreeVines","floor":22,"turns":5},{"damage":48,"enemies":"theJungle:MamaSnecko","floor":24,"turns":8},{"damage":5,"enemies":"theJungle:JungleHuntersEncounter","floor":28,"turns":5},{"damage":12,"enemies":"theJungle:2_Snecko_Cultists","floor":29,"turns":3},{"damage":31,"enemies":"theJungle:Snecko_Cultist_And_Trap","floor":31,"turns":5},{"damage":87,"enemies":"theJungle:QueenSpyder","floor":33,"turns":18}],"seed_played":"-1349862976749778032","potions_obtained":[{"floor":6.0,"key":"DistilledChaos"},{"floor":8.0,"key":"Weak Potion"},{"floor":11.0,"key":"LiquidMemories"},{"floor":16.0,"key":"ColorlessPotion"},{"floor":20.0,"key":"AttackPotion"},{"floor":24,"key":"EntropicBrew"}],"is_trial":false,"path_per_floor":["M","?","$","?","$","E","R","M","T","?","M","M","R","M","R","B",null,"M","?","M","$","M","R","E","R","T","?","M","M","?","M","R","B"],"character_chosen":"IRONCLAD","items_purchased":["Mayhem"],"campfire_rested":4,"item_purchase_floors":[3],"current_hp_per_floor":[73,66,66,66,66,27,51,51,51,51,57,55,79,71,71,11,80,79,71,66,66,64,64,22,46,46,46,47,41,41,21,45,0,0],"gold":438,"neow_bonus":"HUNDRED_GOLD","is_daily":false,"chose_seed":false,"campfire_upgraded":2,"win_rate":0.0,"timestamp":1611363562,"path_taken":["M","?","$","?","$","E","R","?","T","?","M","M","R","M","R","BOSS","M","?","?","$","M","R","E","R","T","?","M","M","?","M","R","BOSS"],"items_purchased_type":["Card"],"build_version":"2020-12-22","purchased_purges":0,"victory":false,"max_hp_per_floor":[80,80,80,80,80,80,80,80,80,80,80,80,80,80,80,80,80,80,80,80,80,80,80,80,80,80,80,80,80,80,80,80,80,80],"card_choices":[{"not_picked":["Sword Boomerang","True Grit"],"picked":"Battle Trance","floor":1.0},{"not_picked":["Dropkick","Clothesline"],"picked":"Burning Pact","floor":6.0},{"not_picked":["Thunderclap","Cleave"],"picked":"Pommel Strike","floor":8.0},{"not_picked":["Clothesline","Dual Wield"],"picked":"Battle Trance","floor":11.0},{"not_picked":["Hemokinesis","Flex"],"picked":"Shockwave","floor":12.0},{"not_picked":["Clothesline","Twin Strike"],"picked":"Headbutt","floor":14.0},{"not_picked":["Double Tap","Offering"],"picked":"Fiend Fire","floor":16.0},{"not_picked":["Perfected Strike","Sword Boomerang"],"picked":"True Grit","floor":18.0},{"not_picked":["True Grit","Warcry"],"picked":"Iron Wave","floor":20.0},{"not_picked":["Warcry","Clothesline"],"picked":"Searing Blow","floor":22},{"not_picked":["Warcry","Barricade"],"picked":"Infernal Blade+1","floor":24},{"not_picked":["Heavy Blade+1","Entrench+1"],"picked":"Shrug It Off+1","floor":28},{"not_picked":["Twin Strike+1","Anger"],"picked":"Clash+1","floor":29},{"not_picked":["Pummel","Sword Boomerang"],"picked":"Dark Embrace","floor":31}],"player_experience":19324,"relics_obtained":[{"floor":6.0,"key":"Pantograph"},{"floor":9.0,"key":"Bottled Lightning"},{"floor":24,"key":"Bag of Preparation"},{"floor":26,"key":"Toy Ornithopter"}],"event_choices":[{"damage_healed":0.0,"max_hp_gain":0.0,"max_hp_loss":0.0,"gold_gain":0.0,"event_name":"Scrap Ooze","player_choice":"Success","floor":2.0,"gold_loss":0.0,"damage_taken":7.0,"relics_obtained":["Charon\u0027s Ashes"]},{"damage_healed":0.0,"max_hp_gain":0.0,"max_hp_loss":0.0,"gold_gain":0.0,"event_name":"WeMeetAgain","player_choice":"Ignored","floor":4.0,"gold_loss":0.0,"damage_taken":0.0},{"damage_healed":0.0,"max_hp_gain":0.0,"max_hp_loss":0.0,"gold_gain":0.0,"event_name":"Golden Idol","player_choice":"Take Wound","floor":10.0,"gold_loss":0.0,"damage_taken":0.0,"relics_obtained":["Golden Idol"],"cards_obtained":["Injury"]},{"damage_healed":0.0,"max_hp_gain":0.0,"max_hp_loss":0.0,"gold_gain":0.0,"event_name":"Wheel of Change","player_choice":"Damaged","floor":19.0,"gold_loss":0.0,"damage_taken":8.0},{"cards_removed":["Shame"],"damage_healed":0,"gold_gain":0,"player_choice":"Purged","damage_taken":0,"max_hp_gain":0,"max_hp_loss":0,"event_name":"Purifier","floor":30,"gold_loss":0}],"is_beta":false,"boss_relics":[{"not_picked":["Ectoplasm","Tiny House"],"picked":"Velvet Choker"}],"items_purged_floors":[],"is_endless":false,"potions_floor_spawned":[6,8,11,16,20,24,31],"killed_by":"theJungle:QueenSpyder","ascension_level":0}}