{"host":"li7nr9q4d53iu1rb","time":1611429003,"event":{"mods":["AchievementEnabler","BaseMod","Colored Map","Colored Powertips","Downfall","Highlight Path","Minty Spire (QoL Compilation)","Permanent Neow","Quick Restart","Random Character Button","StSLib"],"gold_per_floor":[110,23,23,23,40,74,74,102,102,102,115,65,100,125,137,244,256,280,217,249,261,273,285,285],"floor_reached":23,"language":"ENG","playtime":1843,"items_purged":[],"score":248,"play_id":"ed25d402-273f-4ddd-8616-3278397069d5","local_time":"20210123151003","is_ascension_mode":true,"campfire_choices":[{"floor":7,"key":"REST"},{"floor":10,"key":"REST"},{"floor":15,"key":"RECALL"}],"circlet_count":0,"master_deck":["Strike_R","Strike_R","Defend_R","Defend_R","Bash","Chrysalis","Seeing Red","Spot Weakness","Clash","Sword Boomerang","Iron Wave","Reaper","Exhume","Ghostly Armor","Heavy Blade","Battle Trance","Limit Break+1","Iron Wave","Warcry"],"relics":["Burning Blood","CaptainsWheel","Bottled Lightning","Tiny Chest","The Courier","MawBank","Empty Cage","InkBottle"],"acts_visited":["Exordium","TheCity"],"potions_floor_usage":[13,13,18],"damage_taken":[{"damage":5,"enemies":"Cultist","floor":1,"turns":4},{"damage":2,"enemies":"Jaw Worm","floor":5,"turns":3},{"damage":43,"enemies":"Lagavulin","floor":6,"turns":7},{"damage":38,"enemies":"Gremlin Nob","floor":8,"turns":5},{"damage":1,"enemies":"2 Louse","floor":11,"turns":3},{"damage":16,"enemies":"3 Sentries","floor":13,"turns":5},{"damage":0,"enemies":"2 Fungi Beasts","floor":14,"turns":4},{"damage":26,"enemies":"Hexaghost","floor":16,"turns":9},{"damage":51,"enemies":"3 Byrds","floor":18,"turns":8},{"damage":5,"enemies":"Spheric Guardian","floor":20,"turns":4},{"damage":54,"enemies":"Book of Stabbing","floor":23,"turns":4}],"seed_played":"8413145360621558696","potions_obtained":[{"floor":5,"key":"Regen Potion"},{"floor":8,"key":"GamblersBrew"},{"floor":11,"key":"PowerPotion"},{"floor":16,"key":"ElixirPotion"},{"floor":18,"key":"Ancient Potion"}],"is_trial":false,"path_per_floor":["M","$","?","?","M","E","R","E","T","R","M","?","E","M","R","B",null,"M","?","M","?","T","E"],"character_chosen":"IRONCLAD","items_purchased":["Spot Weakness","Clash"],"campfire_rested":2,"item_purchase_floors":[2,2],"current_hp_per_floor":[57,57,57,50,54,17,41,9,9,33,42,42,67,80,80,60,80,41,41,42,42,42,0,0],"gold":285,"neow_bonus":"RANDOM_COLORLESS_2","is_daily":false,"chose_seed":false,"campfire_upgraded":0,"win_rate":0.0,"timestamp":1611429003,"path_taken":["M","?","?","?","M","E","R","E","T","R","M","?","E","M","R","BOSS","M","?","M","?","?","E"],"items_purchased_type":["Card","Card"],"build_version":"2020-12-22","purchased_purges":0,"victory":false,"max_hp_per_floor":[80,80,80,80,80,80,80,80,80,80,80,80,80,80,80,80,80,80,80,80,80,80,80,80],"card_choices":[{"not_picked":["Sadistic Nature","The Bomb"],"picked":"Chrysalis","floor":0},{"not_picked":["Headbutt","Iron Wave"],"picked":"Seeing Red","floor":1},{"not_picked":["Metallicize","Anger"],"picked":"Iron Wave","floor":5},{"not_picked":["Reaper","Armaments","Havoc"],"picked":"SKIP","floor":6},{"not_picked":["Armaments","Havoc"],"picked":"Reaper","floor":6},{"not_picked":["Searing Blow","Warcry"],"picked":"Exhume","floor":8},{"not_picked":["Armaments","Disarm"],"picked":"Ghostly Armor","floor":11},{"not_picked":["Dropkick","Anger"],"picked":"Heavy Blade","floor":13},{"not_picked":["Cleave","Sword Boomerang"],"picked":"Battle Trance","floor":14},{"not_picked":["Immolate","Barricade"],"picked":"Limit Break","floor":16},{"not_picked":["Clothesline","Cleave"],"picked":"Iron Wave","floor":18},{"not_picked":["Sentinel","Power Through"],"picked":"Warcry","floor":20}],"player_experience":246556,"relics_obtained":[{"floor":6,"key":"Bottled Lightning"},{"floor":8,"key":"Tiny Chest"},{"floor":9,"key":"The Courier"},{"floor":13,"key":"MawBank"},{"floor":22,"key":"InkBottle"}],"event_choices":[{"damage_healed":0,"gold_gain":0,"cards_transformed":["Strike_R"],"player_choice":"Change","damage_taken":0,"max_hp_gain":0,"max_hp_loss":0,"event_name":"Living Wall","floor":3,"gold_loss":0,"cards_obtained":["Sword Boomerang"]},{"damage_healed":0,"gold_gain":0,"player_choice":"Success","damage_taken":7,"relics_obtained":["CaptainsWheel"],"max_hp_gain":0,"max_hp_loss":0,"event_name":"Scrap Ooze","floor":4,"gold_loss":0},{"cards_removed":["Strike_R"],"damage_healed":0,"gold_gain":0,"player_choice":"Card Removal","damage_taken":0,"max_hp_gain":0,"max_hp_loss":0,"event_name":"The Cleric","floor":12,"gold_loss":50},{"cards_removed":["Defend_R"],"damage_healed":0,"gold_gain":0,"player_choice":"Gave Gold","damage_taken":0,"max_hp_gain":0,"max_hp_loss":0,"event_name":"Beggar","floor":19,"gold_loss":75},{"damage_healed":0,"gold_gain":0,"player_choice":"Upgraded","damage_taken":0,"max_hp_gain":0,"max_hp_loss":0,"event_name":"Upgrade Shrine","floor":21,"gold_loss":0,"cards_upgraded":["Limit Break"]}],"is_beta":false,"boss_relics":[{"not_picked":["Black Blood","Velvet Choker"],"picked":"Empty Cage"}],"items_purged_floors":[],"is_endless":false,"potions_floor_spawned":[5,8,11,16,18],"killed_by":"Book of Stabbing","ascension_level":4}}