{"host":"kabf61oc9jgfwufg","time":1611402358,"event":{"mods":["AchievementEnabler","Aspiration","BaseMod","Best Route Mod","Conspire","Defuse TimeMaze Blight","Energized Spire","GifTheSpireLib","GungeonMod","Halation","HexUI Lib","Hubris","Hyrulean Relics","Infinite Spire","Melee Mod","Minty Spire (QoL Compilation)","Poor People Problems","Quick Restart","Rare Cards Sparkle","Replay The Spire","Shop Mod","Small Relic Pack","StSLib","Transform Curses"],"gold_per_floor":[110,120,139,139,64,93,93,121,146,146,17,48,72,74,74],"floor_reached":14,"language":"ENG","playtime":479,"items_purged":["Strike_R"],"score":113,"play_id":"b6df747c-5f03-415f-afaf-7782cd557854","local_time":"20210123114558","is_ascension_mode":true,"campfire_choices":[{"data":"Rampage","floor":10,"key":"SMITH"}],"circlet_count":0,"master_deck":["Strike_R","Strike_R","Strike_R","Strike_R","Defend_R","Defend_R","Defend_R","Defend_R","Bash","Uppercut","Whirlwind","Rampage+1"],"relics":["Burning Blood","DemoMod:PoisonVial","aspiration:ChemicalBlood","infinitespire:Beetle Shell","infinitespire:Midas Blood","hubris:OldNail","MerchantsRug","Blood Vial"],"acts_visited":["Exordium"],"potions_floor_usage":[8,12,12,12],"damage_taken":[{"damage":0,"enemies":"2 Louse","floor":1,"turns":4},{"damage":3,"enemies":"Jaw Worm","floor":2,"turns":3},{"damage":1,"enemies":"Cultist","floor":3,"turns":3},{"damage":39,"enemies":"3 Sentries","floor":6,"turns":7},{"damage":14,"enemies":"Replay:BlueRogue","floor":8,"turns":5},{"damage":30,"enemies":"Lagavulin","floor":12,"turns":6},{"damage":12,"enemies":"Blue Slaver","floor":13,"turns":5},{"damage":4,"enemies":"Replay:BlueRogue","floor":14,"turns":3}],"seed_played":"1309244458871620779","potions_obtained":[{"floor":6,"key":"Strength Potion"}],"is_trial":false,"path_per_floor":["M","M","M","?","$","E","$","E","T","R","$","E","M","E"],"character_chosen":"IRONCLAD","items_purchased":["MerchantsRug"],"campfire_rested":0,"item_purchase_floors":[11],"current_hp_per_floor":[80,80,80,77,77,44,44,36,36,36,36,12,8,6,6],"gold":74,"neow_bonus":"RANDOM_COMMON_RELIC","is_daily":false,"chose_seed":false,"campfire_upgraded":1,"win_rate":0.0,"timestamp":1611402358,"path_taken":["M","M","M","?","$","E","$","E","T","R","$","E","M","E"],"items_purchased_type":["Relic"],"build_version":"2020-12-22","purchased_purges":1,"victory":false,"max_hp_per_floor":[80,80,80,80,80,80,80,80,80,80,80,80,80,80,80],"card_choices":[{"not_picked":["Carnage","Massacre"],"picked":"Uppercut","floor":1},{"not_picked":["Metallicize","Searing Blow"],"picked":"Whirlwind","floor":2},{"not_picked":["Battle Trance","Havoc","conspire:Charge"],"picked":"SKIP","floor":3},{"not_picked":["Anger","hubris:StunningStrike"],"picked":"Rampage","floor":6},{"not_picked":["Clothesline","Warcry","DemoMod:BlackBlade"],"picked":"SKIP","floor":8},{"not_picked":["Bloodletting","Bludgeon","Perfected Strike"],"picked":"SKIP","floor":12},{"not_picked":["Disarm","Abandon","Twin Strike"],"picked":"SKIP","floor":13}],"player_experience":172283,"relics_obtained":[{"floor":6,"key":"infinitespire:Beetle Shell"},{"floor":8,"key":"infinitespire:Midas Blood"},{"floor":9,"key":"hubris:OldNail"},{"floor":12,"key":"Blood Vial"}],"event_choices":[{"damage_healed":0,"gold_gain":0,"player_choice":"Success","damage_taken":3,"relics_obtained":["aspiration:ChemicalBlood"],"max_hp_gain":0,"max_hp_loss":0,"event_name":"Scrap Ooze","floor":4,"gold_loss":0}],"is_beta":false,"boss_relics":[],"items_purged_floors":[5],"is_endless":false,"potions_floor_spawned":[6,8,12],"killed_by":"Replay:BlueRogue","ascension_level":1}}