{"host":"bxn2em57qlx5u4i0","time":1611367140,"event":{"mods":["BaseMod","Colored Map","Colored Powertips","Highlight Path","Minty Spire (QoL Compilation)","Random Character Button","Relic Sorter","Relic Stats","StSLib","SuperFastMode"],"gold_per_floor":[110,33,83,99,24,24,50,50,50,50,70,99,111,134,146,158,158],"floor_reached":16,"language":"ENG","playtime":316,"items_purged":["Strike_G"],"score":266,"play_id":"c2a875e9-9afc-4be4-b415-8233f9b36d76","local_time":"20210122205900","is_ascension_mode":true,"campfire_choices":[{"data":"Riddle With Holes","floor":6.0,"key":"SMITH"},{"data":"Crippling Poison","floor":13.0,"key":"SMITH"},{"data":"Deadly Poison","floor":15.0,"key":"SMITH"}],"circlet_count":0,"master_deck":["AscendersBane","Strike_G","Strike_G","Strike_G","Strike_G","Defend_G","Defend_G","Defend_G","Defend_G","Defend_G","Survivor","Neutralize","PiercingWail","Riddle With Holes+1","Flying Knee","Crippling Poison+1","Pain","Deadly Poison+1","Backflip"],"relics":["Ring of the Snake","NeowsBlessing","Bronze Scales","Thread and Needle","WarpedTongs","MawBank"],"acts_visited":["Exordium"],"potions_floor_usage":[16,16],"damage_taken":[{"damage":0.0,"enemies":"Jaw Worm","floor":1.0,"turns":1.0},{"damage":0.0,"enemies":"Cultist","floor":4.0,"turns":1.0},{"damage":0.0,"enemies":"Lagavulin","floor":7.0,"turns":1.0},{"damage":1.0,"enemies":"Small Slimes","floor":11.0,"turns":3.0},{"damage":17.0,"enemies":"3 Sentries","floor":12.0,"turns":10.0},{"damage":8.0,"enemies":"Exordium Thugs","floor":14.0,"turns":4.0},{"damage":37,"enemies":"Slime Boss","floor":16,"turns":9}],"seed_played":"-8393593848516614413","potions_obtained":[{"floor":4.0,"key":"Dexterity Potion"},{"floor":7.0,"key":"Poison Potion"},{"floor":14.0,"key":"SpeedPotion"}],"is_trial":false,"path_per_floor":["M","$","?","M","$","R","E","$","T","?","M","E","R","M","R","B"],"character_chosen":"THE_SILENT","items_purchased":["Riddle With Holes"],"campfire_rested":0,"item_purchase_floors":[2],"current_hp_per_floor":[59,59,59,59,59,59,59,59,59,59,58,41,41,33,33,0,0],"gold":158,"neow_bonus":"THREE_ENEMY_KILL","is_daily":false,"chose_seed":false,"campfire_upgraded":3,"win_rate":0.0,"timestamp":1611367140,"path_taken":["M","$","?","M","$","R","E","?","T","?","M","E","R","?","R","BOSS"],"items_purchased_type":["Card"],"build_version":"2020-12-22","purchased_purges":1,"victory":false,"max_hp_per_floor":[66,66,66,66,66,66,66,66,66,66,66,66,66,66,66,66,66],"relic_stats":{"counters":[7,29],"Bronze Scales":[73],"MawBank":48,"obtain_stats":[{"NeowsBlessing":0,"Bronze Scales":7,"Thread and Needle":9,"MawBank":12,"Ring of the Snake":0,"WarpedTongs":10},{"NeowsBlessing":0,"Bronze Scales":3,"Thread and Needle":3,"MawBank":5,"Ring of the Snake":0,"WarpedTongs":3},{"NeowsBlessing":0,"Bronze Scales":3,"Thread and Needle":3,"MawBank":16,"Ring of the Snake":0,"WarpedTongs":3}],"Ring of the Snake":[14],"WarpedTongs":[24]},"card_choices":[{"not_picked":["Outmaneuver","Bane"],"picked":"PiercingWail","floor":1.0},{"not_picked":["Tactician","Catalyst"],"picked":"Flying Knee","floor":4.0},{"not_picked":["Dodge and Roll","Prepared"],"picked":"Crippling Poison","floor":7.0},{"not_picked":["Acrobatics","Dagger Spray"],"picked":"Deadly Poison","floor":11.0},{"not_picked":["Deflect","Outmaneuver","Dodge and Roll"],"picked":"SKIP","floor":12.0},{"not_picked":["Skewer","Finisher"],"picked":"Backflip","floor":14.0}],"player_experience":2909689,"relics_obtained":[{"floor":7.0,"key":"Bronze Scales"},{"floor":9.0,"key":"Thread and Needle"},{"floor":12.0,"key":"MawBank"}],"event_choices":[{"damage_healed":0.0,"max_hp_gain":0.0,"max_hp_loss":0.0,"gold_gain":50.0,"event_name":"Golden Shrine","player_choice":"Pray","floor":3.0,"gold_loss":0.0,"damage_taken":0.0},{"damage_healed":0.0,"max_hp_gain":0.0,"max_hp_loss":0.0,"gold_gain":0.0,"event_name":"Accursed Blacksmith","player_choice":"Rummage","floor":10.0,"gold_loss":0.0,"damage_taken":0.0,"relics_obtained":["WarpedTongs"],"cards_obtained":["Pain"]}],"is_beta":false,"boss_relics":[],"items_purged_floors":[5],"is_endless":false,"potions_floor_spawned":[4,7,14],"killed_by":"Slime Boss","ascension_level":20}}