{"host":"gltm229u6j2oow3a","time":1611397827,"event":{"mods":["BaseMod","Colored Powertips","Minty Spire (QoL Compilation)","[IsaacMod]ÒÔÈö¼âËþ"],"gold_per_floor":[113,133,79,91,108,108,140,140,140,156,156,175,201,218,218,319,319,337,262,276,276,376,409,424,454,454,498,498,177,177,212,224,345,366,412,424,461,473,473],"floor_reached":38,"language":"ZHS","playtime":1592,"items_purged":["Defend_R","Defend_R","Strike_R"],"score":1005,"play_id":"dc85d02a-89ee-4974-a925-c123359267b4","local_time":"20210123183027","is_ascension_mode":true,"campfire_choices":[{"data":"Flex","floor":6.0,"key":"SMITH"},{"data":"EpicFetus","floor":8.0,"key":"SMITH"},{"data":"Spot Weakness","floor":15.0,"key":"SMITH"},{"floor":28,"key":"REST"},{"data":"Apotheosis","floor":32,"key":"SMITH"}],"circlet_count":0,"master_deck":["Strike_R","Strike_R","Strike_R","Defend_R","Defend_R","Bash","EpicFetus+1","Flex+1","Impervious","Spot Weakness+1","Headbutt","Clash","Warcry","Feed","Flex","Clash","Cleave+1","Flex","Apotheosis+1","Flex","Flex+1","Demon Form","Spot Weakness","Thunderclap+1"],"relics":["Burning Blood","HushsDoor","NeowsBlessing","Bronze Scales","Bag of Preparation","Darkstone Periapt","UnicornStump","Black Star","BelialBook","Happy Flower","Black Star","CeramicFish","Lantern","Omamori","PreservedInsect","Orichalcum","MawBank","Pear","ChampionBelt","DeathBook","Pen Nib","Juzu Bracelet","GuppysPaw"],"acts_visited":["Exordium","TheCity","TheBeyond"],"potions_floor_usage":[35,35,38,38],"damage_taken":[{"damage":0.0,"enemies":"Cultist","floor":1.0,"turns":1.0},{"damage":0.0,"enemies":"Jaw Worm","floor":2.0,"turns":1.0},{"damage":0.0,"enemies":"Small Slimes","floor":4.0,"turns":1.0},{"damage":0.0,"enemies":"3 Louse","floor":5.0,"turns":1.0},{"damage":18.0,"enemies":"Lagavulin","floor":7.0,"turns":4.0},{"damage":13.0,"enemies":"Exordium Wildlife","floor":10.0,"turns":4.0},{"damage":7.0,"enemies":"Lots of Slimes","floor":12.0,"turns":4.0},{"damage":30.0,"enemies":"Gremlin Nob","floor":13.0,"turns":3.0},{"damage":13.0,"enemies":"Blue Slaver","floor":14.0,"turns":3.0},{"damage":20.0,"enemies":"Hexaghost","floor":16.0,"turns":6.0},{"damage":6.0,"enemies":"Spheric Guardian","floor":18.0,"turns":4.0},{"damage":16.0,"enemies":"Shell Parasite","floor":20.0,"turns":3.0},{"damage":31.0,"enemies":"Slavers","floor":23.0,"turns":5.0},{"damage":26.0,"enemies":"Chosen and Byrds","floor":24.0,"turns":5.0},{"damage":10,"enemies":"Gremlin Leader","floor":25,"turns":6},{"damage":23,"enemies":"Slavers","floor":27,"turns":4},{"damage":10,"enemies":"Gremlin Leader","floor":31,"turns":3},{"damage":12,"enemies":"Automaton","floor":33,"turns":6},{"damage":36,"enemies":"Reptomancer","floor":35,"turns":5},{"damage":18,"enemies":"Mind Bloom Boss Battle","floor":37,"turns":4},{"damage":73,"enemies":"Giant Head","floor":38,"turns":5}],"seed_played":"4521747002842917888","potions_obtained":[{"floor":4.0,"key":"Explosive Potion"},{"floor":7.0,"key":"Block Potion"},{"floor":14.0,"key":"Swift Potion"},{"floor":20.0,"key":"SmokeBomb"},{"floor":24.0,"key":"SpeedPotion"},{"floor":25,"key":"LiquidMemories"},{"floor":31,"key":"BloodPotion"},{"floor":35,"key":"Block Potion"}],"is_trial":false,"path_per_floor":["M","M","$","M","M","R","E","R","T","M","?","M","E","M","R","B",null,"M","$","M","?","?","E","M","E","T","E","R","$","?","E","R","B",null,"M","?","?","M"],"character_chosen":"IRONCLAD","items_purchased":["Flex","Apotheosis","Flex","Spot Weakness","DeathBook"],"campfire_rested":1,"item_purchase_floors":[3,29,29,34,34],"current_hp_per_floor":[80,80,80,80,80,80,68,68,68,61,61,60,36,29,29,15,80,83,83,76,76,76,54,34,30,30,16,43,43,43,49,49,43,74,44,44,35,0,0],"gold":473,"neow_bonus":"THREE_ENEMY_KILL","is_daily":false,"chose_seed":false,"campfire_upgraded":4,"win_rate":0.0,"timestamp":1611397827,"path_taken":["M","?","$","M","M","R","E","R","T","M","?","M","E","M","R","BOSS","M","$","M","?","?","E","M","E","T","E","R","?","?","E","R","BOSS","M","?","?","M"],"items_purchased_type":["Card","Card","Card","Card","Relic"],"build_version":"2020-12-22","purchased_purges":3,"victory":false,"max_hp_per_floor":[80,80,80,80,80,80,80,80,80,80,80,80,80,80,80,80,80,83,83,86,86,86,89,89,89,89,92,92,92,92,102,102,102,84,84,84,87,87,87],"card_choices":[{"not_picked":[],"picked":"EpicFetus","floor":0.0},{"not_picked":["Seeing Red","Impervious","Warcry"],"picked":"SKIP","floor":1.0},{"not_picked":["Rupture","Shrug It Off"],"picked":"Pommel Strike","floor":2.0},{"not_picked":["Combust","Entrench"],"picked":"Bomb","floor":4.0},{"not_picked":["Carnage","Twin Strike"],"picked":"Impervious","floor":5.0},{"not_picked":["True Grit","Power Through","Iron Wave"],"picked":"SKIP","floor":7.0},{"not_picked":["Anger","Seeing Red"],"picked":"Spot Weakness","floor":10.0},{"not_picked":["Wild Strike","Power Through","True Grit"],"picked":"SKIP","floor":12.0},{"not_picked":["Carnage","Perfected Strike"],"picked":"Clash","floor":13.0},{"not_picked":["Bludgeon","Seeing Red"],"picked":"Warcry","floor":14.0},{"not_picked":["Fiend Fire","Impervious"],"picked":"Feed","floor":16.0},{"not_picked":["Twin Strike","Iron Wave","Sentinel+1"],"picked":"SKIP","floor":18.0},{"not_picked":["Bloodletting","Wild Strike"],"picked":"Flex","floor":20.0},{"not_picked":["Shockwave","Blood for Blood"],"picked":"Clash","floor":22.0},{"not_picked":["Searing Blow","Clothesline","Immolate"],"picked":"SKIP","floor":23.0},{"not_picked":["Fire Breathing","Disarm"],"picked":"Cleave+1","floor":24.0},{"not_picked":["Armaments","Bludgeon","Cleave"],"picked":"SKIP","floor":25},{"not_picked":["Body Slam","Clash"],"picked":"Flex","floor":27},{"not_picked":["Thunderclap+1","Fiend Fire"],"picked":"Flex+1","floor":31},{"not_picked":["Brutality","Fiend Fire"],"picked":"Demon Form","floor":33},{"not_picked":["Pommel Strike","Cleave"],"picked":"Thunderclap+1","floor":35}],"player_experience":87477,"relics_obtained":[{"floor":7.0,"key":"Bronze Scales"},{"floor":9.0,"key":"Bag of Preparation"},{"floor":13.0,"key":"Darkstone Periapt"},{"floor":23.0,"key":"Happy Flower"},{"floor":23.0,"key":"Diplopia"},{"floor":25,"key":"CeramicFish"},{"floor":25,"key":"Lantern"},{"floor":26,"key":"Omamori"},{"floor":27,"key":"PreservedInsect"},{"floor":27,"key":"Orichalcum"},{"floor":31,"key":"MawBank"},{"floor":31,"key":"Pear"},{"floor":35,"key":"Pen Nib"},{"floor":35,"key":"Juzu Bracelet"},{"floor":37,"key":"GuppysPaw"}],"event_choices":[{"damage_healed":0.0,"max_hp_gain":0.0,"max_hp_loss":0.0,"gold_gain":0.0,"cards_transformed":["Strike_R"],"event_name":"Living Wall","player_choice":"Change","floor":11.0,"gold_loss":0.0,"damage_taken":0.0,"cards_obtained":["Headbutt"]},{"damage_healed":0.0,"max_hp_gain":0.0,"max_hp_loss":0.0,"gold_gain":0.0,"event_name":"The Mausoleum","player_choice":"Opened","floor":21.0,"gold_loss":0.0,"damage_taken":0.0,"relics_obtained":["BelialBook"]},{"damage_healed":0,"gold_gain":0,"player_choice":"Ignored","damage_taken":0,"max_hp_gain":0,"max_hp_loss":0,"event_name":"Ghosts","floor":30,"gold_loss":0},{"cards_removed":["Pommel Strike"],"damage_healed":0,"gold_gain":0,"player_choice":"Removed Attack","damage_taken":0,"max_hp_gain":0,"max_hp_loss":0,"event_name":"Falling","floor":36,"gold_loss":0},{"damage_healed":0,"gold_gain":0,"player_choice":"Fight","damage_taken":0,"max_hp_gain":0,"max_hp_loss":0,"event_name":"MindBloom","floor":37,"gold_loss":0}],"is_beta":false,"boss_relics":[{"not_picked":["SacredBark","Runic Pyramid"],"picked":"Black Star"},{"not_picked":[]},{"not_picked":["Runic Cube","Astrolabe"],"picked":"ChampionBelt"},{"not_picked":[]}],"items_purged_floors":[19,29,34],"is_endless":false,"potions_floor_spawned":[4,7,14,20,24,25,31,35],"killed_by":"Giant Head","ascension_level":20}}