{"host":"tgr1xoidyjfo4u0n","time":1611394116,"event":{"mods":["Act Like it!","Alarm Clock","BaseMod","CapriCore","Colored Powertips","GifTheSpireLib","Highlight Path","Minty Spire (QoL Compilation)","StSLib"],"gold_per_floor":[367,379,379,406,420,420,453,453,498,498,510,132,176,200,200,305,305,318,338,352,352,44,86,21,30,30,49,83,151,151,194,194,307,307,331,54,82,91,1,1,35,35,35,35,35],"floor_reached":44,"language":"ZHS","playtime":2744,"items_purged":["Strike_P","Strike_P","WheelKick"],"score":777,"play_id":"f87972c8-b8e2-432c-9351-4496b3f290e2","local_time":"20210123172836","is_ascension_mode":true,"campfire_choices":[{"data":"Eruption","floor":6.0,"key":"SMITH"},{"data":"Halt","floor":8.0,"key":"SMITH"},{"data":"Tantrum","floor":10.0,"key":"SMITH"},{"data":"CrushJoints","floor":15.0,"key":"SMITH"},{"floor":30.0,"key":"REST"},{"floor":32.0,"key":"RECALL"},{"floor":40,"key":"REST"},{"floor":42,"key":"REST"}],"circlet_count":0,"master_deck":["Strike_P+1","Defend_P","Defend_P+1","Eruption+1","Vigilance+1","Evaluate","Tantrum+1","EmptyMind+1","Halt+1","MasterReality+1","LessonLearned","DeceiveReality+1","CrushJoints+1","Brilliance","Study","Evaluate+1","DevaForm+1","Adaptation","FlurryOfBlows","ThirdEye+1","Vault","Pray+1","Adaptation","Adaptation","Fasting2+1","MentalFortress","Study","Prostrate+1","Flash of Steel"],"relics":["PureWater","Lantern","Torii","Bronze Scales","CeramicFish","Letter Opener","Fusion Hammer","TeardropLocket","Sling","Happy Flower","Akabeko","The Courier","Pear","Empty Cage","Membership Card","Mercury Hourglass","Dead Branch"],"acts_visited":["Exordium","TheCity","TheBeyond"],"potions_floor_usage":[41],"damage_taken":[{"damage":13.0,"enemies":"Jaw Worm","floor":1.0,"turns":5.0},{"damage":0.0,"enemies":"Cultist","floor":2.0,"turns":2.0},{"damage":10.0,"enemies":"Small Slimes","floor":5.0,"turns":5.0},{"damage":9.0,"enemies":"Lagavulin","floor":7.0,"turns":5.0},{"damage":0.0,"enemies":"Looter","floor":11.0,"turns":2.0},{"damage":2.0,"enemies":"3 Sentries","floor":13.0,"turns":7.0},{"damage":1.0,"enemies":"Lots of Slimes","floor":14.0,"turns":2.0},{"damage":0.0,"enemies":"Hexaghost","floor":16.0,"turns":7.0},{"damage":8.0,"enemies":"Shell Parasite","floor":18.0,"turns":5.0},{"damage":0.0,"enemies":"Chosen","floor":19.0,"turns":2.0},{"damage":7.0,"enemies":"Shelled Parasite and Fungi","floor":20.0,"turns":3.0},{"damage":15.0,"enemies":"Book of Stabbing","floor":23.0,"turns":4.0},{"damage":10.0,"enemies":"Snecko","floor":27.0,"turns":5.0},{"damage":0.0,"enemies":"Gremlin Leader","floor":28.0,"turns":4.0},{"damage":17.0,"enemies":"Book of Stabbing","floor":31.0,"turns":5.0},{"damage":1.0,"enemies":"Champ","floor":33.0,"turns":6.0},{"damage":0.0,"enemies":"3 Shapes","floor":35.0,"turns":4.0},{"damage":0.0,"enemies":"3 Darklings","floor":37.0,"turns":4.0},{"damage":0,"enemies":"Giant Head","floor":41,"turns":6},{"damage":15,"enemies":"Nemesis","floor":44,"turns":2}],"seed_played":"-4546526198936233956","potions_obtained":[{"floor":2.0,"key":"Block Potion"},{"floor":5.0,"key":"DuplicationPotion"},{"floor":11.0,"key":"FairyPotion"},{"floor":19.0,"key":"GamblersBrew"},{"floor":23.0,"key":"EssenceOfSteel"},{"floor":27.0,"key":"Block Potion"},{"floor":33.0,"key":"AttackPotion"}],"is_trial":false,"path_per_floor":["M","M","?","T","M","R","E","R","T","R","M","$","E","M","R","B",null,"M","M","M","?","$","E","$","?","T","M","E","T","R","E","R","B",null,"M","$","M","?","?","R","E","R","T","E"],"character_chosen":"WATCHER","items_purchased":["CeramicFish","LessonLearned","DeceiveReality","Study","Sling","DevaForm","Membership Card","Adaptation","Adaptation","Fasting2","MentalFortress","Study"],"campfire_rested":3,"item_purchase_floors":[12,12,12,22,22,24,36,36,36,36,36,36],"current_hp_per_floor":[38,38,31,31,21,21,12,12,12,12,12,12,10,9,9,9,72,64,64,57,57,57,42,42,42,42,32,32,32,53,46,46,45,82,82,82,82,82,82,82,82,82,82,67,67],"gold":35,"neow_bonus":"TWO_FIFTY_GOLD","is_daily":false,"chose_seed":false,"campfire_upgraded":4,"win_rate":0.0,"timestamp":1611394116,"path_taken":["M","M","?","?","M","R","E","R","T","R","M","$","E","M","R","BOSS","M","M","M","?","?","E","$","?","T","M","E","?","R","E","R","BOSS","M","$","?","?","?","R","E","R","T","E"],"items_purchased_type":["Relic","Card","Card","Card","Relic","Card","Relic","Card","Card","Card","Card","Card"],"build_version":"2020-12-22","purchased_purges":3,"victory":false,"max_hp_per_floor":[72,72,72,72,72,72,72,72,72,72,72,72,72,72,72,72,72,72,72,72,72,72,72,72,72,72,72,72,72,72,82,82,82,82,82,82,82,82,82,82,82,82,82,82,82],"card_choices":[{"not_picked":["Halt","Weave"],"picked":"Evaluate","floor":1.0},{"not_picked":["EmptyFist","JustLucky"],"picked":"Tantrum","floor":2.0},{"not_picked":["FollowUp","FlurryOfBlows"],"picked":"EmptyMind","floor":5.0},{"not_picked":["JustLucky","CutThroughFate"],"picked":"Halt","floor":7.0},{"not_picked":["CrushJoints","Evaluate"],"picked":"MasterReality","floor":11.0},{"not_picked":["Consecrate","FollowUp"],"picked":"ForeignInfluence","floor":13.0},{"not_picked":["Meditate","Sanctity"],"picked":"CrushJoints","floor":14.0},{"not_picked":["SpiritShield","Wish"],"picked":"Brilliance","floor":16.0},{"not_picked":["Consecrate","Prostrate","Halt"],"picked":"SKIP","floor":18.0},{"not_picked":["Crescendo+1","Halt"],"picked":"WheelKick","floor":19.0},{"not_picked":["BowlingBash+1","Fasting2","Halt+1"],"picked":"SKIP","floor":20.0},{"not_picked":["Sanctity+1","CutThroughFate"],"picked":"Evaluate","floor":23.0},{"not_picked":["Halt","Brilliance"],"picked":"FlurryOfBlows","floor":27.0},{"not_picked":["Protect","WheelKick","Collect+1"],"picked":"SKIP","floor":28.0},{"not_picked":["Protect","Worship+1"],"picked":"ThirdEye","floor":31.0},{"not_picked":["MasterReality","LessonLearned"],"picked":"Vault","floor":33.0},{"not_picked":["FlurryOfBlows+1","Fasting2+1"],"picked":"Pray+1","floor":35.0},{"not_picked":["BowlingBash","CrushJoints+1"],"picked":"Prostrate+1","floor":37.0},{"not_picked":["Finesse","Dark Shackles"],"picked":"Flash of Steel","floor":38},{"not_picked":["ConjureBlade","Halt+1","EmptyBody+1"],"picked":"SKIP","floor":41}],"player_experience":402863,"relics_obtained":[{"floor":4.0,"key":"Lantern"},{"floor":7.0,"key":"Torii"},{"floor":9.0,"key":"Bronze Scales"},{"floor":13.0,"key":"Letter Opener"},{"floor":23.0,"key":"Happy Flower"},{"floor":28.0,"key":"Akabeko"},{"floor":29.0,"key":"The Courier"},{"floor":31.0,"key":"Pear"},{"floor":41,"key":"Mercury Hourglass"},{"floor":43,"key":"Dead Branch"}],"event_choices":[{"cards_removed":["Defend_P"],"damage_healed":0.0,"max_hp_gain":0.0,"max_hp_loss":0.0,"gold_gain":0.0,"event_name":"Golden Wing","player_choice":"Card Removal","floor":3.0,"gold_loss":0.0,"damage_taken":7.0},{"damage_healed":0.0,"max_hp_gain":0.0,"max_hp_loss":0.0,"gold_gain":0.0,"event_name":"WeMeetAgain","player_choice":"Gave Potion","floor":21.0,"gold_loss":0.0,"damage_taken":0.0,"relics_obtained":["TeardropLocket"]},{"damage_healed":0.0,"max_hp_gain":0.0,"max_hp_loss":0.0,"gold_gain":0.0,"event_name":"The Library","player_choice":"Read","floor":25.0,"gold_loss":0.0,"damage_taken":0.0,"cards_obtained":["Adaptation"]},{"damage_healed":0,"gold_gain":0,"player_choice":"Memory 1","damage_taken":0,"max_hp_gain":0,"max_hp_loss":0,"event_name":"SensoryStone","floor":38,"gold_loss":0},{"cards_removed":["Strike_P"],"damage_healed":0,"gold_gain":0,"player_choice":"Upgrade and Remove","damage_taken":0,"max_hp_gain":0,"max_hp_loss":0,"event_name":"Designer","floor":39,"gold_loss":90,"cards_upgraded":["Fasting2"]}],"is_beta":false,"boss_relics":[{"not_picked":["Tiny House","Calling Bell"],"picked":"Fusion Hammer"},{"not_picked":["Cursed Key","SlaversCollar"],"picked":"Empty Cage"}],"items_purged_floors":[12,22,36],"is_endless":false,"potions_floor_spawned":[2,5,11,19,23,27,33],"killed_by":"Nemesis","ascension_level":4}}