{"host":"63yhhrjweyj22b0v","time":1611432207,"event":{"mods":["BaseMod","Minty Spire (QoL Compilation)","Quick Restart"],"gold_per_floor":[110,56,56,6,6,18,38,38,38,66,66,79,4,19,19,119,119,129,129,44,44,44,44,58,85,85,10,25,25,25],"floor_reached":29,"language":"ENG","playtime":888,"items_purged":["Strike_R"],"score":241,"play_id":"14a6d974-3cad-4c52-ac89-e66e0afaa257","local_time":"20210123140327","is_ascension_mode":false,"campfire_choices":[{"data":"Bash","floor":11,"key":"SMITH"},{"floor":15,"key":"REST"},{"floor":23,"key":"REST"}],"circlet_count":0,"master_deck":["Strike_R","Strike_R","Defend_R","Defend_R","Defend_R","Defend_R","Bash+1","Warcry","Pommel Strike","Sword Boomerang","Strike_B","Uppercut","Limit Break","Flex","Clash","Anger+1","Inflame"],"relics":["Burning Blood","NeowsBlessing","InkBottle","Incense Burner","PreservedInsect","SacredBark","Bag of Preparation","FossilizedHelix","Kunai"],"acts_visited":["Exordium","TheCity"],"potions_floor_usage":[10,16,16,16,25,28],"damage_taken":[{"damage":0,"enemies":"Small Slimes","floor":1,"turns":1},{"damage":0,"enemies":"Jaw Worm","floor":6,"turns":1},{"damage":0,"enemies":"Cultist","floor":7,"turns":1},{"damage":30,"enemies":"Lagavulin","floor":10,"turns":7},{"damage":13,"enemies":"Exordium Wildlife","floor":12,"turns":3},{"damage":10,"enemies":"Looter","floor":14,"turns":2},{"damage":26,"enemies":"Hexaghost","floor":16,"turns":13},{"damage":26,"enemies":"Shell Parasite","floor":18,"turns":7},{"damage":23,"enemies":"3 Byrds","floor":24,"turns":6},{"damage":44,"enemies":"Slavers","floor":25,"turns":6},{"damage":5,"enemies":"Centurion and Healer","floor":28,"turns":5},{"damage":31,"enemies":"Chosen and Byrds","floor":29,"turns":4}],"seed_played":"8538957434210293654","potions_obtained":[{"floor":1,"key":"Weak Potion"},{"floor":6,"key":"PowerPotion"},{"floor":10,"key":"Weak Potion"},{"floor":14,"key":"HeartOfIron"},{"floor":18,"key":"Energy Potion"},{"floor":25,"key":"PowerPotion"}],"is_trial":false,"path_per_floor":["M","$","?","?","?","M","M","?","T","E","R","M","$","M","R","B",null,"M","?","?","?","?","R","M","E","T","$","M","M"],"character_chosen":"IRONCLAD","items_purchased":["Pommel Strike","Inflame"],"campfire_rested":2,"item_purchase_floors":[2,27],"current_hp_per_floor":[80,80,68,68,68,74,80,80,80,56,56,49,49,45,69,49,80,60,60,60,60,45,70,53,15,15,15,16,0,0],"gold":25,"neow_bonus":"THREE_ENEMY_KILL","is_daily":false,"chose_seed":false,"campfire_upgraded":1,"win_rate":0.0,"timestamp":1611432207,"path_taken":["M","$","?","?","?","M","M","?","T","E","R","?","$","M","R","BOSS","M","?","?","?","?","R","M","E","T","$","M","M"],"items_purchased_type":["Card","Card"],"build_version":"2020-12-22","purchased_purges":1,"victory":false,"max_hp_per_floor":[80,80,80,80,80,80,80,80,80,80,80,80,80,80,80,80,80,80,80,80,80,85,85,85,85,85,85,85,85,85],"card_choices":[{"not_picked":["Clothesline","Armaments"],"picked":"Warcry","floor":1},{"not_picked":["Seeing Red","Perfected Strike"],"picked":"Sword Boomerang","floor":6},{"not_picked":["Armaments","Intimidate","Headbutt"],"picked":"SKIP","floor":7},{"not_picked":["Second Wind","Reckless Charge","Juggernaut"],"picked":"SKIP","floor":10},{"not_picked":["Warcry","Disarm","Rupture"],"picked":"SKIP","floor":12},{"not_picked":["Body Slam","True Grit"],"picked":"Uppercut","floor":14},{"not_picked":["Corruption","Fiend Fire"],"picked":"Limit Break","floor":16},{"not_picked":["Body Slam+1","Sever Soul"],"picked":"Flex","floor":18},{"not_picked":["Twin Strike","Pommel Strike"],"picked":"Clash","floor":24},{"not_picked":["Dark Embrace","Blood for Blood+1"],"picked":"Anger+1","floor":25},{"not_picked":["Searing Blow","Clothesline","Hemokinesis"],"picked":"SKIP","floor":28}],"player_experience":588597,"relics_obtained":[{"floor":9,"key":"Incense Burner"},{"floor":10,"key":"PreservedInsect"},{"floor":25,"key":"FossilizedHelix"},{"floor":26,"key":"Kunai"}],"event_choices":[{"damage_healed":0,"gold_gain":0,"player_choice":"Success","damage_taken":12,"relics_obtained":["InkBottle"],"max_hp_gain":0,"max_hp_loss":0,"event_name":"Scrap Ooze","floor":3,"gold_loss":0},{"cards_removed":["Strike_R"],"damage_healed":0,"gold_gain":0,"player_choice":"Card Removal","damage_taken":0,"max_hp_gain":0,"max_hp_loss":0,"event_name":"The Cleric","floor":4,"gold_loss":50},{"damage_healed":0,"gold_gain":0,"player_choice":"Ignored","damage_taken":0,"max_hp_gain":0,"max_hp_loss":0,"event_name":"Golden Wing","floor":5,"gold_loss":0},{"cards_removed":["Strike_R"],"damage_healed":0,"gold_gain":0,"player_choice":"Took Card","damage_taken":0,"max_hp_gain":0,"max_hp_loss":0,"event_name":"NoteForYourself","floor":8,"gold_loss":0,"cards_obtained":["Strike_B"]},{"damage_healed":0,"gold_gain":0,"player_choice":"Ignored","damage_taken":0,"max_hp_gain":0,"max_hp_loss":0,"event_name":"Vampires","floor":19,"gold_loss":0},{"damage_healed":0,"gold_gain":0,"player_choice":"Obtained Relic","damage_taken":0,"relics_obtained":["Bag of Preparation"],"max_hp_gain":0,"max_hp_loss":0,"event_name":"Addict","floor":20,"gold_loss":85},{"damage_healed":0,"gold_gain":0,"player_choice":"Ignored","damage_taken":0,"max_hp_gain":0,"max_hp_loss":0,"event_name":"Ghosts","floor":21,"gold_loss":0},{"damage_healed":0,"gold_gain":0,"player_choice":"Shed Blood","damage_taken":20,"max_hp_gain":5,"max_hp_loss":0,"event_name":"Forgotten Altar","floor":22,"gold_loss":0}],"is_beta":false,"boss_relics":[{"not_picked":["Ectoplasm","Sozu"],"picked":"SacredBark"}],"items_purged_floors":[13],"is_endless":false,"potions_floor_spawned":[1,6,10,14,18,25],"killed_by":"Chosen and Byrds","ascension_level":0}}