{"host":"pletss163z7s8pvv","time":1611381380,"event":{"mods":["AchievementEnabler","BaseMod","Better Altar","CapriCore","Colored Map","Colored Powertips","Conspire","Energized Spire","GifTheSpireLib","Hermit","Ironclad Rager","Minty Spire (QoL Compilation)","Spicy Shops","StS++","StSLib","The Cursed","The Disciple"],"gold_per_floor":[115,115,190,208,219,219,232,262,262,280,280,293,293,305,305,402,402,415,415,105,123,45,45,65,18,86,100,111,111,26,43,43,43,43],"floor_reached":33,"language":"ENG","playtime":858,"items_purged":[],"score":266,"play_id":"421e465b-f243-4a66-8b31-bb63f80c6920","local_time":"20210122235620","is_ascension_mode":false,"campfire_choices":[{"floor":6,"key":"REST"},{"floor":13,"key":"REST"},{"floor":15,"key":"REST"},{"floor":23,"key":"RECALL"},{"floor":32,"key":"REST"}],"circlet_count":0,"master_deck":["Bash","ICR:RageStrike+1","ICR:RageStrike+1","ICR:RageStrike+1","ICR:RageStrike+1","ICR:RageStrike+1","ICR:ShieldBash+1","ICR:ShieldBash+1","ICR:ShieldBash+1","ICR:ShieldBash+1","StSpp:TheBiggerTheyAre","Twin Strike","Inflame","Iron Wave","Pommel Strike","Cleave","Wild Strike","Uppercut","Demon Form","Perfected Strike+1","Bash","ICR:RageStrike+1","ICR:RageStrike+1","ICR:RageStrike+1","ICR:RageStrike+1","ICR:RageStrike+1","ICR:ShieldBash+1","ICR:ShieldBash+1","ICR:ShieldBash+1","ICR:ShieldBash+1","StSpp:TheBiggerTheyAre","Twin Strike","Inflame","Iron Wave","Pommel Strike","Cleave","Wild Strike","Uppercut","Demon Form","Perfected Strike+1","conspire:Banana","Flex","Headbutt","Heavy Blade","Cleave+1","Perfected Strike+1","Thunderclap+1"],"relics":["Burning Blood","Kunai","energizedSpire:DecayingSkull","Medical Kit","Vajra","Strange Spoon","Molten Egg 2","Turnip"],"acts_visited":["Exordium","TheCity"],"potions_floor_usage":[16,24,28,33,33],"damage_taken":[{"damage":11,"enemies":"Jaw Worm","floor":1,"turns":6},{"damage":17,"enemies":"2 Louse","floor":4,"turns":3},{"damage":0,"enemies":"Cultist","floor":5,"turns":2},{"damage":18,"enemies":"2 Fungi Beasts","floor":7,"turns":4},{"damage":33,"enemies":"conspire:MimicChest","floor":8,"turns":6},{"damage":14,"enemies":"Exordium Thugs","floor":10,"turns":4},{"damage":5,"enemies":"Looter","floor":12,"turns":2},{"damage":13,"enemies":"3 Louse","floor":14,"turns":3},{"damage":68,"enemies":"The Guardian","floor":16,"turns":11},{"damage":29,"enemies":"Spheric Guardian","floor":18,"turns":4},{"damage":0,"enemies":"Shell Parasite","floor":21,"turns":1},{"damage":18,"enemies":"Centurion and Healer","floor":24,"turns":4},{"damage":35,"enemies":"Snake Plant","floor":27,"turns":4},{"damage":33,"enemies":"Snecko","floor":28,"turns":5},{"damage":11,"enemies":"Centurion and Healer","floor":31,"turns":4},{"damage":77,"enemies":"Automaton","floor":33,"turns":6}],"seed_played":"-1022689448373269467","potions_obtained":[{"floor":1,"key":"BlessingOfTheForge"},{"floor":8,"key":"BloodPotion"},{"floor":12,"key":"StSpp:ScatteredPotion"},{"floor":14,"key":"Ancient Potion"},{"floor":16,"key":"FearPotion"},{"floor":18,"key":"Energy Potion"},{"floor":24,"key":"Fruit Juice"},{"floor":31,"key":"Swift Potion"}],"is_trial":false,"path_per_floor":["M","?","?","M","M","R","M","?","T","M","?","M","R","M","R","B",null,"M","?","$","M","$","R","M","$","T","M","M","?","?","M","R","B"],"character_chosen":"IRONCLAD","items_purchased":["Medical Kit","Vajra","conspire:Banana","Strange Spoon","Heavy Blade"],"campfire_rested":4,"item_purchase_floors":[20,20,20,22,25],"current_hp_per_floor":[75,75,64,53,59,80,68,41,41,33,33,34,58,51,75,13,80,57,57,57,63,63,63,57,57,57,29,19,19,19,14,40,0,0],"gold":43,"neow_bonus":"IRONCLAD_RAGER","is_daily":false,"chose_seed":false,"campfire_upgraded":0,"win_rate":0.0,"timestamp":1611381380,"path_taken":["M","?","?","M","M","R","M","?","T","M","?","M","R","?","R","BOSS","M","?","$","M","$","R","M","?","T","M","M","?","?","M","R","BOSS"],"items_purchased_type":["Relic","Relic","Card","Relic","Card"],"build_version":"2020-12-22","purchased_purges":0,"victory":false,"max_hp_per_floor":[80,80,80,80,80,80,80,80,80,80,80,80,80,80,80,80,80,80,80,80,80,80,80,86,86,86,87,87,87,87,87,87,87,87],"card_choices":[{"not_picked":["Hemokinesis","Warcry"],"picked":"StSpp:TheBiggerTheyAre","floor":1},{"not_picked":["Heavy Blade","Battle Trance"],"picked":"Twin Strike","floor":4},{"not_picked":["Headbutt","Power Through"],"picked":"Inflame","floor":5},{"not_picked":["StSpp:Sprint","Headbutt"],"picked":"Iron Wave","floor":7},{"not_picked":["Headbutt","Warcry"],"picked":"Pommel Strike","floor":8},{"not_picked":["Disarm","StSpp:TheBiggerTheyAre"],"picked":"Cleave","floor":10},{"not_picked":["Second Wind","Barricade"],"picked":"Wild Strike","floor":12},{"not_picked":["Armaments","Shrug It Off"],"picked":"Uppercut","floor":14},{"not_picked":["Feed","Impervious"],"picked":"Demon Form","floor":16},{"not_picked":["Searing Blow","Combust+1"],"picked":"Perfected Strike+1","floor":18},{"not_picked":["Headbutt+1","Flame Barrier+1"],"picked":"Flex","floor":21},{"not_picked":["StSpp:Sprint","StSpp:BladeOfBlood"],"picked":"Headbutt","floor":24},{"not_picked":["Havoc","Evolve"],"picked":"Cleave+1","floor":27},{"not_picked":["Warcry","Armaments"],"picked":"Perfected Strike+1","floor":28},{"not_picked":["StSpp:Sprint","Heavy Blade+1"],"picked":"Thunderclap+1","floor":31}],"player_experience":437543,"relics_obtained":[{"floor":8,"key":"Kunai"},{"floor":26,"key":"Molten Egg 2"}],"event_choices":[{"damage_healed":0,"gold_gain":0,"player_choice":"Ignored","damage_taken":0,"max_hp_gain":0,"max_hp_loss":0,"event_name":"Golden Wing","floor":2,"gold_loss":0},{"damage_healed":0,"gold_gain":75,"player_choice":"Gather Gold","damage_taken":11,"max_hp_gain":0,"max_hp_loss":0,"event_name":"World of Goop","floor":3,"gold_loss":0},{"damage_healed":0,"gold_gain":0,"player_choice":"0 cards matched","damage_taken":0,"max_hp_gain":0,"max_hp_loss":0,"event_name":"Match and Keep!","floor":11,"gold_loss":0,"cards_obtained":[]},{"damage_healed":0,"gold_gain":0,"player_choice":"Simplicity","damage_taken":0,"max_hp_gain":0,"max_hp_loss":0,"event_name":"Back to Basics","floor":29,"gold_loss":0,"cards_upgraded":["ICR:RageStrike","ICR:RageStrike","ICR:RageStrike","ICR:RageStrike","ICR:RageStrike","ICR:ShieldBash","ICR:ShieldBash","ICR:ShieldBash","ICR:ShieldBash","ICR:RageStrike","ICR:RageStrike","ICR:RageStrike","ICR:RageStrike","ICR:RageStrike","ICR:ShieldBash","ICR:ShieldBash","ICR:ShieldBash","ICR:ShieldBash"]},{"damage_healed":0,"gold_gain":0,"player_choice":"Obtained Relic","damage_taken":0,"relics_obtained":["Turnip"],"max_hp_gain":0,"max_hp_loss":0,"event_name":"Addict","floor":30,"gold_loss":85}],"is_beta":false,"boss_relics":[{"not_picked":["Coffee Dripper","StSpp:FireArrow"],"picked":"energizedSpire:DecayingSkull"}],"items_purged_floors":[],"is_endless":false,"potions_floor_spawned":[1,8,12,14,16,18,24,31],"killed_by":"Automaton","ascension_level":0}}