{"host":"9xv6exvwmlpefxuw","time":1611373449,"event":{"mods":["ATMod(阿瑾Mod)","AchievementEnabler","Act Like it!","Aspiration","BaseMod","Chen","Colored Powertips","Conspire","Downfall","Friendly Minions","Gensokyo","GifTheSpireLib","KinomotoSakuraMod(木之本樱)","Koishi","KomeijiMod","Marisa（F雨　魔理沙）","Minty Spire (QoL Compilation)","Pale of the Ancients","Rare Cards Sparkle","Reimu（博丽灵梦）","Remilia_Scarlet Moed（蕾米莉亚・斯卡雷特）3.3.5","Remilia（蕾米莉亚）","RumiaBox-露米娅的神秘盒子","StSLib","The Administrix","The Animator","The Blackbeard","The Mystic","The Servant 0.9.4","WarShipGirlsR/战舰少女R mod","Yakumo Yukari mod","Youmu（魂魄妖梦）","Yuyuko","【功能Mod】混沌之环修复补丁","【功能Mod】聪明的最终Boss"],"gold_per_floor":[116,128,142,142,142,142,49,88,88,101,144,160,194,217,217,341,341,357,211,211,229,257,293,313,273,344,388,388,409,409,8,8,134,134,154,154,174,174,189,257,257,273,346,364,377,411,431,450,450,450,450],"floor_reached":50,"language":"ZHS","playtime":2984,"items_purged":["Exhaustion"],"score":683,"play_id":"3992423f-2734-49a6-a88c-287c647569bb","local_time":"20210123114408","is_ascension_mode":false,"campfire_choices":[{"floor":6,"key":"RECALL"},{"floor":15,"key":"REST"},{"floor":32,"key":"REST"},{"floor":49,"key":"REST"}],"circlet_count":0,"master_deck":["Strike_R","Strike_R","Strike_R","Strike_R","Strike_R","Defend_R","Defend_R+1","Defend_R","Defend_R","Bash","Pommel Strike","Ghostly Armor+1","Trip","Flex","Uppercut","Anger","Pommel Strike","Feed","Battle Trance+1","Body Slam","Perfected Strike","Twin Strike","Dropkick","Demon Form","Searing Blow","Perfected Strike","AT_DrawKnifeCut+1","Flex","Pommel Strike","Rage","Apotheosis","Demon Form","Bandage Up","Flex","Perfected Strike+1","Flex+1","Parasite","Pommel Strike","Flex+1"],"relics":["Burning Blood","AT_ATBox","Baka2","GodSword4","Golden Idol","conspire:TopHat","Lizard Tail","Burning Blood","Bottled Flame","Odd Mushroom","EasyGame_NEW","Orrery","Toy Ornithopter","ZunR:ReiMu","AT_GuinsooRageblade","Sundial","War Paint","aspiration:Nostalgia","Memoryfragments_purpleEX","aspiration:SecretTechniqueScroll","Self Forming Clay","Mummified Hand","Ancient Tea Set"],"acts_visited":["Exordium","TheCity","TheBeyond"],"potions_floor_usage":[],"damage_taken":[{"damage":16,"enemies":"conspire:RoseBush","floor":1,"turns":3},{"damage":5,"enemies":"Small Slimes","floor":2,"turns":3},{"damage":11,"enemies":"Jaw Worm","floor":3,"turns":11},{"damage":11,"enemies":"Gremlin Nob","floor":8,"turns":3},{"damage":8,"enemies":"Exordium Wildlife","floor":10,"turns":2},{"damage":16,"enemies":"3 Sentries","floor":11,"turns":4},{"damage":9,"enemies":"2 Fungi Beasts","floor":12,"turns":2},{"damage":8,"enemies":"The Mushroom Lair","floor":13,"turns":3},{"damage":8,"enemies":"Large Slime","floor":14,"turns":2},{"damage":33,"enemies":"The Guardian","floor":16,"turns":9},{"damage":18,"enemies":"Chosen","floor":18,"turns":4},{"damage":20,"enemies":"Shell Parasite","floor":21,"turns":5},{"damage":15,"enemies":"Snecko","floor":22,"turns":4},{"damage":39,"enemies":"Book of Stabbing","floor":23,"turns":4},{"damage":14,"enemies":"Centurion and Healer","floor":24,"turns":3},{"damage":10,"enemies":"conspire:SneckoGhost","floor":27,"turns":3},{"damage":18,"enemies":"Snake Plant","floor":29,"turns":2},{"damage":43,"enemies":"conspire:MysteriousRune","floor":33,"turns":7},{"damage":58,"enemies":"3 Darklings","floor":35,"turns":4},{"damage":0,"enemies":"Orb Walker","floor":37,"turns":1},{"damage":9,"enemies":"Jaw Worm Horde","floor":39,"turns":3},{"damage":30,"enemies":"Giant Head","floor":40,"turns":5},{"damage":27,"enemies":"Sphere and 2 Shapes","floor":42,"turns":4},{"damage":9,"enemies":"Maw","floor":44,"turns":4},{"damage":21,"enemies":"Spire Growth","floor":45,"turns":3},{"damage":124,"enemies":"Nemesis","floor":46,"turns":5},{"damage":27,"enemies":"Writhing Mass","floor":47,"turns":3},{"damage":6,"enemies":"3 Darklings","floor":48,"turns":2},{"damage":66,"enemies":"Awakened One","floor":50,"turns":5}],"seed_played":"6312311348260825772","potions_obtained":[{"floor":1,"key":"Guardian:BlockOnCardUsePotion"},{"floor":3,"key":"AttackPotion"},{"floor":8,"key":"Ancient Potion"},{"floor":14,"key":"DuplicationPotion"},{"floor":44,"key":"BlessingOfTheForge"}],"is_trial":false,"path_per_floor":["M","M","M","?","T","R","$","E","T","M","E","M","?","M","R","B",null,"M","$","?","M","M","E","M","?","T","E","?","M","?","$","R","B",null,"M","?","M","?","M","E","?","M","T","M","M","E","M","M","R","B"],"character_chosen":"IRONCLAD","items_purchased":["Trip","Orrery","Apotheosis","aspiration:Nostalgia"],"campfire_rested":3,"item_purchase_floors":[7,19,31,31],"current_hp_per_floor":[78,79,74,52,52,52,52,47,47,45,35,38,42,46,72,56,88,84,84,84,88,85,58,56,56,56,58,58,52,52,52,78,47,88,42,88,91,91,91,64,64,70,70,73,68,37,22,28,56,0,0],"gold":450,"neow_bonus":"TEN_PERCENT_HP_BONUS","is_daily":false,"chose_seed":false,"campfire_upgraded":0,"win_rate":0.0,"timestamp":1611373448,"path_taken":["M","M","?","?","?","R","?","E","T","M","E","M","?","M","R","BOSS","M","$","?","M","M","E","M","?","T","E","?","M","?","$","R","BOSS","M","?","?","?","M","E","?","M","T","M","M","E","M","M","R","BOSS"],"items_purchased_type":["Card","Relic","Card","Relic"],"build_version":"2020-12-22","purchased_purges":1,"victory":false,"max_hp_per_floor":[88,88,88,88,88,88,88,88,88,88,88,88,88,88,88,88,88,88,88,88,88,88,88,88,88,88,88,88,88,88,88,88,88,88,88,88,91,91,91,91,91,94,94,94,94,94,94,94,94,94,94],"card_choices":[{"not_picked":["Searing Blow","Headbutt"],"picked":"AT_IchimonjiDouble","floor":1},{"not_picked":["Shrug It Off","Shockwave"],"picked":"Pommel Strike","floor":2},{"not_picked":["Power Through","AT_ManFootWork"],"picked":"Ghostly Armor","floor":3},{"not_picked":["True Grit","Impervious"],"picked":"AT_IchimonjiDouble","floor":8},{"not_picked":["Body Slam","Cleave"],"picked":"Flex","floor":10},{"not_picked":["Inflame","AT_IchimonjiDouble"],"picked":"Uppercut","floor":11},{"not_picked":["AT_IchimonjiDouble","Whirlwind","Headbutt"],"picked":"SKIP","floor":12},{"not_picked":["Iron Wave","Second Wind"],"picked":"Anger","floor":13},{"not_picked":["Headbutt","Iron Wave"],"picked":"Pommel Strike","floor":14},{"not_picked":["Offering","Corruption"],"picked":"Feed","floor":16},{"not_picked":["True Grit","AT_BodySlamDance+1","Headbutt+1"],"picked":"SKIP","floor":18},{"not_picked":["Clothesline","AT_IchimonjiDouble+1"],"picked":"Battle Trance+1","floor":19},{"not_picked":["Corruption","True Grit"],"picked":"Body Slam","floor":19},{"not_picked":["AT_DiedThrough","Twin Strike+1"],"picked":"Perfected Strike","floor":19},{"not_picked":["True Grit","Body Slam"],"picked":"Twin Strike","floor":19},{"not_picked":["Hemokinesis+1","AT_CaressingTears"],"picked":"Dropkick","floor":19},{"not_picked":["Thunderclap","Clothesline+1","AT_BodySlamDance"],"picked":"SKIP","floor":21},{"not_picked":["Power Through","AT_IchimonjiDouble+1"],"picked":"Perfected Strike","floor":22},{"not_picked":["AT_BodySlamDance","Reaper"],"picked":"AT_DrawKnifeCut+1","floor":23},{"not_picked":["Feel No Pain","Seeing Red"],"picked":"Flex","floor":24},{"not_picked":["Bloodletting","Armaments"],"picked":"Pommel Strike","floor":27},{"not_picked":["Armaments","Fire Breathing+1"],"picked":"Rage","floor":29},{"not_picked":["Fiend Fire","conspire:Purge"],"picked":"Demon Form","floor":33},{"not_picked":["Sword Boomerang+1","Cleave+1"],"picked":"Inflame+1","floor":35},{"not_picked":["Headbutt","AT_IchimonjiDouble+1","Clothesline+1"],"picked":"SKIP","floor":37},{"not_picked":["Magnetism","AT_FalsePromise"],"picked":"Bandage Up","floor":38},{"not_picked":["Warcry+1","Rupture+1","AT_BodySlamDance+1"],"picked":"SKIP","floor":39},{"not_picked":["Offering","Body Slam","Whirlwind"],"picked":"SKIP","floor":40},{"not_picked":["Cleave","AT_DrawKnifeCut","AT_BodySlamDance"],"picked":"SKIP","floor":42},{"not_picked":["Shrug It Off+1","Iron Wave"],"picked":"Flex","floor":44},{"not_picked":["Anger+1","Twin Strike"],"picked":"Perfected Strike+1","floor":45},{"not_picked":["Flame Barrier","conspire:ExplosiveBarrier+1"],"picked":"Flex+1","floor":46},{"not_picked":["Twin Strike","Shrug It Off"],"picked":"Pommel Strike","floor":47},{"not_picked":["Clothesline","Entrench+1"],"picked":"Flex+1","floor":48}],"player_experience":807,"relics_obtained":[{"floor":1,"key":"Baka"},{"floor":2,"key":"Baka2"},{"floor":3,"key":"GodSword4"},{"floor":8,"key":"conspire:TopHat"},{"floor":9,"key":"Lizard Tail"},{"floor":11,"key":"Burning Blood"},{"floor":11,"key":"Bottled Flame"},{"floor":13,"key":"Odd Mushroom"},{"floor":23,"key":"Toy Ornithopter"},{"floor":26,"key":"AT_GuinsooRageblade"},{"floor":27,"key":"Sundial"},{"floor":40,"key":"Self Forming Clay"},{"floor":43,"key":"Mummified Hand"},{"floor":46,"key":"Ancient Tea Set"}],"event_choices":[{"damage_healed":0,"gold_gain":0,"player_choice":"Take Damage","damage_taken":22,"relics_obtained":["Golden Idol"],"max_hp_gain":0,"max_hp_loss":0,"event_name":"Golden Idol","floor":4,"gold_loss":0},{"damage_healed":0,"gold_gain":0,"player_choice":"Fought Mushrooms","damage_taken":0,"max_hp_gain":0,"max_hp_loss":0,"event_name":"Mushrooms","floor":13,"gold_loss":0},{"damage_healed":0,"gold_gain":0,"cards_transformed":["AT_IchimonjiDouble","AT_IchimonjiDouble"],"player_choice":"Became Test Subject","damage_taken":0,"max_hp_gain":0,"max_hp_loss":0,"event_name":"Drug Dealer","floor":20,"gold_loss":0,"cards_obtained":["Demon Form","Searing Blow"]},{"damage_healed":0,"gold_gain":0,"player_choice":"购买神酒","damage_taken":0,"relics_obtained":["ZunR:ReiMu"],"max_hp_gain":0,"max_hp_loss":0,"event_name":"ZunEvent","floor":25,"gold_loss":40},{"damage_healed":0,"gold_gain":0,"player_choice":"Opened","damage_taken":0,"relics_obtained":["War Paint"],"max_hp_gain":0,"max_hp_loss":0,"event_name":"The Mausoleum","floor":28,"gold_loss":0},{"cards_removed":["Hemokinesis"],"damage_healed":46,"gold_gain":0,"player_choice":"Offered Uncommon","damage_taken":0,"max_hp_gain":0,"max_hp_loss":0,"event_name":"Bonfire Elementals","floor":36,"gold_loss":0},{"damage_healed":0,"gold_gain":0,"player_choice":"Memory 1","damage_taken":0,"max_hp_gain":0,"max_hp_loss":0,"event_name":"SensoryStone","floor":38,"gold_loss":0},{"damage_healed":0,"gold_gain":0,"player_choice":"Ignored","damage_taken":0,"max_hp_gain":0,"max_hp_loss":0,"event_name":"Tomb of Lord Red Mask","floor":41,"gold_loss":0}],"is_beta":false,"boss_relics":[{"not_picked":["aspiration:MarisaSkillbook","Coffee Dripper"],"picked":"EasyGame_NEW"},{"not_picked":["Black Blood","bronze:MakeshiftBattery"],"picked":"aspiration:SecretTechniqueScroll"}],"items_purged_floors":[31],"is_endless":false,"potions_floor_spawned":[1,3,8,14,22,23,27,37,39,40,44],"killed_by":"Awakened One","ascension_level":0}}