{"host":"ga4s3hj9m6nkn6gp","time":1611361875,"event":{"mods":["AchievementEnabler","BaseMod","Bestiary","Colored Powertips","Highlight Path","Minty Spire (QoL Compilation)","Relic Stats","everything is the same but u backflip on backflip"],"gold_per_floor":[115,115,130,130,130,130,158,158,158,158,158],"floor_reached":10,"language":"ENG","playtime":177,"items_purged":[],"score":178,"play_id":"5bc65096-7fb6-48e1-8762-090c729dcb4e","local_time":"20210123013115","is_ascension_mode":true,"campfire_choices":[{"data":"Endless Agony","floor":6,"key":"SMITH"},{"data":"Neutralize","floor":8,"key":"SMITH"}],"circlet_count":0,"master_deck":["AscendersBane","Strike_G","Strike_G","Strike_G","Defend_G","Defend_G","Defend_G","Defend_G","Defend_G","Survivor","Neutralize+1","Endless Agony+1","Expertise","Backstab"],"relics":["Ring of the Snake","NeowsBlessing","Meat on the Bone","Mummified Hand","Tiny Chest"],"acts_visited":["Exordium"],"potions_floor_usage":[10],"damage_taken":[{"damage":0,"enemies":"2 Louse","floor":1,"turns":1},{"damage":0,"enemies":"Cultist","floor":3,"turns":1},{"damage":0,"enemies":"Gremlin Nob","floor":7,"turns":1},{"damage":22,"enemies":"Lagavulin","floor":10,"turns":8}],"seed_played":"7256001073949465655","potions_obtained":[{"floor":7,"key":"ColorlessPotion"}],"is_trial":false,"path_per_floor":["M","?","M","?","?","R","E","R","T","E"],"character_chosen":"THE_SILENT","items_purchased":[],"campfire_rested":0,"item_purchase_floors":[],"current_hp_per_floor":[59,59,59,52,52,52,52,52,52,30,30],"gold":158,"neow_bonus":"THREE_ENEMY_KILL","is_daily":false,"chose_seed":false,"campfire_upgraded":2,"win_rate":0.0,"timestamp":1611361875,"path_taken":["M","?","?","?","?","R","E","R","T","E"],"items_purchased_type":[],"build_version":"2020-12-22","purchased_purges":0,"victory":false,"max_hp_per_floor":[66,66,66,66,66,66,66,66,66,66,66],"relic_stats":{"counters":[4,11],"Mummified Hand":[1],"Tiny Chest":0,"obtain_stats":[{"NeowsBlessing":0,"Mummified Hand":7,"Tiny Chest":9,"Ring of the Snake":0,"Meat on the Bone":2},{"NeowsBlessing":0,"Mummified Hand":3,"Tiny Chest":3,"Ring of the Snake":0,"Meat on the Bone":1},{"NeowsBlessing":0,"Mummified Hand":3,"Tiny Chest":3,"Ring of the Snake":0,"Meat on the Bone":1}],"Ring of the Snake":[8],"Meat on the Bone":0},"card_choices":[{"not_picked":["Dodge and Roll","Deflect"],"picked":"Well Laid Plans","floor":1},{"not_picked":["Infinite Blades","Footwork"],"picked":"Endless Agony","floor":3},{"not_picked":["Accuracy","Prepared"],"picked":"Backstab","floor":7}],"player_experience":666869,"relics_obtained":[{"floor":7,"key":"Mummified Hand"},{"floor":9,"key":"Tiny Chest"}],"event_choices":[{"cards_removed":["Well Laid Plans"],"damage_healed":0,"gold_gain":0,"player_choice":"Gave Card","damage_taken":0,"relics_obtained":["Meat on the Bone"],"max_hp_gain":0,"max_hp_loss":0,"event_name":"WeMeetAgain","floor":2,"gold_loss":0},{"cards_removed":["Strike_G"],"damage_healed":0,"gold_gain":0,"player_choice":"Card Removal","damage_taken":7,"max_hp_gain":0,"max_hp_loss":0,"event_name":"Golden Wing","floor":4,"gold_loss":0},{"damage_healed":0,"gold_gain":0,"cards_transformed":["Strike_G"],"player_choice":"Change","damage_taken":0,"max_hp_gain":0,"max_hp_loss":0,"event_name":"Living Wall","floor":5,"gold_loss":0,"cards_obtained":["Expertise"]}],"is_beta":false,"boss_relics":[],"items_purged_floors":[],"is_endless":false,"potions_floor_spawned":[7],"killed_by":"Lagavulin","ascension_level":20}}