{"host":"7k2a2omxz3voj5ax","time":1611370514,"event":{"mods":["BaseMod","Marisa£¨ìFÓê¡¡Ä§ÀíÉ³£©","Minty Spire (QoL Compilation)","Quick Restart","Spicy Shops","StSLib","Starting Relic: Pandora\u0027s Box","¡¾ÒÅÎï¿¨ÅÆ¡¿REMEMod","óô»ðÖ¸ÄÏ"],"gold_per_floor":[119,131,131,1023,1049,1089,1123,1203,1203,1246,1323,1148,1204,1230,1025,1037,1037],"floor_reached":16,"language":"ZHS","playtime":487,"items_purged":["MasterSpark","RefractionSpark","GravityBeat"],"score":248,"play_id":"dcee4d1c-be20-4737-93c0-ed06ecaabbd9","local_time":"20210123115514","is_ascension_mode":true,"campfire_choices":[],"circlet_count":0,"master_deck":["AscendersBane","UpSweep","OrrerysSun","DragonMeteor","WitchOfGreed","WitchLeyline","NonDirectionalLaser","WitchLeyline","SuperNova","6A","GasGiant+1","PowerUp+1","BlazeAway+1","UltimateShortwave+1","Singularity"],"relics":["MiniHakkero","REME_ComplimentaryCards","NeowsBlessing","FaceOfCleric","SimpleLauncher","Mummified Hand","Toxic Egg 2","Sundial","Pen Nib","Eternal Feather","REME_ArchaeologicalTools"],"acts_visited":["Exordium"],"potions_floor_usage":[8],"damage_taken":[{"damage":0.0,"enemies":"2 Louse","floor":1.0,"turns":1.0},{"damage":0.0,"enemies":"Cultist","floor":2.0,"turns":1.0},{"damage":0.0,"enemies":"Small Slimes","floor":5.0,"turns":2.0},{"damage":17.0,"enemies":"3 Sentries","floor":6.0,"turns":5.0},{"damage":1.0,"enemies":"Exordium Wildlife","floor":7.0,"turns":3.0},{"damage":20,"enemies":"Lagavulin","floor":8,"turns":4},{"damage":8,"enemies":"Gremlin Nob","floor":10,"turns":3},{"damage":0,"enemies":"Looter","floor":11,"turns":2},{"damage":12,"enemies":"Exordium Thugs","floor":13,"turns":3},{"damage":6,"enemies":"2 Fungi Beasts","floor":14,"turns":2},{"damage":18,"enemies":"The Guardian","floor":16,"turns":2}],"seed_played":"5265864780759802960","potions_obtained":[{"floor":1.0,"key":"BottledSpark"},{"floor":5.0,"key":"LiquidBronze"},{"floor":6.0,"key":"REME_GoldPotion"},{"floor":8,"key":"CultistPotion"},{"floor":13,"key":"DuplicationPotion"},{"floor":13,"key":"SteroidPotion"}],"is_trial":false,"path_per_floor":["M","M","?","$","M","E","M","E","T","E","M","$","M","M","R","B"],"character_chosen":"MARISA","items_purchased":["SimpleLauncher","Mummified Hand","Toxic Egg 2","Sundial","GasGiant+1","BlazeAway+1","Singularity"],"campfire_rested":0,"item_purchase_floors":[4,4,4,4,4,12,15],"current_hp_per_floor":[63,63,63,63,64,48,48,29,29,22,23,23,12,7,16,0,0],"gold":1037,"neow_bonus":"THREE_ENEMY_KILL","is_daily":false,"chose_seed":false,"campfire_upgraded":0,"win_rate":0.0,"timestamp":1611370514,"path_taken":["M","M","?","?","?","E","M","E","T","E","M","$","M","M","R","BOSS"],"items_purchased_type":["Relic","Relic","Relic","Relic","Card","Card","Card"],"build_version":"2020-12-22","purchased_purges":3,"victory":false,"max_hp_per_floor":[70,70,70,70,71,72,73,74,74,75,76,76,77,78,78,78,78],"card_choices":[{"not_picked":["WitchOfGreed","IllusionStar"],"picked":"6A","floor":1.0},{"not_picked":["ShootingEcho","ManaConvection","SporeBomb"],"picked":"SKIP","floor":2.0},{"not_picked":["ManaConvection+1","EventHorizon","MilkyWay+1"],"picked":"SKIP","floor":5.0},{"not_picked":["CollectingQuirk","ManaConvection+1","NonDirectionalLaser"],"picked":"SKIP","floor":6.0},{"not_picked":["DC","AsteroidBelt+1"],"picked":"PowerUp+1","floor":7.0},{"not_picked":["DoubleSpark","PropBag+1","ChargingUp+1"],"picked":"SKIP","floor":8},{"not_picked":["LuminesStrike","AsteroidBelt+1","ShootingEcho"],"picked":"SKIP","floor":10},{"not_picked":["DC","DarkMatter+1","MagicChant+1"],"picked":"SKIP","floor":11},{"not_picked":["IllusionStar+1","EnergyFlow","PowerUp+1"],"picked":"SKIP","floor":13},{"not_picked":["OneTimeOff+1","NonDirectionalLaser"],"picked":"UltimateShortwave+1","floor":14}],"player_experience":476357,"relics_obtained":[{"floor":6.0,"key":"Pen Nib"},{"floor":8,"key":"Eternal Feather"},{"floor":10,"key":"REME_ArchaeologicalTools"}],"event_choices":[{"damage_healed":0.0,"max_hp_gain":0.0,"max_hp_loss":0.0,"gold_gain":0.0,"event_name":"FaceTrader","player_choice":"Trade","floor":3.0,"gold_loss":0.0,"damage_taken":0.0,"relics_obtained":["FaceOfCleric"]}],"is_beta":false,"boss_relics":[],"items_purged_floors":[4,12,15],"is_endless":false,"potions_floor_spawned":[1,5,6,11,13],"killed_by":"The Guardian","ascension_level":20}}