{"host":"srk2drlvga69hbot","time":1611397227,"event":{"mods":["BaseMod","Bestiary","Block Reminder","Colored Map","Colored Powertips","Dark Map","DeckTracker","Highlight Path","Minty Spire (QoL Compilation)","Quick Restart","Rare Cards Sparkle","Relic Stats","SuperFastMode","Unceasing Turn Reminder"],"gold_per_floor":[118,134,149,149,169,201,221,221,221,239,265,276,310,324,324,425,425,437,187,187],"floor_reached":19,"language":"ZHS","playtime":960,"items_purged":[],"score":298,"play_id":"055e5f91-fd6c-4df2-af8c-a317e8784bc4","local_time":"20210123182027","is_ascension_mode":true,"campfire_choices":[{"data":"Infernal Blade","floor":8,"key":"SMITH"},{"floor":15,"key":"REST"}],"circlet_count":0,"master_deck":["Strike_R","Strike_R","Strike_R","Strike_R","Strike_R","Defend_R","Defend_R","Defend_R","Defend_R","Bash","Infernal Blade+1","Perfected Strike","Pommel Strike","Perfected Strike","Perfected Strike","Perfected Strike","Pommel Strike","Rage","Perfected Strike","Offering"],"relics":["Burning Blood","Prayer Wheel","Ancient Tea Set","Strawberry","Singing Bowl","Velvet Choker","Bottled Flame"],"acts_visited":["Exordium","TheCity"],"potions_floor_usage":[10,11,11,11,16,16],"damage_taken":[{"damage":1,"enemies":"2 Louse","floor":1,"turns":3},{"damage":1,"enemies":"Cultist","floor":2,"turns":3},{"damage":7,"enemies":"Jaw Worm","floor":3,"turns":2},{"damage":5,"enemies":"Exordium Wildlife","floor":5,"turns":3},{"damage":40,"enemies":"3 Sentries","floor":6,"turns":10},{"damage":13,"enemies":"Blue Slaver","floor":7,"turns":2},{"damage":26,"enemies":"Exordium Thugs","floor":10,"turns":5},{"damage":0,"enemies":"Lagavulin","floor":11,"turns":3},{"damage":14,"enemies":"Exordium Wildlife","floor":12,"turns":3},{"damage":20,"enemies":"3 Sentries","floor":13,"turns":5},{"damage":16,"enemies":"Gremlin Gang","floor":14,"turns":3},{"damage":34,"enemies":"The Guardian","floor":16,"turns":5},{"damage":6,"enemies":"Chosen","floor":18,"turns":1}],"seed_played":"6743919486742277316","potions_obtained":[{"floor":2,"key":"EntropicBrew"},{"floor":4,"key":"Fire Potion"},{"floor":4,"key":"Regen Potion"},{"floor":12,"key":"Fire Potion"},{"floor":16,"key":"SpeedPotion"}],"is_trial":false,"path_per_floor":["M","M","M","?","M","E","M","R","T","M","E","M","E","M","R","B",null,"M","$"],"character_chosen":"IRONCLAD","items_purchased":["Bottled Flame"],"campfire_rested":1,"item_purchase_floors":[19],"current_hp_per_floor":[80,80,79,79,80,46,39,39,39,33,46,38,26,16,42,14,70,74,74,74],"gold":187,"neow_bonus":"THREE_CARDS","is_daily":false,"chose_seed":false,"campfire_upgraded":1,"win_rate":0.0,"timestamp":1611397227,"path_taken":["M","M","M","?","?","E","?","R","T","?","E","M","E","M","R","BOSS","M","$"],"items_purchased_type":["Relic"],"build_version":"2020-12-22","purchased_purges":0,"victory":false,"max_hp_per_floor":[80,80,80,80,80,80,80,80,80,80,87,87,89,89,89,89,89,93,93,93],"relic_stats":{"Singing Bowl":6,"counters":[13,48],"Prayer Wheel":5,"obtain_stats":[{"Bottled Flame":19,"Singing Bowl":13,"Strawberry":11,"Velvet Choker":17,"Prayer Wheel":6,"Ancient Tea Set":9,"Burning Blood":0},{"Bottled Flame":13,"Singing Bowl":10,"Strawberry":8,"Velvet Choker":12,"Prayer Wheel":5,"Ancient Tea Set":6,"Burning Blood":0},{"Bottled Flame":48,"Singing Bowl":39,"Strawberry":31,"Velvet Choker":47,"Prayer Wheel":21,"Ancient Tea Set":23,"Burning Blood":0}],"Burning Blood":68},"card_choices":[{"not_picked":["Armaments","Pommel Strike"],"picked":"Infernal Blade","floor":0},{"not_picked":["Body Slam","Armaments"],"picked":"Perfected Strike","floor":1},{"not_picked":["Body Slam","Twin Strike"],"picked":"Pommel Strike","floor":2},{"not_picked":["Flame Barrier","Blood for Blood","Brutality"],"picked":"SKIP","floor":3},{"not_picked":["Second Wind","Clothesline","Hemokinesis"],"picked":"SKIP","floor":5},{"not_picked":["Corruption","Clothesline","Havoc"],"picked":"SKIP","floor":6},{"not_picked":["Fire Breathing","Dark Embrace"],"picked":"Perfected Strike","floor":7},{"not_picked":["True Grit","Clothesline"],"picked":"Perfected Strike","floor":7},{"not_picked":["Burning Pact","Clash"],"picked":"Perfected Strike","floor":10},{"not_picked":["Fire Breathing","Sentinel","Ghostly Armor"],"picked":"SKIP","floor":10},{"not_picked":["Rupture","Juggernaut"],"picked":"Pommel Strike","floor":11},{"not_picked":["Clothesline","Clash","Power Through"],"picked":"SKIP","floor":12},{"not_picked":["Anger","Hemokinesis","Spot Weakness"],"picked":"SKIP","floor":12},{"not_picked":["Searing Blow","Thunderclap","Body Slam"],"picked":"Singing Bowl","floor":13},{"not_picked":["Disarm","Power Through"],"picked":"Rage","floor":14},{"not_picked":["Thunderclap","Havoc"],"picked":"Perfected Strike","floor":14},{"not_picked":["Barricade","Fiend Fire"],"picked":"Offering","floor":16},{"not_picked":["Evolve","Perfected Strike+1","Fire Breathing"],"picked":"Singing Bowl","floor":18},{"not_picked":["Second Wind","Entrench","Dropkick+1"],"picked":"Singing Bowl","floor":18}],"player_experience":161992,"relics_obtained":[{"floor":6,"key":"Prayer Wheel"},{"floor":9,"key":"Ancient Tea Set"},{"floor":11,"key":"Strawberry"},{"floor":13,"key":"Singing Bowl"}],"event_choices":[{"damage_healed":0,"gold_gain":0,"player_choice":"Got Potions","damage_taken":0,"max_hp_gain":0,"max_hp_loss":0,"event_name":"Lab","floor":4,"gold_loss":0}],"is_beta":false,"boss_relics":[{"not_picked":["Mark of Pain","Fusion Hammer"],"picked":"Velvet Choker"}],"items_purged_floors":[],"is_endless":false,"potions_floor_spawned":[2,5,6,7,12,16],"ascension_level":5}}