{"host":"ppir7fmwqxhicm8z","time":1611408524,"event":{"mods":["Act Like it!","BaseMod","Colored Map","Gensokyo","Minty Spire (QoL Compilation)","Quick Restart","StSLib"],"gold_per_floor":[113,13,13,13,13,39,39,51,76,88,118,143,155,198,210,324,386,409,434,435,447,71,83,124,136,148,190,79,479,507,525,525,525,525],"floor_reached":33,"language":"ZHS","playtime":2425,"items_purged":["Pain"],"score":424,"play_id":"21d9e53b-30cd-451a-99cd-aa1824f1bedf","local_time":"20210123212843","is_ascension_mode":true,"campfire_choices":[{"data":"Eruption","floor":7.0,"key":"SMITH"},{"data":"BattleHymn","floor":15.0,"key":"SMITH"},{"data":"Establishment","floor":23.0,"key":"SMITH"},{"data":"Meditate","floor":25.0,"key":"SMITH"},{"data":"MasterReality","floor":32,"key":"SMITH"}],"circlet_count":0,"master_deck":["Strike_P","Strike_P","Strike_P","Strike_P","Defend_P","Defend_P","Defend_P","Defend_P","Eruption+1","Vigilance","Tantrum","FlyingSleeves+1","Prostrate","Gensokyo:CrescentMoonSlash","Halt","BattleHymn+1","EmptyFist","Establishment+1","FlurryOfBlows","Gensokyo:BlemishedSteel","Gensokyo:LittleGreenMen","Swivel+1","Meditate+1","MasterReality+1","Indignation"],"relics":["PureWater","NeowsBlessing","StrikeDummy","Gensokyo:LunaticRedEyes","Turnip","Toy Ornithopter","MawBank","Gensokyo:PortableGap","Pen Nib","Tiny House","Gensokyo:MosesMiracle","Nunchaku","Gremlin Horn","Art of War","Smiling Mask","Unceasing Top","Calipers","PreservedInsect"],"acts_visited":["Exordium","Gensokyo:Gensokyo"],"potions_floor_usage":[29,30],"damage_taken":[{"damage":0.0,"enemies":"Gensokyo:Gryphon","floor":1.0,"turns":1.0},{"damage":1.0,"enemies":"Gensokyo:Aya","floor":6.0,"turns":1.0},{"damage":0.0,"enemies":"Gensokyo:2_Kodama","floor":8.0,"turns":1.0},{"damage":1.0,"enemies":"Gensokyo:3_Fairies","floor":11.0,"turns":2.0},{"damage":5.0,"enemies":"Gensokyo:Python_and_Kodama","floor":12.0,"turns":2.0},{"damage":4.0,"enemies":"Gensokyo:Cirno","floor":14.0,"turns":5.0},{"damage":34.0,"enemies":"Gensokyo:Yukari","floor":16.0,"turns":8.0},{"damage":32.0,"enemies":"Gensokyo:AngelMirror","floor":18.0,"turns":3.0},{"damage":16.0,"enemies":"Gensokyo:CosmicMonolith","floor":19.0,"turns":3.0},{"damage":40.0,"enemies":"Gensokyo:Tenshi","floor":24.0,"turns":5.0},{"damage":11.0,"enemies":"Gensokyo:Koishi","floor":27.0,"turns":4.0},{"damage":22,"enemies":"Gensokyo:Koishi","floor":29,"turns":5},{"damage":0,"enemies":"Gensokyo:Reisen","floor":30,"turns":3},{"damage":5,"enemies":"Gensokyo:Slime_Group","floor":31,"turns":3},{"damage":38,"enemies":"Gensokyo:Eternal_Rivals","floor":33,"turns":4}],"seed_played":"7677761821373765313","potions_obtained":[{"floor":1.0,"key":"EssenceOfSteel"},{"floor":6.0,"key":"Dexterity Potion"},{"floor":8.0,"key":"SteroidPotion"},{"floor":24.0,"key":"SteroidPotion"},{"floor":29,"key":"Regen Potion"},{"floor":30,"key":"BottledMiracle"}],"is_trial":false,"path_per_floor":["M","?","?","T","$","E","R","M","T","?","M","M","?","E","R","B",null,"M","M","?","?","COS","R","E","R","T","E","$","?","E","M","R","B"],"character_chosen":"WATCHER","items_purchased":["Block Potion"],"campfire_rested":0,"item_purchase_floors":[28],"current_hp_per_floor":[72,72,72,72,72,71,71,71,71,61,60,55,55,51,51,17,70,38,22,54,54,54,54,24,24,24,23,23,6,20,15,15,0,0],"gold":525,"neow_bonus":"THREE_ENEMY_KILL","is_daily":false,"chose_seed":false,"campfire_upgraded":5,"win_rate":0.0,"timestamp":1611408523,"path_taken":["M","?","?","?","?","E","R","M","T","?","M","?","?","E","R","BOSS","M","M","?","?","COS","R","E","R","T","E","$","?","E","?","R","BOSS"],"items_purchased_type":["Potion"],"build_version":"2020-12-22","purchased_purges":1,"victory":false,"max_hp_per_floor":[72,72,72,72,72,72,72,72,72,72,72,72,65,65,65,65,70,70,70,70,70,70,70,70,70,70,70,70,70,70,70,70,70,70],"card_choices":[{"not_picked":["Study","EmptyFist"],"picked":"Tantrum","floor":1.0},{"not_picked":["Wish","Crescendo"],"picked":"FlyingSleeves","floor":6.0},{"not_picked":["Protect","Crescendo"],"picked":"Prostrate","floor":8.0},{"not_picked":["CarveReality","WindmillStrike"],"picked":"Halt","floor":11.0},{"not_picked":["Sanctity","Consecrate"],"picked":"BattleHymn","floor":12.0},{"not_picked":["Collect","FlyingSleeves"],"picked":"EmptyFist","floor":14.0},{"not_picked":["Vault","ConjureBlade"],"picked":"Establishment","floor":16.0},{"not_picked":["FlyingSleeves","Wireheading+1"],"picked":"PathToVictory+1","floor":18.0},{"not_picked":["JustLucky","Tantrum"],"picked":"FlurryOfBlows","floor":19.0},{"not_picked":["SashWhip+1","CrushJoints+1"],"picked":"Swivel+1","floor":24.0},{"not_picked":["Halt","FollowUp"],"picked":"Meditate","floor":24.0},{"not_picked":["DeceiveReality","Weave"],"picked":"MasterReality","floor":27.0},{"not_picked":["Halt","ForeignInfluence"],"picked":"Indignation","floor":29},{"not_picked":["Meditate","SignatureMove","CutThroughFate"],"picked":"SKIP","floor":30},{"not_picked":["Indignation","FlyingSleeves","CrushJoints"],"picked":"SKIP","floor":31}],"player_experience":393507,"relics_obtained":[{"floor":4.0,"key":"Turnip"},{"floor":6.0,"key":"Toy Ornithopter"},{"floor":9.0,"key":"MawBank"},{"floor":14.0,"key":"Pen Nib"},{"floor":24.0,"key":"Nunchaku"},{"floor":26.0,"key":"Gremlin Horn"},{"floor":27.0,"key":"Art of War"},{"floor":29,"key":"Unceasing Top"},{"floor":29,"key":"Calipers"},{"floor":29,"key":"Gensokyo:MosesMiracle"},{"floor":30,"key":"PreservedInsect"}],"event_choices":[],"is_beta":false,"boss_relics":[{"not_picked":["Coffee Dripper","Pandora\u0027s Box"],"picked":"Tiny House"}],"items_purged_floors":[28],"is_endless":false,"potions_floor_spawned":[1,6,8,24,29,30],"killed_by":"Gensokyo:Eternal_Rivals","ascension_level":1}}