{"host":"a5lz0e76zb3fcwkm","time":1611401191,"event":{"mods":["AchievementEnabler","BaseMod","Colored Map","Colored Powertips","Minty Spire (QoL Compilation)","StSLib","SuperFastMode"],"gold_per_floor":[18,29,39,39,55,86,86,117,117,117,147,161,187,187,187,265,265,279,298,658,255,274,274,293,313,313,238,256,268,268,149,149,226,226,239,239,36,50,95,129,154,154,154,182,182,192,0,15,15,15,15,15,15,15,48,48,48],"floor_reached":56,"language":"KOR","playtime":3171,"items_purged":["Strike_B","Defend_B","Defend_B","Zap+1"],"score":2099,"play_id":"5d1dceee-afb0-4c21-83fd-358c7422686b","local_time":"20210123202631","is_ascension_mode":true,"campfire_choices":[{"data":"Zap","floor":7.0,"key":"SMITH"},{"floor":10.0,"key":"REST"},{"data":"Blizzard","floor":15.0,"key":"SMITH"},{"floor":23.0,"key":"REST"},{"floor":30.0,"key":"REST"},{"data":"Seek","floor":32.0,"key":"SMITH"},{"floor":42.0,"key":"RECALL"},{"data":"Buffer","floor":49.0,"key":"SMITH"},{"data":"Echo Form","floor":53.0,"key":"SMITH"}],"circlet_count":0,"master_deck":["AscendersBane","Dualcast","Chill","Compile Driver","BootSequence","Seek+1","Undo","Blizzard+1","White Noise+1","Seek+1","Steam+1","Rebound+1","Fusion+1","Turbo+1","Compile Driver","Capacitor+1","Force Field+1","Coolheaded+1","Consume+1","Panacea+1","Echo Form+1","Coolheaded+1","Turbo+1","Compile Driver","Buffer+1","Recycle+1","Redo+1","Meteor Strike","White Noise+1","Blizzard"],"relics":["Cracked Core","Calipers","Regal Pillow","Toxic Egg 2","Sundial","Symbiotic Virus","Oddly Smooth Stone","Astrolabe","Membership Card","Pear","Cursed Key","Ancient Tea Set","Emotion Chip","CaptainsWheel","Turnip","Question Card","ClockworkSouvenir","Anchor"],"acts_visited":["Exordium","TheCity","TheBeyond","TheEnding"],"potions_floor_usage":[56,56],"damage_taken":[{"damage":7.0,"enemies":"Jaw Worm","floor":1.0,"turns":3.0},{"damage":7.0,"enemies":"Small Slimes","floor":2.0,"turns":4.0},{"damage":1.0,"enemies":"2 Louse","floor":3.0,"turns":3.0},{"damage":0.0,"enemies":"Gremlin Gang","floor":5.0,"turns":2.0},{"damage":11.0,"enemies":"Lagavulin","floor":6.0,"turns":7.0},{"damage":35.0,"enemies":"Gremlin Nob","floor":8.0,"turns":4.0},{"damage":0.0,"enemies":"Lagavulin","floor":11.0,"turns":7.0},{"damage":0.0,"enemies":"3 Louse","floor":12.0,"turns":3.0},{"damage":2.0,"enemies":"3 Sentries","floor":13.0,"turns":7.0},{"damage":40.0,"enemies":"Hexaghost","floor":16.0,"turns":12.0},{"damage":12.0,"enemies":"Shell Parasite","floor":18.0,"turns":5.0},{"damage":5.0,"enemies":"3 Byrds","floor":19.0,"turns":6.0},{"damage":3.0,"enemies":"Cultist and Chosen","floor":22.0,"turns":5.0},{"damage":0.0,"enemies":"3 Cultists","floor":24.0,"turns":4.0},{"damage":7.0,"enemies":"Snecko","floor":25.0,"turns":7.0},{"damage":13.0,"enemies":"Snake Plant","floor":28.0,"turns":6.0},{"damage":1.0,"enemies":"Centurion and Healer","floor":29.0,"turns":5.0},{"damage":0.0,"enemies":"Champ","floor":33.0,"turns":9.0},{"damage":0.0,"enemies":"3 Darklings","floor":35.0,"turns":5.0},{"damage":0.0,"enemies":"3 Shapes","floor":38.0,"turns":5.0},{"damage":21.0,"enemies":"2 Orb Walkers","floor":39.0,"turns":6.0},{"damage":0.0,"enemies":"Giant Head","floor":40.0,"turns":8.0},{"damage":0.0,"enemies":"Mind Bloom Boss Battle","floor":41.0,"turns":7.0},{"damage":9.0,"enemies":"Reptomancer","floor":44.0,"turns":7.0},{"damage":0.0,"enemies":"Maw","floor":46.0,"turns":8.0},{"damage":0.0,"enemies":"Spire Growth","floor":48.0,"turns":6.0},{"damage":9.0,"enemies":"Time Eater","floor":50.0,"turns":12.0},{"damage":14.0,"enemies":"Donu and Deca","floor":51.0,"turns":11.0},{"damage":29.0,"enemies":"Shield and Spear","floor":55.0,"turns":8.0},{"damage":47,"enemies":"The Heart","floor":56,"turns":5}],"seed_played":"5266964503401724940","potions_obtained":[{"floor":1.0,"key":"FocusPotion"},{"floor":2.0,"key":"Explosive Potion"},{"floor":6.0,"key":"SmokeBomb"},{"floor":8.0,"key":"Energy Potion"},{"floor":13.0,"key":"Dexterity Potion"},{"floor":22.0,"key":"LiquidBronze"},{"floor":25.0,"key":"Regen Potion"},{"floor":33.0,"key":"Strength Potion"},{"floor":38.0,"key":"Ancient Potion"},{"floor":46.0,"key":"Ancient Potion"}],"is_trial":false,"path_per_floor":["M","M","M","?","M","E","R","E","T","R","E","M","E","?","R","B",null,"M","M","?","$","M","R","M","M","T","?","M","M","R","$","R","B",null,"M","?","$","M","?","E","?","R","T","E","T","M","$","M","R","B","B",null,"R","$","E","B"],"character_chosen":"DEFECT","items_purchased":["Membership Card","Turbo+1","Compile Driver","Pear","FocusPotion","Consume+1","Panacea+1","Ancient Tea Set","Turbo+1","Compile Driver","White Noise+1","ClockworkSouvenir"],"campfire_rested":3,"item_purchase_floors":[21,21,21,21,21,31,31,37,37,37,47,47],"current_hp_per_floor":[57,50,49,49,49,38,38,3,3,39,39,39,37,42,42,2,58,46,41,5,15,12,52,52,45,45,45,32,31,71,71,71,71,82,82,82,82,82,61,61,76,76,76,67,67,67,67,67,67,58,44,76,76,76,47,0,0],"gold":48,"neow_bonus":"ONE_RARE_RELIC","is_daily":false,"chose_seed":false,"campfire_upgraded":5,"win_rate":0.0,"timestamp":1611401191,"path_taken":["M","M","M","?","M","E","R","E","T","R","E","M","E","?","R","BOSS","M","M","?","$","M","R","M","?","T","?","M","M","R","$","R","BOSS","M","?","$","M","?","E","?","R","T","E","?","M","$","M","R","BOSS","BOSS","R","$","E","BOSS"],"items_purchased_type":["Relic","Card","Card","Relic","Potion","Card","Card","Relic","Card","Card","Card","Relic"],"build_version":"2020-12-22","purchased_purges":4,"victory":false,"max_hp_per_floor":[71,71,71,71,71,71,71,71,71,71,71,71,71,76,76,76,76,76,76,76,86,86,86,86,86,86,86,86,86,86,86,86,86,86,86,86,86,86,86,86,86,86,86,86,86,86,86,86,86,86,86,86,86,86,86,86,86],"card_choices":[{"not_picked":["Steam Power","Reprogram"],"picked":"Chill","floor":1.0},{"not_picked":["Double Energy","Leap"],"picked":"Compile Driver","floor":2.0},{"not_picked":["Conserve Battery","Barrage"],"picked":"BootSequence","floor":3.0},{"not_picked":["Compile Driver","Beam Cell"],"picked":"Seek","floor":5.0},{"not_picked":["Sweeping Beam","Turbo"],"picked":"Undo","floor":6.0},{"not_picked":["Meteor Strike","Cold Snap"],"picked":"Coolheaded+1","floor":8.0},{"not_picked":["Beam Cell","Reinforced Body+1"],"picked":"Blizzard","floor":11.0},{"not_picked":["Aggregate+1","Cold Snap"],"picked":"White Noise+1","floor":12.0},{"not_picked":["Thunder Strike","Sweeping Beam","Barrage"],"picked":"SKIP","floor":13.0},{"not_picked":["Thunder Strike","Machine Learning"],"picked":"Seek+1","floor":16.0},{"not_picked":["Ball Lightning+1","Rebound","Static Discharge"],"picked":"SKIP","floor":18.0},{"not_picked":["Scrape","Lockon","Rebound"],"picked":"SKIP","floor":19.0},{"not_picked":["Steam+1","Sunder","Ball Lightning"],"picked":"SKIP","floor":22.0},{"not_picked":["Leap+1","Defragment"],"picked":"Capacitor+1","floor":24.0},{"not_picked":["Darkness+1","Doom and Gloom"],"picked":"Force Field+1","floor":25.0},{"not_picked":["Barrage","Sweeping Beam"],"picked":"Coolheaded+1","floor":28.0},{"not_picked":["Reinforced Body+1","Undo+1","Doom and Gloom"],"picked":"SKIP","floor":29.0},{"not_picked":["Core Surge","Reboot+1"],"picked":"Echo Form","floor":33.0},{"not_picked":["Hologram+1","Beam Cell"],"picked":"Coolheaded+1","floor":35.0},{"not_picked":["Beam Cell","Steam+1","Rebound"],"picked":"SKIP","floor":38.0},{"not_picked":["Coolheaded+1","Hello World+1"],"picked":"Buffer","floor":39.0},{"not_picked":["Undo+1","Fusion+1","Reprogram+1"],"picked":"SKIP","floor":40.0},{"not_picked":["Rebound+1","Reinforced Body+1"],"picked":"Recycle+1","floor":41.0},{"not_picked":["Rip and Tear","Redo+1","Streamline"],"picked":"SKIP","floor":44.0},{"not_picked":["Rip and Tear","Streamline"],"picked":"Redo+1","floor":44.0},{"not_picked":["Compile Driver","Defragment","Stack+1"],"picked":"Meteor Strike","floor":46.0},{"not_picked":["Barrage","Melter","Ball Lightning","Stack+1"],"picked":"SKIP","floor":48.0},{"not_picked":["Stack+1","Redo+1","Blizzard","Consume+1"],"picked":"SKIP","floor":55.0},{"not_picked":["Stack+1","Redo+1","Consume+1"],"picked":"Blizzard","floor":55.0}],"player_experience":1791657,"relics_obtained":[{"floor":6.0,"key":"Regal Pillow"},{"floor":8.0,"key":"Toxic Egg 2"},{"floor":9.0,"key":"Sundial"},{"floor":11.0,"key":"Symbiotic Virus"},{"floor":13.0,"key":"Oddly Smooth Stone"},{"floor":39.0,"key":"Emotion Chip"},{"floor":40.0,"key":"CaptainsWheel"},{"floor":41.0,"key":"Turnip"},{"floor":44.0,"key":"Question Card"},{"floor":55.0,"key":"Anchor"}],"event_choices":[{"cards_removed":["Defend_B"],"damage_healed":0.0,"max_hp_gain":0.0,"max_hp_loss":0.0,"gold_gain":0.0,"event_name":"Living Wall","player_choice":"Forget","floor":4.0,"gold_loss":0.0,"damage_taken":0.0},{"damage_healed":0.0,"max_hp_gain":5.0,"max_hp_loss":0.0,"gold_gain":0.0,"event_name":"Big Fish","player_choice":"Donut","floor":14.0,"gold_loss":0.0,"damage_taken":0.0},{"damage_healed":0.0,"max_hp_gain":0.0,"max_hp_loss":0.0,"gold_gain":360.0,"event_name":"Knowing Skull","player_choice":"GOLD GOLD GOLD GOLD ","floor":20.0,"potions_obtained":[],"gold_loss":0.0,"damage_taken":36.0,"cards_obtained":[]},{"cards_removed":["Defend_B"],"damage_healed":0.0,"max_hp_gain":0.0,"max_hp_loss":0.0,"gold_gain":0.0,"event_name":"Beggar","player_choice":"Gave Gold","floor":27.0,"gold_loss":75.0,"damage_taken":0.0},{"cards_removed":["Coolheaded"],"damage_healed":0.0,"max_hp_gain":0.0,"max_hp_loss":0.0,"gold_gain":0.0,"event_name":"Falling","player_choice":"Removed Skill","floor":36.0,"gold_loss":0.0,"damage_taken":0.0},{"damage_healed":0.0,"max_hp_gain":0.0,"max_hp_loss":0.0,"gold_gain":0.0,"event_name":"Mysterious Sphere","player_choice":"Fight","floor":39.0,"gold_loss":0.0,"damage_taken":0.0},{"damage_healed":0.0,"max_hp_gain":0.0,"max_hp_loss":0.0,"gold_gain":0.0,"event_name":"MindBloom","player_choice":"Fight","floor":41.0,"gold_loss":0.0,"damage_taken":0.0}],"is_beta":false,"boss_relics":[{"not_picked":["SlaversCollar","Runic Dome"],"picked":"Astrolabe"},{"not_picked":["Calling Bell","Snecko Eye"],"picked":"Cursed Key"}],"items_purged_floors":[21,31,37,47],"is_endless":false,"potions_floor_spawned":[1,2,6,8,13,22,25,29,33,38,39,46],"killed_by":"The Heart","ascension_level":20}}