{"host":"j4g6ia6asvpyu2b0","time":1611423791,"event":{"mods":["BaseMod","Colored Map","Minty Spire (QoL Compilation)","Permanent Neow","Quick Restart","Relic Stats","StSLib","Unceasing Turn Reminder"],"gold_per_floor":[112,262,23,43,43,43,71,71,71,82,111,121,171,189,189,263,263,281,281,196,91,109,109,144,0,0,0,15,26,59,73,73,73,73],"floor_reached":33,"language":"ENG","playtime":1110,"items_purged":["Doubt"],"score":581,"play_id":"1544d9fd-44fc-432d-b5ad-dcc5921d9b30","local_time":"20210123104311","is_ascension_mode":true,"campfire_choices":[{"data":"Feed","floor":6.0,"key":"SMITH"},{"data":"Bash","floor":8.0,"key":"SMITH"},{"data":"Discovery","floor":15.0,"key":"SMITH"},{"data":"Apotheosis","floor":23.0,"key":"SMITH"},{"floor":27.0,"key":"REST"},{"floor":32,"key":"RECALL"}],"circlet_count":0,"master_deck":["AscendersBane","Strike_R+1","Strike_R","Strike_R+1","Strike_R","Strike_R+1","Defend_R","Defend_R","Defend_R","Defend_R","Bash+1","Feed+1","Clothesline","Sucker Punch","Whirlwind","Venomology","Discovery+1","Flash of Steel+1","Apotheosis+1","PiercingWail","Feel No Pain","Shrug It Off","Ragnarok","Caltrops","Shockwave","Discovery","Shrug It Off","Conserve Battery","Dual Wield","Wallop"],"relics":["Burning Blood","PrismaticShard","Pear","Question Card","Black Star","Self Forming Clay","Calipers","Lantern","InkBottle","Whetstone","Pocketwatch"],"acts_visited":["Exordium","TheCity"],"potions_floor_usage":[30,31,33,33],"damage_taken":[{"damage":7.0,"enemies":"Small Slimes","floor":1.0,"turns":4.0},{"damage":4.0,"enemies":"Jaw Worm","floor":4.0,"turns":4.0},{"damage":12.0,"enemies":"Gremlin Nob","floor":7.0,"turns":3.0},{"damage":0.0,"enemies":"2 Louse","floor":10.0,"turns":2.0},{"damage":43.0,"enemies":"Lagavulin","floor":11.0,"turns":8.0},{"damage":10.0,"enemies":"Red Slaver","floor":12.0,"turns":3.0},{"damage":6.0,"enemies":"Looter","floor":14.0,"turns":4.0},{"damage":21.0,"enemies":"The Guardian","floor":16.0,"turns":12.0},{"damage":2.0,"enemies":"Chosen","floor":18.0,"turns":4.0},{"damage":15.0,"enemies":"Spheric Guardian","floor":22.0,"turns":5.0},{"damage":37.0,"enemies":"Gremlin Leader","floor":24.0,"turns":6.0},{"damage":15.0,"enemies":"Snecko","floor":28.0,"turns":4.0},{"damage":23,"enemies":"Snake Plant","floor":29,"turns":4},{"damage":23,"enemies":"Slavers","floor":30,"turns":4},{"damage":4,"enemies":"Centurion and Healer","floor":31,"turns":10},{"damage":65,"enemies":"Automaton","floor":33,"turns":16}],"seed_played":"-6316558937693357795","potions_obtained":[{"floor":4.0,"key":"DistilledChaos"},{"floor":7.0,"key":"HeartOfIron"},{"floor":14.0,"key":"Swift Potion"},{"floor":16.0,"key":"AttackPotion"},{"floor":18.0,"key":"ColorlessPotion"},{"floor":24.0,"key":"Energy Potion"},{"floor":29,"key":"Weak Potion"}],"is_trial":false,"path_per_floor":["M","?","$","M","?","R","E","R","T","M","E","M","?","M","R","B",null,"M","?","?","$","M","R","E","$","T","R","M","M","E","M","R","B"],"character_chosen":"IRONCLAD","items_purchased":["PrismaticShard","Feel No Pain","Shrug It Off","Shockwave","Discovery"],"campfire_rested":1,"item_purchase_floors":[3,21,21,25,25],"current_hp_per_floor":[70,70,70,75,51,51,59,59,59,69,36,32,22,22,22,11,83,87,87,87,87,82,82,55,55,55,89,84,71,58,64,64,0,0],"gold":73,"neow_bonus":"ONE_RANDOM_RARE_CARD","is_daily":false,"chose_seed":false,"campfire_upgraded":4,"win_rate":0.0,"timestamp":1611423791,"path_taken":["M","?","$","M","?","R","E","R","T","M","E","M","?","?","R","BOSS","M","?","?","$","?","R","E","$","T","R","?","M","E","M","R","BOSS"],"items_purchased_type":["Relic","Card","Card","Card","Card"],"build_version":"2020-12-22","purchased_purges":1,"victory":false,"max_hp_per_floor":[78,78,78,81,81,81,95,95,95,99,103,103,103,103,103,107,107,107,107,107,107,111,111,115,115,115,115,119,123,127,131,131,131,131],"relic_stats":{"counters":[16,93],"Self Forming Clay":[66],"Black Star":2,"Whetstone":["Strike_R","Flash of Steel"],"Question Card":10,"obtain_stats":[{"Lantern":24,"Pear":7,"Calipers":24,"Self Forming Clay":20,"Black Star":17,"Whetstone":30,"PrismaticShard":3,"Question Card":11,"Burning Blood":0,"InkBottle":26,"Pocketwatch":30},{"Lantern":11,"Pear":3,"Calipers":11,"Self Forming Clay":9,"Black Star":8,"Whetstone":14,"PrismaticShard":1,"Question Card":5,"Burning Blood":0,"InkBottle":11,"Pocketwatch":14},{"Lantern":55,"Pear":11,"Calipers":55,"Self Forming Clay":44,"Black Star":40,"Whetstone":67,"PrismaticShard":4,"Question Card":21,"Burning Blood":0,"InkBottle":55,"Pocketwatch":67}],"Burning Blood":90,"InkBottle":[11],"Pocketwatch":[39]},"card_choices":[{"not_picked":["Heavy Blade","Burning Pact"],"picked":"Clothesline","floor":1.0},{"not_picked":["Compile Driver","ClearTheMind","Go for the Eyes"],"picked":"SKIP","floor":4.0},{"not_picked":["Consecrate","Hemokinesis"],"picked":"Sucker Punch","floor":7.0},{"not_picked":["Outmaneuver","Prostrate"],"picked":"Whirlwind","floor":10.0},{"not_picked":["Distraction","Grand Finale"],"picked":"Venomology","floor":11.0},{"not_picked":["Panacea","Wild Strike","Turbo"],"picked":"Discovery","floor":12.0},{"not_picked":["Wild Strike","Shrug It Off","EmptyBody"],"picked":"Flash of Steel","floor":14.0},{"not_picked":["DeusExMachina","Wraith Form v2","Machine Learning"],"picked":"Apotheosis","floor":16.0},{"not_picked":["Rage","WindmillStrike","Choke"],"picked":"PiercingWail","floor":18.0},{"not_picked":["Backstab","Underhanded Strike","Body Slam"],"picked":"Ragnarok","floor":22.0},{"not_picked":["Carnage+1","PathToVictory","Gash"],"picked":"Caltrops","floor":24.0},{"not_picked":["Sever Soul+1","Storm","Glacier"],"picked":"Shrug It Off","floor":28.0},{"not_picked":["Redo","Heavy Blade","Twin Strike"],"picked":"Conserve Battery","floor":29},{"not_picked":["All Out Attack","Auto Shields+1","Blood for Blood"],"picked":"Dual Wield","floor":30},{"not_picked":["Cold Snap","Rupture","SignatureMove"],"picked":"Wallop","floor":31}],"player_experience":955830,"relics_obtained":[{"floor":7.0,"key":"Pear"},{"floor":11.0,"key":"Question Card"},{"floor":24.0,"key":"Calipers"},{"floor":24.0,"key":"Lantern"},{"floor":26.0,"key":"InkBottle"},{"floor":30,"key":"Whetstone"},{"floor":30,"key":"Pocketwatch"}],"event_choices":[{"damage_healed":0.0,"max_hp_gain":0.0,"max_hp_loss":0.0,"gold_gain":150.0,"event_name":"Liars Game","player_choice":"AGREE","floor":2.0,"gold_loss":0.0,"damage_taken":0.0,"cards_obtained":["Doubt"]},{"damage_healed":0.0,"max_hp_gain":0.0,"max_hp_loss":0.0,"gold_gain":0.0,"event_name":"Shining Light","player_choice":"Entered Light","floor":5.0,"gold_loss":0.0,"damage_taken":24.0,"cards_upgraded":["Strike_R","Strike_R"]},{"damage_healed":0.0,"max_hp_gain":0.0,"max_hp_loss":0.0,"gold_gain":50.0,"event_name":"FaceTrader","player_choice":"Touch","floor":13.0,"gold_loss":0.0,"damage_taken":10.0},{"damage_healed":0.0,"max_hp_gain":0.0,"max_hp_loss":0.0,"gold_gain":0.0,"event_name":"Beggar","player_choice":"Ignored","floor":19.0,"gold_loss":0.0,"damage_taken":0.0},{"damage_healed":0.0,"max_hp_gain":0.0,"max_hp_loss":0.0,"gold_gain":0.0,"event_name":"Addict","player_choice":"Obtained Relic","floor":20.0,"gold_loss":85.0,"damage_taken":0.0,"relics_obtained":["Self Forming Clay"]}],"is_beta":false,"boss_relics":[{"not_picked":["SacredBark","Pandora\u0027s Box"],"picked":"Black Star"}],"items_purged_floors":[3],"is_endless":false,"potions_floor_spawned":[4,7,14,16,18,22,24,29],"killed_by":"Automaton","ascension_level":16}}