{"host":"y76clbnovzmw9ubx","time":1611411625,"event":{"mods":["AchievementEnabler","BaseMod","Minty Spire (QoL Compilation)","Permanent Neow","Relic Stats"],"gold_per_floor":[118,118,134,150,160,160,185,185,208,219,219,238,270,270,270,270,270],"floor_reached":16,"language":"ENG","playtime":641,"items_purged":[],"score":224,"play_id":"6d346b5c-10ce-4a7d-8089-923d2587eb7e","local_time":"20210123092025","is_ascension_mode":true,"campfire_choices":[{"data":"Dagger Spray","floor":6,"key":"SMITH"},{"data":"Cloak And Dagger","floor":8,"key":"SMITH"},{"data":"Slice","floor":11,"key":"SMITH"},{"floor":15,"key":"REST"}],"circlet_count":0,"master_deck":["AscendersBane","Strike_G","Strike_G","Strike_G","Strike_G","Defend_G","Defend_G","Defend_G","Defend_G","Defend_G","Survivor","Neutralize","Slice+1","Dagger Spray+1","Slice","Cloak And Dagger+1","Masterful Stab","Dodge and Roll","After Image","Terror"],"relics":["Ring of the Snake","Ancient Tea Set","Anchor","Regal Pillow"],"acts_visited":["Exordium"],"potions_floor_usage":[0,7,13,13],"damage_taken":[{"damage":4,"enemies":"Small Slimes","floor":1,"turns":5},{"damage":2,"enemies":"Jaw Worm","floor":3,"turns":6},{"damage":1,"enemies":"2 Louse","floor":4,"turns":3},{"damage":0,"enemies":"Lots of Slimes","floor":5,"turns":3},{"damage":15,"enemies":"3 Sentries","floor":7,"turns":6},{"damage":4,"enemies":"Exordium Wildlife","floor":10,"turns":3},{"damage":0,"enemies":"Gremlin Gang","floor":12,"turns":2},{"damage":29,"enemies":"Lagavulin","floor":13,"turns":8},{"damage":57,"enemies":"Slime Boss","floor":16,"turns":9}],"seed_played":"2149048473518412959","potions_obtained":[{"floor":0,"key":"Fruit Juice"},{"floor":0,"key":"Ancient Potion"},{"floor":0,"key":"Explosive Potion"},{"floor":12,"key":"Swift Potion"}],"is_trial":false,"path_per_floor":["M","?","M","M","M","R","E","R","T","M","R","M","E","?","R","B"],"character_chosen":"THE_SILENT","items_purchased":[],"campfire_rested":1,"item_purchase_floors":[],"current_hp_per_floor":[60,65,63,62,62,62,47,47,47,43,43,43,14,14,51,0,0],"gold":270,"neow_bonus":"THREE_SMALL_POTIONS","is_daily":false,"chose_seed":false,"campfire_upgraded":3,"win_rate":0.0,"timestamp":1611411625,"path_taken":["M","?","M","M","M","R","E","R","T","M","R","M","E","?","R","BOSS"],"items_purchased_type":[],"build_version":"2020-12-22","purchased_purges":0,"victory":false,"max_hp_per_floor":[71,76,76,76,76,76,76,76,76,76,76,76,76,76,76,76,76],"relic_stats":{"Regal Pillow":15,"counters":[9,45],"obtain_stats":[{"Anchor":9,"Regal Pillow":13,"Ancient Tea Set":7,"Ring of the Snake":0},{"Anchor":5,"Regal Pillow":8,"Ancient Tea Set":5,"Ring of the Snake":0},{"Anchor":23,"Regal Pillow":36,"Ancient Tea Set":23,"Ring of the Snake":0}],"Ring of the Snake":[18]},"card_choices":[{"not_picked":["Outmaneuver","Deflect"],"picked":"Slice","floor":1},{"not_picked":["All Out Attack","Underhanded Strike"],"picked":"Dagger Spray","floor":3},{"not_picked":["Bane","PiercingWail"],"picked":"Slice","floor":4},{"not_picked":["Heel Hook","Blur"],"picked":"Cloak And Dagger","floor":5},{"not_picked":["Underhanded Strike","Dagger Spray"],"picked":"Masterful Stab","floor":7},{"not_picked":["Quick Slash","PiercingWail","Sucker Punch"],"picked":"SKIP","floor":10},{"not_picked":["Dash","PiercingWail"],"picked":"Dodge and Roll","floor":12},{"not_picked":["Outmaneuver","Sucker Punch"],"picked":"After Image","floor":13}],"player_experience":3109909,"relics_obtained":[{"floor":7,"key":"Ancient Tea Set"},{"floor":9,"key":"Anchor"},{"floor":13,"key":"Regal Pillow"}],"event_choices":[{"damage_healed":0,"gold_gain":0,"player_choice":"Donut","damage_taken":0,"max_hp_gain":5,"max_hp_loss":0,"event_name":"Big Fish","floor":2,"gold_loss":0},{"damage_healed":0,"gold_gain":0,"cards_transformed":["Strike_G"],"player_choice":"Change","damage_taken":0,"max_hp_gain":0,"max_hp_loss":0,"event_name":"Living Wall","floor":14,"gold_loss":0,"cards_obtained":["Terror"]}],"is_beta":false,"boss_relics":[],"items_purged_floors":[],"is_endless":false,"potions_floor_spawned":[4,5,12],"killed_by":"Slime Boss","ascension_level":20}}