{"host":"746m694if73h3gai","time":1611396688,"event":{"mods":["2.2 Compatiblity","AchievementEnabler","Act Like it!","BaseMod","Colored Map","Colored Powertips","Downfall","Minty Spire (QoL Compilation)","Quick Restart","Rare Cards Sparkle","Relic Stats","StSLib","everything is the same but u backflip on backflip","slay the spire mod where everything is the same but ironclad has a cowboy hat"],"gold_per_floor":[99,119,219,237,250,150,150,150,178,178,40,40,25,53,71,172,172,72,83,100,13,13,13,90,90,125,154,54,39,39,39,56,151,151,151,162,180,280,291,323,348,348,348,368,53,79,90,90,102,102,102,130,28,28,28,28],"floor_reached":57,"language":"ENG","playtime":5148,"items_purged":["bronze:ThunderWave"],"score":1431,"play_id":"a01e2bc2-6df6-4b2c-ba50-0f5f233510e8","local_time":"20210123111128","is_ascension_mode":false,"campfire_choices":[{"floor":1,"key":"RECALL"},{"data":"bronze:BugBarrage","floor":6,"key":"SMITH"},{"data":"bronze:BuggyMess","floor":8,"key":"SMITH"},{"data":"bronze:MaxOutput","floor":12,"key":"SMITH"},{"data":"bronze:Mutator","floor":18,"key":"SMITH"},{"data":"bronze:Repulsor","floor":23,"key":"SMITH"},{"data":"bronze:BugBarrage","floor":25,"key":"SMITH"},{"data":"bronze:ItsAFeature","floor":28,"key":"SMITH"},{"data":"bronze:Goto","floor":30,"key":"SMITH"},{"data":"bronze:BronzeOrb","floor":35,"key":"SMITH"},{"data":"bronze:FindAndReplace","floor":42,"key":"SMITH"},{"floor":54,"key":"REST"}],"circlet_count":0,"master_deck":["bronze:Strike","bronze:Strike","bronze:Strike+1","bronze:Strike","bronze:Defend","bronze:Defend","bronze:Defend","bronze:Defend","bronze:Replicate+1","bronze:Goto+1","bronze:DelayedGuard","bronze:BuggyMess+1","bronze:BugBarrage+1","bronze:Return+1","bronze:BronzeOrb+1","bronze:MaxOutput+1","bronze:Shield","bronze:BugBarrage+1","bronze:FindAndReplace+1","bronze:Shield","bronze:Mutator+1","bronze:Shell","bronze:Repulsor+1","bronze:ItsAFeature+1","bronze:ItsAFeature","bronze:Break","bronze:Iterate+1","bronze:BuggyMess+1","bronze:BugBarrage+1","bronze:FindAndReplace+1","bronze:BronzeArmor+1","bronze:BuggyMess+1","CurseOfTheBell","CurseOfTheBell","bronze:ShipIt+1"],"relics":["bronze:BronzeCore","downfall:HeartBlessingRed","Meat on the Bone","Bag of Marbles","WingedGreaves","Oddly Smooth Stone","Black Star","downfall:HeartBlessingGreen","Ornamental Fan","TungstenRod","Ice Cream","Whetstone","downfall:HeartBlessingBlue","Nilry\u0027s Codex","bronze:MakeshiftBattery","Toy Ornithopter","Nunchaku","Regal Pillow","Dream Catcher","Calipers","Guardian:PocketSentry","DollysMirror","Molten Egg 2","Unceasing Top","downfall:ExtraCursedBell","Bag of Preparation","Shuriken","Mango","Gremlin Horn","Bottled Tornado"],"acts_visited":["Exordium","TheCity","TheBeyond","TheEnding"],"potions_floor_usage":[13,16,27,33,33,33,38,50,55,55,55,55,55],"damage_taken":[{"damage":1,"enemies":"Jaw Worm","floor":2,"turns":4},{"damage":8,"enemies":"Small Slimes","floor":4,"turns":4},{"damage":9,"enemies":"2 Louse","floor":5,"turns":2},{"damage":34,"enemies":"3 Sentries","floor":9,"turns":6},{"damage":0,"enemies":"downfall:FleeingMerchant","floor":11,"turns":4},{"damage":0,"enemies":"downfall:FleeingMerchant","floor":13,"turns":4},{"damage":19,"enemies":"Lagavulin","floor":14,"turns":4},{"damage":0,"enemies":"Lots of Slimes","floor":15,"turns":3},{"damage":0,"enemies":"WA_ARCHETYPE_RETAIN","floor":16,"turns":6},{"damage":20,"enemies":"Shell Parasite","floor":19,"turns":6},{"damage":9,"enemies":"Shelled Parasite and Fungi","floor":20,"turns":5},{"damage":0,"enemies":"downfall:FleeingMerchant","floor":21,"turns":4},{"damage":0,"enemies":"Gremlin Leader","floor":26,"turns":8},{"damage":32,"enemies":"Slavers","floor":27,"turns":8},{"damage":4,"enemies":"downfall:FleeingMerchant","floor":29,"turns":4},{"damage":6,"enemies":"Snake Plant","floor":32,"turns":4},{"damage":18,"enemies":"SI_MIRROR_ARCHETYPE","floor":33,"turns":7},{"damage":8,"enemies":"3 Darklings","floor":36,"turns":4},{"damage":0,"enemies":"Orb Walker","floor":37,"turns":4},{"damage":1,"enemies":"downfall:LadyInBlue","floor":38,"turns":4},{"damage":8,"enemies":"4 Shapes","floor":39,"turns":5},{"damage":1,"enemies":"Nemesis","floor":40,"turns":7},{"damage":27,"enemies":"Writhing Mass","floor":44,"turns":7},{"damage":0,"enemies":"downfall:FleeingMerchant","floor":45,"turns":2},{"damage":0,"enemies":"Giant Head","floor":46,"turns":4},{"damage":0,"enemies":"Spire Growth","floor":47,"turns":2},{"damage":0,"enemies":"Jaw Worm Horde","floor":49,"turns":2},{"damage":19,"enemies":"IC_BLOCK_ARCHETYPE","floor":50,"turns":5},{"damage":98,"enemies":"downfall:CharBossMerchant","floor":52,"turns":7},{"damage":0,"enemies":"downfall:NeowBoss","floor":55,"turns":11},{"damage":18,"enemies":"downfall:NeowBossFinal","floor":56,"turns":7}],"seed_played":"-4151542545653478152","potions_obtained":[{"floor":4,"key":"EssenceOfSteel"},{"floor":5,"key":"Swift Potion"},{"floor":14,"key":"Regen Potion"},{"floor":15,"key":"LiquidMemories"},{"floor":20,"key":"Strength Potion"},{"floor":22,"key":"CultistPotion"},{"floor":27,"key":"SteroidPotion"},{"floor":33,"key":"hexamod:SoulburnPotion"},{"floor":37,"key":"ColorlessPotion"},{"floor":38,"key":"Dexterity Potion"},{"floor":38,"key":"bronze:BurnAndBuffPotion"},{"floor":49,"key":"Fruit Juice"}],"is_trial":false,"path_per_floor":["R","M","?","M","M","R","T","R","E","?","$","R","$","E","M","B",null,"R","M","M","$","?","R","T","R","E","E","R","$","R","?","M","B",null,"R","M","M","?","M","E","T","R","?","M","$","E","M","?","M","B",null,"E","$","R","B","B",null],"character_chosen":"THE_AUTOMATON","items_purchased":["bronze:MaxOutput","bronze:Shield","bronze:ItsAFeature","Calipers","Guardian:PocketSentry","DollysMirror","EntropicBrew"],"campfire_rested":1,"item_purchase_floors":[11,11,21,45,45,45,53],"current_hp_per_floor":[70,69,69,61,52,52,52,52,30,30,42,42,42,35,47,47,70,70,50,41,41,41,41,41,41,41,35,45,41,41,26,32,26,80,80,72,72,71,63,62,62,62,62,47,47,47,47,61,61,52,99,13,13,57,82,64],"gold":28,"neow_bonus":"ONE_RANDOM_RARE_CARD","is_daily":false,"chose_seed":false,"campfire_upgraded":10,"win_rate":0.0,"timestamp":1611396688,"path_taken":["R","M","?","M","M","R","T","R","E","?","$","R","$","E","M","BOSS","R","M","M","$","?","R","T","R","E","E","R","$","R","?","M","BOSS","R","M","M","?","?","E","T","R","?","?","$","E","M","?","M","BOSS","E","$","R","BOSS","BOSS"],"items_purchased_type":["Card","Card","Card","Relic","Relic","Relic","Potion"],"build_version":"2020-12-22","purchased_purges":1,"victory":true,"max_hp_per_floor":[70,70,70,70,70,70,70,70,70,70,70,70,70,70,70,70,70,70,70,70,70,70,70,70,70,70,70,80,80,80,80,80,80,80,80,80,80,80,80,80,80,80,80,80,80,80,80,94,94,99,99,99,99,99,99,99],"relic_stats":{"Regal Pillow":15,"Gremlin Horn":[4,4],"counters":[31,153],"Bag of Preparation":[10],"Whetstone":["bronze:Replicate","bronze:Strike"],"Nunchaku":[12],"Dream Catcher":1,"Ornamental Fan":[176],"Shuriken":[18],"Black Star":5,"obtain_stats":[{"Ice Cream":27,"Regal Pillow":40,"bronze:BronzeCore":0,"Calipers":45,"Gremlin Horn":52,"Nilry\u0027s Codex":31,"downfall:HeartBlessingGreen":18,"Mango":48,"Bag of Preparation":48,"Whetstone":27,"Bottled Tornado":52,"Nunchaku":40,"Dream Catcher":41,"downfall:HeartBlessingBlue":28,"DollysMirror":45,"WingedGreaves":10,"downfall:ExtraCursedBell":48,"downfall:HeartBlessingRed":6,"Oddly Smooth Stone":14,"Guardian:PocketSentry":45,"Ornamental Fan":26,"Shuriken":48,"Molten Egg 2":46,"Bag of Marbles":9,"Black Star":17,"TungstenRod":26,"bronze:MakeshiftBattery":34,"Toy Ornithopter":38,"Unceasing Top":46,"Meat on the Bone":7},{"Ice Cream":14,"Regal Pillow":22,"bronze:BronzeCore":0,"Calipers":24,"Gremlin Horn":29,"Nilry\u0027s Codex":15,"downfall:HeartBlessingGreen":9,"Mango":26,"Bag of Preparation":26,"Whetstone":14,"Bottled Tornado":29,"Nunchaku":22,"Dream Catcher":22,"downfall:HeartBlessingBlue":14,"DollysMirror":24,"WingedGreaves":4,"downfall:ExtraCursedBell":26,"downfall:HeartBlessingRed":3,"Oddly Smooth Stone":7,"Guardian:PocketSentry":24,"Ornamental Fan":13,"Shuriken":26,"Molten Egg 2":25,"Bag of Marbles":4,"Black Star":9,"TungstenRod":13,"bronze:MakeshiftBattery":17,"Toy Ornithopter":20,"Unceasing Top":25,"Meat on the Bone":3},{"Ice Cream":68,"Regal Pillow":107,"bronze:BronzeCore":0,"Calipers":116,"Gremlin Horn":135,"Nilry\u0027s Codex":72,"downfall:HeartBlessingGreen":37,"Mango":122,"Bag of Preparation":122,"Whetstone":68,"Bottled Tornado":135,"Nunchaku":107,"Dream Catcher":107,"downfall:HeartBlessingBlue":68,"DollysMirror":116,"WingedGreaves":16,"downfall:ExtraCursedBell":122,"downfall:HeartBlessingRed":10,"Oddly Smooth Stone":28,"Guardian:PocketSentry":116,"Ornamental Fan":60,"Shuriken":122,"Molten Egg 2":120,"Bag of Marbles":16,"Black Star":37,"TungstenRod":60,"bronze:MakeshiftBattery":83,"Toy Ornithopter":95,"Unceasing Top":120,"Meat on the Bone":10}],"TungstenRod":35,"Toy Ornithopter":30,"Unceasing Top":[0],"Meat on the Bone":108},"card_choices":[{"not_picked":["bronze:DelayedSlice","bronze:Turbo"],"picked":"bronze:DelayedGuard","floor":2},{"not_picked":["bronze:WhirlingStrike","bronze:CutThrough"],"picked":"bronze:BuggyMess","floor":4},{"not_picked":["bronze:ChildClass","bronze:Backtrace"],"picked":"bronze:BugBarrage","floor":5},{"not_picked":["bronze:Invalidate","bronze:ClassDefault"],"picked":"bronze:Return","floor":9},{"not_picked":["bronze:FollowUp","bronze:Overload"],"picked":"bronze:BronzeOrb","floor":11},{"not_picked":["bronze:Flail","bronze:Iterate"],"picked":"bronze:BugBarrage","floor":13},{"not_picked":["bronze:DigitalCarnage","bronze:WhirlingStrike"],"picked":"bronze:FindAndReplace","floor":14},{"not_picked":["bronze:BugBarrage","bronze:ClassDefault"],"picked":"bronze:Shield","floor":15},{"not_picked":["bronze:RecursiveStrike","bronze:HyperBeam"],"picked":"bronze:Mutator","floor":16},{"not_picked":["bronze:Flail","bronze:Shield"],"picked":"bronze:Shell","floor":19},{"not_picked":["bronze:WhirlingStrike","bronze:ChildClass"],"picked":"bronze:Repulsor","floor":20},{"not_picked":["bronze:BitShift+1","bronze:ThunderWave","bronze:Return"],"picked":"SKIP","floor":21},{"not_picked":["bronze:Deprecate","bronze:Verify","bronze:Safeguard"],"picked":"SKIP","floor":26},{"not_picked":["bronze:Backtrace+1","bronze:BitShift","bronze:Return"],"picked":"SKIP","floor":27},{"not_picked":["bronze:OilSpill","bronze:CutThrough","bronze:BitShift"],"picked":"SKIP","floor":29},{"not_picked":["bronze:Shell","bronze:FollowUp"],"picked":"bronze:ItsAFeature","floor":32},{"not_picked":["bronze:Virus","bronze:Format"],"picked":"bronze:Break","floor":33},{"not_picked":["bronze:DelayedGuard+1","bronze:Overheat"],"picked":"bronze:Iterate+1","floor":36},{"not_picked":["bronze:Turbo","bronze:DelayedGuard+1","bronze:FineTuning+1"],"picked":"SKIP","floor":37},{"not_picked":["bronze:Turbo","bronze:MaxOutput"],"picked":"bronze:BuggyMess+1","floor":38},{"not_picked":["bronze:DelayedSlice+1","bronze:Overheat","bronze:WildBeam"],"picked":"SKIP","floor":39},{"not_picked":["bronze:Optimize+1","bronze:Shell"],"picked":"bronze:BugBarrage+1","floor":40},{"not_picked":["bronze:FollowUp","bronze:Format","bronze:DigitalCarnage"],"picked":"SKIP","floor":44},{"not_picked":["bronze:Shell","bronze:CleanCode","bronze:FollowUp+1"],"picked":"SKIP","floor":45},{"not_picked":["bronze:Frontload","bronze:DelayedGuard"],"picked":"bronze:BronzeArmor+1","floor":46},{"not_picked":["bronze:ForLoop","bronze:Shield"],"picked":"bronze:BuggyMess+1","floor":47},{"not_picked":["bronze:BronzeArmor+1","bronze:FollowUp+1","bronze:DelayedGuard"],"picked":"SKIP","floor":49},{"not_picked":["bronze:DarkDash+1","bronze:WhirlingStrike+1"],"picked":"bronze:ShipIt+1","floor":52}],"player_experience":137266,"relics_obtained":[{"floor":7,"key":"Meat on the Bone"},{"floor":9,"key":"Bag of Marbles"},{"floor":14,"key":"Oddly Smooth Stone"},{"floor":26,"key":"Ornamental Fan"},{"floor":26,"key":"TungstenRod"},{"floor":27,"key":"Ice Cream"},{"floor":27,"key":"Whetstone"},{"floor":31,"key":"Nilry\u0027s Codex"},{"floor":38,"key":"Toy Ornithopter"},{"floor":40,"key":"Nunchaku"},{"floor":40,"key":"Regal Pillow"},{"floor":41,"key":"Dream Catcher"},{"floor":46,"key":"Molten Egg 2"},{"floor":46,"key":"Unceasing Top"},{"floor":48,"key":"Bag of Preparation"},{"floor":48,"key":"Shuriken"},{"floor":48,"key":"Mango"},{"floor":52,"key":"Gremlin Horn"},{"floor":52,"key":"Bottled Tornado"}],"event_choices":[],"is_beta":false,"boss_relics":[{"not_picked":["Cursed Key","SacredBark"],"picked":"Black Star"},{"not_picked":["Tiny House","Empty Cage"],"picked":"bronze:MakeshiftBattery"}],"items_purged_floors":[45],"is_endless":false,"potions_floor_spawned":[4,5,14,15,20,27,32,33,37,40,44,47,49],"ascension_level":0}}