{"host":"cjhtzh7tp54jdfyv","time":1611442670,"event":{"mods":["AchievementEnabler","BaseMod","Colored Map","Colored Powertips","Curses Come First","DeckTracker","Filter the Spire","Minty Spire (QoL Compilation)","RNG Fix","Relic Sorter","Relic Stats","StSLib","UnlockEverythingMod","ojb\u0027s Better Paths Mod","ojb\u0027s Info Mod"],"gold_per_floor":[116,41,91,110,124,124,154,154,178,210,210,222,252,79,79,154,154,169,203,218,118,118,150,150,150,450,325,325,358,358,358],"floor_reached":30,"language":"ENG","playtime":1021,"items_purged":["Defend_P","Defend_P","Strike_P"],"score":564,"play_id":"b28dbcf1-00a1-48f7-a01f-b8780022781d","local_time":"20210123175750","is_ascension_mode":true,"campfire_choices":[{"data":"Eruption","floor":6.0,"key":"SMITH"},{"data":"Conclude","floor":8.0,"key":"SMITH"},{"floor":11.0,"key":"REST"},{"floor":15.0,"key":"REST"},{"floor":28,"key":"RECALL"}],"circlet_count":0,"master_deck":["AscendersBane","Strike_P","Strike_P","Strike_P","Eruption+1","Vigilance","FlurryOfBlows","Conclude+1","SashWhip","Ragnarok","Adaptation","FearNoEvil","InnerPeace"],"relics":["Empty Cage","GoldenEye","Regal Pillow","Bronze Scales","Toy Ornithopter","Fusion Hammer","Red Mask","Bottled Flame","Old Coin","Nunchaku"],"acts_visited":["Exordium","TheCity"],"potions_floor_usage":[],"damage_taken":[{"damage":0.0,"enemies":"Small Slimes","floor":1.0,"turns":2.0},{"damage":4.0,"enemies":"Jaw Worm","floor":4.0,"turns":2.0},{"damage":0.0,"enemies":"Cultist","floor":5.0,"turns":2.0},{"damage":16.0,"enemies":"Gremlin Nob","floor":7.0,"turns":3.0},{"damage":30.0,"enemies":"Lagavulin","floor":10.0,"turns":4.0},{"damage":8.0,"enemies":"Looter","floor":12.0,"turns":2.0},{"damage":10.0,"enemies":"3 Sentries","floor":13.0,"turns":3.0},{"damage":30.0,"enemies":"Hexaghost","floor":16.0,"turns":7.0},{"damage":0.0,"enemies":"2 Thieves","floor":18.0,"turns":1.0},{"damage":12.0,"enemies":"Masked Bandits","floor":19.0,"turns":2.0},{"damage":0.0,"enemies":"Chosen","floor":20.0,"turns":2.0},{"damage":19.0,"enemies":"Slavers","floor":23.0,"turns":2.0},{"damage":44,"enemies":"Gremlin Leader","floor":29,"turns":6},{"damage":47,"enemies":"Shelled Parasite and Fungi","floor":30,"turns":1}],"seed_played":"1900367223953800749","potions_obtained":[{"floor":5.0,"key":"LiquidBronze"},{"floor":12.0,"key":"Swift Potion"},{"floor":16.0,"key":"AttackPotion"},{"floor":18.0,"key":"Energy Potion"},{"floor":19.0,"key":"Swift Potion"},{"floor":23.0,"key":"BottledMiracle"}],"is_trial":false,"path_per_floor":["M","$","?","M","M","R","E","R","T","E","R","M","E","$","R","B",null,"M","?","M","$","?","E","?","?","T","$","R","E","M"],"character_chosen":"WATCHER","items_purchased":["Adaptation","FearNoEvil"],"campfire_rested":2,"item_purchase_floors":[14,14],"current_hp_per_floor":[61,61,55,51,51,51,35,35,35,5,40,32,22,22,57,32,59,64,52,52,52,52,38,52,52,52,52,52,8,0,0],"gold":358,"neow_bonus":"BOSS_RELIC","is_daily":false,"chose_seed":false,"campfire_upgraded":2,"win_rate":0.0,"timestamp":1611442670,"path_taken":["M","$","?","M","M","R","E","R","T","E","R","M","E","?","R","BOSS","M","?","?","$","?","E","?","?","T","$","R","E","M"],"items_purchased_type":["Card","Card"],"build_version":"2020-12-22","purchased_purges":3,"victory":false,"max_hp_per_floor":[68,68,68,68,68,68,68,68,68,68,68,68,68,68,68,68,68,68,68,68,68,68,68,68,68,68,68,68,68,68,68],"relic_stats":{"Regal Pillow":30,"Nunchaku":[0],"counters":[14,39],"Bronze Scales":[63],"GoldenEye":[0],"obtain_stats":[{"Regal Pillow":9,"Bottled Flame":23,"Nunchaku":29,"Bronze Scales":10,"Fusion Hammer":17,"Red Mask":19,"PureWater":0,"Empty Cage":0,"GoldenEye":7,"Toy Ornithopter":13,"Old Coin":26},{"Regal Pillow":4,"Bottled Flame":12,"Nunchaku":13,"Bronze Scales":5,"Fusion Hammer":8,"Red Mask":10,"PureWater":0,"Empty Cage":0,"GoldenEye":4,"Toy Ornithopter":7,"Old Coin":12},{"Regal Pillow":9,"Bottled Flame":32,"Nunchaku":38,"Bronze Scales":13,"Fusion Hammer":25,"Red Mask":28,"PureWater":0,"Empty Cage":0,"GoldenEye":9,"Toy Ornithopter":18,"Old Coin":32}],"Toy Ornithopter":15},"card_choices":[{"not_picked":["ForeignInfluence","Consecrate"],"picked":"FlurryOfBlows","floor":1.0},{"not_picked":["Consecrate","ClearTheMind"],"picked":"Conclude","floor":4.0},{"not_picked":["Evaluate","BattleHymn","Nirvana"],"picked":"SKIP","floor":5.0},{"not_picked":["ThirdEye","Halt"],"picked":"SashWhip","floor":7.0},{"not_picked":["FlurryOfBlows","EmptyBody"],"picked":"Ragnarok","floor":10.0},{"not_picked":["Consecrate","Nirvana","Fasting2"],"picked":"SKIP","floor":12.0},{"not_picked":["SandsOfTime","FlyingSleeves","Crescendo"],"picked":"SKIP","floor":13.0},{"not_picked":["CrushJoints","EmptyFist","JustLucky"],"picked":"SKIP","floor":18.0},{"not_picked":["ForeignInfluence","EmptyFist"],"picked":"InnerPeace","floor":19.0},{"not_picked":["Evaluate","Judgement","LikeWater"],"picked":"SKIP","floor":20.0},{"not_picked":["Evaluate","WaveOfTheHand","BowlingBash"],"picked":"SKIP","floor":23.0},{"not_picked":["SignatureMove+1","FearNoEvil","Evaluate"],"picked":"SKIP","floor":29}],"player_experience":4619433,"relics_obtained":[{"floor":7.0,"key":"GoldenEye"},{"floor":9.0,"key":"Regal Pillow"},{"floor":10.0,"key":"Bronze Scales"},{"floor":13.0,"key":"Toy Ornithopter"},{"floor":19.0,"key":"Red Mask"},{"floor":23.0,"key":"Bottled Flame"},{"floor":26,"key":"Old Coin"},{"floor":29,"key":"Nunchaku"}],"event_choices":[{"damage_healed":0.0,"max_hp_gain":0.0,"max_hp_loss":0.0,"gold_gain":50.0,"event_name":"FaceTrader","player_choice":"Touch","floor":3.0,"gold_loss":0.0,"damage_taken":6.0},{"damage_healed":0.0,"max_hp_gain":0.0,"max_hp_loss":0.0,"gold_gain":0.0,"event_name":"Masked Bandits","player_choice":"Fought Bandits","floor":19.0,"gold_loss":0.0,"damage_taken":0.0},{"damage_healed":0.0,"max_hp_gain":0.0,"max_hp_loss":0.0,"gold_gain":0.0,"event_name":"The Mausoleum","player_choice":"Ignored","floor":22.0,"gold_loss":0.0,"damage_taken":0.0},{"damage_healed":14,"gold_gain":0,"player_choice":"Heal","damage_taken":0,"max_hp_gain":0,"max_hp_loss":0,"event_name":"The Library","floor":24,"gold_loss":0},{"damage_healed":0,"gold_gain":0,"player_choice":"Ignored","damage_taken":0,"max_hp_gain":0,"max_hp_loss":0,"event_name":"Ghosts","floor":25,"gold_loss":0}],"is_beta":false,"boss_relics":[{"not_picked":["Astrolabe","Ectoplasm"],"picked":"Fusion Hammer"}],"items_purged_floors":[2,21,27],"is_endless":false,"potions_floor_spawned":[5,12,16,18,19,23],"killed_by":"Shelled Parasite and Fungi","ascension_level":20}}