{"host":"ysrh18sde2fb0mzp","time":1611394050,"event":{"mods":["BaseMod","GungeonMod","Minty Spire (QoL Compilation)","StSLib"],"gold_per_floor":[111,111,129,129,129,165,165,189,237,285,285,95,95,117,117,246,246,278,287,311,340,79,79,79,79,79,79,129,142,157,189,217,217,232,385,448,473,506,251,289,309,309,309,219,219,294,294,16,16,37,37,42,42,42,42,91,96],"floor_reached":58,"language":"ZHS","playtime":4574,"items_purged":["DemoMod:Strike_Huntress","DemoMod:CombinedRifle","DemoMod:RadGun"],"score":1068,"play_id":"c1b25cce-00c8-4dd8-8d27-426d6cc7e4dd","local_time":"20210123172730","is_ascension_mode":true,"campfire_choices":[{"data":"DemoMod:TeaPot","floor":7.0,"key":"SMITH"},{"data":"DemoMod:ManualReload","floor":13.0,"key":"SMITH"},{"data":"DemoMod:GunstockTap","floor":15.0,"key":"SMITH"},{"data":"DemoMod:TableSutra","floor":23.0,"key":"SMITH"},{"data":"DemoMod:MachoBrace","floor":25.0,"key":"SMITH"},{"data":"DemoMod:DarkMarker","floor":27.0,"key":"SMITH"},{"floor":33.0,"key":"REST"},{"floor":42.0,"key":"RECALL"},{"data":"DemoMod:Elimentaler","floor":47.0,"key":"SMITH"},{"data":"DemoMod:GunslingerForm","floor":49.0,"key":"SMITH"},{"data":"DemoMod:Elimentaler","floor":51.0,"key":"SMITH"},{"data":"DemoMod:ThirdPartyController","floor":54.0,"key":"SMITH"}],"circlet_count":0,"master_deck":["DemoMod:Roll+1","DemoMod:ManualReload+1","DemoMod:TeaPot+1","DemoMod:GunstockTap+1","DemoMod:DarkMarker+1","DemoMod:ConditionalReflex+1","DemoMod:ConditionalReflex+1","DemoMod:MachoBrace+1","DemoMod:TableSutra+1","DemoMod:SkilledReload+1","DemoMod:DoubleSwitch","DemoMod:Elimentaler+1","DemoMod:GunslingerForm+1","DemoMod:Elimentaler+1","DemoMod:LifeOrb+1","DemoMod:ChanceBullets+1","DemoMod:CombinedRifle+1","DemoMod:HardPowerCard+1","DemoMod:ThirdPartyController+1","DemoMod:BulletBore+1"],"relics":["DemoMod:Dog","NeowsBlessing","Golden Idol","DemoMod:MemoryAlloy","DemoMod:OrangeGuonStone","CeramicFish","Philosopher\u0027s Stone","DemoMod:PinkGuonStone","DemoMod:RatBoots","DemoMod:ResourcefulSack","DemoMod:PartiallyEatenCheese","Pandora\u0027s Box","Astrolabe","DemoMod:Plus1Bullets","Eternal Feather","Whetstone","DemoMod:GlassGuonStoneRelic","Pen Nib"],"acts_visited":["Exordium","TheCity","TheCity","TheBeyond","TheEnding"],"potions_floor_usage":[],"damage_taken":[{"damage":0.0,"enemies":"2 Louse","floor":1.0,"turns":1.0},{"damage":0.0,"enemies":"Cultist","floor":3.0,"turns":1.0},{"damage":0.0,"enemies":"Lagavulin","floor":6.0,"turns":1.0},{"damage":3.0,"enemies":"Jaw Worm","floor":8.0,"turns":2.0},{"damage":14.0,"enemies":"Gremlin Nob","floor":10.0,"turns":3.0},{"damage":3.0,"enemies":"Exordium Wildlife","floor":14.0,"turns":3.0},{"damage":31.0,"enemies":"The Guardian","floor":16.0,"turns":10.0},{"damage":0.0,"enemies":"Spheric Guardian","floor":18.0,"turns":3.0},{"damage":14.0,"enemies":"2 Thieves","floor":20.0,"turns":3.0},{"damage":0.0,"enemies":"Centurion and Healer","floor":21.0,"turns":3.0},{"damage":20.0,"enemies":"DemoMod:Veteran_shot_gun_kin_and_red_shotgun_kin","floor":28.0,"turns":3.0},{"damage":0.0,"enemies":"DemoMod:4_Bullet_Kins","floor":29.0,"turns":1.0},{"damage":5.0,"enemies":"DemoMod:Veteran_shot_gun_kin_and_blue_shotgun_kin_with_gunsinger","floor":30.0,"turns":4.0},{"damage":16.0,"enemies":"DemoMod:2_Mousers","floor":31.0,"turns":4.0},{"damage":16.0,"enemies":"DemoMod:Red_and_blue_shotgun_kin_with_gunsinger","floor":32.0,"turns":3.0},{"damage":19.0,"enemies":"DemoMod:ResourcefulRat","floor":35.0,"turns":11.0},{"damage":0.0,"enemies":"Orb Walker","floor":37.0,"turns":3.0},{"damage":0.0,"enemies":"3 Darklings","floor":38.0,"turns":4.0},{"damage":30.0,"enemies":"Sphere and 2 Shapes","floor":40.0,"turns":4.0},{"damage":12.0,"enemies":"Writhing Mass","floor":41.0,"turns":2.0},{"damage":0.0,"enemies":"Maw","floor":46.0,"turns":5.0},{"damage":5.0,"enemies":"Spire Growth","floor":50.0,"turns":4.0},{"damage":12.0,"enemies":"Awakened One","floor":52.0,"turns":10.0},{"damage":0,"enemies":"Shield and Spear","floor":56,"turns":2},{"damage":3,"enemies":"The Heart","floor":57,"turns":11}],"seed_played":"-3547795257509679523","potions_obtained":[{"floor":3.0,"key":"ColorlessPotion"},{"floor":10.0,"key":"Explosive Potion"},{"floor":16.0,"key":"LiquidMemories"},{"floor":20.0,"key":"Energy Potion"},{"floor":28.0,"key":"DemoMod:LeadSkinPotion"},{"floor":32.0,"key":"BlessingOfTheForge"},{"floor":35.0,"key":"Explosive Potion"},{"floor":40.0,"key":"FearPotion"},{"floor":41.0,"key":"PowerPotion"},{"floor":50.0,"key":"SpeedPotion"}],"is_trial":false,"path_per_floor":["M","?","M","?","T","E","R","M","T","E","?","$","R","M","R","B",null,"M","?","M","M","$","R","$","R","T","R","M","M","M","M","M","R","B","B",null,"M","M","$","M","M","R","?","?","T","M","R","$","R","M","R","B",null,"R","$","E","B",null],"character_chosen":"HUNTRESS","items_purchased":["DemoMod:GnawedKey","DemoMod:PinkGuonStone","DemoMod:Plus1Bullets","DemoMod:WeirdEgg"],"campfire_rested":1,"item_purchase_floors":[12,22,39,48],"current_hp_per_floor":[70,70,70,53,53,53,53,50,50,36,36,36,36,33,33,2,70,70,70,56,56,63,63,63,63,77,77,57,57,52,36,20,43,39,20,77,77,77,77,47,35,35,35,35,35,35,47,47,56,51,60,48,77,77,77,77,74],"gold":96,"neow_bonus":"THREE_ENEMY_KILL","is_daily":false,"chose_seed":false,"campfire_upgraded":10,"win_rate":0.0,"timestamp":1611394050,"path_taken":["M","?","?","?","?","E","R","?","T","E","?","?","R","M","R","BOSS","M","?","M","M","$","R","?","R","T","R","M","M","M","M","M","R","BOSS","BOSS","M","M","$","M","M","R","?","?","T","?","R","$","R","M","R","BOSS","R","$","E","BOSS"],"items_purchased_type":["Relic","Relic","Relic","Relic"],"build_version":"2020-12-22","purchased_purges":3,"victory":true,"max_hp_per_floor":[70,70,70,70,70,70,70,70,70,70,70,70,70,70,70,70,70,70,70,70,70,77,77,77,77,77,77,77,77,77,77,77,77,77,77,77,77,77,77,77,77,77,77,77,77,77,77,77,77,77,77,77,77,77,77,77,77],"card_choices":[{"not_picked":["DemoMod:ZorGun","DemoMod:Ejector","DemoMod:Unmoved"],"picked":"SKIP","floor":1.0},{"not_picked":["DemoMod:AC15","DemoMod:DoubleSwitch"],"picked":"DemoMod:TeaPot","floor":3.0},{"not_picked":["DemoMod:TeaPot","DemoMod:StickyCrossBow","DemoMod:AC15"],"picked":"SKIP","floor":6.0},{"not_picked":["DemoMod:LifeOrb","DemoMod:TeaPot"],"picked":"DemoMod:GunstockTap","floor":8.0},{"not_picked":["DemoMod:DoubleSwitch","DemoMod:LifeOrb"],"picked":"DemoMod:RadGun","floor":10.0},{"not_picked":["DemoMod:AC15","DemoMod:SAA"],"picked":"DemoMod:Purify","floor":14.0},{"not_picked":["DemoMod:BSG","DemoMod:BlackHoleGun"],"picked":"DemoMod:DarkMarker","floor":16.0},{"not_picked":["DemoMod:DoubleSwitch","DemoMod:JK47"],"picked":"DemoMod:ConditionalReflex+1","floor":18.0},{"not_picked":["DemoMod:Unmoved","DemoMod:HighKaliber"],"picked":"DemoMod:MachoBrace","floor":20.0},{"not_picked":["DemoMod:PotionOfGunFriendShip","DemoMod:FastSwitch"],"picked":"DemoMod:TableSutra","floor":21.0},{"not_picked":["DemoMod:HardPowerCard","DemoMod:FeignSurrender+1"],"picked":"DemoMod:SkilledReload+1","floor":28.0},{"not_picked":["DemoMod:BlackHoleGun","DemoMod:FortunesFavor+1","DemoMod:ZorGun"],"picked":"SKIP","floor":29.0},{"not_picked":["DemoMod:JK47","DemoMod:ConditionalReflex","DemoMod:BattleInHaste"],"picked":"SKIP","floor":30.0},{"not_picked":["DemoMod:StickyCrossBow","DemoMod:MachoBrace+1"],"picked":"DemoMod:DoubleSwitch","floor":31.0},{"not_picked":["DemoMod:MachoBrace","DemoMod:BoxingGlove","DemoMod:HuntsMan+1"],"picked":"SKIP","floor":31.0},{"not_picked":["DemoMod:HighKaliber+1","DemoMod:TableSutra"],"picked":"DemoMod:DirectionalPad","floor":32.0},{"not_picked":["DemoMod:HuntsMan+1","DemoMod:EasyReloadBullets","DemoMod:ShadowBullets"],"picked":"SKIP","floor":32.0},{"not_picked":[],"picked":"DemoMod:Elimentaler","floor":35.0},{"not_picked":["DemoMod:DoubleVision","DemoMod:Elimentaler"],"picked":"DemoMod:GunslingerForm","floor":35.0},{"not_picked":["DemoMod:SkilledReload","DemoMod:BattleInHaste"],"picked":"DemoMod:HardPowerCard+1","floor":37.0},{"not_picked":["DemoMod:AC15","DemoMod:BattleInHaste"],"picked":"DemoMod:ShadowBullets","floor":38.0},{"not_picked":["DemoMod:Polaris","DemoMod:BattleInHaste"],"picked":"DemoMod:ThirdPartyController","floor":40.0},{"not_picked":["DemoMod:EasyReloadBullets+1","DemoMod:HuntsMan+1","DemoMod:SkilledReload"],"picked":"SKIP","floor":41.0},{"not_picked":["DemoMod:DirectionalPad","DemoMod:Unmoved+1","DemoMod:ConditionalReflex+1"],"picked":"SKIP","floor":46.0},{"not_picked":["DemoMod:Ejector+1","DemoMod:TripleGun+1","DemoMod:RadGun+1"],"picked":"SKIP","floor":50.0},{"not_picked":["DemoMod:DirectionalPad","DemoMod:PracticeMakesPerfect+1"],"picked":"DemoMod:BulletBore","floor":56}],"player_experience":719744,"relics_obtained":[{"floor":5.0,"key":"DemoMod:MemoryAlloy"},{"floor":6.0,"key":"DemoMod:OrangeGuonStone"},{"floor":10.0,"key":"CeramicFish"},{"floor":36.0,"key":"DemoMod:RatBoots"},{"floor":36.0,"key":"DemoMod:ResourcefulSack"},{"floor":36.0,"key":"DemoMod:PartiallyEatenCheese"},{"floor":36.0,"key":"Pandora\u0027s Box"},{"floor":36.0,"key":"Astrolabe"},{"floor":45.0,"key":"Eternal Feather"},{"floor":56,"key":"Pen Nib"}],"event_choices":[{"damage_healed":0.0,"max_hp_gain":0.0,"max_hp_loss":0.0,"gold_gain":0.0,"event_name":"The Woman in Blue","player_choice":"Bought 0 Potions","floor":2.0,"gold_loss":0.0,"damage_taken":0.0},{"damage_healed":0.0,"max_hp_gain":0.0,"max_hp_loss":0.0,"gold_gain":0.0,"event_name":"Golden Idol","player_choice":"Take Damage","floor":4.0,"gold_loss":0.0,"damage_taken":17.0,"relics_obtained":["Golden Idol"]},{"cards_removed":["DemoMod:Strike_Huntress"],"damage_healed":0.0,"max_hp_gain":0.0,"max_hp_loss":0.0,"gold_gain":0.0,"event_name":"Bonfire Elementals","player_choice":"Offered Basic","floor":11.0,"gold_loss":0.0,"damage_taken":0.0},{"damage_healed":0.0,"max_hp_gain":0.0,"max_hp_loss":0.0,"gold_gain":0.0,"event_name":"Duplicator","player_choice":"Copied","floor":19.0,"gold_loss":0.0,"damage_taken":0.0,"cards_obtained":["DemoMod:ConditionalReflex"]},{"cards_removed":["DemoMod:ShadowBullets"],"damage_healed":0.0,"max_hp_gain":0.0,"max_hp_loss":0.0,"gold_gain":0.0,"event_name":"Falling","player_choice":"Removed Power","floor":43.0,"gold_loss":0.0,"damage_taken":0.0},{"cards_removed":["DemoMod:RustySidearm"],"damage_healed":0.0,"max_hp_gain":0.0,"max_hp_loss":0.0,"gold_gain":0.0,"event_name":"Designer","player_choice":"Upgrade and Remove","floor":44.0,"gold_loss":90.0,"damage_taken":0.0,"cards_upgraded":["DemoMod:Roll"]}],"is_beta":false,"boss_relics":[{"not_picked":["Tiny House","SacredBark"],"picked":"Philosopher\u0027s Stone"},{"not_picked":[]}],"items_purged_floors":[12,39,48],"is_endless":false,"potions_floor_spawned":[3,10,16,20,28,32,35,40,41,50],"ascension_level":2}}