{"host":"z9mq1tf06lkrncmk","time":1611373989,"event":{"mods":["BaseMod","Downfall","Minty Spire (QoL Compilation)","StSLib"],"gold_per_floor":[114,125,138,138,158,158,175,175,175,70,89,115,101,49,49,150,150,160,174,174,99,131,131,79,79,79,79,107,107,107,141,141,141,141],"floor_reached":33,"language":"ENG","playtime":1700,"items_purged":["Defend_G"],"score":365,"play_id":"20765c9f-e0c7-40f5-aecf-11a477953294","local_time":"20210122225309","is_ascension_mode":true,"campfire_choices":[{"data":"Unload","floor":6,"key":"SMITH"},{"data":"Neutralize","floor":8,"key":"SMITH"},{"data":"Eviscerate","floor":15,"key":"SMITH"},{"data":"Envenom","floor":23,"key":"SMITH"},{"data":"Footwork","floor":25,"key":"SMITH"},{"data":"Dagger Throw","floor":29,"key":"SMITH"},{"floor":32,"key":"REST"}],"circlet_count":0,"master_deck":["Defend_G","Defend_G","Defend_G","Defend_G","Survivor","Neutralize+1","Unload+1","Underhanded Strike","Cloak And Dagger","Footwork+1","Prepared","Eviscerate+1","Reflex","Dash","Blur","Dagger Throw+1","Envenom+1","Outmaneuver","Deflect+1","Bite","Bite","Bite","Bite","Bite","Leg Sweep+1"],"relics":["Ring of the Snake","GremlinMask","Kunai","Eternal Feather","Runic Pyramid","Red Mask","Pantograph","Blood Vial","HornCleat"],"acts_visited":["Exordium","TheCity"],"potions_floor_usage":[7,12,16,22,22,28,31],"damage_taken":[{"damage":0,"enemies":"Jaw Worm","floor":1,"turns":3},{"damage":0,"enemies":"Cultist","floor":2,"turns":3},{"damage":0,"enemies":"Small Slimes","floor":3,"turns":2},{"damage":0,"enemies":"Blue Slaver","floor":5,"turns":5},{"damage":4,"enemies":"2 Fungi Beasts","floor":7,"turns":3},{"damage":1,"enemies":"3 Louse","floor":11,"turns":3},{"damage":15,"enemies":"Lagavulin","floor":12,"turns":7},{"damage":0,"enemies":"Exordium Thugs","floor":13,"turns":4},{"damage":40,"enemies":"Hexaghost","floor":16,"turns":12},{"damage":4,"enemies":"3 Byrds","floor":18,"turns":7},{"damage":18,"enemies":"Chosen","floor":19,"turns":5},{"damage":35,"enemies":"Masked Bandits","floor":22,"turns":6},{"damage":47,"enemies":"Slavers","floor":28,"turns":11},{"damage":33,"enemies":"Gremlin Leader","floor":31,"turns":9},{"damage":34,"enemies":"Collector","floor":33,"turns":7}],"seed_played":"-6678604509324197087","potions_obtained":[{"floor":3,"key":"AttackPotion"},{"floor":7,"key":"Ancient Potion"},{"floor":11,"key":"Block Potion"},{"floor":12,"key":"Strength Potion"},{"floor":18,"key":"sneckomod:MuddlingPotion"},{"floor":19,"key":"Energy Potion"},{"floor":28,"key":"SkillPotion"}],"is_trial":false,"path_per_floor":["M","M","M","?","M","R","M","R","T","$","M","E","M","$","R","B",null,"M","M","?","$","?","R","$","R","T","$","E","R","?","E","R","B"],"character_chosen":"THE_SILENT","items_purchased":["Eviscerate","Reflex","Dagger Throw","Block Potion"],"campfire_rested":1,"item_purchase_floors":[10,10,14,24],"current_hp_per_floor":[70,70,70,70,70,70,66,66,66,66,65,50,50,50,62,22,70,66,48,48,48,18,33,33,48,48,48,15,30,30,9,38,15,15],"gold":141,"neow_bonus":"ONE_RANDOM_RARE_CARD","is_daily":false,"chose_seed":false,"campfire_upgraded":6,"win_rate":0.0,"timestamp":1611373989,"path_taken":["M","M","M","?","M","R","M","R","T","$","M","E","?","?","R","BOSS","M","?","?","$","?","R","$","R","T","?","E","R","?","E","R","BOSS"],"items_purchased_type":["Card","Card","Card","Potion"],"build_version":"2020-12-22","purchased_purges":1,"victory":false,"max_hp_per_floor":[70,70,70,70,70,70,70,70,70,70,70,70,70,70,70,70,70,70,70,49,49,49,49,49,49,49,49,49,49,49,49,49,49,49],"card_choices":[{"not_picked":["Blur","Cloak And Dagger"],"picked":"Underhanded Strike","floor":1},{"not_picked":["Catalyst","Dodge and Roll"],"picked":"Cloak And Dagger","floor":2},{"not_picked":["Skewer","Distraction"],"picked":"Footwork","floor":3},{"not_picked":["Masterful Stab","Backflip"],"picked":"Prepared","floor":5},{"not_picked":["Prepared","Outmaneuver","Setup"],"picked":"SKIP","floor":7},{"not_picked":["Tools of the Trade","Calculated Gamble"],"picked":"Dash","floor":11},{"not_picked":["Footwork","Sucker Punch"],"picked":"Blur","floor":12},{"not_picked":["PiercingWail","Underhanded Strike","Terror"],"picked":"SKIP","floor":13},{"not_picked":["Phantasmal Killer","Tools of the Trade"],"picked":"Envenom","floor":16},{"not_picked":["Cloak And Dagger","Heel Hook+1"],"picked":"Outmaneuver","floor":18},{"not_picked":["PiercingWail","Flying Knee"],"picked":"Deflect+1","floor":19},{"not_picked":["Catalyst","Predator+1"],"picked":"Leg Sweep+1","floor":22},{"not_picked":["Deflect","Expertise","Quick Slash+1"],"picked":"SKIP","floor":28},{"not_picked":["Catalyst","Outmaneuver","Night Terror"],"picked":"SKIP","floor":31}],"player_experience":381400,"relics_obtained":[{"floor":9,"key":"Kunai"},{"floor":12,"key":"Eternal Feather"},{"floor":22,"key":"Red Mask"},{"floor":26,"key":"Pantograph"},{"floor":28,"key":"Blood Vial"},{"floor":31,"key":"HornCleat"}],"event_choices":[{"damage_healed":0,"gold_gain":0,"player_choice":"Trade","damage_taken":0,"relics_obtained":["GremlinMask"],"max_hp_gain":0,"max_hp_loss":0,"event_name":"FaceTrader","floor":4,"gold_loss":0},{"damage_healed":0,"gold_gain":0,"player_choice":"Became a vampire","damage_taken":0,"max_hp_gain":0,"max_hp_loss":21,"event_name":"Vampires","floor":20,"gold_loss":0,"cards_obtained":["Bite","Bite","Bite","Bite","Bite"]},{"damage_healed":0,"gold_gain":0,"player_choice":"Fought Bandits","damage_taken":0,"max_hp_gain":0,"max_hp_loss":0,"event_name":"Masked Bandits","floor":22,"gold_loss":0},{"damage_healed":0,"gold_gain":0,"player_choice":"Ignored","damage_taken":0,"max_hp_gain":0,"max_hp_loss":0,"event_name":"Ghosts","floor":30,"gold_loss":0}],"is_beta":false,"boss_relics":[{"not_picked":["Pandora\u0027s Box","Calling Bell"],"picked":"Runic Pyramid"}],"items_purged_floors":[21],"is_endless":false,"potions_floor_spawned":[3,7,11,12,18,19,28],"killed_by":"Collector","ascension_level":4}}