{"host":"hwrdjx5eod2cxh09","time":1611387259,"event":{"mods":["AchievementEnabler","BaseMod","Bestiary","Minty Spire (QoL Compilation)","Relic Stats"],"gold_per_floor":[112,132,132,147,147,178,191,191,244,244,17,28,28,43,43,142,142,160,175,188,200,200,200,200],"floor_reached":23,"language":"ENG","playtime":1023,"items_purged":[],"score":245,"play_id":"a85b9138-aaeb-482e-8a61-39b56e85a5f0","local_time":"20210123163419","is_ascension_mode":false,"campfire_choices":[{"data":"Eruption","floor":8.0,"key":"SMITH"},{"floor":10.0,"key":"REST"},{"data":"Meditate","floor":15.0,"key":"SMITH"}],"circlet_count":0,"master_deck":["Strike_P","Strike_P","Strike_P","Strike_P","Defend_P","Defend_P","Defend_P+1","Defend_P","Eruption+1","Vigilance","Blasphemy+1","Perseverance","Conclude+1","Crescendo","BattleHymn","WaveOfTheHand","SignatureMove","FlurryOfBlows","Meditate+1","DeusExMachina","JustLucky","Tantrum","JustLucky+1","ThirdEye+1"],"relics":["PureWater","Kunai","Bag of Preparation","OrangePellets","Damaru","VioletLotus"],"acts_visited":["Exordium","TheCity"],"potions_floor_usage":[],"damage_taken":[{"damage":0.0,"enemies":"Cultist","floor":1.0,"turns":1.0},{"damage":1.0,"enemies":"2 Louse","floor":2.0,"turns":2.0},{"damage":1.0,"enemies":"Jaw Worm","floor":4.0,"turns":2.0},{"damage":21.0,"enemies":"Lagavulin","floor":6.0,"turns":8.0},{"damage":0.0,"enemies":"Blue Slaver","floor":7.0,"turns":2.0},{"damage":0.0,"enemies":"3 Louse","floor":12.0,"turns":1.0},{"damage":0.0,"enemies":"2 Fungi Beasts","floor":14.0,"turns":1.0},{"damage":0.0,"enemies":"Slime Boss","floor":16.0,"turns":5.0},{"damage":0.0,"enemies":"Spheric Guardian","floor":18.0,"turns":2.0},{"damage":2.0,"enemies":"Chosen","floor":19.0,"turns":3.0},{"damage":21.0,"enemies":"Centurion and Healer","floor":20.0,"turns":5.0},{"damage":0.0,"enemies":"Chosen and Byrds","floor":21.0,"turns":3.0},{"damage":32,"enemies":"Slavers","floor":23,"turns":3}],"seed_played":"-6331089834625175371","potions_obtained":[{"floor":1.0,"key":"Energy Potion"},{"floor":7.0,"key":"FairyPotion"},{"floor":16.0,"key":"SpeedPotion"}],"is_trial":false,"path_per_floor":["M","M","?","M","?","E","M","R","T","R","$","M","?","M","R","B",null,"M","M","M","M","?","E"],"character_chosen":"WATCHER","items_purchased":["SignatureMove","OrangePellets"],"campfire_rested":1,"item_purchase_floors":[11,11],"current_hp_per_floor":[51,50,36,35,35,14,14,14,14,35,35,35,23,23,23,23,72,72,70,49,49,49,17,17],"gold":200,"neow_bonus":"THREE_RARE_CARDS","is_daily":false,"chose_seed":false,"campfire_upgraded":2,"win_rate":0.0,"timestamp":1611387259,"path_taken":["M","M","?","M","?","E","?","R","T","R","?","M","?","M","R","BOSS","M","M","M","M","?","E"],"items_purchased_type":["Card","Relic"],"build_version":"2020-12-22","purchased_purges":0,"victory":false,"max_hp_per_floor":[72,72,72,72,72,72,72,72,72,72,72,72,72,72,72,72,72,72,72,72,72,72,72,72],"relic_stats":{"OrangePellets":[0],"counters":[13,38],"VioletLotus":[4],"Bag of Preparation":[16],"Kunai":[14],"obtain_stats":[{"OrangePellets":11,"Damaru":13,"VioletLotus":17,"Bag of Preparation":9,"Kunai":6,"PureWater":0},{"OrangePellets":5,"Damaru":6,"VioletLotus":8,"Bag of Preparation":5,"Kunai":4,"PureWater":0},{"OrangePellets":15,"Damaru":16,"VioletLotus":22,"Bag of Preparation":15,"Kunai":13,"PureWater":0}]},"card_choices":[{"not_picked":["Devotion","MasterReality"],"picked":"Blasphemy","floor":0.0},{"not_picked":["SashWhip","FollowUp"],"picked":"Perseverance","floor":1.0},{"not_picked":["WheelKick","Wallop"],"picked":"Conclude","floor":2.0},{"not_picked":["WaveOfTheHand","EmptyFist"],"picked":"Crescendo","floor":4.0},{"not_picked":["Swivel","SashWhip"],"picked":"BattleHymn","floor":6.0},{"not_picked":["SashWhip","Fasting2"],"picked":"WaveOfTheHand","floor":7.0},{"not_picked":["BowlingBash","SashWhip"],"picked":"FlurryOfBlows","floor":12.0},{"not_picked":["WindmillStrike","Halt"],"picked":"Meditate","floor":14.0},{"not_picked":["Establishment","Blasphemy"],"picked":"DeusExMachina","floor":16.0},{"not_picked":["Evaluate","FlyingSleeves"],"picked":"JustLucky","floor":18.0},{"not_picked":["Consecrate+1","Halt+1"],"picked":"Tantrum","floor":19.0},{"not_picked":["Weave","Swivel+1"],"picked":"JustLucky+1","floor":20.0},{"not_picked":["CrushJoints","Devotion"],"picked":"ThirdEye+1","floor":21.0}],"player_experience":248680,"relics_obtained":[{"floor":6.0,"key":"Kunai"},{"floor":9.0,"key":"Bag of Preparation"}],"event_choices":[{"damage_healed":0.0,"max_hp_gain":0.0,"max_hp_loss":0.0,"gold_gain":0.0,"event_name":"Shining Light","player_choice":"Entered Light","floor":3.0,"gold_loss":0.0,"damage_taken":14.0,"cards_upgraded":["Defend_P","Conclude"]},{"damage_healed":0.0,"max_hp_gain":0.0,"max_hp_loss":0.0,"gold_gain":0.0,"event_name":"Accursed Blacksmith","player_choice":"Forge","floor":5.0,"gold_loss":0.0,"damage_taken":0.0,"cards_upgraded":["Blasphemy"]},{"damage_healed":0.0,"max_hp_gain":0.0,"max_hp_loss":0.0,"gold_gain":0.0,"event_name":"Scrap Ooze","player_choice":"Success","floor":13.0,"gold_loss":0.0,"damage_taken":12.0,"relics_obtained":["Damaru"]},{"damage_healed":0.0,"max_hp_gain":0.0,"max_hp_loss":0.0,"gold_gain":0.0,"event_name":"Ghosts","player_choice":"Ignored","floor":22.0,"gold_loss":0.0,"damage_taken":0.0}],"is_beta":false,"boss_relics":[{"not_picked":["Runic Pyramid","Velvet Choker"],"picked":"VioletLotus"}],"items_purged_floors":[],"is_endless":false,"potions_floor_spawned":[1,7,16,19,21],"killed_by":"Slavers","ascension_level":0}}