{"host":"da4a6z8aof69aasy","time":1611444488,"event":{"mods":["AchievementEnabler","BaseMod","Block Reminder","Colored Powertips","DeckTracker","Highlight Path","Minty Spire (QoL Compilation)","Permanent Neow","Relic Stats","StSLib"],"gold_per_floor":[212,224,241,41,54,81,81,106,106,106,117,127,127,155,155,232,232,248,163,163,182,192,220,63,93,119,149,168,183,183,200,200,277,277,293,308,86,86,0,35,48,48,120,120,153,175,9,28,28,28,28,28,13,49,49,49],"floor_reached":55,"language":"ENG","playtime":11316,"items_purged":["Strike_B","Strike_B"],"score":1372,"play_id":"54f0108f-18e6-413a-8c40-f549ed98b546","local_time":"20210124012808","is_ascension_mode":true,"campfire_choices":[{"floor":7.0,"key":"REST"},{"data":"Sunder","floor":10.0,"key":"SMITH"},{"data":"Ball Lightning","floor":15.0,"key":"SMITH"},{"data":"Static Discharge","floor":30.0,"key":"SMITH"},{"data":"Seek","floor":32.0,"key":"SMITH"},{"data":"Defragment","floor":42,"key":"SMITH"},{"floor":49,"key":"RECALL"},{"data":"Capacitor","floor":52,"key":"SMITH"}],"circlet_count":0,"master_deck":["AscendersBane","Defend_B","Defend_B","Defend_B","Defend_B","Zap","Dualcast","Ball Lightning+1","Sunder+1","Echo Form","Genetic Algorithm","Self Repair","White Noise","Seek+1","Hologram+1","Storm","Static Discharge+1","Force Field+1","Ball Lightning+1","Echo Form","Defragment+1","Apotheosis+1","Hologram+1","Hologram+1","Capacitor+1","Cold Snap+1","Cold Snap+1"],"relics":["Cracked Core","Sundial","Toy Ornithopter","Mummified Hand","Torii","Snecko Eye","Shuriken","Toxic Egg 2","Letter Opener","Anchor","Emotion Chip","DataDisk","Centennial Puzzle","Philosopher\u0027s Stone","Red Mask","CeramicFish","Ice Cream","Whetstone"],"acts_visited":["Exordium","TheCity","TheBeyond","TheEnding"],"potions_floor_usage":[54,55],"damage_taken":[{"damage":1.0,"enemies":"2 Louse","floor":1.0,"turns":4.0},{"damage":12.0,"enemies":"Small Slimes","floor":2.0,"turns":4.0},{"damage":1.0,"enemies":"Cultist","floor":3.0,"turns":4.0},{"damage":7.0,"enemies":"2 Fungi Beasts","floor":5.0,"turns":3.0},{"damage":14.0,"enemies":"Gremlin Nob","floor":6.0,"turns":4.0},{"damage":13.0,"enemies":"3 Sentries","floor":8.0,"turns":7.0},{"damage":4.0,"enemies":"3 Louse","floor":11.0,"turns":4.0},{"damage":18.0,"enemies":"Large Slime","floor":12.0,"turns":6.0},{"damage":12.0,"enemies":"Gremlin Nob","floor":14.0,"turns":5.0},{"damage":23.0,"enemies":"The Guardian","floor":16.0,"turns":10.0},{"damage":13.0,"enemies":"3 Byrds","floor":18.0,"turns":4.0},{"damage":0.0,"enemies":"2 Thieves","floor":21.0,"turns":3.0},{"damage":0.0,"enemies":"Snecko","floor":22.0,"turns":3.0},{"damage":0.0,"enemies":"Gremlin Leader","floor":23.0,"turns":6.0},{"damage":18.0,"enemies":"Slavers","floor":25.0,"turns":9.0},{"damage":15.0,"enemies":"Gremlin Leader","floor":27.0,"turns":7.0},{"damage":0.0,"enemies":"Sentry and Sphere","floor":28.0,"turns":3.0},{"damage":1.0,"enemies":"Snake Plant","floor":29.0,"turns":4.0},{"damage":12.0,"enemies":"3 Cultists","floor":31.0,"turns":5.0},{"damage":1.0,"enemies":"Collector","floor":33.0,"turns":6.0},{"damage":10.0,"enemies":"3 Darklings","floor":35.0,"turns":4.0},{"damage":0,"enemies":"Orb Walker","floor":36,"turns":2},{"damage":9,"enemies":"Giant Head","floor":40,"turns":7},{"damage":0,"enemies":"Maw","floor":41,"turns":5},{"damage":17,"enemies":"Nemesis","floor":45,"turns":6},{"damage":0,"enemies":"Jaw Worm Horde","floor":46,"turns":4},{"damage":7,"enemies":"4 Shapes","floor":48,"turns":3},{"damage":31,"enemies":"Time Eater","floor":50,"turns":8},{"damage":1,"enemies":"Shield and Spear","floor":54,"turns":4},{"damage":72,"enemies":"The Heart","floor":55,"turns":5}],"seed_played":"-2277494056808530230","potions_obtained":[{"floor":1.0,"key":"SneckoOil"},{"floor":5.0,"key":"Ancient Potion"},{"floor":6.0,"key":"SteroidPotion"},{"floor":12.0,"key":"Block Potion"},{"floor":16.0,"key":"Swift Potion"},{"floor":18.0,"key":"Explosive Potion"},{"floor":22.0,"key":"FearPotion"},{"floor":28.0,"key":"LiquidBronze"},{"floor":31.0,"key":"Explosive Potion"},{"floor":35.0,"key":"DistilledChaos"}],"is_trial":false,"path_per_floor":["M","M","M","$","M","E","R","E","T","R","M","M","?","E","R","B",null,"M","?","?","M","M","E","$","E","T","E","M","M","R","M","R","B",null,"M","M","$","?","?","E","M","R","T","?","E","M","$","M","R","B",null,"R","$","E","B"],"character_chosen":"DEFECT","items_purchased":["Ball Lightning","Sunder","Anchor","Apotheosis+1","Hologram+1","Capacitor","Cold Snap"],"campfire_rested":1,"item_purchase_floors":[4,4,24,37,37,47,53],"current_hp_per_floor":[63,51,50,50,43,29,50,37,37,37,47,43,43,50,50,41,64,65,65,65,71,71,71,71,67,67,59,71,71,71,71,71,71,71,71,71,71,71,71,71,71,71,71,71,71,71,71,71,71,60,68,68,68,71,0,0],"gold":49,"neow_bonus":"HUNDRED_GOLD","is_daily":false,"chose_seed":false,"campfire_upgraded":6,"win_rate":0.0,"timestamp":1611444488,"path_taken":["M","M","M","$","M","E","R","E","T","R","M","M","?","E","R","BOSS","M","?","?","M","?","E","$","E","T","E","M","M","R","M","R","BOSS","M","M","$","?","?","E","M","R","T","?","E","M","$","M","R","BOSS","R","$","E","BOSS"],"items_purchased_type":["Card","Card","Relic","Card","Card","Card","Card"],"build_version":"2020-12-22","purchased_purges":2,"victory":false,"max_hp_per_floor":[71,71,71,71,71,71,71,71,71,71,71,71,71,71,71,71,71,71,71,71,71,71,71,71,71,71,71,71,71,71,71,71,71,71,71,71,71,71,71,71,71,71,71,71,71,71,71,71,71,71,71,71,71,71,71,71],"relic_stats":{"Torii":61,"counters":[30,148],"CeramicFish":36,"Letter Opener":[222],"Whetstone":["Cold Snap","Cold Snap"],"Emotion Chip":[45,43,2,0,0],"Centennial Puzzle":[30],"Sundial":[28],"Mummified Hand":[262],"Shuriken":[25],"Snecko Eye":[165,170,174,152],"obtain_stats":[{"Ice Cream":45,"Torii":14,"CeramicFish":40,"Letter Opener":23,"Whetstone":54,"Anchor":24,"Emotion Chip":25,"DataDisk":26,"Centennial Puzzle":27,"Sundial":6,"Mummified Hand":9,"Shuriken":19,"Snecko Eye":17,"Philosopher\u0027s Stone":34,"Red Mask":39,"Toxic Egg 2":20,"Cracked Core":0,"Toy Ornithopter":8},{"Ice Cream":25,"Torii":9,"CeramicFish":23,"Letter Opener":14,"Whetstone":29,"Anchor":14,"Emotion Chip":15,"DataDisk":15,"Centennial Puzzle":16,"Sundial":5,"Mummified Hand":6,"Shuriken":11,"Snecko Eye":10,"Philosopher\u0027s Stone":20,"Red Mask":22,"Toxic Egg 2":11,"Cracked Core":0,"Toy Ornithopter":6},{"Ice Cream":124,"Torii":41,"CeramicFish":113,"Letter Opener":66,"Whetstone":143,"Anchor":66,"Emotion Chip":75,"DataDisk":75,"Centennial Puzzle":82,"Sundial":19,"Mummified Hand":26,"Shuriken":54,"Snecko Eye":50,"Philosopher\u0027s Stone":100,"Red Mask":106,"Toxic Egg 2":54,"Cracked Core":0,"Toy Ornithopter":26}],"Toy Ornithopter":9},"card_choices":[{"not_picked":["Auto Shields","Go for the Eyes","Stack"],"picked":"SKIP","floor":1.0},{"not_picked":["Go for the Eyes","BootSequence","Rebound"],"picked":"SKIP","floor":2.0},{"not_picked":["Static Discharge","Hologram"],"picked":"Cold Snap","floor":3.0},{"not_picked":["Rebound","Capacitor"],"picked":"Echo Form","floor":5.0},{"not_picked":["Coolheaded","Recycle"],"picked":"Genetic Algorithm","floor":6.0},{"not_picked":["Compile Driver","FTL"],"picked":"Self Repair","floor":8.0},{"not_picked":["Stack","Sunder","Gash"],"picked":"SKIP","floor":11.0},{"not_picked":["Redo","Tempest","Go for the Eyes"],"picked":"SKIP","floor":12.0},{"not_picked":["Rebound","Turbo"],"picked":"White Noise","floor":14.0},{"not_picked":["All For One","Meteor Strike"],"picked":"Seek","floor":16.0},{"not_picked":["Barrage","Redo","Stack"],"picked":"SKIP","floor":18.0},{"not_picked":["Tempest+1","Rebound","Ball Lightning"],"picked":"SKIP","floor":21.0},{"not_picked":["Barrage","BootSequence+1"],"picked":"Hologram+1","floor":22.0},{"not_picked":["Hologram+1","Self Repair"],"picked":"Storm","floor":23.0},{"not_picked":["Stack+1","Go for the Eyes","Cold Snap"],"picked":"SKIP","floor":25.0},{"not_picked":["Coolheaded+1","Rebound"],"picked":"Static Discharge","floor":27.0},{"not_picked":["BootSequence+1","Go for the Eyes"],"picked":"Force Field+1","floor":28.0},{"not_picked":["Compile Driver","Aggregate+1","Streamline"],"picked":"SKIP","floor":29.0},{"not_picked":["Stack+1","Beam Cell"],"picked":"Ball Lightning+1","floor":31.0},{"not_picked":["Fission+1","Reboot+1"],"picked":"Echo Form","floor":33.0},{"not_picked":["Rip and Tear","Rebound+1"],"picked":"Defragment","floor":35.0},{"not_picked":["Gash","Auto Shields+1","Sweeping Beam"],"picked":"SKIP","floor":36},{"not_picked":["Fission+1","Rebound","White Noise+1"],"picked":"SKIP","floor":40},{"not_picked":["Fission+1","Rebound","White Noise+1"],"picked":"SKIP","floor":40},{"not_picked":["Gash","Double Energy+1","Beam Cell"],"picked":"SKIP","floor":41},{"not_picked":["Reboot+1","Ball Lightning","Machine Learning"],"picked":"SKIP","floor":45},{"not_picked":["Stack+1","Go for the Eyes+1"],"picked":"Hologram+1","floor":46},{"not_picked":["Compile Driver","Barrage","FTL+1"],"picked":"SKIP","floor":48},{"not_picked":["Redo+1","Streamline"],"picked":"Cold Snap","floor":54}],"player_experience":2107033,"relics_obtained":[{"floor":6.0,"key":"Sundial"},{"floor":8.0,"key":"Toy Ornithopter"},{"floor":9.0,"key":"Mummified Hand"},{"floor":14.0,"key":"Torii"},{"floor":20.0,"key":"Toxic Egg 2"},{"floor":23.0,"key":"Letter Opener"},{"floor":25.0,"key":"Emotion Chip"},{"floor":26.0,"key":"DataDisk"},{"floor":27.0,"key":"Centennial Puzzle"},{"floor":40,"key":"CeramicFish"},{"floor":45,"key":"Ice Cream"},{"floor":54,"key":"Whetstone"}],"event_choices":[{"cards_removed":["Strike_B"],"damage_healed":0.0,"max_hp_gain":0.0,"max_hp_loss":0.0,"gold_gain":0.0,"event_name":"Living Wall","player_choice":"Forget","floor":13.0,"gold_loss":0.0,"damage_taken":0.0},{"damage_healed":0.0,"max_hp_gain":0.0,"max_hp_loss":0.0,"gold_gain":0.0,"event_name":"Addict","player_choice":"Obtained Relic","floor":19.0,"gold_loss":85.0,"damage_taken":0.0,"relics_obtained":["Shuriken"]},{"damage_healed":0.0,"max_hp_gain":0.0,"max_hp_loss":0.0,"gold_gain":0.0,"event_name":"Wheel of Change","player_choice":"Relic","floor":20.0,"gold_loss":0.0,"damage_taken":0.0},{"cards_removed":["Cold Snap"],"damage_healed":0,"gold_gain":0,"player_choice":"Removed Attack","damage_taken":0,"max_hp_gain":0,"max_hp_loss":0,"event_name":"Falling","floor":38,"gold_loss":0},{"damage_healed":0,"gold_gain":0,"player_choice":"Paid","damage_taken":0,"relics_obtained":["Red Mask"],"max_hp_gain":0,"max_hp_loss":0,"event_name":"Tomb of Lord Red Mask","floor":39,"gold_loss":86},{"cards_removed":["Strike_B"],"damage_healed":0,"gold_gain":0,"player_choice":"Card Removal","damage_taken":0,"max_hp_gain":0,"max_hp_loss":0,"event_name":"Wheel of Change","floor":44,"gold_loss":0}],"is_beta":false,"boss_relics":[{"not_picked":["Sozu","Astrolabe"],"picked":"Snecko Eye"},{"not_picked":["Nuclear Battery","Runic Dome"],"picked":"Philosopher\u0027s Stone"}],"items_purged_floors":[4,47],"is_endless":false,"potions_floor_spawned":[1,5,6,12,16,18,21,22,28,31,35,46,48],"killed_by":"The Heart","ascension_level":15}}