{"host":"thin","time":1611373092,"event":{"mods":["BaseMod","Colored Powertips","Minty Spire (QoL Compilation)","Replay The Spire","Shop Mod","StSLib","The Bug Knight"],"gold_per_floor":[16,16,16,26,42,72,72,84,84,117,117,127,127,152,152,225,225,238,253,264,264,176,176,203,203,203,222,252,252,252],"floor_reached":29,"language":"ZHS","playtime":986,"items_purged":[],"score":481,"play_id":"77a15627-4e3c-4aed-80df-19a68f0c9f16","local_time":"20210123113812","is_ascension_mode":true,"campfire_choices":[{"data":"HollowMod:Weaversong","floor":7.0,"key":"SMITH"},{"floor":11.0,"key":"RECALL"},{"floor":13.0,"key":"REST"},{"floor":15.0,"key":"REST"},{"data":"HollowMod:ZotesMagnificence","floor":23.0,"key":"SMITH"},{"floor":25.0,"key":"REST"}],"circlet_count":0,"master_deck":["AscendersBane","HollowMod:NailStrikeStart+1","HollowMod:NailStrikeStart+1","HollowMod:NailStrikeStart+1","HollowMod:NailStrikeStart+1","HollowMod:QuickDashStart","HollowMod:QuickDashStart","HollowMod:QuickDashStart","HollowMod:QuickDashStart","HollowMod:FocusHealStart","HollowMod:PogoStrike","HollowMod:Weaversong+1","HollowMod:SoulSplash","HollowMod:SiblingsSouls","HollowMod:PureVessel","HollowMod:ZotesMagnificence+1","HollowMod:DungDefenderAura+1","Jack Of All Trades+1","HollowMod:PerfectDash+1"],"relics":["HollowMod:VesselMask","Replay:Bottled Eggs","Toxic Egg 2","Garlic","Regal Pillow","Ring of Chaos","Blue Doll","Bronze Scales"],"acts_visited":["TheCity"],"potions_floor_usage":[29],"damage_taken":[{"damage":6.0,"enemies":"Cultist","floor":1.0,"turns":4.0},{"damage":1.0,"enemies":"2 Louse","floor":4.0,"turns":2.0},{"damage":12.0,"enemies":"Small Slimes","floor":5.0,"turns":2.0},{"damage":12.0,"enemies":"Replay:BlueRogue","floor":6.0,"turns":8.0},{"damage":12.0,"enemies":"Exordium Wildlife","floor":8.0,"turns":3.0},{"damage":20.0,"enemies":"3 Sentries","floor":10.0,"turns":4.0},{"damage":11.0,"enemies":"Lots of Slimes","floor":12.0,"turns":3.0},{"damage":34.0,"enemies":"Lagavulin","floor":14.0,"turns":5.0},{"damage":37.0,"enemies":"Slime Boss","floor":16.0,"turns":8.0},{"damage":1.0,"enemies":"Chosen","floor":18.0,"turns":4.0},{"damage":9.0,"enemies":"Spheric Guardian","floor":19.0,"turns":3.0},{"damage":56.0,"enemies":"Snake Plant","floor":20.0,"turns":5.0},{"damage":79.0,"enemies":"Book of Stabbing","floor":24.0,"turns":6.0},{"damage":17.0,"enemies":"Sentry and Sphere","floor":27.0,"turns":4.0},{"damage":21,"enemies":"HollowMod:Nosk","floor":28,"turns":9},{"damage":36,"enemies":"Centurion and Healer","floor":29,"turns":4}],"seed_played":"4940311736272812331","potions_obtained":[{"floor":4.0,"key":"EssenceOfSteel"},{"floor":8.0,"key":"SteroidPotion"},{"floor":12.0,"key":"Doom Potion"},{"floor":16.0,"key":"GamblersBrew"},{"floor":18.0,"key":"FairyPotion"},{"floor":27.0,"key":"Explosive Potion"},{"floor":28,"key":"Reflective Coating"}],"is_trial":false,"path_per_floor":["M","$","?","M","M","E","R","M","T","E","R","M","R","E","R","B",null,"M","M","M","?","$","R","E","R","T","M","E","M"],"character_chosen":"THE_BUGKNIGHT","items_purchased":["Jack Of All Trades+1"],"campfire_rested":3,"item_purchase_floors":[22],"current_hp_per_floor":[72,72,75,74,62,60,60,54,54,40,40,29,51,23,60,23,62,61,52,22,85,85,85,12,52,52,35,20,0,0],"gold":252,"neow_bonus":"THREE_RARE_CARDS","is_daily":false,"chose_seed":false,"campfire_upgraded":2,"win_rate":0.0,"timestamp":1611373092,"path_taken":["M","?","?","M","M","E","R","M","T","E","R","M","R","E","R","BOSS","M","?","M","?","$","R","E","R","T","M","E","?"],"items_purchased_type":["Card"],"build_version":"2020-12-18","purchased_purges":0,"victory":false,"max_hp_per_floor":[75,75,75,75,75,75,75,75,75,75,75,75,75,75,75,75,75,75,75,75,85,85,85,85,85,85,85,85,85,85],"card_choices":[{"not_picked":["HollowMod:PureVessel","HollowMod:ElderbugsWisdom"],"picked":"HollowMod:Weaversong","floor":0.0},{"not_picked":["HollowMod:WraithStrike","HollowMod:DescendingDark"],"picked":"HollowMod:SoulSplash","floor":1.0},{"not_picked":["HollowMod:NewJinnsSoul","HollowMod:MawleksShell","HollowMod:GoodIntentions"],"picked":"SKIP","floor":4.0},{"not_picked":["HollowMod:SoulStrike","HollowMod:InfectedAttack"],"picked":"HollowMod:SiblingsSouls","floor":5.0},{"not_picked":["HollowMod:MonarchWings","HollowMod:InfectedAttack","HollowMod:DreamGate"],"picked":"SKIP","floor":6.0},{"not_picked":["HollowMod:SharpenedNail","HollowMod:LifebloodCocoon","HollowMod:MawleksShell"],"picked":"SKIP","floor":8.0},{"not_picked":["HollowMod:RecoilStrike","HollowMod:InfectedAttack"],"picked":"HollowMod:SoulMaster","floor":10.0},{"not_picked":["HollowMod:InfectedCysts","HollowMod:DoubleDash+1","HollowMod:TaintedHusks+1"],"picked":"SKIP","floor":12.0},{"not_picked":["HollowMod:SoulSplash+1","HollowMod:DesolateDive"],"picked":"HollowMod:PureVessel","floor":14.0},{"not_picked":["HollowMod:AwokenDreamNail","HollowMod:SlysStrikes"],"picked":"HollowMod:ZotesMagnificence","floor":16.0},{"not_picked":["HollowMod:AbyssShriek","HollowMod:WraithStrike","HollowMod:LifebloodCocoon+1"],"picked":"SKIP","floor":18.0},{"not_picked":["HollowMod:WraithStrike","HollowMod:LifebloodCocoon+1"],"picked":"HollowMod:DungDefenderAura+1","floor":19.0},{"not_picked":["HollowMod:SoulStrike","HollowMod:SoulSplash+1","HollowMod:SharpenedNail+1"],"picked":"SKIP","floor":20.0},{"not_picked":["HollowMod:SharpenedNail","HollowMod:GrimmsGift+1"],"picked":"HollowMod:PerfectDash+1","floor":24.0},{"not_picked":["HollowMod:PureNailStrike+1","HollowMod:SharpenedNail","HollowMod:NewJinnsSoul+1"],"picked":"SKIP","floor":27.0},{"not_picked":["HollowMod:Grubsong","HollowMod:SoulEater","HollowMod:SiblingsShadow+1"],"picked":"SKIP","floor":28}],"player_experience":964467,"relics_obtained":[{"floor":6.0,"key":"Replay:Bottled Eggs"},{"floor":9.0,"key":"Toxic Egg 2"},{"floor":10.0,"key":"Garlic"},{"floor":14.0,"key":"Regal Pillow"},{"floor":24.0,"key":"Blue Doll"},{"floor":28,"key":"Bronze Scales"}],"event_choices":[{"damage_healed":3.0,"max_hp_gain":0.0,"max_hp_loss":0.0,"gold_gain":0.0,"event_name":"Wheel of Change","player_choice":"Full Heal","floor":3.0,"gold_loss":0.0,"damage_taken":0.0},{"cards_removed":["HollowMod:SoulMaster"],"damage_healed":53.0,"max_hp_gain":10.0,"max_hp_loss":0.0,"gold_gain":0.0,"event_name":"Bonfire Elementals","player_choice":"Offered Rare","floor":21.0,"gold_loss":0.0,"damage_taken":0.0}],"is_beta":true,"boss_relics":[{"not_picked":["Replay:Wanted Poster","Replay:Drink Me"],"picked":"Ring of Chaos"}],"items_purged_floors":[],"is_endless":false,"potions_floor_spawned":[4,8,12,16,18,27,28],"killed_by":"Centurion and Healer","ascension_level":14}}