{"host":"y13egnm4gu4imyrg","time":1611368506,"event":{"mods":["AchievementEnabler","Act Like it!","Aspiration","Astrologer","BaseMod","Beaked The Cultist","Chen","Clockwork Mod","Downfall","Elementarium","Gensokyo","GifTheSpireLib","Hermit","Hubris","Infinite Spire","Jorbs\u0027s Wanderer Trilogy","Koishi","Luminous","Marisa????????","Minty Spire (QoL Compilation)","Prisma Mod","Rare Cards Sparkle","Replay The Spire","Somnambulant","StSLib","Stuff the Spire","Td1madao Mod","The Administrix","The Bladedancer","The Construct","The Disciple","The Hierophant","The Jungle","The Marked","The Mystic","The Necromancer","The Runesmith","The Senshi","The Servant 0.9.4","The Wild Card","Transform Curses"],"gold_per_floor":[114,114,127,57,57,57,83,83,83,83,83,98,98,50,50,150,150,160,179,179,196,214,214,214,214],"floor_reached":24,"language":"ENG","playtime":1446,"items_purged":[],"score":214,"play_id":"7136e4f1-30b0-4fc4-9e23-447e4331b1c0","local_time":"20210122182146","is_ascension_mode":false,"campfire_choices":[{"data":"theMarked:AttractMetal","floor":6,"key":"SMITH"},{"data":"theMarked:SoldierOfQuellstein","floor":8,"key":"SMITH"},{"data":"theMarked:EmpowerWeapon","floor":13,"key":"SMITH"},{"floor":15,"key":"REST"}],"circlet_count":0,"master_deck":["theMarked:Strike+1","theMarked:Strike+1","theMarked:Defend","theMarked:Defend","theMarked:Defend","theMarked:Defend","theMarked:SoldierOfQuellstein+1","theMarked:Convert","theMarked:AttractMetal+1","theMarked:ReduceFriction","theMarked:Parkour","theMarked:EmpowerWeapon+1","theMarked:BanishingWave","theMarked:Aftermath","theMarked:MagicAdept","theMarked:SuspiciousRaven+1","theMarked:ThrowWeapon+1","theMarked:MagicAdept+1","theMarked:BanishingStrike","theMarked:WardOff","theMarked:Frustration","theMarked:Frustration"],"relics":["theMarked:ArtifactOfAir","Blue Candle","Replay:Bottled Steam","Letter Opener","Astrolabe","Toolbox"],"acts_visited":["Gensokyo:Gensokyo","Elementarium:Elementarium"],"potions_floor_usage":[7,16,23,23,23],"damage_taken":[{"damage":6,"enemies":"Gensokyo:Gryphon","floor":1,"turns":4},{"damage":1,"enemies":"Gensokyo:Python","floor":3,"turns":4},{"damage":5,"enemies":"Gensokyo:Mamizou","floor":7,"turns":9},{"damage":0,"enemies":"Gensokyo:3_Fairies","floor":12,"turns":4},{"damage":17,"enemies":"Gensokyo:Kokoro","floor":16,"turns":11},{"damage":35,"enemies":"Elementarium:Cyclone","floor":18,"turns":6},{"damage":3,"enemies":"Elementarium:2_ELEMENTALS","floor":19,"turns":4},{"damage":18,"enemies":"Elementarium:STONE_GOLEMS","floor":21,"turns":4},{"damage":17,"enemies":"Elementarium:3_ELEMENTALS","floor":22,"turns":4},{"damage":3,"enemies":"Nightmare","floor":23,"turns":4},{"damage":8,"enemies":"Elementarium:Hydrostalker","floor":24,"turns":1}],"seed_played":"7174124158007341175","potions_obtained":[{"floor":1,"key":"Adrenaline Potion"},{"floor":12,"key":"Block Potion"},{"floor":16,"key":"SmokeBomb"},{"floor":21,"key":"hexamod:SoulburnPotion"},{"floor":22,"key":"AttackPotion"}],"is_trial":false,"path_per_floor":["M","?","M","?","?","R","E","R","T","?","COS","M","R","$","R","B",null,"M","M","AVR","M","M","NM","M"],"character_chosen":"THE_DEFAULT","items_purchased":["theMarked:Aftermath"],"campfire_rested":1,"item_purchase_floors":[14],"current_hp_per_floor":[71,71,70,70,65,65,60,60,60,60,60,60,60,60,77,60,77,42,39,39,21,4,1,0,0],"gold":214,"neow_bonus":"TEN_PERCENT_HP_BONUS","is_daily":false,"chose_seed":false,"campfire_upgraded":3,"win_rate":0.0,"timestamp":1611368506,"path_taken":["M","?","M","?","?","R","E","R","T","?","COS","M","R","?","R","BOSS","M","M","AVR","M","M","NM","M"],"items_purchased_type":["Card"],"build_version":"2020-12-22","purchased_purges":0,"victory":false,"max_hp_per_floor":[77,77,77,77,77,77,77,77,77,77,77,77,77,77,77,77,77,77,77,77,77,77,77,77,77],"card_choices":[{"not_picked":["theMarked:DeterminationOfTheMarked","theMarked:Electrify"],"picked":"theMarked:Convert","floor":1},{"not_picked":["theMarked:HeightenedSenses","theMarked:RogueSparks"],"picked":"theMarked:AttractMetal","floor":3},{"not_picked":["theMarked:EnhanceMovement","theMarked:LightningStrikesTwice"],"picked":"theMarked:ReduceFriction","floor":7},{"not_picked":["theMarked:WardOff","theMarked:Generate"],"picked":"theMarked:Parkour","floor":10},{"not_picked":["theMarked:EnhanceMovement","theMarked:Aftermath"],"picked":"theMarked:EmpowerWeapon","floor":10},{"not_picked":["theMarked:Parry","theMarked:SelfDefenseTraining"],"picked":"theMarked:BanishingWave","floor":12},{"not_picked":["theMarked:UnarmedFury","theMarked:Vacuum"],"picked":"theMarked:MagicAdept","floor":16},{"not_picked":["theMarked:DeterminationOfTheMarked","theMarked:Seal+1"],"picked":"theMarked:BanishingStrike","floor":18},{"not_picked":["theMarked:Parry","theMarked:RepellingDischarge"],"picked":"theMarked:WardOff","floor":19},{"not_picked":["theMarked:WastefulDefense+1","theMarked:BindingBlade"],"picked":"theMarked:Frustration","floor":21},{"not_picked":["theMarked:Static+1","theMarked:Electrify"],"picked":"theMarked:Frustration","floor":22}],"player_experience":437342,"relics_obtained":[{"floor":7,"key":"Replay:Bottled Steam"},{"floor":9,"key":"Letter Opener"}],"event_choices":[],"is_beta":false,"boss_relics":[{"not_picked":["hubris:VirtuousBlindfold","bronze:MakeshiftBattery"],"picked":"Astrolabe"}],"items_purged_floors":[],"is_endless":false,"potions_floor_spawned":[1,12,16,21,22],"killed_by":"Elementarium:Hydrostalker","ascension_level":0}}