{"host":"v9ordiuf4xzdpttp","time":1611381665,"event":{"mods":["AchievementEnabler","Act Like it!","AlwaysNeverKeys","Aspiration","Bartender","BaseMod","Better Third Choice","Better Vampires","BetterRewards","CCEM","Colored Map","Conspire","Dio Mod","Downfall","Energized Spire","Filter the Spire","Gold Saver","GungeonMod","Halation","Hero for Fun","Hubris","Hunter ??","Infinite Spire","Ironclad Rager","Jedi Mod","Marked Mod","Melee Mod","Minty Spire (QoL Compilation)","Pale of the Ancients","Poor People Problems","Remove Card Discount Mod","Robot Space Explorer","SOS???????","Shop Mod","Somnambulant","Spicy Shops","StSLib","The Bladedancer","The Bug Knight","The Construct","The Death Knight","The Exalted","The Hayseed","The Hierophant","The Jungle","The Mystic","The Runesmith","The Senshi","The Servant 0.9.4","The Wild Card","TheBandit","vexMod","??????REMEMod"],"gold_per_floor":[119,119,394,408,408,442,456,469,469,31,49,49,69,81,81,181,181,200,200,200,166,166,166,182,199,223,241,241,254,270,290,290,385,385,402,12,24,24,24,24,54,54,80,98,110,102,0,0,0,0,17,31,31,100,100,119,119,119,119,119],"floor_reached":61,"language":"ENG","playtime":2453,"items_purged":["DeathKnight:RaiseAlly","DeathKnight:DeathGrip","DeathKnight:Defend_DeathKnight","DeathKnight:Strike_DeathKnight","DeathKnight:Strike_DeathKnight"],"score":1409,"play_id":"3bcbc08c-6398-4ee6-baf4-9489c600d86d","local_time":"20210123010105","is_ascension_mode":false,"campfire_choices":[{"floor":15,"key":"REST"},{"floor":23,"key":"REST"},{"floor":28,"key":"REST"},{"data":"DeathKnight:Hysteria","floor":32,"key":"SMITH"},{"floor":40,"key":"RECALL"},{"floor":49,"key":"REST"},{"data":"DeathKnight:BloodPact","floor":55,"key":"SMITH"},{"data":"DeathKnight:Runesurge","floor":57,"key":"SMITH"}],"circlet_count":0,"master_deck":["DeathKnight:Strike_DeathKnight","DeathKnight:Strike_DeathKnight","DeathKnight:Strike_DeathKnight","DeathKnight:Defend_DeathKnight","DeathKnight:Defend_DeathKnight","DeathKnight:Defend_DeathKnight","DeathKnight:Defend_DeathKnight","DeathKnight:RuneTap","DeathKnight:RuneStrike","DeathKnight:BloodPact+1","DeathKnight:IcyTouch","DeathKnight:AntiMagicShell","theWildCard:Desolation","DeathKnight:BludPresence","DeathKnight:BoneSpear","CultistPetCall","DeathKnight:Pestilence","DeathKnight:Runesurge+1","DeathKnight:BladedArmor","DeathKnight:FrosPresence","DeathKnight:FrosPresence","DeathKnight:BoneShield","DeathKnight:Razorice","DeathKnight:FrosPresence","DeathKnight:BludPresence","hubris:Fate","infinitespire:Starlight","hubris:NaturalOne","DeathKnight:BloodStrike","DeathKnight:Parry+1","DeathKnight:MindFreeze","DeathKnight:IceboundArmor","DeathKnight:Hysteria+1","Dramatic Entrance","DeathKnight:BloodTap","DeathKnight:HornOfWinter+1","hubris:Fate+1","DeathKnight:MindFreeze+1","DeathKnight:BoneSpear","DeathKnight:AntiMagicShell+1","DeathKnight:BoneSpear+1","DeathKnight:DarkSuccor+1"],"relics":["DeathKnight:BrokenRuneblade","REME_ComplimentaryCards","DemoMod:ClearGuonStone","vexMod:FocusSash","MerchantsRug","Oddly Smooth Stone","jedi:bottledfury","aspiration:RitualDagger","halation:PinkSoulGem","hubris:Icosahedron","vexMod:TanglingVine","Centennial Puzzle","Bromod:ArcaneGrace","aspiration:Lifesprig","halation:Thesaurus","CCEMRelics:SpiritsEdge","hubris:Towel","DeathKnight:PutricidesVial","Toxic Egg 2","Akabeko","Red Mask","HornCleat","paleoftheancients:Timepiece","paleoftheancients:KeyRelic","Bronze Scales","CultistMask","paleoftheancients:SoulOfTheIroncluck","CCEMRelics:Sandal"],"acts_visited":["Exordium","TheCity","TheBeyond","paleoftheancients:PaleOfTheAncients"],"potions_floor_usage":[11,11,16,18,29,45,50,50,52,60],"damage_taken":[{"damage":17,"enemies":"Jaw Worm","floor":1,"turns":6},{"damage":0,"enemies":"Small Slimes","floor":4,"turns":2},{"damage":23,"enemies":"3 Sentries","floor":6,"turns":3},{"damage":2,"enemies":"Cultist","floor":7,"turns":2},{"damage":2,"enemies":"2 Fungi Beasts","floor":8,"turns":3},{"damage":6,"enemies":"Gremlin Gang","floor":11,"turns":3},{"damage":0,"enemies":"Exordium Wildlife","floor":13,"turns":1},{"damage":2,"enemies":"Large Slime","floor":14,"turns":5},{"damage":43,"enemies":"The Guardian","floor":16,"turns":8},{"damage":19,"enemies":"3 Byrds","floor":18,"turns":3},{"damage":30,"enemies":"Spheric Guardian","floor":21,"turns":4},{"damage":30,"enemies":"Shelled Parasite and Fungi","floor":24,"turns":3},{"damage":22,"enemies":"Snake Plant","floor":25,"turns":2},{"damage":16,"enemies":"3 Cultists","floor":27,"turns":3},{"damage":26,"enemies":"Sentry and Sphere","floor":29,"turns":5},{"damage":23,"enemies":"Snake Plant","floor":30,"turns":4},{"damage":23,"enemies":"Centurion and Healer","floor":31,"turns":6},{"damage":3,"enemies":"hubris:MusketHawk","floor":33,"turns":1},{"damage":24,"enemies":"3 Darklings","floor":35,"turns":4},{"damage":32,"enemies":"Orb Walker","floor":37,"turns":3},{"damage":78,"enemies":"Nemesis","floor":41,"turns":7},{"damage":3,"enemies":"Maw","floor":44,"turns":1},{"damage":80,"enemies":"Transient","floor":45,"turns":5},{"damage":62,"enemies":"Donu and Deca","floor":50,"turns":5},{"damage":139,"enemies":"Donu and Deca","floor":51,"turns":8},{"damage":142,"enemies":"Donu and Deca","floor":52,"turns":8},{"damage":14,"enemies":"Donu and Deca","floor":56,"turns":2},{"damage":225,"enemies":"paleoftheancients:N","floor":60,"turns":7}],"seed_played":"7953575370883154775","potions_obtained":[{"floor":1,"key":"LiquidMemories"},{"floor":7,"key":"Regen Potion"},{"floor":14,"key":"Dexterity Potion"},{"floor":16,"key":"champ:CounterPotion"},{"floor":18,"key":"construct:ShiftPotion"},{"floor":27,"key":"Regen Potion"},{"floor":29,"key":"LiquidMemories"},{"floor":33,"key":"DeathKnight:RimePotion"},{"floor":37,"key":"BlessingOfTheForge"},{"floor":45,"key":"Strength Potion"},{"floor":51,"key":"DeathKnight:PlagueVial"},{"floor":56,"key":"SteroidPotion"}],"is_trial":false,"path_per_floor":["M","?","?","M","?","E","M","M","T","$","M","T","M","M","R","B",null,"M","?","?","M","AVR","R","M","M","T","M","R","M","M","M","R","B",null,"M","$","M","?","?","R","E","AVR","T","M","M","$","?","T","R","B","M","M","?","T","R","M","R","T","?","B",null],"character_chosen":"DEATH_KNIGHT","items_purchased":["DeathKnight:BloodPact","DeathKnight:IcyTouch","DeathKnight:AntiMagicShell","DeathKnight:BladedArmor","MerchantsRug","Oddly Smooth Stone","DeathKnight:DeathGrip","aspiration:Lifesprig","halation:Thesaurus","FairyPotion","Dramatic Entrance"],"campfire_rested":4,"item_purchase_floors":[0,0,0,10,10,10,10,36,36,36,36],"current_hp_per_floor":[58,63,63,63,63,40,38,36,36,36,39,39,39,37,61,18,80,61,61,61,31,31,55,35,13,13,7,31,19,80,80,80,77,80,80,80,65,65,65,65,61,61,61,63,18,18,18,18,42,80,80,68,68,68,68,78,78,78,78,79],"gold":119,"neow_bonus":"","is_daily":false,"chose_seed":false,"campfire_upgraded":3,"win_rate":0.0,"timestamp":1611381665,"path_taken":["M","?","?","?","?","E","?","M","T","$","M","?","M","M","R","BOSS","M","?","?","?","AVR","R","M","M","T","M","R","M","M","M","R","BOSS","M","$","M","?","?","R","E","AVR","T","?","M","?","?","?","R","BOSS","M","M","?","T","R","M","R","T","?","BOSS"],"items_purchased_type":["Card","Card","Card","Card","Relic","Relic","Card","Relic","Relic","Potion","Card"],"build_version":"2020-12-22","purchased_purges":5,"victory":true,"max_hp_per_floor":[75,80,80,80,80,80,80,80,80,80,80,80,80,80,80,80,80,80,80,80,80,80,80,80,80,80,80,80,80,80,80,80,80,80,80,80,80,80,80,80,80,80,80,80,80,80,80,80,80,80,80,80,80,80,80,80,80,80,80,80],"card_choices":[{"not_picked":["DeathKnight:HartStrike","DeathKnight:RunicCorruption"],"picked":"DeathKnight:BludPresence","floor":1},{"not_picked":["DeathKnight:UnholyPresence","DeathKnight:Rot"],"picked":"DeathKnight:BoneSpear","floor":4},{"not_picked":["DeathKnight:Rot","DeathKnight:ScourgeStrike"],"picked":"DeathKnight:Pestilence","floor":6},{"not_picked":["DeathKnight:PillarOfFrost","DeathKnight:ThirstingStrike"],"picked":"DeathKnight:RaiseAlly","floor":7},{"not_picked":["DeathKnight:RunicCorruption","DeathKnight:AntiMagicShell"],"picked":"DeathKnight:Runesurge","floor":8},{"not_picked":["DeathKnight:Culling","DeathKnight:BladedArmor"],"picked":"DeathKnight:FrosPresence","floor":11},{"not_picked":["DeathKnight:DeathsAdvance","DeathKnight:ScourgeStrike"],"picked":"DeathKnight:FrosPresence","floor":13},{"not_picked":["DeathKnight:BoneSpear","DeathKnight:BladedArmor"],"picked":"DeathKnight:BoneShield","floor":14},{"not_picked":["DeathKnight:Defile","DeathKnight:ArmyOfTheDead"],"picked":"DeathKnight:Razorice","floor":16},{"not_picked":["DeathKnight:Ossuary","DeathKnight:PillarOfFrost"],"picked":"DeathKnight:FrosPresence","floor":18},{"not_picked":["DeathKnight:DeathStrike","DeathKnight:MutagenicPlague"],"picked":"DeathKnight:BludPresence","floor":21},{"not_picked":["DeathKnight:UnholyPresence","DeathKnight:IcyTouch"],"picked":"DeathKnight:BloodStrike","floor":24},{"not_picked":["DeathKnight:Pestilence","DeathKnight:ReapingStrike","DeathKnight:DeathGrip+1"],"picked":"SKIP","floor":25},{"not_picked":["DeathKnight:BludPresence","DeathKnight:Rot"],"picked":"DeathKnight:Parry+1","floor":27},{"not_picked":["DeathKnight:FoulBulwark+1","DeathKnight:IcyTouch"],"picked":"DeathKnight:MindFreeze","floor":29},{"not_picked":["DeathKnight:DeathCoil+1","DeathKnight:BludPresence"],"picked":"DeathKnight:IceboundArmor","floor":30},{"not_picked":["DeathKnight:HartStrike","DeathKnight:IcyTouch+1"],"picked":"DeathKnight:Hysteria","floor":31},{"not_picked":["DeathKnight:DeathCoil+1","DeathKnight:Runeguard+1","DeathKnight:RunicCorruption+1"],"picked":"SKIP","floor":35},{"not_picked":["DeathKnight:RuneShock","DeathKnight:Ossuary"],"picked":"DeathKnight:BloodTap","floor":37},{"not_picked":["DeathKnight:MutagenicPlague+1","DeathKnight:FesteringStrike+1"],"picked":"DeathKnight:HornOfWinter+1","floor":41},{"not_picked":["DeathKnight:Ossuary+1","DeathKnight:MutagenicPlague+1"],"picked":"DeathKnight:MindFreeze+1","floor":44},{"not_picked":["DeathKnight:ShatteringStrikes","DeathKnight:MutagenicPlague+1"],"picked":"DeathKnight:BoneSpear","floor":45},{"not_picked":["DeathKnight:Ossuary+1","DeathKnight:UnholyFrenzy+1"],"picked":"DeathKnight:AntiMagicShell+1","floor":51},{"not_picked":["DeathKnight:IceboundArmor+1","DeathKnight:UnholyFrenzy+1"],"picked":"DeathKnight:BoneSpear+1","floor":52},{"not_picked":["DeathKnight:HartStrike","DeathKnight:DreadStrike"],"picked":"DeathKnight:DarkSuccor+1","floor":56}],"player_experience":275210,"relics_obtained":[{"floor":6,"key":"DemoMod:ClearGuonStone"},{"floor":9,"key":"vexMod:FocusSash"},{"floor":12,"key":"jedi:bottledfury"},{"floor":26,"key":"Centennial Puzzle"},{"floor":41,"key":"DeathKnight:PutricidesVial"},{"floor":43,"key":"Akabeko"},{"floor":48,"key":"HornCleat"},{"floor":51,"key":"paleoftheancients:SoulOfTheIroncluck"},{"floor":52,"key":"paleoftheancients:SoulOfTheGuardian"},{"floor":56,"key":"paleoftheancients:SoulOfTheHexaghost"},{"floor":58,"key":"CCEMRelics:Sandal"}],"event_choices":[{"damage_healed":0,"gold_gain":0,"player_choice":"Donut","damage_taken":0,"max_hp_gain":5,"max_hp_loss":0,"event_name":"Big Fish","floor":2,"gold_loss":0},{"damage_healed":0,"gold_gain":275,"player_choice":"Desecrate","damage_taken":0,"max_hp_gain":0,"max_hp_loss":0,"event_name":"Golden Shrine","floor":3,"gold_loss":0,"cards_obtained":["Regret"]},{"cards_removed":["Regret"],"damage_healed":0,"gold_gain":0,"player_choice":"Took Card","damage_taken":0,"max_hp_gain":0,"max_hp_loss":0,"event_name":"NoteForYourself","floor":5,"gold_loss":0,"cards_obtained":["CultistPetCall"]},{"damage_healed":0,"gold_gain":0,"player_choice":"Leave","damage_taken":0,"max_hp_gain":0,"max_hp_loss":0,"event_name":"conspire:Investor","floor":39,"gold_loss":0},{"damage_healed":0,"gold_gain":0,"player_choice":"Paid","damage_taken":0,"relics_obtained":["Red Mask"],"max_hp_gain":0,"max_hp_loss":0,"event_name":"Tomb of Lord Red Mask","floor":47,"gold_loss":102}],"is_beta":false,"boss_relics":[{"not_picked":["halation:SmartPhone","aspiration:ServantSkillbook"],"picked":"aspiration:RitualDagger"},{"not_picked":["Coffee Dripper","energizedSpire:DeadBattery"],"picked":"Bromod:ArcaneGrace"}],"items_purged_floors":[22,46,46,46,46],"is_endless":false,"potions_floor_spawned":[1,7,14,16,18,27,29,33,37,45,51,56],"ascension_level":0}}