{"host":"b1dzdo8uo7e6jx8g","time":1611410765,"event":{"mods":["AchievementEnabler","BaseMod","BetterRewards","Colored Map","Highlight Path","Minty Spire (QoL Compilation)","StSLib"],"gold_per_floor":[112,287,4,4,19,19,19,38,38,313,313,348,359,375,375,473,473,491,301,301,329,254,254,254,285,285,304,319,319,39,59,59,159,159,169,23,33,33,133,143,155,155,155,165,165,165,177,190,190,190,190,190,7,34,34,34],"floor_reached":55,"language":"ENG","playtime":1743,"items_purged":["Defend_B","Doubt","Regret","Strike_B"],"score":762,"play_id":"e739eb97-befa-46a1-8712-d88a99bce847","local_time":"20210123150605","is_ascension_mode":false,"campfire_choices":[{"floor":6.0,"key":"RECALL"},{"data":"Zap","floor":11.0,"key":"SMITH"},{"data":"Double Energy","floor":15.0,"key":"SMITH"},{"floor":23.0,"key":"REST"},{"floor":29,"key":"REST"},{"floor":32,"key":"REST"},{"floor":46,"key":"REST"},{"data":"Defragment","floor":49,"key":"SMITH"},{"data":"Defragment","floor":52,"key":"SMITH"}],"circlet_count":0,"master_deck":["Strike_B+1","Strike_B+1","Defend_B","Defend_B","Zap+1","Dualcast","Ball Lightning","Defragment+1","Scrape","Double Energy+1","Ball Lightning","Conserve Battery","Defragment+1","Consume","Storm","Defragment+1","Seek","Madness","Madness","Dramatic Entrance","Defragment+1","Thunder Strike"],"relics":["FrozenCore","Membership Card","Mercury Hourglass","ClockworkSouvenir","DataDisk","Singing Bowl","Inserter","Bottled Lightning","Red Mask","Whetstone","Cables","DollysMirror","Orichalcum","Prayer Wheel","Bird Faced Urn","Oddly Smooth Stone"],"acts_visited":["Exordium","TheCity","TheBeyond","TheEnding"],"potions_floor_usage":[50,55],"damage_taken":[{"damage":6.0,"enemies":"Jaw Worm","floor":1.0,"turns":2.0},{"damage":0.0,"enemies":"Cultist","floor":5.0,"turns":2.0},{"damage":0.0,"enemies":"Small Slimes","floor":8.0,"turns":2.0},{"damage":16.0,"enemies":"Gremlin Nob","floor":12.0,"turns":3.0},{"damage":10.0,"enemies":"Looter","floor":13.0,"turns":2.0},{"damage":13.0,"enemies":"Gremlin Gang","floor":14.0,"turns":2.0},{"damage":23.0,"enemies":"Hexaghost","floor":16.0,"turns":7.0},{"damage":12.0,"enemies":"Chosen","floor":18.0,"turns":3.0},{"damage":17.0,"enemies":"Masked Bandits","floor":21.0,"turns":3.0},{"damage":40.0,"enemies":"Slavers","floor":25.0,"turns":5.0},{"damage":3.0,"enemies":"Spheric Guardian","floor":27.0,"turns":3.0},{"damage":35.0,"enemies":"Centurion and Healer","floor":28.0,"turns":4.0},{"damage":3,"enemies":"Sentry and Sphere","floor":31,"turns":3},{"damage":30,"enemies":"Automaton","floor":33,"turns":6},{"damage":14,"enemies":"3 Darklings","floor":35,"turns":4},{"damage":0,"enemies":"3 Shapes","floor":37,"turns":3},{"damage":11,"enemies":"Sphere and 2 Shapes","floor":40,"turns":4},{"damage":0,"enemies":"Transient","floor":41,"turns":5},{"damage":3,"enemies":"Writhing Mass","floor":44,"turns":6},{"damage":2,"enemies":"Spire Growth","floor":47,"turns":4},{"damage":12,"enemies":"4 Shapes","floor":48,"turns":3},{"damage":62,"enemies":"Donu and Deca","floor":50,"turns":9},{"damage":64,"enemies":"Shield and Spear","floor":54,"turns":5},{"damage":65,"enemies":"The Heart","floor":55,"turns":9}],"seed_played":"-8755256727312872621","potions_obtained":[{"floor":1.0,"key":"LiquidBronze"},{"floor":8.0,"key":"EssenceOfDarkness"},{"floor":12.0,"key":"FocusPotion"},{"floor":14.0,"key":"Ancient Potion"},{"floor":25.0,"key":"Dexterity Potion"},{"floor":37,"key":"SmokeBomb"},{"floor":45,"key":"PotionOfCapacity"}],"is_trial":false,"path_per_floor":["M","?","$","?","M","R","?","M","T","?","R","E","M","M","R","B",null,"M","$","?","?","?","R","?","E","T","M","M","R","$","M","R","B",null,"M","$","M","?","?","M","M","?","T","M","?","R","M","M","R","B",null,"R","$","E","B"],"character_chosen":"DEFECT","items_purchased":["Membership Card","Ball Lightning","Mercury Hourglass","Defragment","ClockworkSouvenir","Bottled Lightning","Consume","Storm","DollysMirror","Orichalcum","Prayer Wheel","Bird Faced Urn","Energy Potion"],"campfire_rested":4,"item_purchase_floors":[0,0,3,3,3,19,30,30,30,30,36,53,53],"current_hp_per_floor":[63,63,63,63,63,63,63,63,63,63,63,49,41,28,28,7,81,69,69,69,54,54,78,78,40,40,39,6,32,32,31,58,28,91,79,79,83,71,71,64,68,68,68,69,69,101,103,93,93,31,115,115,115,55,0,0],"gold":34,"neow_bonus":"","is_daily":false,"chose_seed":false,"campfire_upgraded":4,"win_rate":0.0,"timestamp":1611410765,"path_taken":["M","?","$","?","?","R","?","M","T","?","R","E","?","M","R","BOSS","M","$","?","?","?","R","?","E","T","M","M","R","?","M","R","BOSS","M","$","M","?","?","?","M","?","T","M","?","R","M","M","R","BOSS","R","$","E","BOSS"],"items_purchased_type":["Relic","Card","Relic","Card","Relic","Relic","Card","Card","Relic","Relic","Relic","Relic","Potion"],"build_version":"2020-12-22","purchased_purges":4,"victory":false,"max_hp_per_floor":[75,75,75,75,75,75,75,75,75,75,75,77,79,79,79,81,81,81,81,81,83,83,83,83,85,85,87,89,89,89,91,91,91,91,93,93,97,97,97,101,105,105,105,109,109,109,113,115,115,115,115,115,115,115,115,115],"card_choices":[{"not_picked":["Sweeping Beam","Steam","Redo"],"picked":"SKIP","floor":1.0},{"not_picked":["Steam Power","Streamline"],"picked":"Double Energy","floor":5.0},{"not_picked":["Barrage","Sweeping Beam","Redo"],"picked":"SKIP","floor":8.0},{"not_picked":["Leap","Cold Snap","Self Repair"],"picked":"Singing Bowl","floor":12.0},{"not_picked":["Hello World","Sweeping Beam","Aggregate"],"picked":"Singing Bowl","floor":13.0},{"not_picked":["Recycle","Fusion"],"picked":"Ball Lightning","floor":14.0},{"not_picked":["Rainbow","Multi-Cast","Buffer"],"picked":"Singing Bowl","floor":16.0},{"not_picked":["Gash","Sunder"],"picked":"Conserve Battery","floor":18.0},{"not_picked":["Turbo","Barrage","Leap"],"picked":"Singing Bowl","floor":21.0},{"not_picked":["Reinforced Body","Conserve Battery","Rip and Tear"],"picked":"Singing Bowl","floor":25.0},{"not_picked":["Hologram+1","Fission","Undo"],"picked":"Singing Bowl","floor":27.0},{"not_picked":["Cold Snap+1","Go for the Eyes","Chill"],"picked":"Singing Bowl","floor":28.0},{"not_picked":["Compile Driver","Streamline","Aggregate+1"],"picked":"Singing Bowl","floor":31},{"not_picked":["Rainbow","Echo Form"],"picked":"Seek","floor":33},{"not_picked":["Sunder+1","Tempest","Undo+1"],"picked":"Singing Bowl","floor":35},{"not_picked":["Redo+1","Coolheaded+1","Recycle"],"picked":"Singing Bowl","floor":37},{"not_picked":["White Noise","Gash","FTL+1"],"picked":"Singing Bowl","floor":37},{"not_picked":["Capacitor+1","Heatsinks+1","Ball Lightning"],"picked":"Singing Bowl","floor":40},{"not_picked":["Go for the Eyes","Cold Snap+1","Blizzard"],"picked":"Singing Bowl","floor":40},{"not_picked":["Beam Cell","Redo","Gash+1"],"picked":"Singing Bowl","floor":41},{"not_picked":["Darkness+1","Compile Driver+1","Hologram"],"picked":"Singing Bowl","floor":41},{"not_picked":["The Bomb","Good Instincts"],"picked":"Dramatic Entrance","floor":42},{"not_picked":["Steam+1","Lockon","Redo"],"picked":"Singing Bowl","floor":44},{"not_picked":["Coolheaded+1","Gash","Sweeping Beam+1"],"picked":"Singing Bowl","floor":44},{"not_picked":["Heatsinks+1","Sweeping Beam","Auto Shields+1"],"picked":"Singing Bowl","floor":47},{"not_picked":["White Noise","Turbo+1","Compile Driver"],"picked":"Singing Bowl","floor":47},{"not_picked":["Sweeping Beam","Ball Lightning","Stack+1"],"picked":"Singing Bowl","floor":48},{"not_picked":["Rebound","Storm"],"picked":"Defragment","floor":48},{"not_picked":["Hologram","Leap+1"],"picked":"Thunder Strike","floor":54}],"player_experience":222041,"relics_obtained":[{"floor":9.0,"key":"DataDisk"},{"floor":12.0,"key":"Singing Bowl"},{"floor":21.0,"key":"Red Mask"},{"floor":25.0,"key":"Whetstone"},{"floor":26.0,"key":"Cables"},{"floor":54,"key":"Oddly Smooth Stone"}],"event_choices":[{"damage_healed":0.0,"max_hp_gain":0.0,"max_hp_loss":0.0,"gold_gain":175.0,"event_name":"Liars Game","player_choice":"AGREE","floor":2.0,"gold_loss":0.0,"damage_taken":0.0,"cards_obtained":["Doubt"]},{"damage_healed":0.0,"max_hp_gain":0.0,"max_hp_loss":0.0,"gold_gain":0.0,"cards_transformed":["Defend_B"],"event_name":"Transmorgrifier","player_choice":"Transformed","floor":4.0,"gold_loss":0.0,"damage_taken":0.0,"cards_obtained":["Scrape"]},{"damage_healed":0.0,"max_hp_gain":0.0,"max_hp_loss":0.0,"gold_gain":0.0,"event_name":"Living Wall","player_choice":"Grow","floor":7.0,"gold_loss":0.0,"damage_taken":0.0,"cards_upgraded":["Defragment"]},{"damage_healed":0.0,"max_hp_gain":0.0,"max_hp_loss":0.0,"gold_gain":275.0,"event_name":"Golden Shrine","player_choice":"Desecrate","floor":10.0,"gold_loss":0.0,"damage_taken":0.0,"cards_obtained":["Regret"]},{"damage_healed":0.0,"max_hp_gain":0.0,"max_hp_loss":0.0,"gold_gain":0.0,"event_name":"Ghosts","player_choice":"Ignored","floor":20.0,"gold_loss":0.0,"damage_taken":0.0},{"damage_healed":0.0,"max_hp_gain":0.0,"max_hp_loss":0.0,"gold_gain":0.0,"event_name":"Masked Bandits","player_choice":"Fought Bandits","floor":21.0,"gold_loss":0.0,"damage_taken":0.0},{"cards_removed":["Strike_B"],"damage_healed":0.0,"max_hp_gain":0.0,"max_hp_loss":0.0,"gold_gain":0.0,"event_name":"Beggar","player_choice":"Gave Gold","floor":22.0,"gold_loss":75.0,"damage_taken":0.0},{"damage_healed":0.0,"max_hp_gain":0.0,"max_hp_loss":0.0,"gold_gain":0.0,"event_name":"The Library","player_choice":"Read","floor":24.0,"gold_loss":0.0,"damage_taken":0.0,"cards_obtained":["Defragment"]},{"damage_healed":0,"gold_gain":0,"player_choice":"Embrace Madness","damage_taken":12,"max_hp_gain":0,"max_hp_loss":0,"event_name":"Winding Halls","floor":38,"gold_loss":0,"cards_obtained":["Madness","Madness"]},{"damage_healed":0,"gold_gain":100,"player_choice":"Pray","damage_taken":0,"max_hp_gain":0,"max_hp_loss":0,"event_name":"Golden Shrine","floor":39,"gold_loss":0},{"damage_healed":0,"gold_gain":0,"player_choice":"Memory 1","damage_taken":0,"max_hp_gain":0,"max_hp_loss":0,"event_name":"SensoryStone","floor":42,"gold_loss":0},{"damage_healed":0,"gold_gain":0,"player_choice":"Got Potions","damage_taken":0,"max_hp_gain":0,"max_hp_loss":0,"event_name":"Lab","floor":45,"gold_loss":0}],"is_beta":false,"boss_relics":[{"not_picked":["Pandora\u0027s Box","Sozu"],"picked":"Inserter"},{"not_picked":["Cursed Key","Astrolabe"],"picked":"FrozenCore"}],"items_purged_floors":[0,3,19,30],"is_endless":false,"potions_floor_spawned":[1,8,12,14,18,25,27,37,40,41,48,54],"killed_by":"The Heart","ascension_level":0}}