{"host":"9tzam4717zt8ei1o","time":1611402436,"event":{"mods":["BaseMod","Colored Map","Keyboard Shortcuts","Minty Spire (QoL Compilation)","Quick Restart","StSLib","SuperFastMode"],"gold_per_floor":[118,118,138,63,63,63,101,114,114,64,89,127,127,152,152,277,277,290,290,309,309,322,322,343,366,412,452,205,205,304,320,320,439,439,462,412,412,430,493,528,553,181,207,241,191,222,222,222,222,222,222,222,0,38,38],"floor_reached":56,"language":"KOR","playtime":1291,"items_purged":["Strike_G","Concentrate","Unload","Dagger Spray","Dagger Spray","Poisoned Stab"],"score":1920,"play_id":"17708541-6d8b-489c-95c8-d23ae9cd5b9b","local_time":"20210123204716","is_ascension_mode":true,"campfire_choices":[{"data":"Eviscerate","floor":6.0,"key":"SMITH"},{"floor":13.0,"key":"DIG"},{"data":"Calculated Gamble","floor":15.0,"key":"SMITH"},{"data":"A Thousand Cuts","floor":23.0,"key":"SMITH"},{"floor":29.0,"key":"DIG"},{"floor":32.0,"key":"DIG"},{"floor":47.0,"key":"DIG"},{"floor":49.0,"key":"RECALL"},{"floor":52.0,"key":"DIG"}],"circlet_count":0,"master_deck":["AscendersBane","Survivor","Neutralize","Eviscerate+1","Acrobatics","Calculated Gamble+1","Prepared","Tactician","A Thousand Cuts+1","Backstab","Noxious Fumes","Acrobatics+1","Eviscerate","Blur","Apotheosis"],"relics":["Ring of the Snake","NeowsBlessing","Golden Idol","Paper Crane","Centennial Puzzle","Shovel","Anchor","Pandora\u0027s Box","CultistMask","Strawberry","Orichalcum","Lee\u0027s Waffle","Smiling Mask","Shuriken","Busted Crown","Girya","Lantern","Pear","Blue Candle","Gremlin Horn","Singing Bowl","Ninja Scroll","Vajra"],"acts_visited":["Exordium","TheCity","TheBeyond","TheEnding"],"potions_floor_usage":[55],"damage_taken":[{"damage":0.0,"enemies":"Cultist","floor":1.0,"turns":1.0},{"damage":0.0,"enemies":"2 Louse","floor":3.0,"turns":1.0},{"damage":0.0,"enemies":"3 Sentries","floor":7.0,"turns":1.0},{"damage":4.0,"enemies":"Jaw Worm","floor":8.0,"turns":4.0},{"damage":2.0,"enemies":"Exordium Thugs","floor":11.0,"turns":4.0},{"damage":5.0,"enemies":"Lagavulin","floor":12.0,"turns":6.0},{"damage":11.0,"enemies":"Lots of Slimes","floor":14.0,"turns":5.0},{"damage":16.0,"enemies":"Hexaghost","floor":16.0,"turns":9.0},{"damage":7.0,"enemies":"2 Thieves","floor":18.0,"turns":3.0},{"damage":0.0,"enemies":"Spheric Guardian","floor":20.0,"turns":2.0},{"damage":24.0,"enemies":"Snecko","floor":22.0,"turns":4.0},{"damage":2.0,"enemies":"Snake Plant","floor":24.0,"turns":2.0},{"damage":0.0,"enemies":"Centurion and Healer","floor":25.0,"turns":3.0},{"damage":18.0,"enemies":"Slavers","floor":27.0,"turns":3.0},{"damage":0.0,"enemies":"3 Cultists","floor":31.0,"turns":3.0},{"damage":10.0,"enemies":"Champ","floor":33.0,"turns":4.0},{"damage":0.0,"enemies":"Orb Walker","floor":35.0,"turns":2.0},{"damage":0.0,"enemies":"3 Shapes","floor":38.0,"turns":2.0},{"damage":0.0,"enemies":"Mind Bloom Boss Battle","floor":39.0,"turns":3.0},{"damage":30.0,"enemies":"Nemesis","floor":40.0,"turns":3.0},{"damage":0.0,"enemies":"Spire Growth","floor":41.0,"turns":2.0},{"damage":1.0,"enemies":"Giant Head","floor":44.0,"turns":5.0},{"damage":13.0,"enemies":"Reptomancer","floor":46.0,"turns":3.0},{"damage":18.0,"enemies":"Awakened One","floor":50.0,"turns":5.0},{"damage":1.0,"enemies":"Shield and Spear","floor":54.0,"turns":2.0},{"damage":27,"enemies":"The Heart","floor":55,"turns":5}],"seed_played":"567692900637020178","potions_obtained":[{"floor":1.0,"key":"FearPotion"},{"floor":3.0,"key":"Weak Potion"},{"floor":12.0,"key":"Block Potion"},{"floor":16.0,"key":"FearPotion"},{"floor":20.0,"key":"DuplicationPotion"},{"floor":25.0,"key":"DuplicationPotion"},{"floor":27.0,"key":"Strength Potion"},{"floor":44.0,"key":"GamblersBrew"}],"is_trial":false,"path_per_floor":["M","?","M","$","?","R","E","M","T","?","M","E","R","M","R","B",null,"M","?","M","?","M","R","M","M","T","E","$","R","?","M","R","B",null,"M","$","?","M","?","E","M","$","T","E","$","E","R","?","R","B",null,"R","$","E","B",null],"character_chosen":"THE_SILENT","items_purchased":["Lee\u0027s Waffle","Blur","Pear","Apotheosis"],"campfire_rested":0,"item_purchase_floors":[28,42,42,53],"current_hp_per_floor":[63,63,63,63,46,46,46,42,42,42,40,35,35,24,24,8,55,48,48,48,48,24,24,22,22,29,11,84,84,84,84,84,74,82,82,82,80,80,80,50,50,60,60,59,59,46,46,48,48,30,77,77,77,78,51],"gold":38,"neow_bonus":"THREE_ENEMY_KILL","is_daily":false,"chose_seed":false,"campfire_upgraded":3,"win_rate":0.0,"timestamp":1611402436,"path_taken":["M","?","M","$","?","R","E","M","T","?","M","E","R","M","R","BOSS","M","?","M","?","M","R","?","?","T","E","$","R","?","M","R","BOSS","M","$","?","M","?","E","M","$","T","E","?","E","R","?","R","BOSS","R","$","E","BOSS"],"items_purchased_type":["Relic","Card","Relic","Card"],"build_version":"2020-12-22","purchased_purges":6,"victory":true,"max_hp_per_floor":[70,70,70,70,70,70,70,70,70,70,70,70,70,70,70,70,70,70,70,70,70,70,70,70,70,77,77,84,84,84,84,84,84,84,84,84,80,80,80,80,80,90,90,90,90,90,90,92,92,92,92,92,92,94,94],"card_choices":[{"not_picked":["Underhanded Strike","Accuracy"],"picked":"Eviscerate","floor":1.0},{"not_picked":["Blur","Deflect"],"picked":"Acrobatics","floor":3.0},{"not_picked":["Outmaneuver","Bouncing Flask"],"picked":"Calculated Gamble","floor":7.0},{"not_picked":["Outmaneuver","Backflip"],"picked":"Prepared","floor":8.0},{"not_picked":["Flying Knee","Slice","Caltrops"],"picked":"SKIP","floor":11.0},{"not_picked":["Sucker Punch","Blur","Cloak And Dagger"],"picked":"SKIP","floor":12.0},{"not_picked":["Expertise","Noxious Fumes"],"picked":"Tactician","floor":14.0},{"not_picked":["Unload","Doppelganger"],"picked":"A Thousand Cuts","floor":16.0},{"not_picked":["Well Laid Plans","Deflect"],"picked":"Acrobatics+1","floor":18.0},{"not_picked":["Backflip+1","Blade Dance","Underhanded Strike+1"],"picked":"SKIP","floor":20.0},{"not_picked":["Skewer","Bouncing Flask","Underhanded Strike"],"picked":"SKIP","floor":22.0},{"not_picked":["Flying Knee+1","Terror","Quick Slash"],"picked":"SKIP","floor":24.0},{"not_picked":["Infinite Blades+1","Leg Sweep","Backstab"],"picked":"SKIP","floor":25.0},{"not_picked":["Backflip","Leg Sweep"],"picked":"Eviscerate","floor":27.0},{"not_picked":["Bane","Flying Knee","Finisher"],"picked":"SKIP","floor":31.0},{"not_picked":["Underhanded Strike"],"picked":"SKIP","floor":35.0},{"not_picked":["PiercingWail"],"picked":"SKIP","floor":38.0},{"not_picked":["Flying Knee"],"picked":"SKIP","floor":40.0},{"not_picked":["Outmaneuver+1"],"picked":"SKIP","floor":41.0},{"not_picked":["Finisher+1"],"picked":"SKIP","floor":44.0},{"not_picked":["Underhanded Strike"],"picked":"SKIP","floor":46.0},{"not_picked":["Flash of Steel"],"picked":"Singing Bowl","floor":48.0},{"not_picked":["Acrobatics"],"picked":"Singing Bowl","floor":54.0}],"player_experience":101212,"relics_obtained":[{"floor":7.0,"key":"Paper Crane"},{"floor":9.0,"key":"Centennial Puzzle"},{"floor":12.0,"key":"Shovel"},{"floor":13.0,"key":"Anchor"},{"floor":26.0,"key":"Strawberry"},{"floor":27.0,"key":"Orichalcum"},{"floor":29.0,"key":"Smiling Mask"},{"floor":32.0,"key":"Shuriken"},{"floor":39.0,"key":"Girya"},{"floor":40.0,"key":"Lantern"},{"floor":44.0,"key":"Blue Candle"},{"floor":46.0,"key":"Gremlin Horn"},{"floor":47.0,"key":"Singing Bowl"},{"floor":52.0,"key":"Ninja Scroll"},{"floor":54.0,"key":"Vajra"}],"event_choices":[{"cards_removed":["Strike_G"],"damage_healed":0.0,"max_hp_gain":0.0,"max_hp_loss":0.0,"gold_gain":0.0,"event_name":"Living Wall","player_choice":"Forget","floor":2.0,"gold_loss":0.0,"damage_taken":0.0},{"damage_healed":0.0,"max_hp_gain":0.0,"max_hp_loss":0.0,"gold_gain":0.0,"event_name":"Golden Idol","player_choice":"Take Damage","floor":5.0,"gold_loss":0.0,"damage_taken":17.0,"relics_obtained":["Golden Idol"]},{"cards_removed":["Strike_G"],"damage_healed":0.0,"max_hp_gain":0.0,"max_hp_loss":0.0,"gold_gain":0.0,"event_name":"The Cleric","player_choice":"Card Removal","floor":10.0,"gold_loss":50.0,"damage_taken":0.0},{"damage_healed":0.0,"max_hp_gain":0.0,"max_hp_loss":0.0,"gold_gain":0.0,"cards_transformed":["Bane","Deadly Poison"],"event_name":"Drug Dealer","player_choice":"Became Test Subject","floor":19.0,"gold_loss":0.0,"damage_taken":0.0,"cards_obtained":["Concentrate","Dagger Spray"]},{"damage_healed":0.0,"max_hp_gain":0.0,"max_hp_loss":0.0,"gold_gain":0.0,"event_name":"FaceTrader","player_choice":"Trade","floor":21.0,"gold_loss":0.0,"damage_taken":0.0,"relics_obtained":["CultistMask"]},{"damage_healed":0.0,"max_hp_gain":0.0,"max_hp_loss":0.0,"gold_gain":99.0,"event_name":"Nest","player_choice":"Stole From Cult","floor":30.0,"gold_loss":0.0,"damage_taken":0.0},{"damage_healed":0.0,"max_hp_gain":0.0,"max_hp_loss":4.0,"gold_gain":0.0,"event_name":"Winding Halls","player_choice":"Max HP","floor":37.0,"gold_loss":0.0,"damage_taken":0.0},{"damage_healed":0.0,"max_hp_gain":0.0,"max_hp_loss":0.0,"gold_gain":0.0,"event_name":"MindBloom","player_choice":"Fight","floor":39.0,"gold_loss":0.0,"damage_taken":0.0},{"damage_healed":0.0,"max_hp_gain":0.0,"max_hp_loss":0.0,"gold_gain":0.0,"event_name":"SensoryStone","player_choice":"Memory 1","floor":48.0,"gold_loss":0.0,"damage_taken":0.0}],"is_beta":false,"boss_relics":[{"not_picked":["Ectoplasm","Cursed Key"],"picked":"Pandora\u0027s Box"},{"not_picked":["HoveringKite","SacredBark"],"picked":"Busted Crown"}],"items_purged_floors":[4,28,36,42,45,53],"is_endless":false,"potions_floor_spawned":[1,3,12,16,20,25,27,31,39,44,46,54],"ascension_level":11}}