{"host":"pf47v7h0307523iy","time":1611426900,"event":{"mods":["BaseMod","Minty Spire (QoL Compilation)","Relic Stats"],"gold_per_floor":[110,110,123,123,123,159,159,195,195,220,220,19,19,38,38,127,127,141,155,155,55,55,55,69,69,94,125,137,137,137,153,153,153,153],"floor_reached":33,"language":"ENG","playtime":5519,"items_purged":["Strike_G","Strike_G+1"],"score":646,"play_id":"fe1dffc3-4a77-48d5-ac5c-2f7dfa4be143","local_time":"20210123203500","is_ascension_mode":true,"campfire_choices":[{"data":"Neutralize","floor":7,"key":"SMITH"},{"data":"Well Laid Plans","floor":11,"key":"SMITH"},{"data":"Footwork","floor":13,"key":"SMITH"},{"data":"Noxious Fumes","floor":15,"key":"SMITH"},{"data":"Terror","floor":23,"key":"SMITH"},{"data":"Dodge and Roll","floor":25,"key":"SMITH"},{"data":"Footwork","floor":29,"key":"SMITH"},{"data":"Caltrops","floor":32,"key":"SMITH"}],"circlet_count":0,"master_deck":["AscendersBane","Defend_G","Defend_G","Defend_G","Defend_G","Survivor","Neutralize+1","Dagger Spray+1","Well Laid Plans+1","Terror+1","Footwork+1","Flash of Steel","Dodge and Roll+1","Noxious Fumes+1","Corpse Explosion","CurseOfTheBell","Backflip","Footwork+1","Concentrate","Caltrops+1"],"relics":["Ring of the Snake","NeowsBlessing","Bloody Idol","Darkstone Periapt","Whetstone","Mercury Hourglass","Calling Bell","Blood Vial","Gremlin Horn","Peace Pipe","Nunchaku"],"acts_visited":["Exordium","TheCity"],"potions_floor_usage":[14,16,27,31,33],"damage_taken":[{"damage":0,"enemies":"Small Slimes","floor":1,"turns":1},{"damage":0,"enemies":"2 Louse","floor":3,"turns":1},{"damage":0,"enemies":"Gremlin Nob","floor":6,"turns":1},{"damage":11,"enemies":"Lagavulin","floor":8,"turns":7},{"damage":2,"enemies":"Jaw Worm","floor":10,"turns":3},{"damage":0,"enemies":"Lots of Slimes","floor":14,"turns":2},{"damage":1,"enemies":"Slime Boss","floor":16,"turns":11},{"damage":9,"enemies":"Chosen","floor":18,"turns":6},{"damage":7,"enemies":"Shell Parasite","floor":19,"turns":8},{"damage":13,"enemies":"Snake Plant","floor":24,"turns":7},{"damage":28,"enemies":"Book of Stabbing","floor":27,"turns":7},{"damage":4,"enemies":"Sentry and Sphere","floor":28,"turns":11},{"damage":0,"enemies":"Cultist and Chosen","floor":31,"turns":5},{"damage":34,"enemies":"Collector","floor":33,"turns":9}],"seed_played":"-5439387969751192859","potions_obtained":[{"floor":1,"key":"LiquidMemories"},{"floor":3,"key":"Fire Potion"},{"floor":16,"key":"SteroidPotion"},{"floor":24,"key":"BlessingOfTheForge"},{"floor":28,"key":"Block Potion"}],"is_trial":false,"path_per_floor":["M","?","M","?","?","E","R","E","T","M","R","$","R","M","R","B",null,"M","M","?","$","?","R","M","R","T","E","M","R","?","M","R","B"],"character_chosen":"THE_SILENT","items_purchased":["Flash of Steel","Dodge and Roll"],"campfire_rested":0,"item_purchase_floors":[12,12],"current_hp_per_floor":[59,39,39,32,32,32,32,21,21,19,19,19,19,19,19,18,56,49,44,44,44,44,44,38,38,43,22,25,25,25,32,32,0,0],"gold":153,"neow_bonus":"THREE_ENEMY_KILL","is_daily":false,"chose_seed":false,"campfire_upgraded":8,"win_rate":0.0,"timestamp":1611426900,"path_taken":["M","?","M","?","?","E","R","E","T","?","R","$","R","M","R","BOSS","M","?","?","?","?","R","M","R","T","E","M","R","?","?","R","BOSS"],"items_purchased_type":["Card","Card"],"build_version":"2020-12-22","purchased_purges":2,"victory":false,"max_hp_per_floor":[66,66,66,66,60,60,60,60,60,60,60,60,60,60,60,60,66,66,66,66,66,66,66,66,66,66,66,66,66,66,66,66,66,66],"relic_stats":{"Darkstone Periapt":6,"Blood Vial":14,"Peace Pipe":0,"Nunchaku":[2],"Gremlin Horn":[5,5],"counters":[14,79],"Bloody Idol":25,"Whetstone":["Strike_G","Strike_G"],"obtain_stats":[{"Darkstone Periapt":6,"Calling Bell":17,"Blood Vial":17,"Peace Pipe":17,"Nunchaku":27,"NeowsBlessing":0,"Gremlin Horn":17,"Golden Idol":5,"Bloody Idol":20,"Whetstone":8,"Ring of the Snake":0,"Mercury Hourglass":9},{"Darkstone Periapt":3,"Calling Bell":7,"Blood Vial":7,"Peace Pipe":7,"Nunchaku":11,"NeowsBlessing":0,"Gremlin Horn":7,"Golden Idol":2,"Bloody Idol":9,"Whetstone":4,"Ring of the Snake":0,"Mercury Hourglass":4},{"Darkstone Periapt":3,"Calling Bell":26,"Blood Vial":26,"Peace Pipe":26,"Nunchaku":54,"NeowsBlessing":0,"Gremlin Horn":26,"Golden Idol":2,"Bloody Idol":40,"Whetstone":10,"Ring of the Snake":0,"Mercury Hourglass":10}],"Ring of the Snake":[28],"Mercury Hourglass":[234]},"card_choices":[{"not_picked":["Finisher","Underhanded Strike"],"picked":"Dagger Spray","floor":1},{"not_picked":["PiercingWail","Heel Hook"],"picked":"Well Laid Plans","floor":3},{"not_picked":["Bane","Backflip"],"picked":"Terror","floor":6},{"not_picked":["Heel Hook","Poisoned Stab"],"picked":"Footwork","floor":8},{"not_picked":["Distraction","Concentrate","Finisher"],"picked":"SKIP","floor":10},{"not_picked":["Dagger Throw","Footwork"],"picked":"Noxious Fumes","floor":14},{"not_picked":["After Image","Wraith Form v2"],"picked":"Corpse Explosion","floor":16},{"not_picked":["Calculated Gamble","Slice"],"picked":"Backflip","floor":18},{"not_picked":["Prepared","Skewer","Sucker Punch"],"picked":"SKIP","floor":19},{"not_picked":["Flying Knee","Tools of the Trade","Blade Dance"],"picked":"SKIP","floor":24},{"not_picked":["PiercingWail","Sucker Punch+1"],"picked":"Footwork","floor":27},{"not_picked":["Underhanded Strike","Backstab","Poisoned Stab"],"picked":"SKIP","floor":28},{"not_picked":["Heel Hook","Dagger Spray","Concentrate"],"picked":"SKIP","floor":31}],"player_experience":1686930,"relics_obtained":[{"floor":6,"key":"Darkstone Periapt"},{"floor":8,"key":"Whetstone"},{"floor":9,"key":"Mercury Hourglass"},{"floor":17,"key":"Blood Vial"},{"floor":17,"key":"Gremlin Horn"},{"floor":17,"key":"Peace Pipe"},{"floor":27,"key":"Nunchaku"}],"event_choices":[{"damage_healed":0,"gold_gain":0,"player_choice":"Entered Light","damage_taken":20,"max_hp_gain":0,"max_hp_loss":0,"event_name":"Shining Light","floor":2,"gold_loss":0,"cards_upgraded":["Strike_G","Dagger Spray"]},{"cards_removed":["Strike_G"],"damage_healed":0,"gold_gain":0,"player_choice":"Card Removal","damage_taken":7,"max_hp_gain":0,"max_hp_loss":0,"event_name":"Golden Wing","floor":4,"gold_loss":0},{"damage_healed":0,"gold_gain":0,"player_choice":"Lose Max HP","damage_taken":0,"relics_obtained":["Golden Idol"],"max_hp_gain":0,"max_hp_loss":6,"event_name":"Golden Idol","floor":5,"gold_loss":0},{"damage_healed":0,"gold_gain":0,"player_choice":"Gave Idol","damage_taken":0,"relics_obtained":["Bloody Idol"],"max_hp_gain":0,"max_hp_loss":0,"event_name":"Forgotten Altar","floor":20,"relics_lost":["Golden Idol"],"gold_loss":0},{"cards_removed":["Strike_G"],"damage_healed":0,"gold_gain":0,"player_choice":"Elegance","damage_taken":0,"max_hp_gain":0,"max_hp_loss":0,"event_name":"Back to Basics","floor":22,"gold_loss":0},{"damage_healed":0,"gold_gain":0,"cards_transformed":["Strike_G","Defend_G"],"player_choice":"Became Test Subject","damage_taken":0,"max_hp_gain":0,"max_hp_loss":0,"event_name":"Drug Dealer","floor":30,"gold_loss":0,"cards_obtained":["Concentrate","Caltrops"]}],"is_beta":false,"boss_relics":[{"not_picked":["Busted Crown","Tiny House"],"picked":"Calling Bell"}],"items_purged_floors":[12,21],"is_endless":false,"potions_floor_spawned":[1,3,16,24,28],"killed_by":"Collector","ascension_level":20}}