{"host":"d8d3jqle49sogkjv","time":1611421253,"event":{"mods":["BaseMod","Colored Map","Colored Powertips","Minty Spire (QoL Compilation)","StSLib"],"gold_per_floor":[116,133,146,221,221,255,255,255,255],"floor_reached":8,"language":"ENG","playtime":215,"items_purged":[],"score":67,"play_id":"f6144a38-813d-4751-aa62-410e5dd814dd","local_time":"20210123180053","is_ascension_mode":true,"campfire_choices":[{"floor":7.0,"key":"REST"}],"circlet_count":0,"master_deck":["Strike_P","Strike_P","Strike_P","Strike_P","Defend_P","Defend_P","Defend_P","Defend_P","Eruption","Vigilance","Prostrate","FollowUp","Brilliance"],"relics":["PureWater","NeowsBlessing","Ice Cream","Yang"],"acts_visited":["Exordium"],"potions_floor_usage":[],"damage_taken":[{"damage":0.0,"enemies":"Cultist","floor":1.0,"turns":1.0},{"damage":0.0,"enemies":"Small Slimes","floor":2.0,"turns":1.0},{"damage":0.0,"enemies":"Jaw Worm","floor":3.0,"turns":1.0},{"damage":55.0,"enemies":"3 Sentries","floor":6.0,"turns":12.0},{"damage":31,"enemies":"Gremlin Nob","floor":8,"turns":2}],"seed_played":"7039535347429816842","potions_obtained":[{"floor":6.0,"key":"BottledMiracle"}],"is_trial":false,"path_per_floor":["M","M","M","?","?","E","R","E"],"character_chosen":"WATCHER","items_purchased":[],"campfire_rested":1,"item_purchase_floors":[],"current_hp_per_floor":[72,72,72,61,58,3,24,0,0],"gold":255,"neow_bonus":"THREE_ENEMY_KILL","is_daily":false,"chose_seed":false,"campfire_upgraded":0,"win_rate":0.0,"timestamp":1611421253,"path_taken":["M","M","?","?","?","E","R","E"],"items_purchased_type":[],"build_version":"2020-12-22","purchased_purges":0,"victory":false,"max_hp_per_floor":[72,72,72,72,72,72,72,72,72],"card_choices":[{"not_picked":["EmptyBody","FlurryOfBlows"],"picked":"Prostrate","floor":1.0},{"not_picked":["PathToVictory","EmptyFist"],"picked":"FollowUp","floor":2.0},{"not_picked":["SignatureMove","Protect","PathToVictory"],"picked":"SKIP","floor":3.0},{"not_picked":["CutThroughFate","Halt"],"picked":"Brilliance","floor":6.0}],"player_experience":421885,"relics_obtained":[{"floor":6.0,"key":"Yang"}],"event_choices":[{"damage_healed":0.0,"max_hp_gain":0.0,"max_hp_loss":0.0,"gold_gain":75.0,"event_name":"World of Goop","player_choice":"Gather Gold","floor":4.0,"gold_loss":0.0,"damage_taken":11.0},{"damage_healed":0.0,"max_hp_gain":0.0,"max_hp_loss":0.0,"gold_gain":0.0,"event_name":"Scrap Ooze","player_choice":"Success","floor":5.0,"gold_loss":0.0,"damage_taken":3.0,"relics_obtained":["Ice Cream"]}],"is_beta":false,"boss_relics":[],"items_purged_floors":[],"is_endless":false,"potions_floor_spawned":[6],"killed_by":"Gremlin Nob","ascension_level":4}}