{"host":"ao4lxi9bhtts409i","time":1611366580,"event":{"mods":["AchievementEnabler","BaseMod","Colored Map","Colored Powertips","Minty Spire (QoL Compilation)","SuperFastMode"],"gold_per_floor":[169,41,58,133,147,182,182,211,249,261,289,318,345,371,383,395,395],"floor_reached":16,"language":"ENG","playtime":554,"items_purged":["Strike_R"],"score":137,"play_id":"8176bea1-0683-432c-aa86-68d0a366fd27","local_time":"20210123024940","is_ascension_mode":true,"campfire_choices":[{"floor":7,"key":"REST"},{"floor":10,"key":"REST"},{"floor":15,"key":"REST"}],"circlet_count":0,"master_deck":["Strike_R","Strike_R","Strike_R+1","Strike_R","Defend_R","Defend_R","Defend_R","Defend_R","Bash","Cleave","Rupture","Shrug It Off","Cleave","Spot Weakness","Thunderclap","Armaments","Headbutt","Warcry","Pommel Strike","Dropkick"],"relics":["Tiny House","Omamori","MawBank","MealTicket"],"acts_visited":["Exordium"],"potions_floor_usage":[6,16,16,16],"damage_taken":[{"damage":6,"enemies":"Cultist","floor":1,"turns":3},{"damage":8,"enemies":"Jaw Worm","floor":3,"turns":5},{"damage":3,"enemies":"Small Slimes","floor":5,"turns":2},{"damage":17,"enemies":"3 Sentries","floor":6,"turns":4},{"damage":40,"enemies":"Lagavulin","floor":8,"turns":6},{"damage":4,"enemies":"3 Louse","floor":11,"turns":2},{"damage":17,"enemies":"Exordium Wildlife","floor":12,"turns":3},{"damage":5,"enemies":"2 Fungi Beasts","floor":13,"turns":3},{"damage":7,"enemies":"Looter","floor":14,"turns":3},{"damage":51,"enemies":"Slime Boss","floor":16,"turns":7}],"seed_played":"-2914746204434300424","potions_obtained":[{"floor":0,"key":"Dexterity Potion"},{"floor":3,"key":"SkillPotion"},{"floor":12,"key":"PowerPotion"},{"floor":13,"key":"Explosive Potion"}],"is_trial":false,"path_per_floor":["M","$","M","?","M","E","R","E","T","R","M","M","M","M","R","B"],"character_chosen":"IRONCLAD","items_purchased":["Shrug It Off"],"campfire_rested":3,"item_purchase_floors":[2],"current_hp_per_floor":[79,79,71,60,57,40,65,25,25,50,46,29,24,17,42,0,0],"gold":395,"neow_bonus":"BOSS_RELIC","is_daily":false,"chose_seed":false,"campfire_upgraded":0,"win_rate":0.0,"timestamp":1611366580,"path_taken":["M","$","M","?","M","E","R","E","T","R","M","M","M","M","R","BOSS"],"items_purchased_type":["Card"],"build_version":"2020-12-22","purchased_purges":1,"victory":false,"max_hp_per_floor":[85,85,85,85,85,85,85,85,85,85,85,85,85,85,85,85,85],"card_choices":[{"not_picked":["Sword Boomerang","Rage"],"picked":"Cleave","floor":0},{"not_picked":["Searing Blow","Anger"],"picked":"Rupture","floor":1},{"not_picked":["Dropkick","Wild Strike"],"picked":"Cleave","floor":3},{"not_picked":["Sever Soul","Carnage"],"picked":"Spot Weakness","floor":5},{"not_picked":["Flex","Intimidate"],"picked":"Thunderclap","floor":6},{"not_picked":["Uppercut","Second Wind"],"picked":"Armaments","floor":8},{"not_picked":["Battle Trance","Wild Strike"],"picked":"Headbutt","floor":11},{"not_picked":["Battle Trance","Body Slam"],"picked":"Warcry","floor":12},{"not_picked":["Second Wind","Body Slam"],"picked":"Pommel Strike","floor":13},{"not_picked":["Searing Blow","Flex"],"picked":"Dropkick","floor":14}],"player_experience":246147,"relics_obtained":[{"floor":6,"key":"Omamori"},{"floor":8,"key":"MawBank"},{"floor":9,"key":"MealTicket"}],"event_choices":[{"damage_healed":0,"gold_gain":75,"player_choice":"Gather Gold","damage_taken":11,"max_hp_gain":0,"max_hp_loss":0,"event_name":"World of Goop","floor":4,"gold_loss":0}],"is_beta":false,"boss_relics":[],"items_purged_floors":[2],"is_endless":false,"potions_floor_spawned":[3,12,13],"killed_by":"Slime Boss","ascension_level":4}}