{"host":"njo8qgvy2a57fcny","time":1611380540,"event":{"mods":["Ascension Unlocker","Aspiration","BaseMod","BetterRewards","CCEM","Colored Map","Colored Powertips","Conspire","Custom Start","Downfall","GifTheSpireLib","Halation","Hermit","Hubris","Infinite Spire","Jedi Mod","Mimic Mod","Minty Spire (QoL Compilation)","Quick Restart","Random Character Button","Random Character Mod","Rare Cards Sparkle","Relic Sorter","Replay The Spire","Shop Mod","StSLib","Stuff the Spire","The Animator","The Jungle","The Runesmith","The Servant 0.9.4","vexMod"],"gold_per_floor":[99,99,99,99,99,132,162,173,188,188,198,198,198,66,83,184,184,184,201,176,176,190,220,293,308,308,308,308],"floor_reached":26,"language":"ENG","playtime":1601,"items_purged":[],"score":311,"play_id":"a463b629-54b6-4872-801c-40034bacd5dd","local_time":"20210123164220","is_ascension_mode":true,"campfire_choices":[{"data":"Guardian:CurlUp","floor":1,"key":"SMITH"},{"data":"Guardian:PiercingHide","floor":12,"key":"SMITH"},{"floor":18,"key":"RECALL"}],"circlet_count":0,"master_deck":["conspire:GhostlyStrike","conspire:GhostlyStrike","conspire:GhostlyStrike","conspire:GhostlyStrike","conspire:GhostlyDefend","conspire:GhostlyDefend","conspire:GhostlyDefend","conspire:GhostlyDefend","Guardian:CurlUp+1","Guardian:TwinSlam+1","Guardian:PiercingHide+1","Guardian:RollAttack","Guardian:ArmoredProtocol","Guardian:Recover","Guardian:Orbwalk","Guardian:BodySlam","Guardian:DecasProtection","Guardian:Harden","Guardian:GuardianWhirl+1","Guardian:Planning","Guardian:Gem_Blue","Guardian:Gem_Red"],"relics":["Guardian:ModeShifter","hubris:Icosahedron","downfall:HeartsMalice","hubris:FunFungus","ReplayTheSpireMod:Lightbulb","halation:LoveArrow","theJungle:WildMango","infinitespire:Bottled Soul","CCEMRelics:TechnogenicHelmet"],"acts_visited":["Exordium","Exordium"],"potions_floor_usage":[11,14,22,23,25],"damage_taken":[{"damage":0,"enemies":"Jaw Worm","floor":2,"turns":1},{"damage":0,"enemies":"Gremlin Nob","floor":6,"turns":1},{"damage":0,"enemies":"Small Slimes","floor":7,"turns":1},{"damage":0,"enemies":"Small Slimes","floor":8,"turns":5},{"damage":6,"enemies":"2 Louse","floor":9,"turns":4},{"damage":4,"enemies":"Blue Slaver","floor":11,"turns":5},{"damage":0,"enemies":"downfall:FleeingMerchant","floor":14,"turns":4},{"damage":5,"enemies":"Gremlin Gang","floor":15,"turns":5},{"damage":40,"enemies":"DF_ARCHETYPE_STREAMLINE","floor":16,"turns":14},{"damage":25,"enemies":"theJungle:GiantWrat","floor":19,"turns":8},{"damage":19,"enemies":"theJungle:Flameango_and_Byrd","floor":22,"turns":8},{"damage":45,"enemies":"theJungle:Cassacara","floor":23,"turns":8},{"damage":40,"enemies":"theJungle:2_Snecko_Cultists","floor":25,"turns":5},{"damage":59,"enemies":"theJungle:MamaSnecko","floor":26,"turns":5}],"seed_played":"2296638820676722081","potions_obtained":[{"floor":6,"key":"FairyPotion"},{"floor":11,"key":"bronze:BurnAndBuffPotion"},{"floor":16,"key":"Milkshake"},{"floor":22,"key":"jedi:StrikingPotion"},{"floor":23,"key":"EssenceOfSteel"}],"is_trial":false,"path_per_floor":["R","M","?","?","?","E","MIM","M","M","?","M","R","?","$","M","B",null,"R","M","?","?","M","E","T","M","E"],"character_chosen":"GUARDIAN","items_purchased":["Guardian:BodySlam","Guardian:DecasProtection"],"campfire_rested":0,"item_purchase_floors":[14,14],"current_hp_per_floor":[80,80,80,80,80,80,80,80,75,80,78,78,78,78,74,36,80,80,55,55,69,79,40,40,5,0,0,0],"gold":308,"neow_bonus":"THREE_ENEMY_KILL","is_daily":false,"chose_seed":false,"campfire_upgraded":2,"win_rate":0.0,"timestamp":1611380540,"path_taken":["R","M","?","?","?","E","MIM","M","?","?","?","R","?","?","M","BOSS","R","M","?","?","M","E","T","M","E"],"items_purchased_type":["Card","Card"],"build_version":"2020-12-22","purchased_purges":0,"victory":false,"max_hp_per_floor":[80,80,80,80,80,80,80,80,80,80,80,80,80,80,80,80,80,80,80,80,94,94,94,94,94,94,94,94],"card_choices":[{"not_picked":["Guardian:Gem_Lightblue","Guardian:BodySlam"],"picked":"Guardian:PiercingHide","floor":2},{"not_picked":["Guardian:RefractedBeam","Guardian:Emergency"],"picked":"Guardian:RollAttack","floor":6},{"not_picked":["Guardian:PrimingBeam","Guardian:Gem_White"],"picked":"Guardian:ArmoredProtocol","floor":7},{"not_picked":["Guardian:Planning","Guardian:Gem_Green"],"picked":"Guardian:Gem_Lightblue","floor":8},{"not_picked":["Guardian:RollAttack","Guardian:Gem_Lightblue"],"picked":"Guardian:Recover","floor":9},{"not_picked":["Guardian:Planning","Guardian:Incinerate","Guardian:Recover"],"picked":"SKIP","floor":11},{"not_picked":["Guardian:Incinerate","Guardian:ChargeCore"],"picked":"Guardian:Orbwalk","floor":14},{"not_picked":["Guardian:Gem_Purple","Guardian:ChargeCore"],"picked":"Guardian:Harden","floor":15},{"not_picked":["Guardian:GemFire","Guardian:Gem_Orange"],"picked":"Guardian:Gem_Synthetic","floor":16},{"not_picked":["Guardian:Reroute","Guardian:SpikerProtocol"],"picked":"Guardian:GuardianWhirl+1","floor":19},{"not_picked":["Guardian:Emergency","Guardian:Suspension"],"picked":"Guardian:Planning","floor":22},{"not_picked":["Guardian:BodySlam","Guardian:PrimingBeam"],"picked":"Guardian:Gem_Blue","floor":23},{"not_picked":["Guardian:Suspension","Guardian:Gem_Purple"],"picked":"Guardian:Gem_Red","floor":25}],"player_experience":650028,"relics_obtained":[{"floor":6,"key":"hubris:FunFungus"},{"floor":7,"key":"ReplayTheSpireMod:Lightbulb"},{"floor":23,"key":"infinitespire:Bottled Soul"},{"floor":24,"key":"CCEMRelics:TechnogenicHelmet"}],"event_choices":[{"damage_healed":0,"gold_gain":0,"player_choice":"Agree","damage_taken":0,"max_hp_gain":0,"max_hp_loss":0,"event_name":"conspire:LoneGhost","floor":4,"gold_loss":0}],"is_beta":false,"boss_relics":[{"not_picked":["Replay:Drink Me","Astrolabe"],"picked":"halation:LoveArrow"}],"items_purged_floors":[],"is_endless":false,"potions_floor_spawned":[6,11,16,22,23],"killed_by":"theJungle:MamaSnecko","ascension_level":1}}