{"host":"vqgrg90fv56geajp","time":1611403472,"event":{"mods":["BaseMod","Colored Map","Colored Powertips","Minty Spire (QoL Compilation)","Quick Restart","Rare Cards Sparkle","Relic Stats"],"gold_per_floor":[113,124,143,156,16,16,50,50,73,20,20,34,34,66,66,66,66],"floor_reached":16,"language":"ENG","playtime":807,"items_purged":[],"score":204,"play_id":"089c9c11-3d5c-43ec-b6ca-22bf0a8813bb","local_time":"20210123140432","is_ascension_mode":true,"campfire_choices":[{"floor":6,"key":"REST"},{"floor":11,"key":"REST"},{"floor":15,"key":"REST"}],"circlet_count":0,"master_deck":["AscendersBane","Strike_B","Strike_B","Strike_B","Defend_B","Defend_B","Defend_B","Defend_B","Zap","Dualcast","Fusion","Turbo","Gash","Genetic Algorithm","Biased Cognition","Sweeping Beam","Compile Driver","Ball Lightning","Genetic Algorithm","Redo"],"relics":["Cracked Core","Pen Nib","Happy Flower","Ancient Tea Set"],"acts_visited":["Exordium"],"potions_floor_usage":[7,12,14,14],"damage_taken":[{"damage":4,"enemies":"Jaw Worm","floor":1,"turns":4},{"damage":1,"enemies":"Cultist","floor":2,"turns":3},{"damage":7,"enemies":"Small Slimes","floor":3,"turns":3},{"damage":42,"enemies":"Exordium Thugs","floor":4,"turns":7},{"damage":20,"enemies":"Gremlin Gang","floor":7,"turns":4},{"damage":17,"enemies":"Exordium Wildlife","floor":12,"turns":4},{"damage":10,"enemies":"3 Sentries","floor":14,"turns":5},{"damage":29,"enemies":"The Guardian","floor":16,"turns":5}],"seed_played":"-854480591236410292","potions_obtained":[{"floor":2,"key":"CultistPotion"},{"floor":4,"key":"ColorlessPotion"},{"floor":7,"key":"FocusPotion"},{"floor":12,"key":"LiquidMemories"}],"is_trial":false,"path_per_floor":["M","M","M","M","$","R","M","?","T","$","R","M","?","E","R","B"],"character_chosen":"DEFECT","items_purchased":["Biased Cognition","Sweeping Beam","Ball Lightning"],"campfire_rested":3,"item_purchase_floors":[5,5,10],"current_hp_per_floor":[67,66,59,17,17,40,20,9,9,9,32,15,15,5,28,0,0],"gold":66,"neow_bonus":"TEN_PERCENT_HP_BONUS","is_daily":false,"chose_seed":false,"campfire_upgraded":0,"win_rate":0.0,"timestamp":1611403472,"path_taken":["M","M","M","M","$","R","M","?","T","$","R","M","?","E","R","BOSS"],"items_purchased_type":["Card","Card","Card"],"build_version":"2020-12-22","purchased_purges":0,"victory":false,"max_hp_per_floor":[78,78,78,78,78,78,78,78,78,78,78,78,78,78,78,78,78],"relic_stats":{"Happy Flower":[4],"counters":[8,35],"Pen Nib":[1],"obtain_stats":[{"Happy Flower":9,"Pen Nib":8,"Cracked Core":0,"Ancient Tea Set":14},{"Happy Flower":5,"Pen Nib":5,"Cracked Core":0,"Ancient Tea Set":7},{"Happy Flower":21,"Pen Nib":21,"Cracked Core":0,"Ancient Tea Set":30}]},"card_choices":[{"not_picked":["Ball Lightning","Steam"],"picked":"Fusion","floor":1},{"not_picked":["Aggregate","Stack"],"picked":"Turbo","floor":2},{"not_picked":["Barrage","Conserve Battery"],"picked":"Gash","floor":3},{"not_picked":["Recycle","Storm"],"picked":"Genetic Algorithm","floor":4},{"not_picked":["Steam Power","Go for the Eyes"],"picked":"Compile Driver","floor":7},{"not_picked":["Turbo","Force Field"],"picked":"Genetic Algorithm","floor":12},{"not_picked":["Double Energy","Gash"],"picked":"Redo","floor":14}],"player_experience":2488006,"relics_obtained":[{"floor":9,"key":"Happy Flower"},{"floor":14,"key":"Ancient Tea Set"}],"event_choices":[{"damage_healed":0,"gold_gain":0,"player_choice":"Success","damage_taken":11,"relics_obtained":["Pen Nib"],"max_hp_gain":0,"max_hp_loss":0,"event_name":"Scrap Ooze","floor":8,"gold_loss":0},{"cards_removed":["Strike_B"],"damage_healed":0,"gold_gain":0,"player_choice":"Purged","damage_taken":0,"max_hp_gain":0,"max_hp_loss":0,"event_name":"Purifier","floor":13,"gold_loss":0}],"is_beta":false,"boss_relics":[],"items_purged_floors":[],"is_endless":false,"potions_floor_spawned":[2,4,7,12],"killed_by":"The Guardian","ascension_level":20}}