{"host":"hqxy2g3i5ker09hc","time":1611373431,"event":{"mods":["2.2 Compatiblity","AlwaysNeverKeys","Aspiration","BaseMod","Beaked The Cultist","Better Match","Better Note","Better Sensory Stone","Better Silent Start","Better Third Choice","Better-Laid Plans","CCEM","CatGirl Mod","Chen","Conspire","Fireblade Mod","GifTheSpireLib","Gold Saver","Hubris","Ironclad Rager","Minty Spire (QoL Compilation)","MostiFishMod","Permanent Neow","Quarter Circle Forward PUNCH!","Quick Restart","Replay The Spire","Shop Mod","Small Relic Pack","Spikes Relics","StSLib","Stuff the Spire","The Animator","The Bug Knight","The Forsaken","The Wild Card","vexMod"],"gold_per_floor":[109,109,121,121,121,121,48,48,48,48,159,12,12,29,29,132,132,148,164,164,180,180,180,194,226,253,253,272,291,301,51,51,152,152,165,165,16,16,16],"floor_reached":38,"language":"ENG","playtime":2368,"items_purged":[],"score":422,"play_id":"13c7f466-8c59-4422-81d3-0bb0b016d647","local_time":"20210123044351","is_ascension_mode":true,"campfire_choices":[{"data":"theCatGirl:TwoStep","floor":6.0,"key":"SMITH"},{"data":"theCatGirl:Evasion","floor":13.0,"key":"SMITH"},{"data":"theCatGirl:SmellFear","floor":15.0,"key":"SMITH"},{"floor":23.0,"key":"REST"},{"data":"theCatGirl:Parry","floor":27.0,"key":"SMITH"},{"floor":32,"key":"REST"}],"circlet_count":0,"master_deck":["theCatGirl:Strike","theCatGirl:Strike","theCatGirl:Strike","theCatGirl:Strike","theCatGirl:Defend","theCatGirl:Defend","theCatGirl:Defend","theCatGirl:Defend","theCatGirl:ClawStrike+1","theCatGirl:Evasion+1","theCatGirl:QuickStrike","theCatGirl:TwoStep+1","theCatGirl:SmellFear+1","theCatGirl:ThatWasntIt","theCatGirl:FocusedStrike","theCatGirl:BleedingWounds","theCatGirl:PoisedStrike","theCatGirl:PoiseStance","theCatGirl:Enrage","theCatGirl:Parry+1","theCatGirl:ClenchYourTeeth+1","theCatGirl:BloodyClaws","theCatGirl:BloodyClaws","theCatGirl:AccidentalHeadbutt"],"relics":["theCatGirl:TrainedRelic","SynthV:TestCard","BrokenLever","hubris:Icosahedron","StuffTheSpire:GrapeVine","ChewingGum","MetatronsCube","Nloth\u0027s Gift","qcfpunch:Spiky_Bracers","Happy Flower","StuffTheSpire:ForceGauntlet","conspire:RoyalGoblet","relicPack:DSword","Blue Doll"],"acts_visited":["Exordium","TheCity","TheBeyond"],"potions_floor_usage":[],"damage_taken":[{"damage":0.0,"enemies":"Small Slimes","floor":1.0,"turns":4.0},{"damage":0.0,"enemies":"Cultist","floor":3.0,"turns":4.0},{"damage":0.0,"enemies":"Jaw Worm","floor":11.0,"turns":5.0},{"damage":27.0,"enemies":"Large Slime","floor":14.0,"turns":8.0},{"damage":27.0,"enemies":"Slime Boss","floor":16.0,"turns":11.0},{"damage":17.0,"enemies":"2 Thieves","floor":18.0,"turns":5.0},{"damage":8.0,"enemies":"Chosen","floor":19.0,"turns":6.0},{"damage":15.0,"enemies":"conspire:HollyBat","floor":21.0,"turns":7.0},{"damage":28.0,"enemies":"Sentry and Sphere","floor":24.0,"turns":8.0},{"damage":41.0,"enemies":"Gremlin Leader","floor":25.0,"turns":7.0},{"damage":12.0,"enemies":"Centurion and Healer","floor":28.0,"turns":6.0},{"damage":0.0,"enemies":"Shelled Parasite and Fungi","floor":29.0,"turns":7.0},{"damage":4.0,"enemies":"Snecko","floor":30.0,"turns":5.0},{"damage":30,"enemies":"Collector","floor":33,"turns":11},{"damage":40,"enemies":"3 Shapes","floor":35,"turns":4}],"seed_played":"-8943305834011292710","potions_obtained":[{"floor":3.0,"key":"Weak Potion"},{"floor":5.0,"key":"SmokeBomb"},{"floor":19.0,"key":"Swift Potion"},{"floor":21.0,"key":"ColorlessPotion"},{"floor":25.0,"key":"BlessingOfTheForge"},{"floor":30.0,"key":"GamblersBrew"}],"is_trial":false,"path_per_floor":["M","?","M","?","?","R","$","?","T","?","M","$","R","M","R","B",null,"M","M","?","M","?","R","M","E","T","R","M","M","M","$","R","B",null,"M","?","$","?"],"character_chosen":"THE_CATGIRL","items_purchased":["theCatGirl:SmellFear","StuffTheSpire:GrapeVine","StuffTheSpire:ForceGauntlet","Blue Doll"],"campfire_rested":2,"item_purchase_floors":[7,12,31,37],"current_hp_per_floor":[77,77,77,77,77,77,77,77,77,77,77,77,77,50,50,23,77,60,52,52,37,37,60,32,36,36,36,24,24,44,44,67,70,77,47,12,12,0,0],"gold":16,"neow_bonus":"TEN_PERCENT_HP_BONUS","is_daily":false,"chose_seed":false,"campfire_upgraded":4,"win_rate":0.0,"timestamp":1611373431,"path_taken":["M","?","?","?","?","R","$","?","T","?","M","$","R","M","R","BOSS","M","M","?","M","?","R","M","E","T","R","?","M","M","$","R","BOSS","M","?","$","?"],"items_purchased_type":["Card","Relic","Relic","Relic"],"build_version":"2020-12-22","purchased_purges":0,"victory":false,"max_hp_per_floor":[77,77,77,77,77,77,77,77,77,77,77,77,77,77,77,77,77,77,77,77,77,77,77,77,77,77,77,77,77,77,77,77,77,77,77,77,77,77,77],"card_choices":[{"not_picked":["theCatGirl:Meow","theCatGirl:DefensiveStance"],"picked":"theCatGirl:QuickStrike","floor":1.0},{"not_picked":["theCatGirl:GoddessOfMisfortune","theCatGirl:Stalk","theCatGirl:ClawScratch","theCatGirl:QuickStrike"],"picked":"theCatGirl:TwoStep","floor":3.0},{"not_picked":["theCatGirl:TrainWreck","theCatGirl:RecoveryBlow","theCatGirl:FumblingBlow","theCatGirl:PlayAround"],"picked":"theCatGirl:ThatWasntIt","floor":11.0},{"not_picked":["theCatGirl:RecoveryBlow","theCatGirl:SearchBackpack","theCatGirl:PoisedStrike","theCatGirl:PilingErrors"],"picked":"theCatGirl:FocusedStrike","floor":14.0},{"not_picked":["theCatGirl:Enrage","theCatGirl:Howl","theCatGirl:AngryForm","theCatGirl:Beastification"],"picked":"theCatGirl:BleedingWounds","floor":16.0},{"not_picked":["theCatGirl:SpinningStrike","theCatGirl:RageClaws+1","theCatGirl:FinishingMove","theCatGirl:KeepAlert","theCatGirl:LuckyBlow"],"picked":"SKIP","floor":18.0},{"not_picked":["theCatGirl:FinishingMove","theCatGirl:LostTrinket","theCatGirl:SearchBackpack","theCatGirl:Growl"],"picked":"theCatGirl:PoisedStrike","floor":19.0},{"not_picked":["theCatGirl:GoddessOfMisfortune+1","theCatGirl:DecliningDefenses","theCatGirl:SmellFear","theCatGirl:BodyBlow"],"picked":"theCatGirl:PoiseStance","floor":21.0},{"not_picked":["theCatGirl:DefensiveStance","theCatGirl:Prepared","theCatGirl:PilingErrors","theCatGirl:LearnByMistake+1"],"picked":"theCatGirl:Enrage","floor":24.0},{"not_picked":["theCatGirl:PilingErrors","theCatGirl:DecliningDefenses","theCatGirl:Misfire","theCatGirl:UnrelentingAssault"],"picked":"theCatGirl:Parry","floor":25.0},{"not_picked":["theCatGirl:TryingMyBest","theCatGirl:LearnByMistake","theCatGirl:KeepAlert","theCatGirl:Meow"],"picked":"theCatGirl:ClenchYourTeeth+1","floor":28.0},{"not_picked":["theCatGirl:ComboAttack","theCatGirl:FumblingBlow+1","theCatGirl:QuickStrike","theCatGirl:KeepAlert+1"],"picked":"theCatGirl:BloodyClaws","floor":29.0},{"not_picked":["theCatGirl:AllIn","theCatGirl:ClawScratch","theCatGirl:UnrelentingAssault+1","theCatGirl:Growl"],"picked":"theCatGirl:BloodyClaws","floor":30.0},{"not_picked":["theCatGirl:AdaptivePacing","theCatGirl:PoiseStance","theCatGirl:BleedingWounds","theCatGirl:PerfectBlock"],"picked":"theCatGirl:AccidentalHeadbutt","floor":33},{"not_picked":["theCatGirl:SpinningStrike","theCatGirl:ComboAttack","theCatGirl:NeverGivingUp","theCatGirl:ShockedWitness+1","theCatGirl:DecliningDefenses"],"picked":"SKIP","floor":35}],"player_experience":689519,"relics_obtained":[{"floor":1.0,"key":"SynthV:TestCard"},{"floor":9.0,"key":"BrokenLever"},{"floor":25.0,"key":"qcfpunch:Spiky_Bracers"},{"floor":26.0,"key":"Happy Flower"}],"event_choices":[{"damage_healed":0.0,"max_hp_gain":0.0,"max_hp_loss":0.0,"gold_gain":0.0,"event_name":"Accursed Blacksmith","player_choice":"Forge","floor":2.0,"gold_loss":0.0,"damage_taken":0.0,"cards_upgraded":["theCatGirl:ClawStrike"]},{"damage_healed":0.0,"max_hp_gain":0.0,"max_hp_loss":0.0,"gold_gain":0.0,"event_name":"N\u0027loth","player_choice":"Traded Relic","floor":22.0,"relics_lost":["DaveBox"],"gold_loss":0.0,"damage_taken":0.0,"relics_obtained":["Nloth\u0027s Gift"]}],"is_beta":false,"boss_relics":[{"not_picked":["TakeMeEscape","ReplayTheSpireMod:DimensionalGlitch"],"picked":"ChewingGum"},{"not_picked":["aspiration:SilentSkillbook","qcfpunch:Crimson_Sash"],"picked":"conspire:RoyalGoblet"}],"items_purged_floors":[],"is_endless":false,"potions_floor_spawned":[3,19,21,25,30,33,35],"ascension_level":2}}