{"host":"l5xpox9cbdko122s","time":1611435575,"event":{"mods":["AchievementEnabler","BaseMod","Better Skull","Colored Map","Colored Powertips","Curses Come First","Displayed Cursed Tome","Hermit","Highlight Path","Minty Spire (QoL Compilation)","Quick Restart","Shop Mod","StSLib"],"gold_per_floor":[119,119,129,129,140,165,182,196,196,196,55,55,72,126,126,126,126],"floor_reached":16,"language":"ENG","playtime":742,"items_purged":[],"score":102,"play_id":"9a8dbe72-0e60-441e-9353-4a69d372d347","local_time":"20210123155935","is_ascension_mode":false,"campfire_choices":[{"floor":10,"key":"RECALL"},{"data":"Dual Wield","floor":15,"key":"SMITH"}],"circlet_count":0,"master_deck":["Strike_R","Strike_R","Strike_R","Strike_R","Strike_R","Defend_R","Defend_R","Defend_R","Defend_R","Bash+1","Dual Wield+1","Thunderclap"],"relics":["Burning Blood","Strawberry","MealTicket","MerchantsRug","Sundial"],"acts_visited":["Exordium"],"potions_floor_usage":[5,6],"damage_taken":[{"damage":2,"enemies":"2 Louse","floor":1,"turns":3},{"damage":1,"enemies":"Cultist","floor":3,"turns":3},{"damage":1,"enemies":"Jaw Worm","floor":5,"turns":3},{"damage":58,"enemies":"Lagavulin","floor":6,"turns":8},{"damage":7,"enemies":"Looter","floor":7,"turns":4},{"damage":0,"enemies":"Large Slime","floor":8,"turns":5},{"damage":1,"enemies":"3 Louse","floor":13,"turns":3},{"damage":63,"enemies":"Hexaghost","floor":16,"turns":8}],"seed_played":"-8852118977979118019","potions_obtained":[{"floor":1,"key":"AttackPotion"},{"floor":3,"key":"ColorlessPotion"},{"floor":8,"key":"FearPotion"}],"is_trial":false,"path_per_floor":["M","?","M","$","M","E","M","M","T","R","$","T","M","?","R","B"],"character_chosen":"IRONCLAD","items_purchased":["MerchantsRug"],"campfire_rested":0,"item_purchase_floors":[11],"current_hp_per_floor":[87,87,87,87,87,35,34,40,40,40,55,55,60,60,60,0,0],"gold":126,"neow_bonus":"RANDOM_COMMON_RELIC","is_daily":false,"chose_seed":false,"campfire_upgraded":1,"win_rate":0.0,"timestamp":1611435575,"path_taken":["M","?","M","$","M","E","M","M","T","R","?","?","M","?","R","BOSS"],"items_purchased_type":["Relic"],"build_version":"2020-12-22","purchased_purges":0,"victory":false,"max_hp_per_floor":[87,87,87,87,87,87,87,87,87,87,87,87,87,87,87,87,87],"card_choices":[{"not_picked":["Ghostly Armor","Pommel Strike","Anger"],"picked":"SKIP","floor":1},{"not_picked":["Clothesline","Armaments"],"picked":"Dual Wield","floor":3},{"not_picked":["Armaments","Headbutt","Heavy Blade"],"picked":"SKIP","floor":5},{"not_picked":["Clothesline","Pommel Strike"],"picked":"Thunderclap","floor":6},{"not_picked":["Headbutt","Twin Strike","Combust"],"picked":"SKIP","floor":7},{"not_picked":["Feed","Clash","Burning Pact"],"picked":"SKIP","floor":8},{"not_picked":["Rupture","Iron Wave","Burning Pact"],"picked":"SKIP","floor":13}],"player_experience":183745,"relics_obtained":[{"floor":6,"key":"MealTicket"},{"floor":12,"key":"Sundial"}],"event_choices":[{"damage_healed":0,"gold_gain":0,"player_choice":"Forge","damage_taken":0,"max_hp_gain":0,"max_hp_loss":0,"event_name":"Accursed Blacksmith","floor":2,"gold_loss":0,"cards_upgraded":["Bash"]},{"damage_healed":0,"gold_gain":54,"player_choice":"Gained Gold","damage_taken":0,"max_hp_gain":0,"max_hp_loss":0,"event_name":"Golden Wing","floor":14,"gold_loss":0}],"is_beta":false,"boss_relics":[],"items_purged_floors":[],"is_endless":false,"potions_floor_spawned":[1,3,8],"killed_by":"Hexaghost","ascension_level":0}}