{"host":"j4g6ia6asvpyu2b0","time":1611413045,"event":{"mods":["BaseMod","Colored Map","Minty Spire (QoL Compilation)","Permanent Neow","Quick Restart","Relic Stats","StSLib","Unceasing Turn Reminder"],"gold_per_floor":[115,34,46,46,46,78,91,91,91,128,150,186,22,66,66,148,148,167,82,104,104,128,165,165,199,222,266,275,275,284,28,37,125,134,157,214,243,243,264,292,292,65,90,90,100,143,167,167,167,167,167,167,22,56,56],"floor_reached":56,"language":"ENG","playtime":2671,"items_purged":["Strike_G","Strike_G"],"score":2262,"play_id":"86be6714-d2bc-4d43-bc59-7a3f3ef2c661","local_time":"20210123074405","is_ascension_mode":true,"campfire_choices":[{"floor":8.0,"key":"RECALL"},{"floor":15,"key":"REST"},{"floor":24,"key":"REST"},{"floor":28,"key":"REST"},{"floor":30,"key":"REST"},{"floor":32,"key":"REST"},{"data":"Strike_G","floor":41,"key":"PURGE"},{"data":"Strike_G","floor":44,"key":"PURGE"},{"data":"Defend_G+1","floor":49,"key":"PURGE"},{"data":"Defend_G+1","floor":52,"key":"PURGE"}],"circlet_count":0,"master_deck":["AscendersBane","Defend_G+1","Defend_G+1","Defend_G+1","Survivor+1","Neutralize+1","Finisher+1","Flying Knee+1","Quick Slash+1","Dash+1","Adrenaline+1","Finisher+1","Backflip+1","PiercingWail+1","Deadly Poison+1","Dodge and Roll+1","Phantasmal Killer+1","Envenom+1","Dagger Throw+1","Footwork+1","Blade Dance+1","Footwork+1","Noxious Fumes+1","Footwork+1","PiercingWail+1","Tools of the Trade+1","Footwork+1","Tactician+1","After Image+1","CurseOfTheBell","Dash+1","Dagger Throw+1","Predator+1","Sucker Punch+1","Accuracy+1","Outmaneuver+1","Catalyst+1","Spot Weakness+1"],"relics":["Fusion Hammer","Meat on the Bone","Boot","Anchor","CeramicFish","Question Card","Vajra","Akabeko","Runic Pyramid","PreservedInsect","MutagenicStrength","Mummified Hand","Dream Catcher","Bag of Marbles","Nilry\u0027s Codex","OrangePellets","Calling Bell","Smiling Mask","Sundial","Bird Faced Urn","Peace Pipe","Toy Ornithopter","PrismaticShard","Snake Skull","Lantern","Mark of the Bloom","Happy Flower","War Paint"],"acts_visited":["Exordium","TheCity","TheBeyond","TheEnding"],"potions_floor_usage":[14,23,40,54,55],"damage_taken":[{"damage":0.0,"enemies":"Small Slimes","floor":1.0,"turns":5.0},{"damage":11.0,"enemies":"Jaw Worm","floor":3.0,"turns":4.0},{"damage":5.0,"enemies":"Lagavulin","floor":6.0,"turns":6.0},{"damage":11.0,"enemies":"2 Louse","floor":7.0,"turns":3.0},{"damage":12.0,"enemies":"3 Sentries","floor":10.0,"turns":8.0},{"damage":0.0,"enemies":"Large Slime","floor":11.0,"turns":5.0},{"damage":0.0,"enemies":"Lagavulin","floor":12.0,"turns":6.0},{"damage":11,"enemies":"3 Sentries","floor":14,"turns":5},{"damage":50,"enemies":"Hexaghost","floor":16,"turns":10},{"damage":0,"enemies":"Spheric Guardian","floor":18,"turns":2},{"damage":0,"enemies":"Shell Parasite","floor":20,"turns":3},{"damage":0,"enemies":"Shelled Parasite and Fungi","floor":22,"turns":5},{"damage":12,"enemies":"Slavers","floor":23,"turns":6},{"damage":2,"enemies":"Gremlin Leader","floor":25,"turns":4},{"damage":7,"enemies":"Slavers","floor":27,"turns":3},{"damage":3,"enemies":"Champ","floor":33,"turns":11},{"damage":1,"enemies":"3 Shapes","floor":35,"turns":7},{"damage":17,"enemies":"2 Orb Walkers","floor":36,"turns":6},{"damage":12,"enemies":"3 Darklings","floor":37,"turns":5},{"damage":19,"enemies":"Transient","floor":39,"turns":5},{"damage":34,"enemies":"Reptomancer","floor":40,"turns":7},{"damage":7,"enemies":"Maw","floor":45,"turns":6},{"damage":0,"enemies":"Giant Head","floor":46,"turns":6},{"damage":0,"enemies":"3 Darklings","floor":47,"turns":3},{"damage":2,"enemies":"Donu and Deca","floor":50,"turns":10},{"damage":0,"enemies":"Shield and Spear","floor":54,"turns":5},{"damage":51,"enemies":"The Heart","floor":55,"turns":10}],"seed_played":"3774666266940305724","potions_obtained":[{"floor":3.0,"key":"Block Potion"},{"floor":6.0,"key":"AttackPotion"},{"floor":11.0,"key":"PowerPotion"},{"floor":12.0,"key":"Explosive Potion"},{"floor":14,"key":"Block Potion"},{"floor":27,"key":"EssenceOfSteel"},{"floor":37,"key":"SkillPotion"},{"floor":45,"key":"Poison Potion"},{"floor":47,"key":"GhostInAJar"}],"is_trial":false,"path_per_floor":["M","$","M","?","?","E","M","R","T","E","M","E","$","E","R","B",null,"M","?","M","?","M","E","R","E","T","E","R","?","R","$","R","B",null,"M","?","M","?","M","E","R","$","T","R","M","E","M","?","R","B",null,"R","$","E","B",null],"character_chosen":"THE_SILENT","items_purchased":["Flying Knee","Quick Slash","Vajra","Dodge and Roll","Footwork","OrangePellets","Accuracy","PrismaticShard","Happy Flower"],"campfire_rested":5,"item_purchase_floors":[2,2,13,13,31,31,42,42,53],"current_hp_per_floor":[59,59,48,43,36,43,44,44,44,44,44,44,44,45,64,26,56,56,56,56,56,56,44,63,61,61,54,66,45,64,64,66,63,65,66,57,59,59,47,45,45,45,45,45,56,66,66,66,66,64,64,64,64,64,13],"gold":56,"neow_bonus":"BOSS_RELIC","is_daily":false,"chose_seed":false,"campfire_upgraded":0,"win_rate":0.0,"timestamp":1611413045,"path_taken":["M","$","M","?","?","E","M","R","T","E","M","E","?","E","R","BOSS","M","?","M","?","M","E","R","E","T","E","R","?","R","$","R","BOSS","M","?","M","?","M","E","R","$","T","R","M","E","M","?","R","BOSS","R","$","E","BOSS"],"items_purchased_type":["Card","Card","Relic","Card","Card","Relic","Card","Relic","Relic"],"build_version":"2020-12-22","purchased_purges":2,"victory":true,"max_hp_per_floor":[66,66,66,66,66,66,66,66,66,66,66,66,66,66,66,66,66,66,66,66,66,66,66,66,66,66,66,66,66,66,66,66,66,66,66,66,66,66,66,66,66,66,66,66,66,66,66,66,66,66,66,66,66,66,66],"relic_stats":{"Mark of the Bloom":78,"Happy Flower":[5],"counters":[27,156],"CeramicFish":234,"PreservedInsect":393,"Snake Skull":[95],"War Paint":["Spot Weakness"],"Boot":[41],"Question Card":22,"Smiling Mask":50,"Peace Pipe":4,"OrangePellets":[19],"Dream Catcher":3,"Mummified Hand":[111],"Sundial":[2],"Bird Faced Urn":[79],"obtain_stats":[{"Lantern":46,"Mark of the Bloom":48,"Nilry\u0027s Codex":29,"CeramicFish":10,"Vajra":13,"Snake Skull":43,"Boot":6,"Smiling Mask":34,"PrismaticShard":42,"Dream Catcher":25,"Mummified Hand":23,"Sundial":34,"Fusion Hammer":0,"Ring of the Snake":0,"Runic Pyramid":17,"Happy Flower":53,"PreservedInsect":19,"War Paint":54,"Question Card":12,"Akabeko":14,"Calling Bell":34,"Peace Pipe":36,"OrangePellets":31,"Anchor":9,"MutagenicStrength":21,"Bird Faced Urn":34,"Bag of Marbles":27,"Toy Ornithopter":40,"Meat on the Bone":4},{"Lantern":23,"Mark of the Bloom":24,"Nilry\u0027s Codex":15,"CeramicFish":5,"Vajra":7,"Snake Skull":21,"Boot":3,"Smiling Mask":16,"PrismaticShard":21,"Dream Catcher":14,"Mummified Hand":13,"Sundial":16,"Fusion Hammer":0,"Ring of the Snake":0,"Runic Pyramid":9,"Happy Flower":25,"PreservedInsect":10,"War Paint":26,"Question Card":7,"Akabeko":8,"Calling Bell":16,"Peace Pipe":18,"OrangePellets":15,"Anchor":4,"MutagenicStrength":11,"Bird Faced Urn":16,"Bag of Marbles":15,"Toy Ornithopter":21,"Meat on the Bone":2},{"Lantern":128,"Mark of the Bloom":131,"Nilry\u0027s Codex":75,"CeramicFish":26,"Vajra":37,"Snake Skull":116,"Boot":15,"Smiling Mask":86,"PrismaticShard":116,"Dream Catcher":72,"Mummified Hand":68,"Sundial":86,"Fusion Hammer":0,"Ring of the Snake":0,"Runic Pyramid":52,"Happy Flower":141,"PreservedInsect":54,"War Paint":146,"Question Card":37,"Akabeko":42,"Calling Bell":86,"Peace Pipe":99,"OrangePellets":75,"Anchor":18,"MutagenicStrength":57,"Bird Faced Urn":86,"Bag of Marbles":75,"Toy Ornithopter":116,"Meat on the Bone":9}],"Toy Ornithopter":0,"Meat on the Bone":72},"card_choices":[{"not_picked":["Cloak And Dagger","Calculated Gamble"],"picked":"Finisher","floor":1.0},{"not_picked":["Finisher","Infinite Blades"],"picked":"Dash","floor":3.0},{"not_picked":["Dodge and Roll","PiercingWail"],"picked":"Adrenaline","floor":6.0},{"not_picked":["Crippling Poison","Outmaneuver"],"picked":"Finisher","floor":7.0},{"not_picked":["Leg Sweep","Cloak And Dagger"],"picked":"Backflip","floor":10.0},{"not_picked":["Deflect","Eviscerate"],"picked":"PiercingWail","floor":11.0},{"not_picked":["Bane","Bouncing Flask"],"picked":"Deadly Poison","floor":12.0},{"not_picked":["Quick Slash","Prepared","Caltrops"],"picked":"Phantasmal Killer","floor":14},{"not_picked":["Grand Finale","Venomology","Unload"],"picked":"Envenom","floor":16},{"not_picked":["Deadly Poison+1","Well Laid Plans","Flechettes"],"picked":"Dagger Throw","floor":18},{"not_picked":["Distraction","Heel Hook","All Out Attack"],"picked":"Footwork+1","floor":20},{"not_picked":["Dash","Bane+1","All Out Attack"],"picked":"Blade Dance","floor":22},{"not_picked":["Cloak And Dagger+1","Bouncing Flask","Reflex"],"picked":"Footwork+1","floor":23},{"not_picked":["Prepared","Adrenaline","Deflect"],"picked":"Noxious Fumes","floor":25},{"not_picked":["Deflect","Masterful Stab","Bane"],"picked":"Footwork","floor":27},{"not_picked":["Dagger Throw","Slice","All Out Attack"],"picked":"PiercingWail+1","floor":28},{"not_picked":["Dodge and Roll","Heel Hook","Deflect"],"picked":"Tools of the Trade","floor":30},{"not_picked":["Slice+1","Accuracy","Prepared"],"picked":"Tactician+1","floor":32},{"not_picked":["Adrenaline","A Thousand Cuts","Unload"],"picked":"After Image","floor":33},{"not_picked":["Riddle With Holes","Sucker Punch","Flechettes"],"picked":"Dash","floor":35},{"not_picked":["Acrobatics+1","Backflip","Dagger Spray"],"picked":"Dagger Throw+1","floor":36},{"not_picked":["Masterful Stab","Poisoned Stab","Leg Sweep"],"picked":"Predator","floor":37},{"not_picked":["Bane","Unload","Noxious Fumes"],"picked":"Sucker Punch+1","floor":39},{"not_picked":["Heel Hook","Deflect+1","Well Laid Plans+1","Skewer+1"],"picked":"SKIP","floor":40},{"not_picked":["Compile Driver","Poisoned Stab","Rip and Tear","WindmillStrike"],"picked":"SKIP","floor":45},{"not_picked":["Perfected Strike+1","Ball Lightning","Crippling Poison+1"],"picked":"Outmaneuver+1","floor":46},{"not_picked":["Chill","Poisoned Stab+1","Flash of Steel+1"],"picked":"Catalyst","floor":47},{"not_picked":["Evaluate","Coolheaded","CutThroughFate+1"],"picked":"Spot Weakness","floor":54}],"player_experience":947708,"relics_obtained":[{"floor":6.0,"key":"Boot"},{"floor":9.0,"key":"Anchor"},{"floor":10.0,"key":"CeramicFish"},{"floor":12.0,"key":"Question Card"},{"floor":14,"key":"Akabeko"},{"floor":23,"key":"Mummified Hand"},{"floor":25,"key":"Dream Catcher"},{"floor":27,"key":"Bag of Marbles"},{"floor":29,"key":"Nilry\u0027s Codex"},{"floor":34,"key":"Smiling Mask"},{"floor":34,"key":"Sundial"},{"floor":34,"key":"Bird Faced Urn"},{"floor":36,"key":"Peace Pipe"},{"floor":40,"key":"Toy Ornithopter"},{"floor":43,"key":"Snake Skull"},{"floor":46,"key":"Lantern"},{"floor":54,"key":"War Paint"}],"event_choices":[{"damage_healed":0.0,"max_hp_gain":0.0,"max_hp_loss":0.0,"gold_gain":0.0,"event_name":"Scrap Ooze","player_choice":"Success","floor":4.0,"gold_loss":0.0,"damage_taken":5.0,"relics_obtained":["Meat on the Bone"]},{"cards_removed":["Strike_G"],"damage_healed":0.0,"max_hp_gain":0.0,"max_hp_loss":0.0,"gold_gain":0.0,"event_name":"Golden Wing","player_choice":"Card Removal","floor":5.0,"gold_loss":0.0,"damage_taken":7.0},{"damage_healed":0,"gold_gain":0,"player_choice":"Obtained Relic","damage_taken":0,"relics_obtained":["PreservedInsect"],"max_hp_gain":0,"max_hp_loss":0,"event_name":"Addict","floor":19,"gold_loss":85},{"damage_healed":0,"gold_gain":0,"player_choice":"Inject Mutagens","damage_taken":0,"relics_obtained":["MutagenicStrength"],"max_hp_gain":0,"max_hp_loss":0,"event_name":"Drug Dealer","floor":21,"gold_loss":0},{"damage_healed":0,"gold_gain":0,"player_choice":"Obtained Book","damage_taken":21,"max_hp_gain":0,"max_hp_loss":0,"event_name":"Cursed Tome","floor":29,"gold_loss":0},{"damage_healed":0,"gold_gain":0,"player_choice":"Fight","damage_taken":0,"max_hp_gain":0,"max_hp_loss":0,"event_name":"Mysterious Sphere","floor":36,"gold_loss":0},{"damage_healed":0,"gold_gain":0,"player_choice":"Ignored","damage_taken":0,"max_hp_gain":0,"max_hp_loss":0,"event_name":"Tomb of Lord Red Mask","floor":38,"gold_loss":0},{"damage_healed":0,"gold_gain":0,"player_choice":"Upgrade","damage_taken":0,"relics_obtained":["Mark of the Bloom"],"max_hp_gain":0,"max_hp_loss":0,"event_name":"MindBloom","floor":48,"gold_loss":0,"cards_upgraded":["Defend_G","Defend_G","Defend_G","Defend_G","Defend_G","Survivor","Neutralize","Finisher","Flying Knee","Quick Slash","Dash","Adrenaline","Finisher","Backflip","PiercingWail","Deadly Poison","Dodge and Roll","Phantasmal Killer","Envenom","Dagger Throw","Blade Dance","Noxious Fumes","Footwork","Tools of the Trade","Footwork","After Image","Dash","Predator","Accuracy","Catalyst"]}],"is_beta":false,"boss_relics":[{"not_picked":["Ectoplasm","Cursed Key"],"picked":"Runic Pyramid"},{"not_picked":["Sozu","WristBlade"],"picked":"Calling Bell"}],"items_purged_floors":[31,42],"is_endless":false,"potions_floor_spawned":[3,6,11,12,14,22,27,33,37,45,47],"ascension_level":15}}