{"host":"uv5ws9rdk87e8i5k","time":1611373603,"event":{"mods":["AchievementEnabler","BaseMod","Colored Map","Minty Spire (QoL Compilation)","StSLib","SuperFastMode"],"gold_per_floor":[115,127,140,159,171,203,203,223,248,248,279,279,296,324,324,324,324],"floor_reached":16,"language":"ENG","playtime":371,"items_purged":[],"score":174,"play_id":"84bedefc-2cfe-4fcc-b0af-2909d4e4f0ca","local_time":"20210122214643","is_ascension_mode":true,"campfire_choices":[{"floor":7,"key":"REST"},{"floor":15,"key":"REST"}],"circlet_count":0,"master_deck":["Strike_G","Strike_G","Strike_G","Strike_G","Defend_G","Defend_G","Defend_G","Defend_G","Defend_G","Survivor","Neutralize","Blade Dance","All Out Attack","Prepared","PiercingWail","Dash","Dagger Spray","Backflip","Cloak And Dagger","Backstab","Blade Dance"],"relics":["Ring of the Snake","Nunchaku","Ancient Tea Set","Orichalcum","Potion Belt"],"acts_visited":["Exordium"],"potions_floor_usage":[6,11,14],"damage_taken":[{"damage":5.0,"enemies":"Jaw Worm","floor":1.0,"turns":4.0},{"damage":2.0,"enemies":"Small Slimes","floor":2.0,"turns":2.0},{"damage":0.0,"enemies":"Cultist","floor":3.0,"turns":3.0},{"damage":6.0,"enemies":"Large Slime","floor":4.0,"turns":5.0},{"damage":4,"enemies":"Exordium Thugs","floor":5,"turns":4},{"damage":29,"enemies":"Gremlin Nob","floor":6,"turns":5},{"damage":0,"enemies":"Looter","floor":8,"turns":3},{"damage":5,"enemies":"3 Sentries","floor":11,"turns":4},{"damage":3,"enemies":"Blue Slaver","floor":13,"turns":4},{"damage":19,"enemies":"Lagavulin","floor":14,"turns":5},{"damage":12,"enemies":"The Guardian","floor":16,"turns":6}],"seed_played":"7362919938613742873","potions_obtained":[{"floor":1.0,"key":"PowerPotion"},{"floor":3.0,"key":"FearPotion"},{"floor":6,"key":"PowerPotion"},{"floor":13,"key":"SteroidPotion"},{"floor":14,"key":"SpeedPotion"}],"is_trial":false,"path_per_floor":["M","M","M","M","M","E","R","M","T","?","E","?","M","E","R","B"],"character_chosen":"THE_SILENT","items_purchased":[],"campfire_rested":2,"item_purchase_floors":[],"current_hp_per_floor":[58,56,56,50,46,17,38,38,38,38,33,33,30,11,32,20,20],"gold":324,"neow_bonus":"THREE_CARDS","is_daily":false,"chose_seed":false,"campfire_upgraded":0,"win_rate":0.0,"timestamp":1611373603,"path_taken":["M","M","M","M","M","E","R","M","T","?","E","?","?","E","R","BOSS"],"items_purchased_type":[],"build_version":"2020-12-22","purchased_purges":0,"victory":false,"max_hp_per_floor":[70,70,70,70,70,70,70,70,70,70,70,70,70,70,70,70,70],"card_choices":[{"not_picked":["Deflect","Bane"],"picked":"Blade Dance","floor":0.0},{"not_picked":["Bouncing Flask","Noxious Fumes"],"picked":"All Out Attack","floor":1.0},{"not_picked":["Bane","Deflect"],"picked":"Prepared","floor":2.0},{"not_picked":["Underhanded Strike","Crippling Poison"],"picked":"PiercingWail","floor":3.0},{"not_picked":["Deflect","Footwork"],"picked":"Dash","floor":4.0},{"not_picked":["Poisoned Stab","Heel Hook"],"picked":"Dagger Spray","floor":5},{"not_picked":["Quick Slash","Tools of the Trade"],"picked":"Backflip","floor":6},{"not_picked":["Poisoned Stab","Footwork"],"picked":"Cloak And Dagger","floor":8},{"not_picked":["Dodge and Roll","Well Laid Plans","Sucker Punch"],"picked":"SKIP","floor":11},{"not_picked":["Sucker Punch","Slice"],"picked":"Backstab","floor":13},{"not_picked":["Bane","Wraith Form v2"],"picked":"Blade Dance","floor":14}],"player_experience":173301,"relics_obtained":[{"floor":6,"key":"Nunchaku"},{"floor":9,"key":"Ancient Tea Set"},{"floor":11,"key":"Orichalcum"},{"floor":14,"key":"Potion Belt"}],"event_choices":[{"damage_healed":0,"gold_gain":0,"player_choice":"Ignored","damage_taken":0,"max_hp_gain":0,"max_hp_loss":0,"event_name":"Golden Idol","floor":10,"gold_loss":0},{"cards_removed":["Strike_G"],"damage_healed":0,"gold_gain":0,"player_choice":"Offered Basic","damage_taken":0,"max_hp_gain":0,"max_hp_loss":0,"event_name":"Bonfire Elementals","floor":12,"gold_loss":0}],"is_beta":false,"boss_relics":[],"items_purged_floors":[],"is_endless":false,"potions_floor_spawned":[1,3,6,13,14],"killed_by":"The Guardian","ascension_level":8}}