{"host":"qsusua7l529r8z9k","time":1611385225,"event":{"mods":["Aspiration","BaseMod","Minty Spire (QoL Compilation)","Spicy Shops","StSLib"],"gold_per_floor":[109,34,34,49,59,89,89,116,128,140,169,193,237,263,275,361,373,397,409,421,358,386,432,444,474,510,542,587,612,656,685,697,785,797,822,846,94,94,106,106,137,0,0,0,0,34,34,50,50,50,50],"floor_reached":52,"language":"ZHS","playtime":1723,"items_purged":["Strike_P","Worship"],"score":2409,"play_id":"0505a7e3-b092-48f3-a47c-5029821b3fd2","local_time":"20210123150025","is_ascension_mode":true,"campfire_choices":[{"data":"Eruption","floor":10.0,"key":"SMITH"},{"floor":15.0,"key":"REST"},{"data":"Adaptation","floor":24.0,"key":"SMITH"},{"data":"EmptyMind","floor":32.0,"key":"SMITH"},{"data":"Omniscience","floor":40.0,"key":"SMITH"},{"data":"Wallop","floor":44.0,"key":"SMITH"},{"data":"Panacea","floor":47.0,"key":"SMITH"},{"data":"Vigilance","floor":49.0,"key":"SMITH"}],"circlet_count":0,"master_deck":["AscendersBane","Strike_P+1","Defend_P","Defend_P+1","Defend_P","Defend_P","Eruption+1","Vigilance+1","Wallop+1","EmptyMind+1","DeusExMachina","FollowUp+1","Adaptation+1","Ragnarok+1","Tantrum+1","Blasphemy+1","Fasting2+1","RitualDagger+1","WheelKick+1","FearNoEvil+1","Omniscience+1","Indignation+1","Panacea+1","Thinking Ahead"],"relics":["PureWater","NeowsBlessing","PreservedInsect","Molten Egg 2","MawBank","Letter Opener","Vajra","Runic Pyramid","aspiration:SeaSaltIceCream","PureWater","Orichalcum","Smiling Mask","Mercury Hourglass","VioletLotus","aspiration:HatOfInfinitePower","Sling","Ancient Tea Set","War Paint","Red Mask","Lantern","Whetstone"],"acts_visited":["Exordium","TheCity","TheBeyond"],"potions_floor_usage":[51,51],"damage_taken":[{"damage":0.0,"enemies":"Small Slimes","floor":1.0,"turns":1.0},{"damage":0.0,"enemies":"2 Louse","floor":4.0,"turns":2.0},{"damage":0.0,"enemies":"Cultist","floor":5.0,"turns":1.0},{"damage":39.0,"enemies":"3 Sentries","floor":6.0,"turns":17.0},{"damage":0.0,"enemies":"Gremlin Nob","floor":8.0,"turns":3.0},{"damage":3.0,"enemies":"Exordium Wildlife","floor":11.0,"turns":3.0},{"damage":1.0,"enemies":"Large Slime","floor":12.0,"turns":5.0},{"damage":16.0,"enemies":"3 Sentries","floor":13.0,"turns":7.0},{"damage":0.0,"enemies":"Blue Slaver","floor":14.0,"turns":3.0},{"damage":16.0,"enemies":"The Guardian","floor":16.0,"turns":7.0},{"damage":4.0,"enemies":"2 Thieves","floor":18.0,"turns":2.0},{"damage":0.0,"enemies":"3 Byrds","floor":22.0,"turns":3.0},{"damage":0.0,"enemies":"Gremlin Leader","floor":23.0,"turns":1.0},{"damage":2.0,"enemies":"3 Cultists","floor":25.0,"turns":4.0},{"damage":1.0,"enemies":"Sentry and Sphere","floor":27.0,"turns":3.0},{"damage":6.0,"enemies":"Book of Stabbing","floor":28.0,"turns":2.0},{"damage":3.0,"enemies":"Centurion and Healer","floor":29.0,"turns":2.0},{"damage":14.0,"enemies":"Slavers","floor":30.0,"turns":3.0},{"damage":0.0,"enemies":"Snecko","floor":31.0,"turns":3.0},{"damage":0.0,"enemies":"Collector","floor":33.0,"turns":2.0},{"damage":4.0,"enemies":"3 Darklings","floor":35.0,"turns":2.0},{"damage":0.0,"enemies":"Orb Walker","floor":36.0,"turns":2.0},{"damage":0.0,"enemies":"Transient","floor":39.0,"turns":6.0},{"damage":0.0,"enemies":"Nemesis","floor":41.0,"turns":1.0},{"damage":0.0,"enemies":"Giant Head","floor":46.0,"turns":3.0},{"damage":0.0,"enemies":"Jaw Worm Horde","floor":48.0,"turns":2.0},{"damage":19,"enemies":"Donu and Deca","floor":50,"turns":3},{"damage":38,"enemies":"Awakened One","floor":51,"turns":4}],"seed_played":"8849876498345618187","potions_obtained":[{"floor":4.0,"key":"Energy Potion"},{"floor":5.0,"key":"SneckoOil"},{"floor":6.0,"key":"Ancient Potion"},{"floor":11.0,"key":"Weak Potion"},{"floor":14.0,"key":"EssenceOfSteel"},{"floor":18.0,"key":"Weak Potion"},{"floor":25.0,"key":"SteroidPotion"},{"floor":29.0,"key":"ColorlessPotion"},{"floor":31.0,"key":"Dexterity Potion"},{"floor":35.0,"key":"Block Potion"},{"floor":39.0,"key":"DuplicationPotion"}],"is_trial":false,"path_per_floor":["M","?","?","M","M","E","?","E","T","R","M","M","E","M","R","B",null,"M","?","?","?","M","E","R","M","T","M","E","M","E","M","R","B",null,"M","M","$","?","M","R","E","?","T","R","?","E","R","M","R","B","B",null],"character_chosen":"WATCHER","items_purchased":["aspiration:HatOfInfinitePower","Sling","Ancient Tea Set"],"campfire_rested":1,"item_purchase_floors":[37,37,37],"current_hp_per_floor":[61,61,61,61,61,22,22,22,22,22,19,18,2,2,22,6,53,49,43,43,43,43,43,43,41,41,40,34,31,17,17,17,17,55,51,51,51,68,68,68,68,68,68,68,58,58,58,58,58,39,1],"gold":50,"neow_bonus":"THREE_ENEMY_KILL","is_daily":false,"chose_seed":false,"campfire_upgraded":7,"win_rate":0.0,"timestamp":1611385225,"path_taken":["M","?","?","?","M","E","?","E","T","R","M","M","E","M","R","BOSS","M","?","?","?","M","E","R","M","T","M","E","M","E","M","R","BOSS","M","M","$","?","?","R","E","?","T","R","?","E","R","M","R","BOSS","BOSS"],"items_purchased_type":["Relic","Relic","Relic"],"build_version":"2020-12-22","purchased_purges":2,"victory":true,"max_hp_per_floor":[68,68,68,68,68,68,68,68,68,68,68,68,68,68,68,68,68,68,68,68,68,68,68,68,68,68,68,68,68,68,68,68,68,68,68,68,68,68,68,68,68,68,68,68,68,68,68,68,68,68,68],"card_choices":[{"not_picked":["ClearTheMind","EmptyFist","SashWhip"],"picked":"SKIP","floor":1.0},{"not_picked":["Weave","JustLucky"],"picked":"Wallop","floor":4.0},{"not_picked":["EmptyBody","PathToVictory"],"picked":"EmptyMind","floor":5.0},{"not_picked":["Halt","Wallop","EmptyBody"],"picked":"SKIP","floor":6.0},{"not_picked":["DeceiveReality","FlyingSleeves+1"],"picked":"DeusExMachina","floor":8.0},{"not_picked":["Crescendo","PathToVictory"],"picked":"FollowUp+1","floor":11.0},{"not_picked":["Wireheading","JustLucky+1"],"picked":"Adaptation","floor":12.0},{"not_picked":["CutThroughFate+1","FlyingSleeves+1"],"picked":"Ragnarok+1","floor":13.0},{"not_picked":["WreathOfFlame","WindmillStrike+1"],"picked":"Tantrum+1","floor":14.0},{"not_picked":["Vault","SpiritShield"],"picked":"Blasphemy","floor":16.0},{"not_picked":["Wallop+1","Crescendo"],"picked":"Fasting2+1","floor":18.0},{"not_picked":["ThirdEye","Halt"],"picked":"WheelKick+1","floor":22.0},{"not_picked":["ThirdEye","FlyingSleeves+1"],"picked":"EmptyMind","floor":23.0},{"not_picked":["JustLucky+1","Study"],"picked":"FearNoEvil+1","floor":25.0},{"not_picked":["Protect","DeusExMachina","Consecrate+1"],"picked":"SKIP","floor":27.0},{"not_picked":["Evaluate","Prostrate","Consecrate+1"],"picked":"SKIP","floor":28.0},{"not_picked":["Nirvana","EmptyFist+1","ClearTheMind"],"picked":"SKIP","floor":29.0},{"not_picked":["Wireheading","EmptyBody","Crescendo"],"picked":"SKIP","floor":30.0},{"not_picked":["Halt+1","Weave+1","ForeignInfluence"],"picked":"SKIP","floor":31.0},{"not_picked":["ConjureBlade","Establishment"],"picked":"Omniscience","floor":33.0},{"not_picked":["EmptyBody","FearNoEvil+1","Crescendo"],"picked":"SKIP","floor":35.0},{"not_picked":["SignatureMove+1","SashWhip+1","PathToVictory"],"picked":"SKIP","floor":36.0},{"not_picked":["SignatureMove+1","SashWhip+1","PathToVictory"],"picked":"SKIP","floor":36.0},{"not_picked":["DeceiveReality","JustLucky+1"],"picked":"Indignation+1","floor":39.0},{"not_picked":["SashWhip+1","Study","Pray"],"picked":"SKIP","floor":41.0},{"not_picked":["Bandage Up","Dramatic Entrance+1"],"picked":"Panacea","floor":45.0},{"not_picked":["Swift Strike+1","PanicButton"],"picked":"Thinking Ahead","floor":45.0},{"not_picked":["EmptyFist+1","Consecrate+1","Protect+1"],"picked":"SKIP","floor":46.0},{"not_picked":["ReachHeaven+1","SandsOfTime+1","FlyingSleeves+1"],"picked":"SKIP","floor":48.0}],"player_experience":470780,"relics_obtained":[{"floor":6.0,"key":"PreservedInsect"},{"floor":8.0,"key":"MawBank"},{"floor":9.0,"key":"Letter Opener"},{"floor":13.0,"key":"Vajra"},{"floor":23.0,"key":"aspiration:SeaSaltIceCream"},{"floor":26.0,"key":"Orichalcum"},{"floor":28.0,"key":"Smiling Mask"},{"floor":30.0,"key":"Mercury Hourglass"},{"floor":41.0,"key":"War Paint"},{"floor":43.0,"key":"Lantern"},{"floor":46.0,"key":"Whetstone"}],"event_choices":[{"cards_removed":["Strike_P"],"damage_healed":0.0,"max_hp_gain":0.0,"max_hp_loss":0.0,"gold_gain":0.0,"event_name":"The Cleric","player_choice":"Card Removal","floor":2.0,"gold_loss":75.0,"damage_taken":0.0},{"damage_healed":0.0,"max_hp_gain":0.0,"max_hp_loss":0.0,"gold_gain":0.0,"cards_transformed":["Strike_P"],"event_name":"Transmorgrifier","player_choice":"Transformed","floor":3.0,"gold_loss":0.0,"damage_taken":0.0,"cards_obtained":["Worship"]},{"damage_healed":0.0,"max_hp_gain":0.0,"max_hp_loss":0.0,"gold_gain":0.0,"event_name":"Nest","player_choice":"Joined the Cult","floor":19.0,"gold_loss":0.0,"damage_taken":6.0,"cards_obtained":["RitualDagger"]},{"damage_healed":0.0,"max_hp_gain":0.0,"max_hp_loss":0.0,"gold_gain":0.0,"event_name":"Ghosts","player_choice":"Ignored","floor":20.0,"gold_loss":0.0,"damage_taken":0.0},{"cards_removed":["Injury"],"damage_healed":0.0,"max_hp_gain":0.0,"max_hp_loss":0.0,"gold_gain":0.0,"event_name":"Beggar","player_choice":"Gave Gold","floor":21.0,"gold_loss":75.0,"damage_taken":0.0},{"cards_removed":["EmptyMind"],"damage_healed":17.0,"max_hp_gain":0.0,"max_hp_loss":0.0,"gold_gain":0.0,"event_name":"Bonfire Elementals","player_choice":"Offered Uncommon","floor":38.0,"gold_loss":0.0,"damage_taken":0.0},{"damage_healed":0.0,"max_hp_gain":0.0,"max_hp_loss":0.0,"gold_gain":0.0,"event_name":"Tomb of Lord Red Mask","player_choice":"Paid","floor":42.0,"gold_loss":137.0,"damage_taken":0.0,"relics_obtained":["Red Mask"]},{"damage_healed":0.0,"max_hp_gain":0.0,"max_hp_loss":0.0,"gold_gain":0.0,"event_name":"SensoryStone","player_choice":"Memory 3","floor":45.0,"gold_loss":0.0,"damage_taken":10.0}],"is_beta":false,"boss_relics":[{"not_picked":["Busted Crown","HolyWater"],"picked":"Runic Pyramid"},{"not_picked":["aspiration:RunicSpoon","Black Star"],"picked":"VioletLotus"}],"items_purged_floors":[37,37],"is_endless":false,"potions_floor_spawned":[4,5,6,11,14,18,25,27,29,31,35,39],"ascension_level":20}}