{"host":"gobyjzz6xbwq9f9i","time":1611438344,"event":{"mods":["AchievementEnabler","BaseMod","Bestiary","Colored Map","Minty Spire (QoL Compilation)"],"gold_per_floor":[119,136,150,161,161,189,202,202,202,202,202,230,49,62,62,162,162,172,172,182,182,25,25,25,25],"floor_reached":24,"language":"ENG","playtime":847,"items_purged":["Strike_P"],"score":309,"play_id":"692d3bcc-35c9-4bca-81af-ed271294a29c","local_time":"20210123134544","is_ascension_mode":true,"campfire_choices":[{"data":"BowlingBash","floor":8,"key":"SMITH"},{"data":"CrushJoints","floor":10,"key":"SMITH"},{"floor":15,"key":"REST"},{"data":"Conclude","floor":23,"key":"SMITH"}],"circlet_count":0,"master_deck":["AscendersBane","Strike_P","Strike_P","Strike_P","Defend_P","Defend_P","Eruption+1","Vigilance","FearNoEvil","CrushJoints+1","ThirdEye","FollowUp","BowlingBash+1","ReachHeaven","WheelKick","Adaptation+1","Crescendo","SpiritShield","Conclude+1","DeusExMachina"],"relics":["Empty Cage","Peace Pipe","Darkstone Periapt","Frozen Egg 2","Philosopher\u0027s Stone","MutagenicStrength","Gremlin Horn"],"acts_visited":["Exordium","TheCity"],"potions_floor_usage":[6,12,16,18],"damage_taken":[{"damage":0,"enemies":"Small Slimes","floor":1,"turns":4},{"damage":0,"enemies":"Cultist","floor":2,"turns":3},{"damage":7,"enemies":"Jaw Worm","floor":3,"turns":2},{"damage":0,"enemies":"Exordium Wildlife","floor":4,"turns":2},{"damage":23,"enemies":"Gremlin Nob","floor":6,"turns":4},{"damage":12,"enemies":"Lots of Slimes","floor":7,"turns":2},{"damage":15,"enemies":"Lagavulin","floor":12,"turns":6},{"damage":6,"enemies":"3 Louse","floor":14,"turns":3},{"damage":22,"enemies":"Hexaghost","floor":16,"turns":8},{"damage":4,"enemies":"2 Thieves","floor":18,"turns":3},{"damage":10,"enemies":"Shell Parasite","floor":20,"turns":3},{"damage":52,"enemies":"Slavers","floor":24,"turns":2}],"seed_played":"-2376243775131982913","potions_obtained":[{"floor":2,"key":"Block Potion"},{"floor":6,"key":"Block Potion"},{"floor":7,"key":"PowerPotion"},{"floor":16,"key":"BottledMiracle"}],"is_trial":false,"path_per_floor":["M","M","M","M","?","E","M","R","T","R","?","E","$","M","R","B",null,"M","?","M","?","$","R","E"],"character_chosen":"WATCHER","items_purchased":["WheelKick","Adaptation+1","DeusExMachina"],"campfire_rested":1,"item_purchase_floors":[13,13,22],"current_hp_per_floor":[65,65,58,58,58,35,23,23,23,23,23,8,8,2,23,1,54,50,50,40,40,40,40,0,0],"gold":25,"neow_bonus":"BOSS_RELIC","is_daily":false,"chose_seed":false,"campfire_upgraded":3,"win_rate":0.0,"timestamp":1611438344,"path_taken":["M","M","M","M","?","E","?","R","T","R","?","E","$","M","R","BOSS","M","?","M","?","$","R","E"],"items_purchased_type":["Card","Card","Card"],"build_version":"2020-12-22","purchased_purges":1,"victory":false,"max_hp_per_floor":[72,72,72,72,72,72,72,72,72,72,72,72,72,72,72,72,72,72,72,72,72,72,72,72,72],"card_choices":[{"not_picked":["Prostrate","Halt","Adaptation"],"picked":"SKIP","floor":1},{"not_picked":["Crescendo","SashWhip"],"picked":"FearNoEvil","floor":2},{"not_picked":["PathToVictory","Wish"],"picked":"CrushJoints","floor":3},{"not_picked":["Wireheading","JustLucky"],"picked":"ThirdEye","floor":4},{"not_picked":["Study","LikeWater"],"picked":"FollowUp","floor":6},{"not_picked":["ThirdEye","ReachHeaven"],"picked":"BowlingBash","floor":7},{"not_picked":["BowlingBash","Evaluate"],"picked":"ReachHeaven","floor":12},{"not_picked":["FlurryOfBlows","Protect"],"picked":"Crescendo","floor":14},{"not_picked":["DevaForm+1","Judgement"],"picked":"SpiritShield","floor":16},{"not_picked":["SashWhip","PathToVictory","Crescendo"],"picked":"SKIP","floor":18},{"not_picked":["Vengeance","Worship"],"picked":"Conclude","floor":20}],"player_experience":1139175,"relics_obtained":[{"floor":6,"key":"Peace Pipe"},{"floor":9,"key":"Darkstone Periapt"},{"floor":12,"key":"Frozen Egg 2"}],"event_choices":[{"damage_healed":0,"gold_gain":0,"player_choice":"Forge","damage_taken":0,"max_hp_gain":0,"max_hp_loss":0,"event_name":"Accursed Blacksmith","floor":5,"gold_loss":0,"cards_upgraded":["Eruption"]},{"damage_healed":0,"gold_gain":0,"player_choice":"Ignored","damage_taken":0,"max_hp_gain":0,"max_hp_loss":0,"event_name":"NoteForYourself","floor":11,"gold_loss":0},{"damage_healed":0,"gold_gain":0,"player_choice":"Inject Mutagens","damage_taken":0,"relics_obtained":["MutagenicStrength"],"max_hp_gain":0,"max_hp_loss":0,"event_name":"Drug Dealer","floor":19,"gold_loss":0},{"damage_healed":0,"gold_gain":0,"player_choice":"Opened","damage_taken":0,"relics_obtained":["Gremlin Horn"],"max_hp_gain":0,"max_hp_loss":0,"event_name":"The Mausoleum","floor":21,"gold_loss":0}],"is_beta":false,"boss_relics":[{"not_picked":["Tiny House","Ectoplasm"],"picked":"Philosopher\u0027s Stone"}],"items_purged_floors":[13],"is_endless":false,"potions_floor_spawned":[2,6,7,16],"killed_by":"Slavers","ascension_level":10}}