{"host":"t7mx8yfj1no5p62f","time":1611415140,"event":{"mods":["BaseMod","Bestiary","Colored Map","Colored Powertips","Minty Spire (QoL Compilation)","Relic Stats","StSLib","ojb\u0027s Info Mod"],"gold_per_floor":[118,132,57,75,86,120,120,153,153,179,190,219,219,249,249,249,249],"floor_reached":16,"language":"ENG","playtime":549,"items_purged":[],"score":310,"play_id":"1095c3ce-88f6-4133-b034-eb4c155e5d7a","local_time":"20210123101900","is_ascension_mode":true,"campfire_choices":[{"data":"Inflame","floor":7.0,"key":"SMITH"},{"data":"Burning Pact","floor":15.0,"key":"SMITH"}],"circlet_count":0,"master_deck":["AscendersBane","Strike_R","Strike_R","Defend_R","Defend_R","Defend_R","Bash","Power Through","Inflame+1","Headbutt","Anger","Dropkick","Dropkick","Burning Pact+1"],"relics":["Burning Blood","Vajra","Juzu Bracelet","Ancient Tea Set","Eternal Feather","Omamori"],"acts_visited":["Exordium"],"potions_floor_usage":[16],"damage_taken":[{"damage":9.0,"enemies":"Small Slimes","floor":1.0,"turns":6.0},{"damage":0.0,"enemies":"2 Louse","floor":2.0,"turns":3.0},{"damage":0.0,"enemies":"Cultist","floor":4.0,"turns":4.0},{"damage":1.0,"enemies":"2 Fungi Beasts","floor":5.0,"turns":4.0},{"damage":25.0,"enemies":"3 Sentries","floor":6.0,"turns":7.0},{"damage":15.0,"enemies":"Lagavulin","floor":8.0,"turns":6.0},{"damage":0.0,"enemies":"Gremlin Nob","floor":10.0,"turns":3.0},{"damage":3.0,"enemies":"3 Louse","floor":11.0,"turns":3.0},{"damage":45.0,"enemies":"3 Sentries","floor":12.0,"turns":9.0},{"damage":14,"enemies":"Hexaghost","floor":16,"turns":4}],"seed_played":"6704791364996218950","potions_obtained":[{"floor":1.0,"key":"Regen Potion"},{"floor":2.0,"key":"Strength Potion"},{"floor":4.0,"key":"AttackPotion"},{"floor":6.0,"key":"Dexterity Potion"},{"floor":11.0,"key":"SpeedPotion"}],"is_trial":false,"path_per_floor":["M","M","?","M","M","E","R","E","T","E","M","E","?","?","R","B"],"character_chosen":"IRONCLAD","items_purchased":[],"campfire_rested":0,"item_purchase_floors":[],"current_hp_per_floor":[65,68,68,68,68,49,49,40,40,46,49,10,3,3,9,0,0],"gold":249,"neow_bonus":"REMOVE_TWO","is_daily":false,"chose_seed":false,"campfire_upgraded":2,"win_rate":0.0,"timestamp":1611415140,"path_taken":["M","M","?","M","M","E","R","E","T","E","M","E","?","?","R","BOSS"],"items_purchased_type":[],"build_version":"2020-12-22","purchased_purges":0,"victory":false,"max_hp_per_floor":[68,68,68,68,68,68,68,68,68,68,68,68,68,68,68,68,68],"relic_stats":{"counters":[10,49],"Eternal Feather":6,"Juzu Bracelet":0,"obtain_stats":[{"Vajra":6,"Eternal Feather":10,"Juzu Bracelet":8,"Omamori":12,"Ancient Tea Set":9,"Burning Blood":0},{"Vajra":5,"Eternal Feather":7,"Juzu Bracelet":6,"Omamori":9,"Ancient Tea Set":6,"Burning Blood":0},{"Vajra":24,"Eternal Feather":33,"Juzu Bracelet":30,"Omamori":45,"Ancient Tea Set":30,"Burning Blood":0}],"Burning Blood":40},"card_choices":[{"not_picked":["Flex","Blood for Blood"],"picked":"Power Through","floor":1.0},{"not_picked":["Whirlwind","Clothesline"],"picked":"Inflame","floor":2.0},{"not_picked":["Rage","Blood for Blood"],"picked":"Headbutt","floor":4.0},{"not_picked":["Whirlwind","Clash"],"picked":"Anger","floor":5.0},{"not_picked":["Havoc","Clash","Flex"],"picked":"SKIP","floor":6.0},{"not_picked":["Rupture","Iron Wave"],"picked":"Dropkick","floor":8.0},{"not_picked":["Sentinel","Iron Wave","Reckless Charge"],"picked":"SKIP","floor":10.0},{"not_picked":["Brutality","Uppercut"],"picked":"Dropkick","floor":11.0},{"not_picked":["Shockwave","Cleave"],"picked":"Burning Pact","floor":12.0}],"player_experience":1830349,"relics_obtained":[{"floor":6.0,"key":"Vajra"},{"floor":8.0,"key":"Juzu Bracelet"},{"floor":9.0,"key":"Ancient Tea Set"},{"floor":10.0,"key":"Eternal Feather"},{"floor":12.0,"key":"Omamori"}],"event_choices":[{"cards_removed":["Defend_R"],"damage_healed":0.0,"max_hp_gain":0.0,"max_hp_loss":0.0,"gold_gain":0.0,"event_name":"The Cleric","player_choice":"Card Removal","floor":3.0,"gold_loss":75.0,"damage_taken":0.0},{"cards_removed":["Strike_R"],"damage_healed":0.0,"max_hp_gain":0.0,"max_hp_loss":0.0,"gold_gain":0.0,"event_name":"Golden Wing","player_choice":"Card Removal","floor":13.0,"gold_loss":0.0,"damage_taken":7.0},{"damage_healed":0.0,"max_hp_gain":0.0,"max_hp_loss":0.0,"gold_gain":30.0,"event_name":"Dead Adventurer","player_choice":"Searched \u00271\u0027 times","floor":14.0,"gold_loss":0.0,"damage_taken":0.0}],"is_beta":false,"boss_relics":[],"items_purged_floors":[],"is_endless":false,"potions_floor_spawned":[1,2,4,6,11],"killed_by":"Hexaghost","ascension_level":20}}