{"host":"qy1e0kd24tpj3i2m","time":1611431758,"event":{"mods":["Act Like it!","Alarm Clock","BaseMod","Better Skull","Better Vampires","Colored Map","Colored Powertips","Custom Start","Faster Ascension Climbing","Friendly Minions","GifTheSpireLib","Gremlin Skip","Highlight Path","Minty Spire (QoL Compilation)","Permanent Neow","Poor People Problems","Quick Restart","Red Circlet Mod","Relic Sorter","Reorder Act Four","SacredBarkPlus","Shop Mod","StSLib","SuperFastMode","Transform Curses","没有小屋子和绿帽子啦"],"gold_per_floor":[13,288,298,57,72,103,103,103,151,169,188,215,243,243,243,243,243],"floor_reached":16,"language":"ZHS","playtime":1064,"items_purged":["Regret"],"score":220,"play_id":"72f3475d-dad3-427a-b653-bcb41e9aa0f2","local_time":"20210124045558","is_ascension_mode":true,"campfire_choices":[{"data":"Reckless Charge","floor":7.0,"key":"SMITH"},{"data":"Rage","floor":15.0,"key":"SMITH"}],"circlet_count":0,"master_deck":["AscendersBane","Strike_R","Strike_R","Strike_R","Strike_R","Strike_R","Defend_R","Defend_R","Defend_R","Defend_R","Bash","Burning Pact","Reckless Charge+1","Pommel Strike","Shrug It Off","Rage+1","Dark Embrace"],"relics":["Burning Blood","Thread and Needle","Vajra","Lizard Tail","Question Card","Anchor","Pear","Odd Mushroom","Ornamental Fan"],"acts_visited":["Exordium"],"potions_floor_usage":[],"damage_taken":[{"damage":0.0,"enemies":"2 Louse","floor":1.0,"turns":4.0},{"damage":2.0,"enemies":"Cultist","floor":3.0,"turns":4.0},{"damage":0.0,"enemies":"Jaw Worm","floor":5.0,"turns":4.0},{"damage":25.0,"enemies":"3 Sentries","floor":6.0,"turns":8.0},{"damage":1.0,"enemies":"Exordium Wildlife","floor":10.0,"turns":3.0},{"damage":0.0,"enemies":"Looter","floor":11.0,"turns":2.0},{"damage":19.0,"enemies":"Lagavulin","floor":12.0,"turns":5.0},{"damage":0.0,"enemies":"The Mushroom Lair","floor":13.0,"turns":3.0},{"damage":68,"enemies":"Hexaghost","floor":16,"turns":10}],"seed_played":"4110512479476546176","potions_obtained":[{"floor":1.0,"key":"SteroidPotion"},{"floor":10.0,"key":"Strength Potion"},{"floor":11.0,"key":"Explosive Potion"}],"is_trial":false,"path_per_floor":["M","?","M","$","M","E","R","T","T","M","M","E","?","T","R","B"],"character_chosen":"IRONCLAD","items_purchased":["Vajra"],"campfire_rested":0,"item_purchase_floors":[4],"current_hp_per_floor":[74,74,75,75,75,56,56,56,56,61,67,64,70,70,70,2,2],"gold":243,"neow_bonus":"ONE_RARE_RELIC","is_daily":false,"chose_seed":false,"campfire_upgraded":2,"win_rate":0.0,"timestamp":1611431758,"path_taken":["M","?","?","?","?","E","R","?","T","M","?","E","?","?","R","BOSS"],"items_purchased_type":["Relic"],"build_version":"2020-12-22","purchased_purges":1,"victory":false,"max_hp_per_floor":[75,75,75,75,75,75,75,75,75,75,75,85,85,85,85,85,85],"card_choices":[{"not_picked":["Sentinel","Pommel Strike"],"picked":"Burning Pact","floor":1.0},{"not_picked":["Pommel Strike","Perfected Strike"],"picked":"Reckless Charge","floor":3.0},{"not_picked":["Thunderclap","Iron Wave"],"picked":"Pommel Strike","floor":5.0},{"not_picked":["Dropkick","Warcry","Bloodletting"],"picked":"SKIP","floor":6.0},{"not_picked":["Thunderclap","Pommel Strike","Hemokinesis"],"picked":"Shrug It Off","floor":10.0},{"not_picked":["Combust","Disarm","Shrug It Off"],"picked":"Rage","floor":11.0},{"not_picked":["Wild Strike","Flex","Armaments","Rupture"],"picked":"SKIP","floor":12.0},{"not_picked":["Rupture","Feed","Armaments"],"picked":"Dark Embrace","floor":13.0}],"player_experience":923484,"relics_obtained":[{"floor":6.0,"key":"Lizard Tail"},{"floor":8.0,"key":"Question Card"},{"floor":9.0,"key":"Anchor"},{"floor":12.0,"key":"Pear"},{"floor":13.0,"key":"Odd Mushroom"},{"floor":14.0,"key":"Ornamental Fan"}],"event_choices":[{"damage_healed":0.0,"max_hp_gain":0.0,"max_hp_loss":0.0,"gold_gain":275.0,"event_name":"Golden Shrine","player_choice":"Desecrate","floor":2.0,"gold_loss":0.0,"damage_taken":0.0,"cards_obtained":["Regret"]},{"damage_healed":0.0,"max_hp_gain":0.0,"max_hp_loss":0.0,"gold_gain":0.0,"event_name":"Mushrooms","player_choice":"Fought Mushrooms","floor":13.0,"gold_loss":0.0,"damage_taken":0.0}],"is_beta":false,"boss_relics":[],"items_purged_floors":[4],"is_endless":false,"potions_floor_spawned":[1,10,11],"killed_by":"Hexaghost","ascension_level":20}}