{"host":"z9mq1tf06lkrncmk","time":1611372236,"event":{"mods":["BaseMod","Downfall","Minty Spire (QoL Compilation)","StSLib"],"gold_per_floor":[116,116,116,133,98,133,133,157,157,174,174,188,211,231,231,327,327,342,342,362,66,66,66,79,96,150,150,150,167,167,181,181,181,181],"floor_reached":33,"language":"ENG","playtime":1030,"items_purged":[],"score":286,"play_id":"4981a3db-642c-44df-bc19-86130b323bb0","local_time":"20210122222356","is_ascension_mode":true,"campfire_choices":[{"data":"Vigilance","floor":7,"key":"SMITH"},{"floor":11,"key":"REST"},{"floor":15,"key":"REST"},{"data":"Swivel","floor":23,"key":"SMITH"},{"floor":27,"key":"REST"},{"floor":32,"key":"REST"}],"circlet_count":0,"master_deck":["Strike_P+1","Strike_P","Strike_P","Strike_P","Defend_P+1","Defend_P+1","Defend_P","Defend_P+1","Eruption+1","Vigilance+1","SashWhip","CarveReality","ReachHeaven","Evaluate","Conclude","ConjureBlade","Swivel+1","Wallop+1","FlyingSleeves"],"relics":["PureWater","Darkstone Periapt","Orichalcum","Odd Mushroom","Lantern","Velvet Choker","War Paint","TheAbacus","Oddly Smooth Stone","Art of War"],"acts_visited":["Exordium","TheCity"],"potions_floor_usage":[16,16,25,30],"damage_taken":[{"damage":0,"enemies":"2 Louse","floor":1,"turns":2},{"damage":0,"enemies":"Small Slimes","floor":4,"turns":3},{"damage":30,"enemies":"Lagavulin","floor":6,"turns":3},{"damage":18,"enemies":"The Mushroom Lair","floor":8,"turns":3},{"damage":7,"enemies":"Jaw Worm","floor":10,"turns":2},{"damage":1,"enemies":"Exordium Wildlife","floor":12,"turns":4},{"damage":0,"enemies":"Looter","floor":14,"turns":3},{"damage":37,"enemies":"Hexaghost","floor":16,"turns":7},{"damage":10,"enemies":"Shell Parasite","floor":18,"turns":4},{"damage":0,"enemies":"Chosen","floor":20,"turns":4},{"damage":0,"enemies":"Snecko","floor":24,"turns":2},{"damage":17,"enemies":"Shelled Parasite and Fungi","floor":25,"turns":3},{"damage":0,"enemies":"3 Cultists","floor":29,"turns":4},{"damage":9,"enemies":"Sentry and Sphere","floor":30,"turns":3},{"damage":9,"enemies":"Snake Plant","floor":31,"turns":4},{"damage":122,"enemies":"Automaton","floor":33,"turns":6}],"seed_played":"-4902038352398262993","potions_obtained":[{"floor":1,"key":"SpeedPotion"},{"floor":10,"key":"sneckomod:MuddlingPotion"},{"floor":12,"key":"SkillPotion"},{"floor":14,"key":"AttackPotion"},{"floor":16,"key":"SmokeBomb"},{"floor":18,"key":"FearPotion"}],"is_trial":false,"path_per_floor":["M","?","?","M","?","E","R","?","T","M","R","M","T","M","R","B",null,"M","?","M","$","?","R","M","M","T","R","?","M","M","M","R","B"],"character_chosen":"WATCHER","items_purchased":["TheAbacus","Oddly Smooth Stone"],"campfire_rested":4,"item_purchase_floors":[21,21],"current_hp_per_floor":[72,58,51,51,69,39,39,21,21,14,35,34,34,34,55,18,72,62,62,62,62,62,62,62,45,45,66,66,66,57,48,69,0,0],"gold":181,"neow_bonus":"UPGRADE_CARD","is_daily":false,"chose_seed":false,"campfire_upgraded":2,"win_rate":0.0,"timestamp":1611372236,"path_taken":["M","?","?","M","?","E","R","?","T","M","R","M","?","M","R","BOSS","M","?","M","$","?","R","?","M","T","R","?","M","?","M","R","BOSS"],"items_purchased_type":["Relic","Relic"],"build_version":"2020-12-22","purchased_purges":0,"victory":false,"max_hp_per_floor":[72,72,72,72,72,72,72,72,72,72,72,72,72,72,72,72,72,72,72,72,72,72,72,72,72,72,72,72,72,72,72,72,72,72],"card_choices":[{"not_picked":["CutThroughFate","EmptyFist"],"picked":"SashWhip","floor":1},{"not_picked":["SignatureMove","Swivel"],"picked":"CarveReality","floor":4},{"not_picked":["FlyingSleeves","ThirdEye"],"picked":"ReachHeaven","floor":6},{"not_picked":["JustLucky","Crescendo"],"picked":"Evaluate","floor":8},{"not_picked":["CrushJoints","InnerPeace","ThirdEye"],"picked":"SKIP","floor":10},{"not_picked":["PathToVictory","TalkToTheHand"],"picked":"Conclude","floor":12},{"not_picked":["BowlingBash","EmptyFist","CrushJoints"],"picked":"SKIP","floor":14},{"not_picked":["LessonLearned","Brilliance"],"picked":"ConjureBlade","floor":16},{"not_picked":["Prostrate","CutThroughFate+1"],"picked":"Swivel","floor":18},{"not_picked":["FollowUp+1","BowlingBash+1"],"picked":"Wallop+1","floor":20},{"not_picked":["ClearTheMind+1","Crescendo","EmptyBody+1"],"picked":"SKIP","floor":24},{"not_picked":["PathToVictory","Worship"],"picked":"FlyingSleeves","floor":25},{"not_picked":["JustLucky+1","ThirdEye","Protect+1"],"picked":"SKIP","floor":29},{"not_picked":["Adaptation","WaveOfTheHand","LikeWater"],"picked":"SKIP","floor":31}],"player_experience":380370,"relics_obtained":[{"floor":6,"key":"Orichalcum"},{"floor":8,"key":"Odd Mushroom"},{"floor":13,"key":"Lantern"},{"floor":26,"key":"Art of War"}],"event_choices":[{"damage_healed":0,"gold_gain":0,"player_choice":"Entered Light","damage_taken":14,"max_hp_gain":0,"max_hp_loss":0,"event_name":"Shining Light","floor":2,"gold_loss":0,"cards_upgraded":["Defend_P","Strike_P"]},{"damage_healed":0,"gold_gain":0,"player_choice":"Success","damage_taken":7,"relics_obtained":["Darkstone Periapt"],"max_hp_gain":0,"max_hp_loss":0,"event_name":"Scrap Ooze","floor":3,"gold_loss":0},{"damage_healed":18,"gold_gain":0,"player_choice":"Healed","damage_taken":0,"max_hp_gain":0,"max_hp_loss":0,"event_name":"The Cleric","floor":5,"gold_loss":35},{"damage_healed":0,"gold_gain":0,"player_choice":"Fought Mushrooms","damage_taken":0,"max_hp_gain":0,"max_hp_loss":0,"event_name":"Mushrooms","floor":8,"gold_loss":0},{"damage_healed":0,"gold_gain":0,"player_choice":"Opened","damage_taken":0,"relics_obtained":["War Paint"],"max_hp_gain":0,"max_hp_loss":0,"event_name":"The Mausoleum","floor":19,"gold_loss":0},{"damage_healed":0,"gold_gain":0,"player_choice":"Ignored","damage_taken":0,"max_hp_gain":0,"max_hp_loss":0,"event_name":"Transmorgrifier","floor":28,"gold_loss":0}],"is_beta":false,"boss_relics":[{"not_picked":["Empty Cage","Busted Crown"],"picked":"Velvet Choker"}],"items_purged_floors":[],"is_endless":false,"potions_floor_spawned":[1,10,12,14,16,18,30],"killed_by":"Automaton","ascension_level":3}}