{"host":"uv5ws9rdk87e8i5k","time":1611371222,"event":{"mods":["AchievementEnabler","BaseMod","Colored Map","Minty Spire (QoL Compilation)","StSLib","SuperFastMode"],"gold_per_floor":[119,69,82,82,93,120,137,150,150,184,184,202,202,230,230,332,332,345,255,267,281,296,296,312,312,312],"floor_reached":25,"language":"ENG","playtime":602,"items_purged":[],"score":340,"play_id":"b0278ee9-5e56-4e2e-9444-419c94a953c9","local_time":"20210122210702","is_ascension_mode":true,"campfire_choices":[{"floor":11,"key":"REST"},{"data":"Bouncing Flask","floor":13,"key":"SMITH"},{"data":"Deadly Poison","floor":15,"key":"SMITH"},{"data":"Prepared","floor":23,"key":"SMITH"}],"circlet_count":0,"master_deck":["Strike_G","Strike_G","Defend_G","Defend_G","Defend_G","Defend_G","Defend_G","Survivor","Neutralize","Dramatic Entrance","Prepared","Deadly Poison+1","Prepared+1","Bouncing Flask+1","Leg Sweep","Masterful Stab","Prepared+1","Backstab","Adrenaline","Dagger Throw+1","Dagger Throw","Glass Knife"],"relics":["Ring of the Snake","Tingsha","Omamori","MealTicket","InkBottle","Cursed Key"],"acts_visited":["Exordium","TheCity"],"potions_floor_usage":[6,10,16,20],"damage_taken":[{"damage":3,"enemies":"Jaw Worm","floor":1,"turns":4},{"damage":0,"enemies":"2 Louse","floor":3,"turns":2},{"damage":0,"enemies":"Cultist","floor":5,"turns":4},{"damage":32,"enemies":"Lagavulin","floor":6,"turns":7},{"damage":6,"enemies":"Looter","floor":7,"turns":3},{"damage":1,"enemies":"Lots of Slimes","floor":8,"turns":2},{"damage":0,"enemies":"Gremlin Nob","floor":10,"turns":3},{"damage":0,"enemies":"2 Fungi Beasts","floor":12,"turns":2},{"damage":6,"enemies":"Lagavulin","floor":14,"turns":5},{"damage":12,"enemies":"Slime Boss","floor":16,"turns":9},{"damage":0,"enemies":"Spheric Guardian","floor":18,"turns":3},{"damage":5,"enemies":"2 Thieves","floor":20,"turns":4},{"damage":10,"enemies":"Snecko","floor":21,"turns":4},{"damage":8,"enemies":"Snake Plant","floor":22,"turns":3},{"damage":3,"enemies":"Shelled Parasite and Fungi","floor":24,"turns":4},{"damage":0,"enemies":"Centurion and Healer","floor":25,"turns":1}],"seed_played":"8903820858618629360","potions_obtained":[{"floor":3,"key":"DuplicationPotion"},{"floor":7,"key":"DuplicationPotion"},{"floor":8,"key":"PowerPotion"},{"floor":12,"key":"BlessingOfTheForge"},{"floor":16,"key":"Weak Potion"},{"floor":21,"key":"Energy Potion"},{"floor":24,"key":"Weak Potion"}],"is_trial":false,"path_per_floor":["M","?","M","?","M","E","M","M","T","E","R","M","R","E","R","B",null,"M","?","M","M","M","R","M","M"],"character_chosen":"THE_SILENT","items_purchased":[],"campfire_rested":1,"item_purchase_floors":[],"current_hp_per_floor":[60,60,60,53,53,21,15,14,14,14,35,35,35,29,29,17,57,57,57,52,42,34,34,31,31,31],"gold":312,"neow_bonus":"RANDOM_COLORLESS","is_daily":false,"chose_seed":false,"campfire_upgraded":3,"win_rate":0.0,"timestamp":1611371222,"path_taken":["M","?","M","?","M","E","M","M","T","E","R","M","R","E","R","BOSS","M","?","M","M","M","R","M","?"],"items_purchased_type":[],"build_version":"2020-12-22","purchased_purges":0,"victory":false,"max_hp_per_floor":[70,70,70,70,70,70,70,70,70,70,70,70,70,70,70,70,70,70,70,70,70,70,70,70,70,70],"card_choices":[{"not_picked":["Deep Breath","Flash of Steel"],"picked":"Dramatic Entrance","floor":0},{"not_picked":["Acrobatics","Outmaneuver"],"picked":"Prepared","floor":1},{"not_picked":["Bane","Backflip"],"picked":"Deadly Poison","floor":3},{"not_picked":["Blade Dance","Dagger Spray","Eviscerate"],"picked":"SKIP","floor":5},{"not_picked":["Malaise","Infinite Blades"],"picked":"Prepared","floor":6},{"not_picked":["Cloak And Dagger","Dagger Spray"],"picked":"Bouncing Flask","floor":7},{"not_picked":["Outmaneuver","Endless Agony"],"picked":"Leg Sweep","floor":8},{"not_picked":["Dodge and Roll","Deflect"],"picked":"Masterful Stab","floor":10},{"not_picked":["Underhanded Strike","Setup"],"picked":"Prepared","floor":12},{"not_picked":["Dagger Spray","PiercingWail"],"picked":"Backstab","floor":14},{"not_picked":["Die Die Die","After Image"],"picked":"Adrenaline","floor":16},{"not_picked":["Dodge and Roll+1","Choke","Acrobatics"],"picked":"SKIP","floor":18},{"not_picked":["Distraction","Blur"],"picked":"Dagger Throw+1","floor":20},{"not_picked":["Distraction+1","Setup","Blur+1"],"picked":"SKIP","floor":21},{"not_picked":["PiercingWail","Flying Knee"],"picked":"Dagger Throw","floor":22},{"not_picked":["Cloak And Dagger","Backflip"],"picked":"Glass Knife","floor":24}],"player_experience":170753,"relics_obtained":[{"floor":6,"key":"Tingsha"},{"floor":9,"key":"Omamori"},{"floor":10,"key":"MealTicket"},{"floor":14,"key":"InkBottle"}],"event_choices":[{"cards_removed":["Strike_G"],"damage_healed":0,"gold_gain":0,"player_choice":"Card Removal","damage_taken":0,"max_hp_gain":0,"max_hp_loss":0,"event_name":"The Cleric","floor":2,"gold_loss":50},{"cards_removed":["Strike_G"],"damage_healed":0,"gold_gain":0,"player_choice":"Card Removal","damage_taken":7,"max_hp_gain":0,"max_hp_loss":0,"event_name":"Golden Wing","floor":4,"gold_loss":0},{"cards_removed":["Strike_G"],"damage_healed":0,"gold_gain":0,"player_choice":"Upgrade and Remove","damage_taken":0,"max_hp_gain":0,"max_hp_loss":0,"event_name":"Designer","floor":19,"gold_loss":90,"cards_upgraded":["Prepared"]}],"is_beta":false,"boss_relics":[{"not_picked":["Runic Pyramid","Ectoplasm"],"picked":"Cursed Key"}],"items_purged_floors":[],"is_endless":false,"potions_floor_spawned":[3,7,8,12,16,21,24],"killed_by":"Centurion and Healer","ascension_level":7}}