{"host":"fqepcc6wiujntn7y","time":1611409090,"event":{"mods":["AchievementEnabler","BaseMod","Minty Spire (QoL Compilation)","Quick Restart","Replay The Spire","StSLib","The Jungle"],"gold_per_floor":[116,127,145,245,265,293,293,320,320,334,334,334,352,352,352,457,457,477,489,501,516,69,69,85,111,136,136,136],"floor_reached":27,"language":"ENG","playtime":1892,"items_purged":["Strike_B"],"score":247,"play_id":"625b6d1a-533b-4e6b-997f-97dcd6ab80c7","local_time":"20210123133810","daily_mods":["Heirloom"],"is_ascension_mode":false,"campfire_choices":[{"floor":7,"key":"REST"},{"floor":11,"key":"REST"},{"floor":15,"key":"REST"},{"floor":23,"key":"REST"}],"circlet_count":0,"master_deck":["Demon Form","Wraith Form v2","Echo Form","DevaForm","Strike_B","Strike_B","Strike_B","Defend_B","Defend_B","Defend_B+1","Defend_B","Zap","Dualcast","Conserve Battery","Sweeping Beam","Loop","Cold Snap","Storm","Chaos+1","ReplayTheSpireMod:System Scan","Echo Form","Loop","Static Discharge+1","Beam Cell","Electrodynamics","Ball Lightning","Defragment","Consume+1","Capacitor","Core Surge","Ball Lightning","Hallucinations"],"relics":["Cracked Core","Replay:Towering Pillar of Hats","Carrot","Mirror","TungstenRod","Cursed Key","Mango","Peace Pipe","CeramicFish"],"acts_visited":["Exordium","TheCity"],"potions_floor_usage":[5,5,16,16,19,25],"damage_taken":[{"damage":11,"enemies":"Jaw Worm","floor":1,"turns":4},{"damage":12,"enemies":"Small Slimes","floor":2,"turns":4},{"damage":5,"enemies":"2 Louse","floor":3,"turns":4},{"damage":1,"enemies":"2 Fungi Beasts","floor":5,"turns":2},{"damage":14,"enemies":"Lagavulin","floor":6,"turns":5},{"damage":14,"enemies":"Gremlin Nob","floor":8,"turns":4},{"damage":9,"enemies":"Looter","floor":10,"turns":3},{"damage":6,"enemies":"Large Slime","floor":13,"turns":4},{"damage":6,"enemies":"The Guardian","floor":16,"turns":7},{"damage":40,"enemies":"3 Byrds","floor":18,"turns":4},{"damage":6,"enemies":"2 Thieves","floor":19,"turns":2},{"damage":8,"enemies":"Snake Plant","floor":20,"turns":4},{"damage":0,"enemies":"Sentry and Sphere","floor":21,"turns":5},{"damage":0,"enemies":"Snecko","floor":24,"turns":3},{"damage":38,"enemies":"Slavers","floor":25,"turns":3},{"damage":24,"enemies":"Replay:Snechameleon","floor":27,"turns":4}],"seed_played":"197955655962702507","potions_obtained":[{"floor":2,"key":"AttackPotion"},{"floor":3,"key":"Toxic Potion"},{"floor":10,"key":"Languid Potion"},{"floor":13,"key":"LifebloodPotion"},{"floor":18,"key":"DistilledChaos"},{"floor":19,"key":"Elixir"},{"floor":20,"key":"SkillPotion"},{"floor":24,"key":"Cursed Concoction"}],"is_trial":true,"path_per_floor":["M","M","M","?","M","E","R","E","T","M","R","?","M","?","R","B",null,"M","M","M","M","$","R","M","E","T","E"],"character_chosen":"DEFECT","items_purchased":["Mango","Capacitor"],"campfire_rested":4,"item_purchase_floors":[22,22],"current_hp_per_floor":[64,52,47,17,16,2,24,10,10,1,23,23,17,3,25,19,75,35,29,21,21,35,61,61,23,23,0,0],"gold":136,"neow_bonus":"","is_daily":false,"chose_seed":false,"campfire_upgraded":0,"win_rate":0.0,"timestamp":1611409090,"path_taken":["M","M","M","?","M","E","R","E","T","M","R","?","M","?","R","BOSS","M","M","M","M","$","R","M","E","T","E"],"items_purchased_type":["Relic","Card"],"build_version":"2020-12-22","purchased_purges":1,"victory":false,"max_hp_per_floor":[75,75,75,75,75,75,75,75,75,75,75,75,75,75,75,75,75,75,75,75,75,89,89,89,89,89,89,89],"card_choices":[{"not_picked":["Gash","ReplayTheSpireMod:System Scan"],"picked":"Conserve Battery","floor":1},{"not_picked":["Compile Driver","Steam"],"picked":"Sweeping Beam","floor":2},{"not_picked":["Compile Driver","Barrage"],"picked":"Loop","floor":3},{"not_picked":["Hologram","Beam Cell"],"picked":"Cold Snap","floor":4},{"not_picked":["ReplayTheSpireMod:Reroute Power","Barrage"],"picked":"Storm","floor":4},{"not_picked":["Turbo","Sweeping Beam"],"picked":"Chaos","floor":4},{"not_picked":["Coolheaded","Go for the Eyes"],"picked":"ReplayTheSpireMod:System Scan","floor":5},{"not_picked":["Hologram","Loop"],"picked":"Echo Form","floor":6},{"not_picked":["Gash","Redo"],"picked":"Loop","floor":8},{"not_picked":["Rip and Tear","ReplayTheSpireMod:Repulse"],"picked":"Static Discharge","floor":10},{"not_picked":["Turbo","Compile Driver"],"picked":"Beam Cell","floor":13},{"not_picked":["Thunder Strike","Echo Form"],"picked":"Electrodynamics","floor":16},{"not_picked":["Beam Cell","Consume","Barrage"],"picked":"SKIP","floor":18},{"not_picked":["Consume","Steam"],"picked":"Ball Lightning","floor":19},{"not_picked":["Undo","Rebound"],"picked":"Defragment","floor":20},{"not_picked":["Ball Lightning","Reprogram"],"picked":"Consume+1","floor":21},{"not_picked":["Barrage+1","Redo"],"picked":"Core Surge","floor":24},{"not_picked":["Skim","ReplayGash"],"picked":"Ball Lightning","floor":25}],"player_experience":72286,"relics_obtained":[{"floor":6,"key":"Carrot"},{"floor":8,"key":"Mirror"},{"floor":9,"key":"TungstenRod"},{"floor":25,"key":"Peace Pipe"},{"floor":26,"key":"CeramicFish"}],"event_choices":[{"damage_healed":0,"gold_gain":0,"player_choice":"Entered Light","damage_taken":15,"max_hp_gain":0,"max_hp_loss":0,"event_name":"Shining Light","floor":14,"gold_loss":0,"cards_upgraded":["Chaos","Defend_B"]}],"is_beta":false,"boss_relics":[{"not_picked":["Velvet Choker","Kintsugi"],"picked":"Cursed Key"}],"items_purged_floors":[22],"is_endless":true,"potions_floor_spawned":[2,3,10,13,18,19,20,24],"killed_by":"Replay:Snechameleon","ascension_level":0}}