{"host":"wl47xhfxme4nig5w","time":1611364771,"event":{"mods":["BaseMod","Colored Map","Colored Powertips","Googly Eyes","Minty Spire (QoL Compilation)","StSLib","SuperFastMode","everything is the same but u backflip on backflip","slay the spire mod where everything is the same but ironclad has a cowboy hat"],"gold_per_floor":[112,62,62,62,82,109,121,121,146,166,91,151,151,151,151,247,247,260,126,126,126,138,138,149,149,149],"floor_reached":25,"language":"ENG","playtime":671,"items_purged":["Defend_R","Defend_R+1"],"score":294,"play_id":"36348811-0923-4a95-bece-ff64adff95da","local_time":"20210122171931","is_ascension_mode":true,"campfire_choices":[{"data":"Cleave","floor":8,"key":"SMITH"},{"data":"Clash","floor":13,"key":"SMITH"},{"data":"Rampage","floor":15,"key":"SMITH"},{"data":"Fire Breathing","floor":23,"key":"SMITH"}],"circlet_count":0,"master_deck":["Strike_R","Strike_R","Strike_R","Strike_R+1","Strike_R","Bash","Reckless Charge+1","Rampage+1","Clash+1","Cleave+1","Clothesline","Headbutt+1","Feed+1","Anger+1","Fire Breathing+1","Writhe","Thunderclap+1"],"relics":["Black Blood","NeowsBlessing","Juzu Bracelet","Happy Flower","Molten Egg 2","Strawberry","Frozen Egg 2"],"acts_visited":["Exordium","TheCity"],"potions_floor_usage":[12],"damage_taken":[{"damage":0,"enemies":"Small Slimes","floor":1,"turns":1},{"damage":0,"enemies":"Jaw Worm","floor":5,"turns":1},{"damage":0,"enemies":"Gremlin Nob","floor":6,"turns":1},{"damage":0,"enemies":"Cultist","floor":7,"turns":2},{"damage":11,"enemies":"Blue Slaver","floor":10,"turns":3},{"damage":0,"enemies":"Gremlin Nob","floor":12,"turns":2},{"damage":40,"enemies":"Hexaghost","floor":16,"turns":6},{"damage":12,"enemies":"3 Byrds","floor":18,"turns":4},{"damage":33,"enemies":"2 Thieves","floor":22,"turns":4},{"damage":43,"enemies":"Sentry and Sphere","floor":24,"turns":4},{"damage":43,"enemies":"Gremlin Leader","floor":25,"turns":4}],"seed_played":"-1084963629778490384","potions_obtained":[{"floor":5,"key":"SteroidPotion"},{"floor":18,"key":"Weak Potion"}],"is_trial":false,"path_per_floor":["M","?","?","?","M","E","M","R","T","M","$","?","R","?","R","B",null,"M","$","?","?","M","R","M","E"],"character_chosen":"IRONCLAD","items_purchased":["Fire Breathing"],"campfire_rested":0,"item_purchase_floors":[19],"current_hp_per_floor":[80,80,80,73,79,80,80,80,80,75,75,80,80,64,64,30,80,84,84,91,91,70,70,43,0,0],"gold":149,"neow_bonus":"THREE_ENEMY_KILL","is_daily":false,"chose_seed":false,"campfire_upgraded":4,"win_rate":0.0,"timestamp":1611364771,"path_taken":["M","?","?","?","M","E","M","R","T","M","$","?","R","?","R","BOSS","M","$","?","?","M","R","M","E"],"items_purchased_type":["Card"],"build_version":"2020-12-22","purchased_purges":2,"victory":false,"max_hp_per_floor":[80,80,80,80,80,80,80,80,80,80,80,80,80,80,80,80,80,84,84,91,91,91,91,95,95,95],"card_choices":[{"not_picked":["Perfected Strike","Combust"],"picked":"Reckless Charge","floor":1},{"not_picked":["Heavy Blade","Whirlwind"],"picked":"Rampage","floor":5},{"not_picked":["Anger","Second Wind"],"picked":"Clash","floor":6},{"not_picked":["Clash","Twin Strike"],"picked":"Cleave","floor":7},{"not_picked":["Carnage","Sever Soul"],"picked":"Clothesline","floor":10},{"not_picked":["Wild Strike+1","Whirlwind+1"],"picked":"Headbutt+1","floor":12},{"not_picked":["Double Tap","Immolate+1"],"picked":"Feed+1","floor":16},{"not_picked":["Shockwave","Warcry+1"],"picked":"Anger+1","floor":18},{"not_picked":["Battle Trance","Power Through","Warcry+1"],"picked":"SKIP","floor":22},{"not_picked":["Warcry","Fiend Fire+1"],"picked":"Thunderclap+1","floor":24}],"player_experience":347835,"relics_obtained":[{"floor":6,"key":"Juzu Bracelet"},{"floor":9,"key":"Happy Flower"}],"event_choices":[{"cards_removed":["Defend_R"],"damage_healed":0,"gold_gain":0,"player_choice":"Card Removal","damage_taken":0,"max_hp_gain":0,"max_hp_loss":0,"event_name":"The Cleric","floor":2,"gold_loss":50},{"damage_healed":0,"gold_gain":0,"player_choice":"Grow","damage_taken":0,"max_hp_gain":0,"max_hp_loss":0,"event_name":"Living Wall","floor":3,"gold_loss":0,"cards_upgraded":["Reckless Charge"]},{"cards_removed":["Defend_R"],"damage_healed":0,"gold_gain":0,"player_choice":"Card Removal","damage_taken":7,"max_hp_gain":0,"max_hp_loss":0,"event_name":"Golden Wing","floor":4,"gold_loss":0},{"damage_healed":0,"gold_gain":0,"player_choice":"Searched \u00273\u0027 times","damage_taken":0,"relics_obtained":["Molten Egg 2"],"max_hp_gain":0,"max_hp_loss":0,"event_name":"Dead Adventurer","floor":12,"gold_loss":0},{"damage_healed":0,"gold_gain":0,"player_choice":"Entered Light","damage_taken":16,"max_hp_gain":0,"max_hp_loss":0,"event_name":"Shining Light","floor":14,"gold_loss":0,"cards_upgraded":["Strike_R","Defend_R"]},{"damage_healed":0,"gold_gain":0,"player_choice":"Opened","damage_taken":0,"relics_obtained":["Strawberry"],"max_hp_gain":0,"max_hp_loss":0,"event_name":"The Mausoleum","floor":20,"gold_loss":0,"cards_obtained":["Writhe"]},{"damage_healed":0,"gold_gain":0,"player_choice":"Gave Potion","damage_taken":0,"relics_obtained":["Frozen Egg 2"],"max_hp_gain":0,"max_hp_loss":0,"event_name":"WeMeetAgain","floor":21,"gold_loss":0}],"is_beta":false,"boss_relics":[{"not_picked":["Fusion Hammer","Busted Crown"],"picked":"Black Blood"}],"items_purged_floors":[11,19],"is_endless":false,"potions_floor_spawned":[5,18],"killed_by":"Gremlin Leader","ascension_level":4}}