{"host":"lnt5dzsuhru0aonl","time":1611412300,"event":{"mods":["2.2 Compatiblity","BaseMod","Colored Map","Colored Powertips","DeckTracker","Keyboard Shortcuts","Minty Spire (QoL Compilation)","Permanent Neow","Rare Cards Sparkle","StSLib","SuperFastMode","everything is the same but u backflip on backflip"],"gold_per_floor":[115,115,40,40,15,15,28,66,66,66,66,66],"floor_reached":11,"language":"KOR","playtime":283,"items_purged":["Strike_G"],"score":138,"play_id":"4cdd0234-3370-4bd9-b073-4d84bf366410","local_time":"20210123233140","is_ascension_mode":true,"campfire_choices":[{"data":"Predator","floor":6,"key":"SMITH"},{"data":"Dagger Spray","floor":10,"key":"SMITH"}],"circlet_count":0,"master_deck":["AscendersBane","Strike_G","Strike_G","Strike_G+1","Defend_G","Defend_G","Defend_G","Defend_G","Defend_G","Survivor","Neutralize","Predator+1","Backflip","Poisoned Stab","Leg Sweep","Dagger Spray+1"],"relics":["Ring of the Snake","Golden Idol","Regal Pillow","HornCleat"],"acts_visited":["Exordium"],"potions_floor_usage":[],"damage_taken":[{"damage":3,"enemies":"2 Louse","floor":1,"turns":3},{"damage":1,"enemies":"Small Slimes","floor":7,"turns":3},{"damage":40,"enemies":"3 Sentries","floor":8,"turns":10},{"damage":45,"enemies":"Lagavulin","floor":11,"turns":10}],"seed_played":"646162496071484590","potions_obtained":[{"floor":8,"key":"FairyPotion"}],"is_trial":false,"path_per_floor":["M","?","$","?","$","R","M","E","T","R","E"],"character_chosen":"THE_SILENT","items_purchased":["Poisoned Stab"],"campfire_rested":0,"item_purchase_floors":[5],"current_hp_per_floor":[56,56,56,56,56,56,55,15,15,15,2,2],"gold":66,"neow_bonus":"TRANSFORM_CARD","is_daily":false,"chose_seed":false,"campfire_upgraded":2,"win_rate":0.0,"timestamp":1611412300,"path_taken":["M","?","$","?","$","R","?","E","T","R","E"],"items_purchased_type":["Card"],"build_version":"2020-12-22","purchased_purges":1,"victory":false,"max_hp_per_floor":[66,60,60,60,60,60,60,60,60,60,60,60],"card_choices":[{"not_picked":["Sucker Punch","PiercingWail"],"picked":"Backflip","floor":1},{"not_picked":["Quick Slash","Concentrate"],"picked":"Leg Sweep","floor":7},{"not_picked":["Choke","Dodge and Roll"],"picked":"Dagger Spray","floor":8}],"player_experience":736456,"relics_obtained":[{"floor":8,"key":"Regal Pillow"},{"floor":9,"key":"HornCleat"}],"event_choices":[{"damage_healed":0,"gold_gain":0,"player_choice":"Lose Max HP","damage_taken":0,"relics_obtained":["Golden Idol"],"max_hp_gain":0,"max_hp_loss":6,"event_name":"Golden Idol","floor":2,"gold_loss":0},{"damage_healed":0,"gold_gain":0,"player_choice":"Forge","damage_taken":0,"max_hp_gain":0,"max_hp_loss":0,"event_name":"Accursed Blacksmith","floor":4,"gold_loss":0,"cards_upgraded":["Strike_G"]}],"is_beta":false,"boss_relics":[],"items_purged_floors":[3],"is_endless":false,"potions_floor_spawned":[8],"killed_by":"Lagavulin","ascension_level":20}}