{"host":"ebj6lkgm8suah319","time":1611419396,"event":{"mods":["2.2 Compatiblity","AchievementEnabler","BaseMod","Block Reminder","Colored Map","Colored Powertips","Minty Spire (QoL Compilation)","Quick Restart","Rare Cards Sparkle","Relic Stats","SuperFastMode"],"gold_per_floor":[118,118,137,149,114,114,142,37,112,141,159,179,179,179,179],"floor_reached":14,"language":"ENG","playtime":324,"items_purged":["Strike_R"],"score":185,"play_id":"26622e16-1329-43a7-a479-db49d3d67093","local_time":"20210123112956","is_ascension_mode":true,"campfire_choices":[{"data":"Bash","floor":6,"key":"SMITH"},{"data":"Demon Form","floor":13,"key":"SMITH"}],"circlet_count":0,"master_deck":["AscendersBane","Strike_R","Strike_R","Strike_R","Strike_R","Defend_R","Defend_R","Defend_R","Defend_R","Bash+1","Clothesline","Dual Wield","Pommel Strike","Shrug It Off","Demon Form+1","Flame Barrier","Disarm"],"relics":["Burning Blood","Bag of Preparation","HornCleat","Bottled Lightning","Mummified Hand"],"acts_visited":["Exordium"],"potions_floor_usage":[10,14],"damage_taken":[{"damage":3,"enemies":"2 Louse","floor":1,"turns":4},{"damage":6,"enemies":"Jaw Worm","floor":3,"turns":5},{"damage":9,"enemies":"Small Slimes","floor":4,"turns":5},{"damage":45,"enemies":"Lagavulin","floor":7,"turns":7},{"damage":20,"enemies":"3 Sentries","floor":10,"turns":11},{"damage":6,"enemies":"2 Fungi Beasts","floor":11,"turns":4},{"damage":8,"enemies":"Blue Slaver","floor":12,"turns":5},{"damage":37,"enemies":"Gremlin Nob","floor":14,"turns":4}],"seed_played":"-8097783474303216893","potions_obtained":[{"floor":1,"key":"LiquidBronze"},{"floor":7,"key":"EssenceOfSteel"},{"floor":12,"key":"Regen Potion"}],"is_trial":false,"path_per_floor":["M","?","M","M","?","R","E","$","T","E","M","M","R","E"],"character_chosen":"IRONCLAD","items_purchased":["Shrug It Off"],"campfire_rested":0,"item_purchase_floors":[8],"current_hp_per_floor":[78,60,60,57,77,77,38,38,38,24,24,22,22,0,0],"gold":179,"neow_bonus":"TEN_PERCENT_HP_BONUS","is_daily":false,"chose_seed":false,"campfire_upgraded":2,"win_rate":0.0,"timestamp":1611419396,"path_taken":["M","?","M","M","?","R","E","?","T","E","M","M","R","E"],"items_purchased_type":["Card"],"build_version":"2020-12-22","purchased_purges":1,"victory":false,"max_hp_per_floor":[82,82,82,82,82,82,82,82,82,82,82,82,82,82,82],"relic_stats":{"counters":[8,45],"Mummified Hand":[0],"Bag of Preparation":[14],"obtain_stats":[{"HornCleat":7,"Mummified Hand":10,"Bag of Preparation":2,"Bottled Lightning":9,"Burning Blood":0},{"HornCleat":4,"Mummified Hand":5,"Bag of Preparation":1,"Bottled Lightning":4,"Burning Blood":0},{"HornCleat":21,"Mummified Hand":32,"Bag of Preparation":4,"Bottled Lightning":21,"Burning Blood":0}],"Burning Blood":42},"card_choices":[{"not_picked":["Rage","Heavy Blade"],"picked":"Clothesline","floor":1},{"not_picked":["Clothesline","Cleave"],"picked":"Dual Wield","floor":3},{"not_picked":["Clash","Warcry","Entrench"],"picked":"SKIP","floor":4},{"not_picked":["Perfected Strike","Rampage"],"picked":"Pommel Strike","floor":7},{"not_picked":["Body Slam","Cleave"],"picked":"Demon Form","floor":10},{"not_picked":["Rupture","Entrench"],"picked":"Flame Barrier","floor":11},{"not_picked":["Power Through","Perfected Strike"],"picked":"Disarm","floor":12}],"player_experience":53751,"relics_obtained":[{"floor":7,"key":"HornCleat"},{"floor":9,"key":"Bottled Lightning"},{"floor":10,"key":"Mummified Hand"}],"event_choices":[{"damage_healed":0,"gold_gain":0,"player_choice":"Success","damage_taken":18,"relics_obtained":["Bag of Preparation"],"max_hp_gain":0,"max_hp_loss":0,"event_name":"Scrap Ooze","floor":2,"gold_loss":0},{"damage_healed":20,"gold_gain":0,"player_choice":"Healed","damage_taken":0,"max_hp_gain":0,"max_hp_loss":0,"event_name":"The Cleric","floor":5,"gold_loss":35}],"is_beta":false,"boss_relics":[],"items_purged_floors":[8],"is_endless":false,"potions_floor_spawned":[1,7,12],"killed_by":"Gremlin Nob","ascension_level":17}}