{"host":"981nlwu0905dw1bz","time":1611426802,"event":{"mods":["AchievementEnabler","BaseMod","DeckTracker","Minty Spire (QoL Compilation)","Rare Cards Sparkle","SuperFastMode"],"gold_per_floor":[209,209,209,67,77,77,92,92,117,150,150,180,198,216,216,317,317,331,331,3,3,3,3,3,3,78,78,112,112,112,37,37,132,132,150,197,197,209,209,209,219,219,219,238,238,238,251,75,75,75],"floor_reached":51,"language":"KOR","playtime":1445,"items_purged":["Strike_R"],"score":1040,"play_id":"fe319855-080a-4c8a-9113-9db55ab5d6e3","local_time":"20210124033322","is_ascension_mode":true,"campfire_choices":[{"data":"Thunderclap","floor":6.0,"key":"SMITH"},{"data":"Offering","floor":11.0,"key":"SMITH"},{"data":"Fire Breathing","floor":15.0,"key":"SMITH"},{"data":"Demon Form","floor":23.0,"key":"SMITH"},{"floor":25.0,"key":"REST"},{"floor":27.0,"key":"REST"},{"data":"Defend_R","floor":29.0,"key":"SMITH"},{"data":"Defend_R","floor":32.0,"key":"SMITH"},{"floor":40,"key":"REST"},{"floor":42,"key":"REST"},{"floor":46,"key":"REST"},{"floor":49,"key":"REST"}],"circlet_count":0,"master_deck":["Defend_R+1","Defend_R+1","Defend_R","Bash+1","Whirlwind+1","Offering+1","Thunderclap+1","Fire Breathing+1","Demon Form+1","Necronomicurse","Finesse","Flex"],"relics":["Burning Blood","Blood Vial","HornCleat","Odd Mushroom","Empty Cage","Juzu Bracelet","Necronomicon","Kunai","TungstenRod","Mark of Pain","Prayer Wheel","Molten Egg 2","Strange Spoon"],"acts_visited":["Exordium","TheCity","TheBeyond"],"potions_floor_usage":[36,39,50],"damage_taken":[{"damage":2.0,"enemies":"2 Louse","floor":1.0,"turns":5.0},{"damage":0.0,"enemies":"Small Slimes","floor":5.0,"turns":2.0},{"damage":6.0,"enemies":"Cultist","floor":7.0,"turns":4.0},{"damage":36.0,"enemies":"Lagavulin","floor":10.0,"turns":4.0},{"damage":8.0,"enemies":"The Mushroom Lair","floor":12.0,"turns":2.0},{"damage":6.0,"enemies":"Red Slaver","floor":13.0,"turns":1.0},{"damage":6.0,"enemies":"Exordium Wildlife","floor":14.0,"turns":1.0},{"damage":6.0,"enemies":"Slime Boss","floor":16.0,"turns":5.0},{"damage":28.0,"enemies":"Spheric Guardian","floor":18.0,"turns":4.0},{"damage":22.0,"enemies":"Gremlin Leader","floor":28.0,"turns":5.0},{"damage":11.0,"enemies":"Collector","floor":33.0,"turns":4.0},{"damage":28,"enemies":"3 Shapes","floor":35,"turns":2},{"damage":41,"enemies":"2 Orb Walkers","floor":36,"turns":3},{"damage":13,"enemies":"Orb Walker","floor":38,"turns":4},{"damage":0,"enemies":"Writhing Mass","floor":39,"turns":1},{"damage":23,"enemies":"Sphere and 2 Shapes","floor":41,"turns":2},{"damage":26,"enemies":"Spire Growth","floor":44,"turns":4},{"damage":12,"enemies":"Maw","floor":47,"turns":5},{"damage":65,"enemies":"Donu and Deca","floor":50,"turns":5}],"seed_played":"8015151234801392633","potions_obtained":[{"floor":1.0,"key":"BlessingOfTheForge"},{"floor":5.0,"key":"SkillPotion"},{"floor":13.0,"key":"LiquidMemories"},{"floor":14.0,"key":"Swift Potion"},{"floor":16.0,"key":"CultistPotion"},{"floor":28.0,"key":"EssenceOfSteel"},{"floor":38,"key":"SmokeBomb"},{"floor":44,"key":"SpeedPotion"},{"floor":47,"key":"SpeedPotion"}],"is_trial":false,"path_per_floor":["M","?","?","$","M","R","M","$","T","E","R","?","M","M","R","B",null,"M","?","$","?","?","R","?","R","T","R","E","R","?","?","R","B",null,"M","?","?","M","M","R","M","R","T","M","?","R","M","$","R","B",null],"character_chosen":"IRONCLAD","items_purchased":["Offering","Juzu Bracelet","FairyPotion","Flex","Strange Spoon"],"campfire_rested":6,"item_purchase_floors":[4,20,20,48,48],"current_hp_per_floor":[76,76,76,76,80,80,80,80,80,50,50,50,52,54,54,56,74,54,39,39,23,51,51,51,76,76,85,69,69,69,69,69,66,80,60,27,27,22,30,55,40,65,65,47,47,72,68,68,85,26],"gold":75,"neow_bonus":"HUNDRED_GOLD","is_daily":false,"chose_seed":false,"campfire_upgraded":6,"win_rate":0.0,"timestamp":1611426802,"path_taken":["M","?","?","$","M","R","?","?","T","E","R","?","M","M","R","BOSS","M","?","$","?","?","R","?","R","T","R","E","R","?","?","R","BOSS","M","?","?","M","M","R","M","R","T","M","?","R","M","$","R","BOSS"],"items_purchased_type":["Card","Relic","Potion","Card","Relic"],"build_version":"2020-12-22","purchased_purges":1,"victory":true,"max_hp_per_floor":[80,80,80,80,80,80,80,80,80,80,80,80,80,80,80,80,80,80,85,85,85,85,85,85,85,85,85,85,85,85,85,85,85,85,85,85,85,85,85,85,85,85,85,85,85,85,85,85,85,85],"card_choices":[{"not_picked":["Flex","Second Wind"],"picked":"Whirlwind","floor":1.0},{"not_picked":["Evolve","Searing Blow"],"picked":"Thunderclap","floor":5.0},{"not_picked":["Anger","Juggernaut","Power Through"],"picked":"SKIP","floor":7.0},{"not_picked":["Body Slam","Heavy Blade","Warcry"],"picked":"SKIP","floor":10.0},{"not_picked":["Power Through","Feed"],"picked":"Fire Breathing","floor":13.0},{"not_picked":["Warcry","Sword Boomerang","Anger"],"picked":"SKIP","floor":14.0},{"not_picked":["Feed","Immolate"],"picked":"Demon Form","floor":16.0},{"not_picked":["Sword Boomerang","Rupture","Cleave+1"],"picked":"SKIP","floor":18.0},{"not_picked":["Exhume","Disarm","Headbutt"],"picked":"SKIP","floor":28.0},{"not_picked":["Clothesline+1","Flex+1","Evolve"],"picked":"SKIP","floor":35},{"not_picked":["True Grit","Armaments","Cleave+1"],"picked":"SKIP","floor":38},{"not_picked":["Headbutt+1","Flame Barrier","Heavy Blade"],"picked":"SKIP","floor":38},{"not_picked":["Iron Wave+1","Heavy Blade","Body Slam"],"picked":"SKIP","floor":41},{"not_picked":["Sword Boomerang+1","Carnage+1","Fire Breathing"],"picked":"SKIP","floor":41},{"not_picked":["Clothesline+1","Perfected Strike+1","Second Wind+1"],"picked":"SKIP","floor":44},{"not_picked":["Searing Blow+1","Flex+1","Thunderclap+1"],"picked":"SKIP","floor":44},{"not_picked":["Apotheosis","Madness"],"picked":"Finesse","floor":45},{"not_picked":["Havoc","Rupture","Sentinel+1"],"picked":"SKIP","floor":47},{"not_picked":["Shockwave+1","Headbutt+1","Wild Strike+1"],"picked":"SKIP","floor":47}],"player_experience":559056,"relics_obtained":[{"floor":9.0,"key":"Blood Vial"},{"floor":10.0,"key":"HornCleat"},{"floor":12.0,"key":"Odd Mushroom"},{"floor":21.0,"key":"Necronomicon"},{"floor":26.0,"key":"Kunai"},{"floor":28.0,"key":"TungstenRod"},{"floor":36,"key":"Prayer Wheel"},{"floor":43,"key":"Molten Egg 2"}],"event_choices":[{"damage_healed":0.0,"max_hp_gain":0.0,"max_hp_loss":0.0,"gold_gain":0.0,"event_name":"Living Wall","player_choice":"Grow","floor":2.0,"gold_loss":0.0,"damage_taken":0.0,"cards_upgraded":["Whirlwind"]},{"cards_removed":["Strike_R"],"damage_healed":0.0,"max_hp_gain":0.0,"max_hp_loss":0.0,"gold_gain":0.0,"event_name":"Purifier","player_choice":"Purged","floor":3.0,"gold_loss":0.0,"damage_taken":0.0},{"damage_healed":0.0,"max_hp_gain":0.0,"max_hp_loss":0.0,"gold_gain":0.0,"event_name":"Mushrooms","player_choice":"Fought Mushrooms","floor":12.0,"gold_loss":0.0,"damage_taken":0.0},{"damage_healed":0.0,"max_hp_gain":5.0,"max_hp_loss":0.0,"gold_gain":0.0,"event_name":"Forgotten Altar","player_choice":"Shed Blood","floor":19.0,"gold_loss":0.0,"damage_taken":20.0},{"damage_healed":0.0,"max_hp_gain":0.0,"max_hp_loss":0.0,"gold_gain":0.0,"event_name":"Cursed Tome","player_choice":"Obtained Book","floor":21.0,"gold_loss":0.0,"damage_taken":16.0},{"damage_healed":28.0,"max_hp_gain":0.0,"max_hp_loss":0.0,"gold_gain":0.0,"event_name":"The Library","player_choice":"Heal","floor":22.0,"gold_loss":0.0,"damage_taken":0.0},{"damage_healed":0.0,"max_hp_gain":0.0,"max_hp_loss":0.0,"gold_gain":0.0,"event_name":"Accursed Blacksmith","player_choice":"Forge","floor":24.0,"gold_loss":0.0,"damage_taken":0.0,"cards_upgraded":["Bash"]},{"damage_healed":0.0,"max_hp_gain":0.0,"max_hp_loss":0.0,"gold_gain":0.0,"event_name":"Ghosts","player_choice":"Ignored","floor":30.0,"gold_loss":0.0,"damage_taken":0.0},{"cards_removed":["Strike_R"],"damage_healed":0.0,"max_hp_gain":0.0,"max_hp_loss":0.0,"gold_gain":0.0,"event_name":"Beggar","player_choice":"Gave Gold","floor":31.0,"gold_loss":75.0,"damage_taken":0.0},{"damage_healed":0,"gold_gain":0,"player_choice":"Fight","damage_taken":0,"max_hp_gain":0,"max_hp_loss":0,"event_name":"Mysterious Sphere","floor":36,"gold_loss":0},{"cards_removed":["Defend_R"],"damage_healed":0,"gold_gain":0,"player_choice":"Removed Skill","damage_taken":0,"max_hp_gain":0,"max_hp_loss":0,"event_name":"Falling","floor":37,"gold_loss":0},{"damage_healed":0,"gold_gain":0,"player_choice":"Memory 1","damage_taken":0,"max_hp_gain":0,"max_hp_loss":0,"event_name":"SensoryStone","floor":45,"gold_loss":0}],"is_beta":false,"boss_relics":[{"not_picked":["Busted Crown","Astrolabe"],"picked":"Empty Cage"},{"not_picked":["Runic Dome","Pandora\u0027s Box"],"picked":"Mark of Pain"}],"items_purged_floors":[20],"is_endless":false,"potions_floor_spawned":[1,5,13,14,16,28,38,44,47],"ascension_level":7}}