{"host":"fmb9x04chdot191d","time":1611436247,"event":{"mods":["2.2 Compatiblity","AchievementEnabler","BaseMod","BetterRewards","Colored Map","Downfall","Hermit","Highlight Path","Marisa（霧雨　魔理沙）","Minty Spire (QoL Compilation)","Permanent Neow","Quick Restart","Rare Cards Sparkle","StSLib","The Servant 0.9.4","[IsaacMod]以撒尖塔"],"gold_per_floor":[119,139,89,17,17,17,52,52,78,92,92,120,120,134,134,239,239,256,268,283,297,330,382,382,396,447,133,133,148,148,148,148,249,249,268,281,581,628,643,643,697,707,707,742,742,356,356,373,373,373],"floor_reached":51,"language":"ENG","playtime":2459,"items_purged":["Strike_G","Defend_G","Defend_G"],"score":960,"play_id":"d9c80ac1-1302-4154-aa7f-b7ae54e34bb2","local_time":"20210124101047","is_ascension_mode":false,"campfire_choices":[{"data":"Catalyst","floor":6.0,"key":"SMITH"},{"floor":13.0,"key":"REST"},{"data":"Catalyst","floor":15.0,"key":"SMITH"},{"data":"Adrenaline","floor":24.0,"key":"SMITH"},{"data":"Deadly Poison","floor":28.0,"key":"SMITH"},{"data":"Burst","floor":30.0,"key":"SMITH"},{"data":"Poisoned Stab","floor":32.0,"key":"SMITH"},{"data":"Flechettes","floor":40.0,"key":"SMITH"},{"data":"Neutralize","floor":45,"key":"SMITH"},{"data":"Calculated Gamble","floor":47,"key":"SMITH"},{"data":"Strike_G","floor":49,"key":"SMITH"}],"circlet_count":0,"master_deck":["Strike_G","Strike_G","Strike_G+1","Defend_G","Defend_G","Defend_G","Survivor+1","Neutralize+1","Deadly Poison+1","Catalyst+1","Corpse Explosion+1","Catalyst+1","Adrenaline+1","Backflip+1","Poisoned Stab+1","Flechettes+1","Burst+1","Calculated Gamble+1","Dash+1","Terror+1","Catalyst+1","Flechettes+1"],"relics":["Ring of the Snake","HushsDoor","D6","Toy Ornithopter","Dream Catcher","Pantograph","MagicMushroom","Red Mask","Ornamental Fan","Bronze Scales","DoctorsRemote","WristBlade","CaptainsWheel","Strawberry","TheBean","Darkstone Periapt","Incense Burner"],"acts_visited":["Exordium","TheCity","TheBeyond"],"potions_floor_usage":[50],"damage_taken":[{"damage":0.0,"enemies":"Cultist","floor":1.0,"turns":5.0},{"damage":0.0,"enemies":"2 Louse","floor":2.0,"turns":3.0},{"damage":22.0,"enemies":"3 Sentries","floor":7.0,"turns":14.0},{"damage":0.0,"enemies":"Jaw Worm","floor":10.0,"turns":4.0},{"damage":8.0,"enemies":"Gremlin Nob","floor":12.0,"turns":3.0},{"damage":1.0,"enemies":"Large Slime","floor":14.0,"turns":7.0},{"damage":9.0,"enemies":"The Guardian","floor":16.0,"turns":4.0},{"damage":0.0,"enemies":"Shell Parasite","floor":18.0,"turns":3.0},{"damage":0.0,"enemies":"2 Thieves","floor":19.0,"turns":2.0},{"damage":5.0,"enemies":"Centurion and Healer","floor":20.0,"turns":4.0},{"damage":0.0,"enemies":"Snake Plant","floor":21.0,"turns":3.0},{"damage":0.0,"enemies":"Masked Bandits","floor":22.0,"turns":3.0},{"damage":0.0,"enemies":"Book of Stabbing","floor":23.0,"turns":4.0},{"damage":0.0,"enemies":"Snecko","floor":25.0,"turns":3.0},{"damage":0.0,"enemies":"Sentry and Sphere","floor":29.0,"turns":4.0},{"damage":0.0,"enemies":"Champ","floor":33.0,"turns":2.0},{"damage":0.0,"enemies":"3 Shapes","floor":35.0,"turns":1.0},{"damage":0.0,"enemies":"3 Darklings","floor":36.0,"turns":2.0},{"damage":0.0,"enemies":"2 Orb Walkers","floor":38.0,"turns":1.0},{"damage":0.0,"enemies":"Jaw Worm Horde","floor":39.0,"turns":2.0},{"damage":0,"enemies":"Reptomancer","floor":41,"turns":4},{"damage":0,"enemies":"Sphere and 2 Shapes","floor":42,"turns":3},{"damage":0,"enemies":"Nemesis","floor":44,"turns":3},{"damage":9,"enemies":"Maw","floor":48,"turns":5},{"damage":0,"enemies":"Donu and Deca","floor":50,"turns":3}],"seed_played":"9087864444160738973","potions_obtained":[{"floor":2.0,"key":"SteroidPotion"},{"floor":12.0,"key":"Ancient Potion"},{"floor":14.0,"key":"Energy Potion"},{"floor":20.0,"key":"Energy Potion"},{"floor":23.0,"key":"GamblersBrew"},{"floor":35.0,"key":"champ:CounterPotion"},{"floor":38.0,"key":"SteroidPotion"},{"floor":41,"key":"SkillPotion"}],"is_trial":false,"path_per_floor":["M","M","?","$","?","R","E","?","T","M","?","E","R","M","R","B",null,"M","M","M","M","?","E","R","M","T","$","R","M","R","?","R","B",null,"M","M","?","?","M","R","E","M","T","E","R","$","R","M","R","B",null],"character_chosen":"THE_SILENT","items_purchased":["Catalyst","DoctorsRemote","Incense Burner"],"campfire_rested":1,"item_purchase_floors":[4,27,46],"current_hp_per_floor":[70,70,70,70,70,70,48,48,48,48,48,45,66,65,65,61,77,77,77,72,73,77,77,77,77,77,77,77,77,77,77,77,77,72,72,72,72,72,72,72,79,79,79,79,79,79,79,70,70,79],"gold":373,"neow_bonus":"UPGRADE_CARD","is_daily":false,"chose_seed":false,"campfire_upgraded":10,"win_rate":0.0,"timestamp":1611436247,"path_taken":["M","?","?","$","?","R","E","?","T","M","?","E","R","M","R","BOSS","M","M","?","M","?","E","R","M","T","$","R","M","R","?","R","BOSS","M","M","?","?","M","R","E","M","T","E","R","$","R","M","R","BOSS"],"items_purchased_type":["Card","Relic","Relic"],"build_version":"2020-12-22","purchased_purges":3,"victory":true,"max_hp_per_floor":[70,70,70,70,70,70,70,70,70,70,70,70,70,70,70,70,77,77,77,77,77,77,77,77,77,77,77,77,77,77,77,77,77,72,72,72,72,72,72,72,79,79,79,79,79,79,79,79,79,79],"card_choices":[{"not_picked":["PiercingWail","Prepared","Dagger Spray"],"picked":"SKIP","floor":1.0},{"not_picked":["Tactician","Poisoned Stab"],"picked":"Deadly Poison","floor":2.0},{"not_picked":["Riddle With Holes","Heel Hook"],"picked":"Corpse Explosion","floor":7.0},{"not_picked":["Well Laid Plans","Dagger Throw","Flying Knee"],"picked":"SKIP","floor":10.0},{"not_picked":["PiercingWail","Flying Knee","Dagger Throw"],"picked":"SKIP","floor":12.0},{"not_picked":["Crippling Poison","Flying Knee"],"picked":"Catalyst","floor":13.0},{"not_picked":["Dodge and Roll","Endless Agony","Blade Dance"],"picked":"SKIP","floor":14.0},{"not_picked":["Envenom","Bullet Time"],"picked":"Adrenaline","floor":16.0},{"not_picked":["Bane","Prepared"],"picked":"Backflip+1","floor":18.0},{"not_picked":["Dagger Throw","Dagger Spray"],"picked":"Poisoned Stab","floor":19.0},{"not_picked":["Leg Sweep","Noxious Fumes"],"picked":"Flechettes","floor":20.0},{"not_picked":["Outmaneuver","Sucker Punch+1"],"picked":"Burst","floor":21.0},{"not_picked":["Masterful Stab","Venomology"],"picked":"Calculated Gamble","floor":23.0},{"not_picked":["Dagger Spray","Dash","Well Laid Plans"],"picked":"SKIP","floor":25.0},{"not_picked":["Crippling Poison","Endless Agony"],"picked":"Dash+1","floor":29.0},{"not_picked":["PiercingWail+1","Backflip+1"],"picked":"Terror+1","floor":35.0},{"not_picked":["Dash","Outmaneuver","Noxious Fumes"],"picked":"SKIP","floor":36.0},{"not_picked":["Deadly Poison","Deflect+1"],"picked":"Catalyst+1","floor":38.0},{"not_picked":["Backflip","Caltrops+1"],"picked":"Flechettes+1","floor":39.0},{"not_picked":["Envenom","Crippling Poison+1","Well Laid Plans"],"picked":"SKIP","floor":41},{"not_picked":["Underhanded Strike","Sucker Punch+1","Poisoned Stab"],"picked":"SKIP","floor":42},{"not_picked":["Flying Knee+1","Dagger Throw","Bouncing Flask"],"picked":"SKIP","floor":44},{"not_picked":["Outmaneuver","Choke+1","Sucker Punch"],"picked":"SKIP","floor":48}],"player_experience":56641,"relics_obtained":[{"floor":7.0,"key":"Toy Ornithopter"},{"floor":9.0,"key":"Dream Catcher"},{"floor":12.0,"key":"Pantograph"},{"floor":22.0,"key":"Red Mask"},{"floor":23.0,"key":"Ornamental Fan"},{"floor":26.0,"key":"Bronze Scales"},{"floor":38.0,"key":"CaptainsWheel"},{"floor":41,"key":"Strawberry"},{"floor":43,"key":"TheBean"},{"floor":44,"key":"Darkstone Periapt"}],"event_choices":[{"cards_removed":["Strike_G"],"damage_healed":0.0,"max_hp_gain":0.0,"max_hp_loss":0.0,"gold_gain":0.0,"event_name":"The Cleric","player_choice":"Card Removal","floor":3.0,"gold_loss":50.0,"damage_taken":0.0},{"damage_healed":0.0,"max_hp_gain":0.0,"max_hp_loss":0.0,"gold_gain":0.0,"event_name":"Liars Game","player_choice":"Ignored","floor":5.0,"gold_loss":0.0,"damage_taken":0.0},{"damage_healed":0.0,"max_hp_gain":0.0,"max_hp_loss":0.0,"gold_gain":0.0,"event_name":"Living Wall","player_choice":"Grow","floor":8.0,"gold_loss":0.0,"damage_taken":0.0,"cards_upgraded":["Corpse Explosion"]},{"damage_healed":0.0,"max_hp_gain":0.0,"max_hp_loss":0.0,"gold_gain":0.0,"event_name":"Golden Idol","player_choice":"Ignored","floor":11.0,"gold_loss":0.0,"damage_taken":0.0},{"damage_healed":0.0,"max_hp_gain":0.0,"max_hp_loss":0.0,"gold_gain":0.0,"event_name":"Masked Bandits","player_choice":"Fought Bandits","floor":22.0,"gold_loss":0.0,"damage_taken":0.0},{"damage_healed":0.0,"max_hp_gain":0.0,"max_hp_loss":0.0,"gold_gain":0.0,"event_name":"Mysterious Sphere","player_choice":"Fight","floor":38.0,"gold_loss":0.0,"damage_taken":0.0}],"is_beta":false,"boss_relics":[{"not_picked":["Ectoplasm","Tiny House"],"picked":"MagicMushroom"},{"not_picked":[]},{"not_picked":["ChampionBelt","Sozu"],"picked":"WristBlade"},{"not_picked":[]}],"items_purged_floors":[27,34,46],"is_endless":false,"potions_floor_spawned":[2,12,14,20,23,25,35,38,41,48],"ascension_level":0}}