{"host":"bq4pt811tk9yrmjl","time":1611408086,"event":{"mods":["AchievementEnabler","BaseMod","Colored Map","Colored Powertips","Defuse TimeMaze Blight","Hermit","Minty Spire (QoL Compilation)","StSLib","SuperFastMode"],"gold_per_floor":[110,110,185,41,41,67,67,82,131,131,131,131,131,149,149,149,149],"floor_reached":16,"language":"ENG","playtime":210,"items_purged":[],"score":127,"play_id":"7ab637b6-844d-4c0a-9783-564849ad113c","local_time":"20210123112126","is_ascension_mode":true,"campfire_choices":[{"data":"hermit:Snapshot","floor":7,"key":"SMITH"},{"data":"hermit:Covet","floor":10,"key":"SMITH"},{"data":"hermit:Quickdraw","floor":13,"key":"SMITH"},{"data":"hermit:GhostlyPresence","floor":15,"key":"SMITH"}],"circlet_count":0,"master_deck":["hermit:Strike_Hermit","hermit:Strike_Hermit","hermit:Strike_Hermit","hermit:Strike_Hermit","hermit:Defend_Hermit","hermit:Defend_Hermit","hermit:Defend_Hermit","hermit:Defend_Hermit","hermit:Snapshot+1","hermit:Covet+1","hermit:Coalescence","hermit:Quickdraw+1","hermit:GhostlyPresence+1"],"relics":["hermit:Momento","NeowsBlessing","Sling","Kunai","PreservedInsect","FaceOfCleric"],"acts_visited":["Exordium"],"potions_floor_usage":[16,16],"damage_taken":[{"damage":0.0,"enemies":"Small Slimes","floor":1.0,"turns":1.0},{"damage":0,"enemies":"3 Sentries","floor":6,"turns":2},{"damage":0,"enemies":"Jaw Worm","floor":8,"turns":1},{"damage":0,"enemies":"2 Louse","floor":14,"turns":2},{"damage":66,"enemies":"Slime Boss","floor":16,"turns":14}],"seed_played":"-3085424723214911571","potions_obtained":[{"floor":6,"key":"SkillPotion"},{"floor":14,"key":"hermit:Tonic"}],"is_trial":false,"path_per_floor":["M","$","?","$","T","E","R","M","T","R","$","?","R","M","R","B"],"character_chosen":"HERMIT","items_purchased":["Sling"],"campfire_rested":0,"item_purchase_floors":[4],"current_hp_per_floor":[75,75,64,64,64,64,64,64,64,64,64,64,64,65,65,0,0],"gold":149,"neow_bonus":"THREE_ENEMY_KILL","is_daily":false,"chose_seed":false,"campfire_upgraded":4,"win_rate":0.0,"timestamp":1611408086,"path_taken":["M","$","?","$","?","E","R","M","T","R","$","?","R","M","R","BOSS"],"items_purchased_type":["Relic"],"build_version":"2020-12-22","purchased_purges":0,"victory":false,"max_hp_per_floor":[75,75,75,75,75,75,75,75,75,75,75,75,75,76,76,76,76],"card_choices":[{"not_picked":["hermit:HoleUp","hermit:Roulette"],"picked":"hermit:Coalescence","floor":1.0},{"not_picked":["hermit:Gambit","hermit:HighCaliber","hermit:TrackingShot"],"picked":"SKIP","floor":6},{"not_picked":["hermit:Malice","hermit:Coalescence"],"picked":"hermit:Quickdraw","floor":8},{"not_picked":["hermit:DeadMansHand","hermit:Headshot"],"picked":"hermit:GhostlyPresence","floor":14}],"player_experience":219355,"relics_obtained":[{"floor":6,"key":"Kunai"},{"floor":9,"key":"PreservedInsect"}],"event_choices":[{"damage_healed":0.0,"max_hp_gain":0.0,"max_hp_loss":0.0,"gold_gain":75.0,"event_name":"World of Goop","player_choice":"Gather Gold","floor":3.0,"gold_loss":0.0,"damage_taken":11.0},{"damage_healed":0,"gold_gain":0,"player_choice":"Trade","damage_taken":0,"relics_obtained":["FaceOfCleric"],"max_hp_gain":0,"max_hp_loss":0,"event_name":"FaceTrader","floor":12,"gold_loss":0}],"is_beta":false,"boss_relics":[],"items_purged_floors":[],"is_endless":false,"potions_floor_spawned":[6,14],"killed_by":"Slime Boss","ascension_level":1}}