{"host":"i4yzoangb31cseo0","time":1611418579,"event":{"mods":["AchievementEnabler","BaseMod","Colored Powertips","Curses Come First","Downfall","Hermit","Marisa????????","Minty Spire (QoL Compilation)","StSLib","The Cursed","The Necromancer","The Senshi","The Servant 0.9.4"],"gold_per_floor":[119,139,214,233,250,250,250,250,250,280,298,37,52,2,2,102,102,121,220,220,185,22,22,22,35,35,35,61,23,34,54,54,153,153,166,184,234,41,41,71,71,8,76,76,89,26,26,45,45,45],"floor_reached":51,"language":"ENG","playtime":4487,"items_purged":["Defend_S","Revamp","Strike_S"],"score":725,"play_id":"711246ea-1e8c-4ed8-914f-9f6a3caf2636","local_time":"20210124024619","is_ascension_mode":false,"campfire_choices":[{"data":"RealityMarble","floor":6.0,"key":"SMITH"},{"floor":8.0,"key":"REST"},{"floor":15.0,"key":"REST"},{"data":"Enlightenment","floor":23,"key":"SMITH"},{"data":"Initiator","floor":27,"key":"SMITH"},{"data":"KillingDoll","floor":32,"key":"SMITH"},{"data":"FlawlessForm","floor":41,"key":"SMITH"},{"data":"TheWorld","floor":44,"key":"SMITH"},{"data":"KillingDoll","floor":49,"key":"SMITH"}],"circlet_count":0,"master_deck":["Strike_S","Defend_S","Defend_S","Defend_S","KidneyShot","Exchange","GearUp","FastForward+1","RealityMarble+1","SpecialFormula","Initiator+1","Defy","KillingDoll+1","Rewind","FlawlessForm+1","Luminosity","Writhe","Misdirection","InstantArmor","Enlightenment+1","Spin+1","BottledTime","Rearm+1","TheWorld+1","Shuttle","BottledTime","DoubleEdge","Flash of Steel","Hightail+1","Sabotage","BottledTime","SilverBlades+1","Parasite","KillingDoll+1"],"relics":["SplendidAttire","NeowsBlessing","Meat on the Bone","Oddly Smooth Stone","Membership Card","Potion Belt","Bag of Preparation","Bag of Marbles","theSenshi:FeatherClipsRelic","Dream Catcher","SlaversCollar","Ice Cream","Pen Nib","War Paint","Eternal Feather"],"acts_visited":["Exordium","TheCity","TheBeyond"],"potions_floor_usage":[21,33,33,33,40,50,50],"damage_taken":[{"damage":0.0,"enemies":"2 Louse","floor":1.0,"turns":1.0},{"damage":0.0,"enemies":"Cultist","floor":2.0,"turns":1.0},{"damage":0.0,"enemies":"Jaw Worm","floor":4.0,"turns":1.0},{"damage":3.0,"enemies":"Large Slime","floor":5.0,"turns":10.0},{"damage":27.0,"enemies":"3 Sentries","floor":10.0,"turns":21.0},{"damage":0.0,"enemies":"Looter","floor":11.0,"turns":2.0},{"damage":10.0,"enemies":"Exordium Thugs","floor":13.0,"turns":4.0},{"damage":0.0,"enemies":"Slime Boss","floor":16.0,"turns":8.0},{"damage":0.0,"enemies":"Shell Parasite","floor":18.0,"turns":5.0},{"damage":8,"enemies":"2 Thieves","floor":21,"turns":5},{"damage":2,"enemies":"3 Cultists","floor":25,"turns":7},{"damage":6,"enemies":"Centurion and Healer","floor":30,"turns":5},{"damage":0,"enemies":"Chosen and Byrds","floor":31,"turns":5},{"damage":3,"enemies":"Champ","floor":33,"turns":10},{"damage":3,"enemies":"Orb Walker","floor":35,"turns":4},{"damage":0,"enemies":"3 Shapes","floor":36,"turns":5},{"damage":0,"enemies":"Mind Bloom Boss Battle","floor":37,"turns":4},{"damage":12,"enemies":"Nemesis","floor":40,"turns":5},{"damage":13,"enemies":"3 Darklings","floor":45,"turns":4},{"damage":0,"enemies":"Writhing Mass","floor":48,"turns":8},{"damage":0,"enemies":"Time Eater","floor":50,"turns":9}],"seed_played":"-7014993348735365724","potions_obtained":[{"floor":2.0,"key":"AttackPotion"},{"floor":5.0,"key":"SkillPotion"},{"floor":11.0,"key":"EntropicBrew"},{"floor":16.0,"key":"DuplicationPotion"},{"floor":25,"key":"SpeedPotion"},{"floor":31,"key":"Swift Potion"},{"floor":35,"key":"Dexterity Potion"},{"floor":45,"key":"FearPotion"}],"is_trial":false,"path_per_floor":["M","M","?","M","M","R","?","R","T","E","M","$","M","?","R","B",null,"M","?","?","M","$","R","$","M","T","R","T","$","M","M","R","B",null,"M","M","?","$","?","E","R","$","T","R","M","$","?","M","R","B",null],"character_chosen":"THE_SERVANT","items_purchased":["Membership Card","KillingDoll","Potion Belt","InstantArmor","Enlightenment","Bag of Marbles","Pen Nib","DoubleEdge","Flash of Steel","Sabotage","BottledTime"],"campfire_rested":2,"item_purchase_floors":[12,12,12,22,22,22,38,38,38,42,42],"current_hp_per_floor":[65,65,54,54,51,51,51,65,65,38,43,43,38,38,57,65,65,65,65,65,62,62,62,62,63,63,63,63,63,65,65,65,65,65,65,65,65,65,62,61,61,61,61,62,60,60,60,62,62,62],"gold":45,"neow_bonus":"THREE_ENEMY_KILL","is_daily":false,"chose_seed":false,"campfire_upgraded":7,"win_rate":0.0,"timestamp":1611418579,"path_taken":["M","M","?","M","M","R","?","R","T","E","?","$","M","?","R","BOSS","M","?","?","?","?","R","?","M","T","R","?","$","M","M","R","BOSS","M","M","?","$","?","E","R","$","T","R","M","?","?","M","R","BOSS"],"items_purchased_type":["Relic","Card","Relic","Card","Card","Relic","Relic","Card","Card","Card","Card"],"build_version":"2020-12-22","purchased_purges":3,"victory":true,"max_hp_per_floor":[65,65,65,65,65,65,65,65,65,65,65,65,65,65,65,65,65,65,65,65,65,65,65,65,65,65,65,65,65,65,65,65,65,65,65,65,65,65,62,62,62,62,62,62,62,62,62,62,62,62],"card_choices":[{"not_picked":["BottledTime","TimeWarp"],"picked":"GearUp","floor":1.0},{"not_picked":["Defy","Replace"],"picked":"Revamp","floor":2.0},{"not_picked":["Moonlight","Ricochet"],"picked":"FastForward","floor":4.0},{"not_picked":["Rearm","SurpressingFire"],"picked":"RealityMarble","floor":5.0},{"not_picked":["Desolation","TimeWarp"],"picked":"Initiator","floor":10.0},{"not_picked":["DoubleEdge","ShiftingGears"],"picked":"Defy","floor":11.0},{"not_picked":["Gouge","Potential"],"picked":"Rewind","floor":13.0},{"not_picked":["FloweringNight","PendulumOfEternity"],"picked":"FlawlessForm","floor":16.0},{"not_picked":["Defy+1","Unruled"],"picked":"Luminosity","floor":18.0},{"not_picked":["FastForward","Alleviate+1"],"picked":"Misdirection","floor":21},{"not_picked":["Revamp+1","Starlight"],"picked":"Spin+1","floor":25},{"not_picked":["PendulumOfEternity","RealityMarble"],"picked":"BottledTime","floor":30},{"not_picked":["TimeWarp","Read"],"picked":"Rearm","floor":31},{"not_picked":["LightFlow","Deny"],"picked":"TheWorld","floor":33},{"not_picked":["FanOfKnives","Potential+1","FastForward+1"],"picked":"SKIP","floor":35},{"not_picked":["Collapse","Hightail"],"picked":"Shuttle","floor":36},{"not_picked":["FastForward","Revamp"],"picked":"BottledTime","floor":37},{"not_picked":["Revamp+1","RealityMarble"],"picked":"Hightail+1","floor":40},{"not_picked":["Defy+1","Moonlight+1"],"picked":"SilverBlades+1","floor":45},{"not_picked":["Potential","WasteNot+1"],"picked":"KillingDoll","floor":48}],"player_experience":144348,"relics_obtained":[{"floor":9.0,"key":"Meat on the Bone"},{"floor":10.0,"key":"Oddly Smooth Stone"},{"floor":26,"key":"theSenshi:FeatherClipsRelic"},{"floor":28,"key":"Dream Catcher"},{"floor":37,"key":"Ice Cream"},{"floor":40,"key":"War Paint"},{"floor":43,"key":"Eternal Feather"}],"event_choices":[{"damage_healed":0.0,"max_hp_gain":0.0,"max_hp_loss":0.0,"gold_gain":75.0,"event_name":"World of Goop","player_choice":"Gather Gold","floor":3.0,"gold_loss":0.0,"damage_taken":11.0},{"damage_healed":0.0,"max_hp_gain":0.0,"max_hp_loss":0.0,"gold_gain":0.0,"cards_transformed":["Strike_S"],"event_name":"Transmorgrifier","player_choice":"Transformed","floor":7.0,"gold_loss":0.0,"damage_taken":0.0,"cards_obtained":["SpecialFormula"]},{"cards_removed":["Strike_S"],"damage_healed":0.0,"max_hp_gain":0.0,"max_hp_loss":0.0,"gold_gain":0.0,"event_name":"The Cleric","player_choice":"Card Removal","floor":14.0,"gold_loss":50.0,"damage_taken":0.0},{"damage_healed":0.0,"max_hp_gain":0.0,"max_hp_loss":0.0,"gold_gain":99.0,"event_name":"Nest","player_choice":"Stole From Cult","floor":19.0,"gold_loss":0.0,"damage_taken":0.0},{"damage_healed":0.0,"max_hp_gain":0.0,"max_hp_loss":0.0,"gold_gain":0.0,"event_name":"The Mausoleum","player_choice":"Opened","floor":20.0,"gold_loss":0.0,"damage_taken":0.0,"relics_obtained":["Bag of Preparation"],"cards_obtained":["Writhe"]},{"damage_healed":0,"gold_gain":0,"player_choice":"Fight","damage_taken":0,"max_hp_gain":0,"max_hp_loss":0,"event_name":"MindBloom","floor":37,"gold_loss":0},{"damage_healed":0,"gold_gain":0,"player_choice":"Max HP","damage_taken":0,"max_hp_gain":0,"max_hp_loss":3,"event_name":"Winding Halls","floor":39,"gold_loss":0},{"damage_healed":0,"gold_gain":0,"player_choice":"Ignored","damage_taken":0,"max_hp_gain":0,"max_hp_loss":0,"event_name":"SecretPortal","floor":47,"gold_loss":0}],"is_beta":false,"boss_relics":[{"not_picked":["Tiny House","Fusion Hammer"],"picked":"SplendidAttire"},{"not_picked":["Calling Bell","Coffee Dripper"],"picked":"SlaversCollar"}],"items_purged_floors":[29,38,46],"is_endless":false,"potions_floor_spawned":[2,5,11,16,25,31,35,45],"ascension_level":0}}