{"host":"fmb9x04chdot191d","time":1611378023,"event":{"mods":["2.2 Compatiblity","AchievementEnabler","BaseMod","BetterRewards","Colored Map","Downfall","Hermit","Highlight Path","Marisa（霧雨　魔理沙）","Minty Spire (QoL Compilation)","Permanent Neow","Quick Restart","Rare Cards Sparkle","StSLib","The Servant 0.9.4","[IsaacMod]以撒尖塔"],"gold_per_floor":[119,119,48,48,48,73,83,103,127,160,160,187,73,116,116,215,215,233,252,252,252,252],"floor_reached":21,"language":"ENG","playtime":1074,"items_purged":[],"score":195,"play_id":"021fb892-f9b8-40f1-8a09-d19930275479","local_time":"20210123180023","is_ascension_mode":false,"campfire_choices":[{"floor":11,"key":"REST"},{"floor":15,"key":"REST"}],"circlet_count":0,"master_deck":["Strike_G","Strike_G","Strike_G","Strike_G","Defend_G","Defend_G","Defend_G","Defend_G","Defend_G","Survivor","Neutralize","Noxious Fumes+1","Crippling Poison","Deadly Poison","Deadly Poison","Envenom","Riddle With Holes","Deadly Poison+1","Good Instincts+1","Phantasmal Killer+1","Acrobatics+1","Bouncing Flask+1","Envenom"],"relics":["Ring of the Snake","HushsDoor","YumHeart","Regal Pillow","Lantern","Toxic Egg 2","Bottled Tornado"],"acts_visited":["Exordium","TheCity"],"potions_floor_usage":[10,12],"damage_taken":[{"damage":0,"enemies":"2 Louse","floor":1,"turns":4},{"damage":24,"enemies":"3 Sentries","floor":6,"turns":7},{"damage":1,"enemies":"Cultist","floor":7,"turns":4},{"damage":7,"enemies":"Small Slimes","floor":8,"turns":4},{"damage":14,"enemies":"Gremlin Nob","floor":10,"turns":4},{"damage":6,"enemies":"3 Sentries","floor":12,"turns":6},{"damage":25,"enemies":"Hexaghost","floor":16,"turns":8},{"damage":18,"enemies":"3 Byrds","floor":18,"turns":4},{"damage":31,"enemies":"2 Thieves","floor":19,"turns":5},{"damage":31,"enemies":"3 Cultists","floor":21,"turns":4}],"seed_played":"-7931904547634258192","potions_obtained":[{"floor":1,"key":"champ:CounterPotion"},{"floor":8,"key":"CunningPotion"},{"floor":10,"key":"AttackPotion"}],"is_trial":false,"path_per_floor":["M","?","$","?","?","E","M","M","T","E","R","E","$","?","R","B",null,"M","M","?","M"],"character_chosen":"THE_SILENT","items_purchased":["Noxious Fumes","Deadly Poison+1","Good Instincts+1"],"campfire_rested":2,"item_purchase_floors":[3,13,13],"current_hp_per_floor":[70,70,70,70,75,51,50,43,43,29,66,60,60,45,75,50,75,57,26,26,0,0],"gold":252,"neow_bonus":"REMOVE_CARD","is_daily":false,"chose_seed":false,"campfire_upgraded":0,"win_rate":0.0,"timestamp":1611378023,"path_taken":["M","?","?","?","?","E","M","M","T","E","R","E","$","?","R","BOSS","M","M","?","M"],"items_purchased_type":["Card","Card","Card"],"build_version":"2020-12-22","purchased_purges":0,"victory":false,"max_hp_per_floor":[70,70,70,70,75,75,75,75,75,75,75,75,75,75,75,75,75,75,75,75,75,75],"card_choices":[{"not_picked":["PiercingWail","Prepared","Eviscerate"],"picked":"SKIP","floor":1},{"not_picked":["Flying Knee","Bane"],"picked":"Crippling Poison","floor":6},{"not_picked":["Escape Plan","Underhanded Strike"],"picked":"Deadly Poison","floor":7},{"not_picked":["Infinite Blades","Quick Slash"],"picked":"Deadly Poison","floor":8},{"not_picked":["Deflect+1","Bane"],"picked":"Envenom","floor":10},{"not_picked":["Eviscerate","Infinite Blades"],"picked":"Riddle With Holes","floor":12},{"not_picked":["A Thousand Cuts","Tools of the Trade"],"picked":"Phantasmal Killer+1","floor":16},{"not_picked":["PiercingWail+1","Reflex+1"],"picked":"Acrobatics+1","floor":18},{"not_picked":["Backflip+1","Reflex+1"],"picked":"Bouncing Flask+1","floor":19}],"player_experience":39845,"relics_obtained":[{"floor":6,"key":"Regal Pillow"},{"floor":9,"key":"Lantern"},{"floor":10,"key":"Toxic Egg 2"},{"floor":12,"key":"Bottled Tornado"}],"event_choices":[{"damage_healed":0,"gold_gain":0,"player_choice":"Ignored","damage_taken":0,"max_hp_gain":0,"max_hp_loss":0,"event_name":"Liars Game","floor":2,"gold_loss":0},{"damage_healed":0,"gold_gain":0,"player_choice":"Upgraded","damage_taken":0,"max_hp_gain":0,"max_hp_loss":0,"event_name":"Upgrade Shrine","floor":4,"gold_loss":0,"cards_upgraded":["Noxious Fumes"]},{"damage_healed":0,"gold_gain":0,"player_choice":"Donut","damage_taken":0,"max_hp_gain":5,"max_hp_loss":0,"event_name":"Big Fish","floor":5,"gold_loss":0},{"damage_healed":0,"gold_gain":0,"player_choice":"Copied","damage_taken":0,"max_hp_gain":0,"max_hp_loss":0,"event_name":"Duplicator","floor":20,"gold_loss":0,"cards_obtained":["Envenom"]}],"is_beta":false,"boss_relics":[{"not_picked":["Runic Dome","Ectoplasm","bronze:MakeshiftBattery"]}],"items_purged_floors":[],"is_endless":false,"potions_floor_spawned":[1,8,10],"killed_by":"3 Cultists","ascension_level":0}}