{"host":"y24pqu7jih1n8m3t","time":1611374588,"event":{"mods":["AchievementEnabler","BaseMod","Bestiary","Block Reminder","Colored Map","Colored Powertips","DeckTracker","Highlight Path","Minty Spire (QoL Compilation)","Permanent Neow","Quick Restart","Rare Cards Sparkle","Relic Stats"],"gold_per_floor":[111,131,141,141,165,165,165],"floor_reached":6,"language":"ENG","playtime":572,"items_purged":[],"score":42,"play_id":"69a57815-ed48-46f8-a95c-81d4f396b6fb","local_time":"20210122230308","is_ascension_mode":true,"campfire_choices":[],"circlet_count":0,"master_deck":["Strike_G","Strike_G","Strike_G","Strike_G","Strike_G","Defend_G","Defend_G","Defend_G","Defend_G","Defend_G","Survivor","Neutralize","Backflip","Heel Hook","Acrobatics","Cloak And Dagger"],"relics":["Ring of the Snake","Bronze Scales","Golden Idol"],"acts_visited":["Exordium"],"potions_floor_usage":[5,6],"damage_taken":[{"damage":0,"enemies":"Jaw Worm","floor":1,"turns":6},{"damage":0,"enemies":"2 Louse","floor":2,"turns":3},{"damage":1,"enemies":"Small Slimes","floor":3,"turns":4},{"damage":15,"enemies":"Gremlin Gang","floor":5,"turns":5},{"damage":41,"enemies":"Lagavulin","floor":6,"turns":9}],"seed_played":"-3055148227299746075","potions_obtained":[{"floor":2,"key":"SkillPotion"},{"floor":5,"key":"Block Potion"}],"is_trial":false,"path_per_floor":["M","M","M","?","M","E"],"character_chosen":"THE_SILENT","items_purchased":[],"campfire_rested":0,"item_purchase_floors":[],"current_hp_per_floor":[70,70,69,52,37,0,0],"gold":165,"neow_bonus":"RANDOM_COMMON_RELIC","is_daily":false,"chose_seed":false,"campfire_upgraded":0,"win_rate":0.0,"timestamp":1611374588,"path_taken":["M","M","M","?","M","E"],"items_purchased_type":[],"build_version":"2020-12-22","purchased_purges":0,"victory":false,"max_hp_per_floor":[70,70,70,70,70,70,70],"relic_stats":{"counters":[5,27],"Golden Idol":5,"Bronze Scales":[77],"obtain_stats":[{"Golden Idol":4,"Bronze Scales":0,"Ring of the Snake":0},{"Golden Idol":3,"Bronze Scales":0,"Ring of the Snake":0},{"Golden Idol":13,"Bronze Scales":0,"Ring of the Snake":0}],"Ring of the Snake":[10]},"card_choices":[{"not_picked":["Quick Slash","Slice"],"picked":"Backflip","floor":1},{"not_picked":["Sucker Punch","Dodge and Roll"],"picked":"Heel Hook","floor":2},{"not_picked":["Expertise","Skewer"],"picked":"Acrobatics","floor":3},{"not_picked":["Predator","Deadly Poison"],"picked":"Cloak And Dagger","floor":5}],"player_experience":135650,"relics_obtained":[],"event_choices":[{"damage_healed":0,"gold_gain":0,"player_choice":"Take Damage","damage_taken":17,"relics_obtained":["Golden Idol"],"max_hp_gain":0,"max_hp_loss":0,"event_name":"Golden Idol","floor":4,"gold_loss":0}],"is_beta":false,"boss_relics":[],"items_purged_floors":[],"is_endless":false,"potions_floor_spawned":[2,5],"killed_by":"Lagavulin","ascension_level":2}}