{"host":"j4g6ia6asvpyu2b0","time":1611360168,"event":{"mods":["BaseMod","Colored Map","Minty Spire (QoL Compilation)","Permanent Neow","Quick Restart","Relic Stats","StSLib","Unceasing Turn Reminder"],"gold_per_floor":[116,266,266,276,326,326,352,352,397,411,411,430,459,474,474,474,474],"floor_reached":16,"language":"ENG","playtime":352,"items_purged":[],"score":193,"play_id":"82fc8aa5-e48b-4d4a-a23a-741ddb39db26","local_time":"20210122170248","is_ascension_mode":true,"campfire_choices":[{"data":"Combust","floor":6,"key":"SMITH"},{"floor":8,"key":"REST"},{"data":"Inflame","floor":11,"key":"SMITH"},{"floor":15,"key":"REST"}],"circlet_count":0,"master_deck":["AscendersBane","Strike_R","Strike_R","Strike_R","Strike_R","Strike_R","Defend_R","Defend_R","Defend_R","Defend_R+1","Bash+1","Writhe","Twin Strike","Doubt","Combust+1","Inflame+1","Shrug It Off+1","Anger","Armaments+1","Pommel Strike","Armaments+1"],"relics":["Burning Blood","Magic Flower","Toxic Egg 2","Prayer Wheel"],"acts_visited":["Exordium"],"potions_floor_usage":[7,13,14],"damage_taken":[{"damage":0.0,"enemies":"2 Louse","floor":1.0,"turns":3.0},{"damage":7.0,"enemies":"Small Slimes","floor":4.0,"turns":4.0},{"damage":38,"enemies":"3 Sentries","floor":7,"turns":6},{"damage":20,"enemies":"Jaw Worm","floor":10,"turns":4},{"damage":12,"enemies":"3 Louse","floor":12,"turns":4},{"damage":19,"enemies":"Lagavulin","floor":13,"turns":5},{"damage":3,"enemies":"Red Slaver","floor":14,"turns":3},{"damage":46,"enemies":"Slime Boss","floor":16,"turns":7}],"seed_played":"-4531496846259425899","potions_obtained":[{"floor":1.0,"key":"SkillPotion"},{"floor":4.0,"key":"LiquidMemories"},{"floor":7,"key":"PowerPotion"},{"floor":13,"key":"EssenceOfSteel"}],"is_trial":false,"path_per_floor":["M","?","?","M","?","R","E","R","T","M","R","M","E","M","R","B"],"character_chosen":"IRONCLAD","items_purchased":[],"campfire_rested":2,"item_purchase_floors":[],"current_hp_per_floor":[75,75,52,54,47,47,18,40,40,29,29,26,16,22,44,0,0],"gold":474,"neow_bonus":"ONE_RARE_RELIC","is_daily":false,"chose_seed":false,"campfire_upgraded":2,"win_rate":0.0,"timestamp":1611360168,"path_taken":["M","?","?","?","?","R","E","R","T","M","R","?","E","?","R","BOSS"],"items_purchased_type":[],"build_version":"2020-12-22","purchased_purges":0,"victory":false,"max_hp_per_floor":[75,75,75,75,75,75,75,75,75,75,75,75,75,75,75,75,75],"relic_stats":{"counters":[8,36],"Magic Flower":[19],"Prayer Wheel":1,"obtain_stats":[{"Magic Flower":0,"Prayer Wheel":13,"Toxic Egg 2":7,"Burning Blood":0},{"Magic Flower":0,"Prayer Wheel":6,"Toxic Egg 2":3,"Burning Blood":0},{"Magic Flower":0,"Prayer Wheel":26,"Toxic Egg 2":13,"Burning Blood":0}],"Burning Blood":61},"card_choices":[{"not_picked":["Havoc","Wild Strike"],"picked":"Twin Strike","floor":1.0},{"not_picked":["Sword Boomerang","Cleave"],"picked":"Combust","floor":4.0},{"not_picked":["Twin Strike","Havoc+1"],"picked":"Inflame","floor":7},{"not_picked":["Anger","Fire Breathing"],"picked":"Shrug It Off+1","floor":10},{"not_picked":["Clash","Heavy Blade"],"picked":"Anger","floor":12},{"not_picked":["Clothesline","Blood for Blood"],"picked":"Armaments+1","floor":13},{"not_picked":["Warcry+1","Iron Wave"],"picked":"Pommel Strike","floor":14},{"not_picked":["Perfected Strike","Inflame"],"picked":"Armaments+1","floor":14}],"player_experience":942358,"relics_obtained":[{"floor":7,"key":"Toxic Egg 2"},{"floor":13,"key":"Prayer Wheel"}],"event_choices":[{"damage_healed":0.0,"max_hp_gain":0.0,"max_hp_loss":0.0,"gold_gain":150.0,"event_name":"Liars Game","player_choice":"AGREE","floor":2.0,"gold_loss":0.0,"damage_taken":0.0,"cards_obtained":["Doubt"]},{"damage_healed":0.0,"max_hp_gain":0.0,"max_hp_loss":0.0,"gold_gain":0.0,"event_name":"Shining Light","player_choice":"Entered Light","floor":3.0,"gold_loss":0.0,"damage_taken":23.0,"cards_upgraded":["Bash","Defend_R"]},{"damage_healed":0,"gold_gain":50,"player_choice":"Touch","damage_taken":7,"max_hp_gain":0,"max_hp_loss":0,"event_name":"FaceTrader","floor":5,"gold_loss":0}],"is_beta":false,"boss_relics":[],"items_purged_floors":[],"is_endless":false,"potions_floor_spawned":[1,4,7,13],"killed_by":"Slime Boss","ascension_level":15}}