{"host":"9n6i2vl93jt4o42q","time":1611414066,"event":{"mods":["BaseMod","Minty Spire (QoL Compilation)","Relic Stats"],"gold_per_floor":[129,11,41,96,96,96,76,113,192,192,248,274,308,308,308,403,403,436,436,436,469,394,455,1,1,1,65,92,11,52,112,112,225,225,239,239,293,384,36,36,72,72,72,110,110,141,34,70,70,95,95,95],"floor_reached":51,"language":"ENG","playtime":5490,"items_purged":["Strike_R","Strike_R+1"],"score":1536,"play_id":"fc0a0242-6789-42a1-b9b4-8aeb35ac3f05","local_time":"20210123160106","is_ascension_mode":true,"campfire_choices":[{"data":"True Grit","floor":6.0,"key":"SMITH"},{"data":"Bash","floor":10.0,"key":"SMITH"},{"floor":15.0,"key":"REST"},{"floor":25.0,"key":"REST"},{"data":"Barricade","floor":32.0,"key":"SMITH"},{"floor":40.0,"key":"RECALL"},{"data":"Demon Form","floor":42.0,"key":"SMITH"},{"data":"Impervious","floor":45.0,"key":"SMITH"},{"data":"Armaments","floor":49.0,"key":"SMITH"}],"circlet_count":0,"master_deck":["AscendersBane","Strike_R+1","Strike_R+1","Defend_R+1","Defend_R+1","Defend_R+1","Defend_R+1","Bash+1","HandOfGreed","Anger","Spot Weakness","True Grit+1","Sentinel","Power Through","Battle Trance","Intimidate","Impervious+1","Pommel Strike","Reaper","Shrug It Off","Inflame","Feel No Pain","Double Tap","Barricade+1","Whirlwind","True Grit+1","Limit Break","Headbutt","Demon Form+1","Pummel","Entrench","Inflame","Shockwave","Twin Strike+1","Metallicize","Armaments+1","Juggernaut"],"relics":["Burning Blood","Paper Frog","Dream Catcher","Golden Idol","Velvet Choker","Blue Candle","Smiling Mask","Shuriken","Dead Branch","Mummified Hand","Nunchaku","Snecko Eye","The Courier","Bird Faced Urn","Medical Kit","Mercury Hourglass","Pantograph"],"acts_visited":["Exordium","TheCity","TheBeyond"],"potions_floor_usage":[51],"damage_taken":[{"damage":0.0,"enemies":"Cultist","floor":1.0,"turns":2.0},{"damage":12.0,"enemies":"Jaw Worm","floor":3.0,"turns":3.0},{"damage":6.0,"enemies":"Small Slimes","floor":4.0,"turns":4.0},{"damage":6.0,"enemies":"Blue Slaver","floor":8.0,"turns":5.0},{"damage":4.0,"enemies":"3 Louse","floor":11.0,"turns":5.0},{"damage":10.0,"enemies":"Lagavulin","floor":12.0,"turns":4.0},{"damage":6.0,"enemies":"Looter","floor":13.0,"turns":3.0},{"damage":21.0,"enemies":"The Guardian","floor":16.0,"turns":10.0},{"damage":22.0,"enemies":"2 Thieves","floor":18.0,"turns":4.0},{"damage":1.0,"enemies":"Chosen","floor":21.0,"turns":5.0},{"damage":54.0,"enemies":"Slavers","floor":23.0,"turns":6.0},{"damage":43.0,"enemies":"Gremlin Leader","floor":27.0,"turns":7.0},{"damage":5.0,"enemies":"Centurion and Healer","floor":30.0,"turns":9.0},{"damage":4.0,"enemies":"Sentry and Sphere","floor":31.0,"turns":11.0},{"damage":10.0,"enemies":"Champ","floor":33.0,"turns":17.0},{"damage":4.0,"enemies":"Orb Walker","floor":35.0,"turns":4.0},{"damage":0.0,"enemies":"3 Shapes","floor":37.0,"turns":4.0},{"damage":0.0,"enemies":"Mind Bloom Boss Battle","floor":38.0,"turns":17.0},{"damage":28.0,"enemies":"Reptomancer","floor":41.0,"turns":6.0},{"damage":0.0,"enemies":"Maw","floor":44.0,"turns":7.0},{"damage":0.0,"enemies":"Nemesis","floor":46.0,"turns":9.0},{"damage":2.0,"enemies":"3 Darklings","floor":48.0,"turns":5.0},{"damage":58.0,"enemies":"Donu and Deca","floor":50.0,"turns":8.0},{"damage":70,"enemies":"Awakened One","floor":51,"turns":3}],"seed_played":"3129292223016753216","potions_obtained":[{"floor":4.0,"key":"Swift Potion"},{"floor":7.0,"key":"HeartOfIron"},{"floor":12.0,"key":"SneckoOil"},{"floor":16.0,"key":"CultistPotion"},{"floor":18.0,"key":"LiquidMemories"},{"floor":27.0,"key":"ElixirPotion"},{"floor":30.0,"key":"DuplicationPotion"},{"floor":33.0,"key":"SpeedPotion"},{"floor":41.0,"key":"GamblersBrew"},{"floor":44.0,"key":"LiquidMemories"},{"floor":46.0,"key":"PowerPotion"}],"is_trial":false,"path_per_floor":["M","$","M","M","?","R","?","M","T","R","M","E","M","?","R","B",null,"M","?","?","M","?","E","$","R","T","E","T","$","M","M","R","B",null,"M","T","M","?","$","R","E","R","T","M","R","E","$","M","R","B","B"],"character_chosen":"IRONCLAD","items_purchased":["Spot Weakness","Shuriken","Feel No Pain","Double Tap","Whirlwind","Entrench","Medical Kit","Inflame","Shockwave","Metallicize","Armaments"],"campfire_rested":2,"item_purchase_floors":[2,24,24,24,29,39,39,39,39,47,47],"current_hp_per_floor":[68,68,62,62,55,55,55,55,55,55,57,53,53,30,50,35,60,51,51,51,60,60,35,35,55,55,68,68,68,68,68,68,64,67,68,68,68,68,68,68,68,68,68,68,68,68,68,68,68,68,0,0],"gold":95,"neow_bonus":"RANDOM_COLORLESS_2","is_daily":false,"chose_seed":false,"campfire_upgraded":6,"win_rate":0.0,"timestamp":1611414066,"path_taken":["M","$","?","M","?","R","?","?","T","R","M","E","M","?","R","BOSS","M","?","?","M","?","E","$","R","T","E","?","?","?","M","R","BOSS","M","?","M","?","$","R","E","R","T","M","R","E","$","M","R","BOSS","BOSS"],"items_purchased_type":["Card","Relic","Card","Card","Card","Card","Relic","Card","Card","Card","Card"],"build_version":"2020-12-22","purchased_purges":2,"victory":false,"max_hp_per_floor":[68,68,68,68,68,68,68,68,68,68,68,68,68,68,68,68,68,68,68,68,68,68,68,68,68,68,68,68,68,68,68,68,68,68,68,68,68,68,68,68,68,68,68,68,68,68,68,68,68,68,68,68],"relic_stats":{"counters":[24,158],"Golden Idol":120,"Blue Candle":[2],"Dead Branch":[151],"Smiling Mask":30,"Medical Kit":[11],"Burning Blood":80,"Mercury Hourglass":[107],"Dream Catcher":2,"Nunchaku":[13],"Shuriken":[15],"Mummified Hand":[131],"Bird Faced Urn":[18],"Pantograph":0,"Snecko Eye":[129,111,83,127],"obtain_stats":[{"Golden Idol":14,"Blue Candle":19,"Dead Branch":26,"Velvet Choker":17,"The Courier":36,"Smiling Mask":23,"Medical Kit":39,"Burning Blood":0,"Mercury Hourglass":41,"Dream Catcher":12,"Nunchaku":28,"Shuriken":24,"Mummified Hand":27,"Bird Faced Urn":38,"Pantograph":46,"Snecko Eye":34,"Paper Frog":9},{"Golden Idol":7,"Blue Candle":9,"Dead Branch":11,"Velvet Choker":8,"The Courier":16,"Smiling Mask":11,"Medical Kit":18,"Burning Blood":0,"Mercury Hourglass":19,"Dream Catcher":6,"Nunchaku":12,"Shuriken":11,"Mummified Hand":12,"Bird Faced Urn":18,"Pantograph":21,"Snecko Eye":15,"Paper Frog":4},{"Golden Idol":26,"Blue Candle":40,"Dead Branch":51,"Velvet Choker":36,"The Courier":99,"Smiling Mask":51,"Medical Kit":120,"Burning Blood":0,"Mercury Hourglass":126,"Dream Catcher":23,"Nunchaku":58,"Shuriken":51,"Mummified Hand":58,"Bird Faced Urn":120,"Pantograph":142,"Snecko Eye":95,"Paper Frog":14}]},"card_choices":[{"not_picked":["Panache","Thinking Ahead"],"picked":"HandOfGreed","floor":0.0},{"not_picked":["Flex","Burning Pact"],"picked":"Anger","floor":1.0},{"not_picked":["Clothesline","Searing Blow"],"picked":"True Grit","floor":3.0},{"not_picked":["Warcry","Wild Strike"],"picked":"Sentinel","floor":4.0},{"not_picked":["Perfected Strike","Clothesline"],"picked":"Power Through","floor":8.0},{"not_picked":["Pommel Strike","Rampage"],"picked":"Battle Trance","floor":11.0},{"not_picked":["Clothesline","Evolve"],"picked":"Intimidate","floor":12.0},{"not_picked":["Infernal Blade","Reckless Charge"],"picked":"Impervious","floor":13.0},{"not_picked":["Warcry","Sword Boomerang"],"picked":"Pommel Strike","floor":15.0},{"not_picked":["Exhume","Corruption"],"picked":"Reaper","floor":16.0},{"not_picked":["Seeing Red","True Grit"],"picked":"Shrug It Off","floor":18.0},{"not_picked":["Wild Strike","Heavy Blade"],"picked":"Inflame","floor":21.0},{"not_picked":["True Grit","Power Through","Sword Boomerang"],"picked":"SKIP","floor":23.0},{"not_picked":["Twin Strike","Searing Blow+1"],"picked":"Barricade","floor":25.0},{"not_picked":["Perfected Strike","Anger","Warcry"],"picked":"SKIP","floor":27.0},{"not_picked":["Clash+1","Sentinel"],"picked":"True Grit+1","floor":30.0},{"not_picked":["Flex+1","Combust","Iron Wave"],"picked":"SKIP","floor":31.0},{"not_picked":["Brutality","Double Tap"],"picked":"Limit Break","floor":33.0},{"not_picked":["True Grit","Sword Boomerang"],"picked":"Headbutt","floor":35.0},{"not_picked":["Intimidate+1","Body Slam"],"picked":"Demon Form","floor":37.0},{"not_picked":["Headbutt+1","Clothesline"],"picked":"Pummel","floor":38.0},{"not_picked":["Anger","Perfected Strike","Feel No Pain"],"picked":"SKIP","floor":41.0},{"not_picked":["Hemokinesis+1","Bloodletting"],"picked":"Twin Strike+1","floor":44.0},{"not_picked":["Cleave+1","Iron Wave","Dual Wield"],"picked":"SKIP","floor":46.0},{"not_picked":["Twin Strike+1","Rampage+1"],"picked":"Juggernaut","floor":48.0}],"player_experience":2244031,"relics_obtained":[{"floor":9.0,"key":"Paper Frog"},{"floor":12.0,"key":"Dream Catcher"},{"floor":23.0,"key":"Smiling Mask"},{"floor":26.0,"key":"Dead Branch"},{"floor":27.0,"key":"Mummified Hand"},{"floor":28.0,"key":"Nunchaku"},{"floor":36.0,"key":"The Courier"},{"floor":38.0,"key":"Bird Faced Urn"},{"floor":41.0,"key":"Mercury Hourglass"},{"floor":46.0,"key":"Pantograph"}],"event_choices":[{"cards_removed":["Strike_R"],"damage_healed":0.0,"max_hp_gain":0.0,"max_hp_loss":0.0,"gold_gain":0.0,"event_name":"Golden Wing","player_choice":"Card Removal","floor":5.0,"gold_loss":0.0,"damage_taken":7.0},{"damage_healed":0.0,"max_hp_gain":0.0,"max_hp_loss":0.0,"gold_gain":0.0,"event_name":"The Woman in Blue","player_choice":"Bought 1 Potion","floor":7.0,"gold_loss":0.0,"damage_taken":0.0},{"damage_healed":0.0,"max_hp_gain":0.0,"max_hp_loss":0.0,"gold_gain":0.0,"event_name":"Golden Idol","player_choice":"Take Damage","floor":14.0,"gold_loss":0.0,"damage_taken":23.0,"relics_obtained":["Golden Idol"]},{"damage_healed":0.0,"max_hp_gain":0.0,"max_hp_loss":0.0,"gold_gain":0.0,"event_name":"The Mausoleum","player_choice":"Opened","floor":19.0,"gold_loss":0.0,"damage_taken":0.0,"relics_obtained":["Blue Candle"],"cards_obtained":["Writhe"]},{"damage_healed":0.0,"max_hp_gain":0.0,"max_hp_loss":0.0,"gold_gain":0.0,"event_name":"Back to Basics","player_choice":"Simplicity","floor":20.0,"gold_loss":0.0,"damage_taken":0.0,"cards_upgraded":["Strike_R","Strike_R","Strike_R","Defend_R","Defend_R","Defend_R","Defend_R"]},{"cards_removed":["Writhe"],"damage_healed":0.0,"max_hp_gain":0.0,"max_hp_loss":0.0,"gold_gain":0.0,"event_name":"Beggar","player_choice":"Gave Gold","floor":22.0,"gold_loss":75.0,"damage_taken":0.0},{"damage_healed":0.0,"max_hp_gain":0.0,"max_hp_loss":0.0,"gold_gain":0.0,"event_name":"MindBloom","player_choice":"Fight","floor":38.0,"gold_loss":0.0,"damage_taken":0.0}],"is_beta":false,"boss_relics":[{"not_picked":["Fusion Hammer","Sozu"],"picked":"Velvet Choker"},{"not_picked":["Tiny House","SacredBark"],"picked":"Snecko Eye"}],"items_purged_floors":[2,39],"is_endless":false,"potions_floor_spawned":[4,12,13,16,18,27,30,33,37,41,44,46],"killed_by":"Awakened One","ascension_level":20}}