{"host":"y7b1p9nkx4idorr2","time":1611414772,"event":{"mods":["AchievementEnabler","Act Like it!","Aspiration","BaseMod","Better Altar","Better Match","Better Note","Better Sensory Stone","Better Skull","Better Third Choice","BetterRewards","Colored Map","Conspire","Downfall","GifTheSpireLib","Googly Eyes","Highlight Path","Hubris","Mimic Mod","Minty Spire (QoL Compilation)","Replay The Spire","Shop Mod","Spicy Shops","StSLib","Stuff the Spire","Unceasing Turn Reminder"],"gold_per_floor":[99,117,132,117,160,300,300,100,236,251,270,290,290,310,322,422,422,322,338,350,366,366,366,366,381,366,366,470,470,470,93,112,112,112,112],"floor_reached":33,"language":"ENG","playtime":2207,"items_purged":["Slimebound:Strike_Slimebound"],"score":344,"play_id":"031dc4c0-a7fd-4bf3-af22-2ba0db5a2701","local_time":"20210123091252","is_ascension_mode":true,"campfire_choices":[{"floor":1,"key":"RECALL"},{"floor":8,"key":"REST"},{"data":"Slimebound:Darklings","floor":18,"key":"SMITH"},{"floor":23,"key":"REST"},{"data":"Slimebound:Overexert","floor":27,"key":"SMITH"}],"circlet_count":0,"master_deck":["Slimebound:Strike_Slimebound","Slimebound:Strike_Slimebound","Slimebound:Tackle","Slimebound:Defend_Slimebound","Slimebound:Defend_Slimebound","Slimebound:Defend_Slimebound","Slimebound:Defend_Slimebound+1","Slimebound:Split","Slimebound:CorrosiveSpit","Slimebound:SamplingLick+1","Slimebound:Repurpose","Slimebound:RallyTheTroops","Slimebound:RollThrough","Slimebound:SplitAcid","Slimebound:SplitMire","Slimebound:SelfFormingGoo+1","Slimebound:SplitMire","Slimebound:Repurpose","Slimebound:ServeAndProtect","Slimebound:HauntingLick","Slimebound:Darklings+1","Slimebound:PressTheAttack","Slimebound:SlimeTap","Slimebound:DisruptingSlam+1","Necronomicurse","Slimebound:Overexert+1","Slimebound:TongueLash","Slimebound:Gluttony+1","Slimebound:Schlurp","Poisoned Strike","Writhe","Slimebound:GrowthPunch"],"relics":["Slimebound:AbsorbEndCombat","StuffTheSpire:TintedRock","FossilizedHelix","downfall:HeartBlessingRed","downfall:HeartBlessingBlue","War Paint","Slimebound:TarBlob","downfall:HeartBlessingGreen","Necronomicon","Sundial","downfall:RedIOU","Membership Card","Replay:Rubber Ducky"],"acts_visited":["Exordium","TheCity"],"potions_floor_usage":[4,6,11,16,26,31,33],"damage_taken":[{"damage":3,"enemies":"2 Louse","floor":2,"turns":2},{"damage":0,"enemies":"Small Slimes","floor":3,"turns":4},{"damage":14,"enemies":"downfall:FleeingMerchant","floor":4,"turns":5},{"damage":21,"enemies":"3 Sentries","floor":6,"turns":7},{"damage":15,"enemies":"Gremlin Nob","floor":9,"turns":4},{"damage":0,"enemies":"conspire:RoseBush","floor":10,"turns":2},{"damage":12,"enemies":"Exordium Thugs","floor":11,"turns":3},{"damage":0,"enemies":"3 Louse","floor":12,"turns":2},{"damage":0,"enemies":"Large Slime","floor":14,"turns":4},{"damage":6,"enemies":"Blue Slaver","floor":15,"turns":4},{"damage":14,"enemies":"IC_STATUS_ARCHETYPE","floor":16,"turns":8},{"damage":0,"enemies":"Spheric Guardian","floor":19,"turns":3},{"damage":30,"enemies":"3 Cultists","floor":20,"turns":4},{"damage":24,"enemies":"Snake Plant","floor":21,"turns":3},{"damage":12,"enemies":"Shelled Parasite and Fungi","floor":25,"turns":4},{"damage":12,"enemies":"downfall:FleeingMerchant","floor":26,"turns":4},{"damage":0,"enemies":"conspire:SneckoGhost","floor":28,"turns":5},{"damage":16,"enemies":"downfall:FleeingMerchant","floor":31,"turns":4},{"damage":0,"enemies":"conspire:HollyBat","floor":32,"turns":7},{"damage":23,"enemies":"DF_ARCHETYPE_CLAW","floor":33,"turns":5}],"seed_played":"4010901306401244894","potions_obtained":[{"floor":0,"key":"SneckoOil"},{"floor":0,"key":"Flashbang"},{"floor":0,"key":"DuplicationPotion"},{"floor":5,"key":"FearPotion"},{"floor":9,"key":"Explosive Potion"},{"floor":10,"key":"Block Potion"},{"floor":11,"key":"LiquidBronze"},{"floor":12,"key":"hexamod:SoulburnPotion"},{"floor":20,"key":"PowerPotion"},{"floor":28,"key":"Slimebound:SpawnSlimePotion"}],"is_trial":false,"path_per_floor":["R","M","M","$","?","E","T","R","E","M","M","M","?","M","M","B",null,"R","M","M","M","?","R","T","M","$","R","E","?","?","$","M","B"],"character_chosen":"SLIMEBOUND","items_purchased":["Slimebound:Schlurp","Membership Card","Poisoned Strike","Replay:Rubber Ducky"],"campfire_rested":2,"item_purchase_floors":[31,31,31,31],"current_hp_per_floor":[65,64,65,58,32,15,15,47,38,40,30,38,38,42,38,32,75,75,75,49,29,13,35,35,31,21,21,29,15,15,5,13,0,0,0],"gold":112,"neow_bonus":"THREE_SMALL_POTIONS","is_daily":false,"chose_seed":false,"campfire_upgraded":2,"win_rate":0.0,"timestamp":1611414772,"path_taken":["R","M","M","$","?","E","T","R","E","M","M","?","?","M","M","BOSS","R","M","M","M","?","R","T","M","$","R","E","?","?","$","M","BOSS"],"items_purchased_type":["Card","Relic","Card","Relic"],"build_version":"2020-12-22","purchased_purges":1,"victory":false,"max_hp_per_floor":[65,65,65,65,65,65,65,75,75,75,75,75,75,75,75,75,75,75,75,75,75,75,75,75,75,75,75,75,80,80,80,80,80,80,80],"card_choices":[{"not_picked":["Slimebound:WasteNot","Slimebound:GoopTackle"],"picked":"Slimebound:SamplingLick","floor":2},{"not_picked":["Slimebound:LivingWall","Slimebound:LeechEnergy"],"picked":"Slimebound:Repurpose","floor":3},{"not_picked":["Slimebound:SamplingLick","Slimebound:GoopSpray"],"picked":"Slimebound:RallyTheTroops","floor":4},{"not_picked":["Slimebound:HauntingLick","Slimebound:LeechEnergy"],"picked":"Slimebound:RollThrough","floor":5},{"not_picked":["Slimebound:SlimeBrawl","Slimebound:SplitBruiser"],"picked":"Slimebound:SplitAcid","floor":5},{"not_picked":["Slimebound:FormOfPuddle","Slimebound:GoopTackle","Slimebound:LeechEnergy"],"picked":"SKIP","floor":6},{"not_picked":["Slimebound:SplitAcid","Slimebound:ItLooksTasty"],"picked":"Slimebound:SplitMire","floor":9},{"not_picked":["Slimebound:FinishingTackle","Slimebound:SplitMire"],"picked":"Slimebound:SelfFormingGoo","floor":10},{"not_picked":["Slimebound:RollThrough","Slimebound:Dissolve"],"picked":"Slimebound:SplitMire","floor":11},{"not_picked":["Slimebound:FlameTackle","Slimebound:SplitAcid"],"picked":"Slimebound:Repurpose","floor":12},{"not_picked":["Slimebound:RollThrough","Slimebound:GoopSpray"],"picked":"Slimebound:ServeAndProtect","floor":14},{"not_picked":["Slimebound:SlimeSpikes","Slimebound:SlimeBrawl"],"picked":"Slimebound:HauntingLick","floor":15},{"not_picked":["Slimebound:SelfFormingGoo","Slimebound:MinionMaster"],"picked":"Slimebound:Darklings","floor":16},{"not_picked":["Slimebound:ComboTackle","Slimebound:MegaLick"],"picked":"Slimebound:PressTheAttack","floor":19},{"not_picked":["Slimebound:ItLooksTasty+1","Slimebound:ForwardTackle"],"picked":"Slimebound:SlimeTap","floor":20},{"not_picked":["Slimebound:RollThrough+1","Slimebound:GoopTackle"],"picked":"Slimebound:DisruptingSlam+1","floor":21},{"not_picked":["Slimebound:SlimeBrawl","Slimebound:LeechEnergy","Slimebound:Prepare"],"picked":"SKIP","floor":25},{"not_picked":["Slimebound:MegaLick","Slimebound:SlimeBrawl"],"picked":"Slimebound:Overexert","floor":26},{"not_picked":["Slimebound:HauntingLick+1","Slimebound:MassFeed"],"picked":"Slimebound:TongueLash","floor":28},{"not_picked":["Slimebound:MegaLick","Slimebound:SplitBruiser"],"picked":"Slimebound:Gluttony+1","floor":31},{"not_picked":["Slimebound:SplitBruiser","Slimebound:ForwardTackle+1"],"picked":"Slimebound:GrowthPunch","floor":32}],"player_experience":2168858,"relics_obtained":[{"floor":5,"key":"StuffTheSpire:TintedRock"},{"floor":6,"key":"FossilizedHelix"},{"floor":9,"key":"War Paint"},{"floor":22,"key":"Necronomicon"},{"floor":24,"key":"Sundial"},{"floor":28,"key":"aspiration:ChemicalBlood"}],"event_choices":[],"is_beta":false,"boss_relics":[{"not_picked":["StuffTheSpire:RunicConfusion","Philosopher\u0027s Stone"],"picked":"Slimebound:TarBlob"}],"items_purged_floors":[31],"is_endless":false,"potions_floor_spawned":[9,10,11,12,14,15,20,28],"killed_by":"DF_ARCHETYPE_CLAW","ascension_level":1}}