{"host":"684z1xpuwaoqmmh1","time":1611429488,"event":{"mods":["BaseMod","Downfall","Hermit","Jorbs\u0027s Wanderer Trilogy","Marisa????????","Minty Spire (QoL Compilation)","Robot Space Explorer","Shade Mod","StSLib","The Bug Knight","The Cursed","The Dragon Tamer","The Hayseed","The Hierophant","The Marked","The Mystic","The Runesmith","The Senshi"],"gold_per_floor":[113,38,38,58,77,110,110,145,214,225,289,314,314,326,326,428,428,446,33,33,47,47,77,77,77,77],"floor_reached":25,"language":"ENG","playtime":1509,"items_purged":["TheSimpletonMod:Strike_TheSimpleton","TheSimpletonMod:Strike_TheSimpleton"],"score":343,"play_id":"088a4d03-f687-4684-be62-c403234acb71","local_time":"20210123211808","is_ascension_mode":true,"campfire_choices":[{"data":"TheSimpletonMod:TakeHeart","floor":7.0,"key":"SMITH"},{"data":"TheSimpletonMod:SeedCoat","floor":15,"key":"SMITH"},{"data":"1","floor":24,"key":"LIFT"}],"circlet_count":0,"master_deck":["TheSimpletonMod:Strike_TheSimpleton+1","TheSimpletonMod:Strike_TheSimpleton+1","TheSimpletonMod:Defend_TheSimpleton+1","TheSimpletonMod:Defend_TheSimpleton+1","TheSimpletonMod:Defend_TheSimpleton+1","TheSimpletonMod:Defend_TheSimpleton+1","TheSimpletonMod:Haymaker","TheSimpletonMod:ReapAndSow","Madness","TheSimpletonMod:PestManagement+1","TheSimpletonMod:SeedCoat+1","TheSimpletonMod:SlashAndBurn+1","TheSimpletonMod:TakeHeart+1","TheSimpletonMod:Sunseed+1","TheSimpletonMod:CropDiversity+1","TheSimpletonMod:Swelter+1","TheSimpletonMod:Innovate+1","TheSimpletonMod:Thresh","TheSimpletonMod:Biorefinement","TheSimpletonMod:Coffee+1","TheSimpletonMod:Pruning+1","TheSimpletonMod:Photosynthesis"],"relics":["TheSimpletonMod:SpudOfTheInnocent","TheSimpletonMod:NightSoil","TheSimpletonMod:TheHarvester","Prayer Wheel","Whetstone","White Beast Statue","Toxic Egg 2","War Paint","theSenshi:MoonKaleidoScopeRelic","Girya","Anchor"],"acts_visited":["Exordium","TheCity"],"potions_floor_usage":[16,18,21,23,23,23,23,25,25],"damage_taken":[{"damage":0.0,"enemies":"Small Slimes","floor":1.0,"turns":3.0},{"damage":1.0,"enemies":"Cultist","floor":4.0,"turns":4.0},{"damage":1.0,"enemies":"2 Louse","floor":5.0,"turns":2.0},{"damage":0.0,"enemies":"Lagavulin","floor":6.0,"turns":7.0},{"damage":15.0,"enemies":"3 Sentries","floor":8.0,"turns":6.0},{"damage":6.0,"enemies":"Looter","floor":10.0,"turns":3.0},{"damage":8.0,"enemies":"Gremlin Nob","floor":11.0,"turns":3.0},{"damage":24.0,"enemies":"Gremlin Nob","floor":12.0,"turns":5.0},{"damage":1.0,"enemies":"2 Fungi Beasts","floor":14.0,"turns":5.0},{"damage":30,"enemies":"Slime Boss","floor":16,"turns":12},{"damage":17,"enemies":"Spheric Guardian","floor":18,"turns":9},{"damage":6,"enemies":"3 Byrds","floor":21,"turns":6},{"damage":32,"enemies":"Book of Stabbing","floor":23,"turns":5},{"damage":47,"enemies":"Gremlin Leader","floor":25,"turns":10}],"seed_played":"4711302999143543376","potions_obtained":[{"floor":3.0,"key":"LiquidMemories"},{"floor":3.0,"key":"Slimebound:ThreeZeroPotion"},{"floor":3.0,"key":"EntropicBrew"},{"floor":5.0,"key":"EntropicBrew"},{"floor":8.0,"key":"ColorlessPotion"},{"floor":10.0,"key":"DuplicationPotion"},{"floor":11.0,"key":"Energy Potion"},{"floor":12.0,"key":"Swift Potion"},{"floor":16,"key":"champ:CounterPotion"},{"floor":18,"key":"Explosive Potion"},{"floor":21,"key":"Block Potion"},{"floor":23,"key":"ColorlessPotion"}],"is_trial":false,"path_per_floor":["M","$","?","M","M","E","R","E","T","M","?","E","?","M","R","B",null,"M","$","?","M","T","E","R","E"],"character_chosen":"THE_SIMPLETON","items_purchased":["Girya"],"campfire_rested":0,"item_purchase_floors":[19],"current_hp_per_floor":[72,72,72,75,74,74,74,68,68,66,62,47,32,49,49,43,67,59,59,59,62,62,35,35,0,0],"gold":77,"neow_bonus":"RANDOM_COLORLESS","is_daily":false,"chose_seed":false,"campfire_upgraded":2,"win_rate":0.0,"timestamp":1611429488,"path_taken":["M","$","?","M","M","E","R","E","T","?","?","E","?","M","R","BOSS","M","$","?","M","?","E","R","E"],"items_purchased_type":["Relic"],"build_version":"2020-12-22","purchased_purges":2,"victory":false,"max_hp_per_floor":[75,75,75,75,75,75,75,75,75,75,75,75,75,75,75,75,75,75,75,75,75,75,75,75,75,75],"card_choices":[{"not_picked":["Blind","Panacea"],"picked":"Madness","floor":0.0},{"not_picked":["TheSimpletonMod:CropRotation","TheSimpletonMod:BumperCrop"],"picked":"TheSimpletonMod:PestManagement","floor":1.0},{"not_picked":["TheSimpletonMod:Fertilaser","TheSimpletonMod:Potatoes"],"picked":"TheSimpletonMod:SeedCoat","floor":4.0},{"not_picked":["TheSimpletonMod:BumperCrop","TheSimpletonMod:Rototilling"],"picked":"TheSimpletonMod:SlashAndBurn","floor":5.0},{"not_picked":["TheSimpletonMod:PestManagement","TheSimpletonMod:Coffee"],"picked":"TheSimpletonMod:TakeHeart","floor":6.0},{"not_picked":["TheSimpletonMod:Sunchoke","TheSimpletonMod:Rototilling"],"picked":"TheSimpletonMod:Sunseed","floor":8.0},{"not_picked":["TheSimpletonMod:Ferment","TheSimpletonMod:Potatoes"],"picked":"TheSimpletonMod:CropDiversity","floor":10.0},{"not_picked":["TheSimpletonMod:PestManagement","TheSimpletonMod:SlashAndBurn","TheSimpletonMod:Potatoes"],"picked":"SKIP","floor":10.0},{"not_picked":["TheSimpletonMod:OnionBloom+1","TheSimpletonMod:ToughenUp+1"],"picked":"TheSimpletonMod:Swelter+1","floor":11.0},{"not_picked":["TheSimpletonMod:SoilSample+1","TheSimpletonMod:DoubleBarrel"],"picked":"TheSimpletonMod:Innovate+1","floor":12.0},{"not_picked":["TheSimpletonMod:Potatoes","TheSimpletonMod:Fertilaser"],"picked":"TheSimpletonMod:Thresh","floor":14.0},{"not_picked":["TheSimpletonMod:CropRotation+1","TheSimpletonMod:SpiceUp+1","TheSimpletonMod:DoubleBarrel"],"picked":"SKIP","floor":14.0},{"not_picked":["TheSimpletonMod:CropDiversity+1","TheSimpletonMod:Strawberries"],"picked":"TheSimpletonMod:Biorefinement","floor":16},{"not_picked":["TheSimpletonMod:Rototilling+1","TheSimpletonMod:Ferment+1"],"picked":"TheSimpletonMod:Coffee+1","floor":18},{"not_picked":["TheSimpletonMod:CropRotation+1","TheSimpletonMod:SlashAndBurn","TheSimpletonMod:ControlledBurn+1"],"picked":"SKIP","floor":18},{"not_picked":["TheSimpletonMod:CloseScrape","TheSimpletonMod:ToughenUp+1"],"picked":"TheSimpletonMod:Pruning+1","floor":21},{"not_picked":["TheSimpletonMod:Sunseed","TheSimpletonMod:Ferment+1","TheSimpletonMod:Polyculture+1"],"picked":"SKIP","floor":21},{"not_picked":["TheSimpletonMod:CullingStrike","TheSimpletonMod:PestManagement"],"picked":"TheSimpletonMod:Photosynthesis","floor":23}],"player_experience":2929443,"relics_obtained":[{"floor":6.0,"key":"Prayer Wheel"},{"floor":8.0,"key":"Whetstone"},{"floor":9.0,"key":"White Beast Statue"},{"floor":11.0,"key":"Toxic Egg 2"},{"floor":12.0,"key":"War Paint"},{"floor":23,"key":"Anchor"}],"event_choices":[{"damage_healed":0.0,"max_hp_gain":0.0,"max_hp_loss":0.0,"gold_gain":0.0,"event_name":"Lab","player_choice":"Got Potions","floor":3.0,"gold_loss":0.0,"damage_taken":0.0},{"damage_healed":0.0,"max_hp_gain":0.0,"max_hp_loss":0.0,"gold_gain":0.0,"event_name":"Dead Adventurer","player_choice":"Searched \u00271\u0027 times","floor":11.0,"gold_loss":0.0,"damage_taken":0.0},{"damage_healed":0.0,"max_hp_gain":0.0,"max_hp_loss":0.0,"gold_gain":0.0,"event_name":"Shining Light","player_choice":"Entered Light","floor":13.0,"gold_loss":0.0,"damage_taken":15.0,"cards_upgraded":["TheSimpletonMod:CropDiversity","TheSimpletonMod:SlashAndBurn"]},{"damage_healed":0,"gold_gain":0,"player_choice":"Simplicity","damage_taken":0,"max_hp_gain":0,"max_hp_loss":0,"event_name":"Back to Basics","floor":20,"gold_loss":0,"cards_upgraded":["TheSimpletonMod:Strike_TheSimpleton","TheSimpletonMod:Strike_TheSimpleton","TheSimpletonMod:Defend_TheSimpleton","TheSimpletonMod:Defend_TheSimpleton"]}],"is_beta":false,"boss_relics":[{"not_picked":["Snecko Eye","bronze:MakeshiftBattery"],"picked":"theSenshi:MoonKaleidoScopeRelic"}],"items_purged_floors":[2,19],"is_endless":false,"potions_floor_spawned":[4,5,8,10,11,12,14,16,18,21,23],"killed_by":"Gremlin Leader","ascension_level":6}}