{"host":"a5lz0e76zb3fcwkm","time":1611410975,"event":{"mods":["AchievementEnabler","BaseMod","Colored Map","Colored Powertips","Minty Spire (QoL Compilation)","StSLib","SuperFastMode"],"gold_per_floor":[114,114,114,125,125,125,137,168,168,168,17,32,107,127,127,201,201,220,235,235,235],"floor_reached":20,"language":"KOR","playtime":326,"items_purged":["Strike_B"],"score":448,"play_id":"19bb348e-8a9a-4e2a-94cb-f22bfa900f58","local_time":"20210123230935","is_ascension_mode":true,"campfire_choices":[{"data":"Capacitor","floor":6,"key":"SMITH"},{"data":"Zap","floor":10,"key":"SMITH"},{"data":"Defragment","floor":15,"key":"SMITH"}],"circlet_count":0,"master_deck":["AscendersBane","Strike_B","Strike_B","Defend_B","Defend_B","Defend_B","Defend_B","Zap+1","Dualcast","Ball Lightning","Capacitor+1","Cold Snap","Lockon","Skim","Defragment+1","Genetic Algorithm","Compile Driver","Cold Snap"],"relics":["Cracked Core","NeowsBlessing","Gremlin Horn","Bag of Preparation","Philosopher\u0027s Stone"],"acts_visited":["Exordium","TheCity"],"potions_floor_usage":[12,14,14,16,18],"damage_taken":[{"damage":0,"enemies":"Jaw Worm","floor":1,"turns":1},{"damage":0,"enemies":"2 Louse","floor":4,"turns":1},{"damage":0,"enemies":"Small Slimes","floor":7,"turns":1},{"damage":28,"enemies":"Gremlin Nob","floor":8,"turns":4},{"damage":6,"enemies":"Gremlin Gang","floor":12,"turns":3},{"damage":0,"enemies":"Lots of Slimes","floor":14,"turns":3},{"damage":0,"enemies":"Slime Boss","floor":16,"turns":6},{"damage":38,"enemies":"3 Byrds","floor":18,"turns":4},{"damage":11,"enemies":"Spheric Guardian","floor":19,"turns":4}],"seed_played":"3083500471518771986","potions_obtained":[{"floor":4,"key":"BlessingOfTheForge"},{"floor":5,"key":"Energy Potion"},{"floor":5,"key":"EntropicBrew"},{"floor":16,"key":"SkillPotion"},{"floor":18,"key":"SkillPotion"}],"is_trial":false,"path_per_floor":["M","?","?","M","?","R","M","E","T","R","$","M","?","M","R","B",null,"M","M","?"],"character_chosen":"DEFECT","items_purchased":["Defragment"],"campfire_rested":0,"item_purchase_floors":[11],"current_hp_per_floor":[64,69,69,69,69,69,69,41,41,41,41,35,24,24,24,24,63,25,14,0,0],"gold":235,"neow_bonus":"THREE_ENEMY_KILL","is_daily":false,"chose_seed":false,"campfire_upgraded":3,"win_rate":0.0,"timestamp":1611410975,"path_taken":["M","?","?","M","?","R","?","E","T","R","?","M","?","M","R","BOSS","M","M","?"],"items_purchased_type":["Card"],"build_version":"2020-12-22","purchased_purges":1,"victory":false,"max_hp_per_floor":[71,76,76,76,76,76,76,76,76,76,76,76,76,76,76,76,76,76,76,76,76],"card_choices":[{"not_picked":["Steam","Consume"],"picked":"Ball Lightning","floor":1},{"not_picked":["Sweeping Beam","Gash"],"picked":"Cold Snap","floor":4},{"not_picked":["Streamline","Gash"],"picked":"Lockon","floor":7},{"not_picked":["Doom and Gloom","Hologram"],"picked":"Skim","floor":8},{"not_picked":["Steam","Leap"],"picked":"Genetic Algorithm","floor":12},{"not_picked":["Leap","Stack"],"picked":"Compile Driver","floor":14},{"not_picked":["Streamline","Sweeping Beam","Conserve Battery"],"picked":"SKIP","floor":18},{"not_picked":["Chill","Barrage"],"picked":"Cold Snap","floor":19}],"player_experience":1795008,"relics_obtained":[{"floor":8,"key":"Gremlin Horn"},{"floor":9,"key":"Bag of Preparation"}],"event_choices":[{"damage_healed":0,"gold_gain":0,"player_choice":"Donut","damage_taken":0,"max_hp_gain":5,"max_hp_loss":0,"event_name":"Big Fish","floor":2,"gold_loss":0},{"damage_healed":0,"gold_gain":0,"cards_transformed":["Strike_B"],"player_choice":"Change","damage_taken":0,"max_hp_gain":0,"max_hp_loss":0,"event_name":"Living Wall","floor":3,"gold_loss":0,"cards_obtained":["Capacitor"]},{"damage_healed":0,"gold_gain":0,"player_choice":"Got Potions","damage_taken":0,"max_hp_gain":0,"max_hp_loss":0,"event_name":"Lab","floor":5,"gold_loss":0},{"damage_healed":0,"gold_gain":75,"player_choice":"Gather Gold","damage_taken":11,"max_hp_gain":0,"max_hp_loss":0,"event_name":"World of Goop","floor":13,"gold_loss":0}],"is_beta":false,"boss_relics":[{"not_picked":["SacredBark","Busted Crown"],"picked":"Philosopher\u0027s Stone"}],"items_purged_floors":[11],"is_endless":false,"potions_floor_spawned":[4,7,16,18],"ascension_level":20}}