{"host":"lnt5dzsuhru0aonl","time":1611412570,"event":{"mods":["2.2 Compatiblity","BaseMod","Colored Map","Colored Powertips","DeckTracker","Keyboard Shortcuts","Minty Spire (QoL Compilation)","Permanent Neow","Rare Cards Sparkle","StSLib","SuperFastMode","everything is the same but u backflip on backflip"],"gold_per_floor":[119,129,129,279,33,33,69,69,69,69,69,69],"floor_reached":11,"language":"KOR","playtime":263,"items_purged":["Doubt"],"score":138,"play_id":"11060420-ca2f-4fbb-ac27-68c37e394369","local_time":"20210123233610","is_ascension_mode":true,"campfire_choices":[{"data":"Blade Dance","floor":6,"key":"SMITH"},{"data":"Riddle With Holes","floor":8,"key":"SMITH"},{"data":"Bullet Time","floor":10,"key":"SMITH"}],"circlet_count":0,"master_deck":["AscendersBane","Strike_G","Strike_G","Strike_G","Strike_G","Defend_G","Defend_G","Defend_G","Defend_G","Survivor","Neutralize","Deflect","Riddle With Holes+1","Blade Dance+1","Prepared","Bullet Time+1"],"relics":["Ring of the Snake","Golden Idol","Happy Flower","MealTicket","Ornamental Fan"],"acts_visited":["Exordium"],"potions_floor_usage":[7],"damage_taken":[{"damage":2,"enemies":"Cultist","floor":1,"turns":4},{"damage":0,"enemies":"2 Louse","floor":2,"turns":3},{"damage":8,"enemies":"3 Sentries","floor":7,"turns":8},{"damage":57,"enemies":"Lagavulin","floor":11,"turns":10}],"seed_played":"1923832143118567873","potions_obtained":[{"floor":2,"key":"Fire Potion"},{"floor":7,"key":"LiquidBronze"}],"is_trial":false,"path_per_floor":["M","M","?","?","$","R","E","R","T","R","E"],"character_chosen":"THE_SILENT","items_purchased":["Happy Flower"],"campfire_rested":0,"item_purchase_floors":[5],"current_hp_per_floor":[57,57,54,54,54,54,46,46,46,46,0,0],"gold":69,"neow_bonus":"TRANSFORM_TWO_CARDS","is_daily":false,"chose_seed":false,"campfire_upgraded":3,"win_rate":0.0,"timestamp":1611412570,"path_taken":["M","?","?","?","$","R","E","R","T","R","E"],"items_purchased_type":["Relic"],"build_version":"2020-12-22","purchased_purges":1,"victory":false,"max_hp_per_floor":[60,60,54,54,54,54,54,54,54,54,54,54],"card_choices":[{"not_picked":["Bane","Outmaneuver"],"picked":"Blade Dance","floor":1},{"not_picked":["Bane","Blade Dance"],"picked":"Prepared","floor":2},{"not_picked":["Flying Knee","Dagger Throw"],"picked":"Bullet Time","floor":7}],"player_experience":736739,"relics_obtained":[{"floor":7,"key":"MealTicket"},{"floor":9,"key":"Ornamental Fan"}],"event_choices":[{"damage_healed":0,"gold_gain":0,"player_choice":"Lose Max HP","damage_taken":0,"relics_obtained":["Golden Idol"],"max_hp_gain":0,"max_hp_loss":6,"event_name":"Golden Idol","floor":3,"gold_loss":0},{"damage_healed":0,"gold_gain":150,"player_choice":"AGREE","damage_taken":0,"max_hp_gain":0,"max_hp_loss":0,"event_name":"Liars Game","floor":4,"gold_loss":0,"cards_obtained":["Doubt"]}],"is_beta":false,"boss_relics":[],"items_purged_floors":[5],"is_endless":false,"potions_floor_spawned":[2,7],"killed_by":"Lagavulin","ascension_level":20}}