{"host":"u5p72gjg7qm9i6r4","time":1611390233,"event":{"mods":["AchievementEnabler","BaseMod","Curses Come First","Highlight Path","Minty Spire (QoL Compilation)","Rare Cards Sparkle","StSLib"],"gold_per_floor":[109,109,119,130,144,169,169,197,250,269,269,288,288,288,288,384,384,384],"floor_reached":17,"language":"ENG","playtime":904,"items_purged":[],"score":217,"play_id":"83557bb9-a888-4061-a811-eab50a6564c3","local_time":"20210123022353","is_ascension_mode":true,"campfire_choices":[{"data":"Bullet Time","floor":7.0,"key":"SMITH"},{"floor":11,"key":"REST"},{"floor":13,"key":"REST"},{"data":"Dash","floor":15,"key":"SMITH"}],"circlet_count":0,"master_deck":["Strike_G","Strike_G","Strike_G","Defend_G+1","Defend_G","Defend_G","Defend_G","Defend_G","Survivor","Neutralize","Sucker Punch","Backflip+1","Caltrops","Footwork","Bullet Time+1","Poisoned Stab","Dash+1","Burst"],"relics":["Ring of the Snake","War Paint","Bottled Flame","Snake Skull","Velvet Choker"],"acts_visited":["Exordium","TheCity"],"potions_floor_usage":[16,16],"damage_taken":[{"damage":0.0,"enemies":"Cultist","floor":1.0,"turns":3.0},{"damage":5.0,"enemies":"Small Slimes","floor":3.0,"turns":4.0},{"damage":0.0,"enemies":"2 Louse","floor":4.0,"turns":5.0},{"damage":5.0,"enemies":"Blue Slaver","floor":5.0,"turns":4.0},{"damage":12.0,"enemies":"Lagavulin","floor":6.0,"turns":11.0},{"damage":31.0,"enemies":"3 Sentries","floor":8.0,"turns":14.0},{"damage":1,"enemies":"3 Louse","floor":10,"turns":5},{"damage":3,"enemies":"2 Fungi Beasts","floor":12,"turns":4},{"damage":16,"enemies":"Slime Boss","floor":16,"turns":20}],"seed_played":"-3298979194927609653","potions_obtained":[{"floor":4.0,"key":"GamblersBrew"},{"floor":5.0,"key":"Fire Potion"},{"floor":10,"key":"DistilledChaos"}],"is_trial":false,"path_per_floor":["M","?","M","M","M","E","R","E","T","M","R","M","R","?","R","B",null],"character_chosen":"THE_SILENT","items_purchased":[],"campfire_rested":2,"item_purchase_floors":[],"current_hp_per_floor":[70,70,65,65,60,48,48,17,17,16,39,36,59,59,59,43,69,69],"gold":384,"neow_bonus":"TEN_PERCENT_HP_BONUS","is_daily":false,"chose_seed":false,"campfire_upgraded":2,"win_rate":0.0,"timestamp":1611390233,"path_taken":["M","?","M","M","M","E","R","E","T","?","R","?","R","?","R","BOSS"],"items_purchased_type":[],"build_version":"2020-12-22","purchased_purges":0,"victory":false,"max_hp_per_floor":[77,77,77,77,77,77,77,77,77,77,77,77,77,77,77,77,77,77],"card_choices":[{"not_picked":["Deflect","Flechettes"],"picked":"Sucker Punch","floor":1.0},{"not_picked":["Deflect","Reflex"],"picked":"Backflip","floor":3.0},{"not_picked":["Deflect","PiercingWail"],"picked":"Caltrops","floor":4.0},{"not_picked":["Acrobatics","Outmaneuver"],"picked":"Footwork","floor":5.0},{"not_picked":["Poisoned Stab","Wraith Form v2"],"picked":"Bullet Time","floor":6.0},{"not_picked":["Dagger Throw","Distraction","Underhanded Strike"],"picked":"SKIP","floor":8.0},{"not_picked":["Outmaneuver","Sucker Punch"],"picked":"Poisoned Stab","floor":10},{"not_picked":["Slice","Backflip"],"picked":"Dash","floor":12},{"not_picked":["Doppelganger","Venomology"],"picked":"Burst","floor":16}],"player_experience":132342,"relics_obtained":[{"floor":6.0,"key":"War Paint"},{"floor":8.0,"key":"Bottled Flame"},{"floor":9.0,"key":"Snake Skull"}],"event_choices":[{"cards_removed":["Strike_G"],"damage_healed":0.0,"max_hp_gain":0.0,"max_hp_loss":0.0,"gold_gain":0.0,"event_name":"Bonfire Elementals","player_choice":"Offered Basic","floor":2.0,"gold_loss":0.0,"damage_taken":0.0},{"cards_removed":["Strike_G"],"damage_healed":0,"gold_gain":0,"player_choice":"Purged","damage_taken":0,"max_hp_gain":0,"max_hp_loss":0,"event_name":"Purifier","floor":14,"gold_loss":0}],"is_beta":false,"boss_relics":[{"not_picked":["Tiny House","SacredBark"],"picked":"Velvet Choker"}],"items_purged_floors":[],"is_endless":false,"potions_floor_spawned":[4,5,10],"ascension_level":6}}