{"host":"yvb207ks1sg3cxef","time":1611396858,"event":{"mods":["2.2 Compatiblity","BaseMod","Bestiary","Colored Powertips","Minty Spire (QoL Compilation)","Permanent Neow","Quick Restart","Relic Stats","StSLib"],"gold_per_floor":[118,118,136,236,250,250,265,265,347,376,376,394,419,432,432,506,506,524,63,75,90,15,342,342,372,399,431,451,478,478,491,491,566,566,577,593,27,77,77,77,77,112,136,136,166,191,221,249,249,249,249,249,4,29,29],"floor_reached":56,"language":"ENG","playtime":4090,"items_purged":["Defend_P"],"score":2333,"play_id":"4dc964aa-e2c3-4ad2-8b09-158d46720ecf","local_time":"20210123154417","is_ascension_mode":true,"campfire_choices":[{"data":"CrushJoints","floor":6.0,"key":"SMITH"},{"data":"LikeWater","floor":8.0,"key":"SMITH"},{"data":"Eruption","floor":11.0,"key":"SMITH"},{"data":"Perseverance","floor":15.0,"key":"SMITH"},{"floor":24.0,"key":"REST"},{"data":"Meditate","floor":32.0,"key":"SMITH"},{"data":"TalkToTheHand","floor":40.0,"key":"SMITH"},{"floor":49.0,"key":"RECALL"},{"data":"Meditate","floor":52.0,"key":"SMITH"}],"circlet_count":0,"master_deck":["AscendersBane","Defend_P+1","Eruption+1","Vigilance+1","CrushJoints+1","PathToVictory+1","FollowUp+1","LikeWater+1","FlurryOfBlows+1","Halt+1","LikeWater+1","Perseverance+1","LessonLearned+1","LikeWater+1","Meditate+1","Tantrum+1","Nirvana+1","Study+1","Nirvana+1","MasterReality+1","ClearTheMind+1","CutThroughFate+1","TalkToTheHand+1","Vault+1","InnerPeace+1","FlurryOfBlows+1","Wireheading+1","Wallop+1","Master of Strategy","FlurryOfBlows","EmptyMind","Meditate+1"],"relics":["PureWater","Bag of Preparation","Frozen Egg 2","Ornamental Fan","Question Card","VioletLotus","Bird Faced Urn","Old Coin","Vajra","Tiny Chest","MealTicket","Empty Cage","Lizard Tail","WingedGreaves","Gremlin Horn","Akabeko","Omamori","Centennial Puzzle","CloakClasp","White Beast Statue","StoneCalendar","Sundial","Anchor"],"acts_visited":["Exordium","TheCity","TheBeyond","TheEnding"],"potions_floor_usage":[55],"damage_taken":[{"damage":3.0,"enemies":"Small Slimes","floor":1.0,"turns":4.0},{"damage":0.0,"enemies":"Jaw Worm","floor":3.0,"turns":4.0},{"damage":0.0,"enemies":"Cultist","floor":5.0,"turns":2.0},{"damage":0.0,"enemies":"2 Fungi Beasts","floor":7.0,"turns":4.0},{"damage":8.0,"enemies":"Lagavulin","floor":10.0,"turns":7.0},{"damage":0.0,"enemies":"Exordium Wildlife","floor":12.0,"turns":4.0},{"damage":2.0,"enemies":"Gremlin Nob","floor":13.0,"turns":3.0},{"damage":1.0,"enemies":"3 Louse","floor":14.0,"turns":4.0},{"damage":16.0,"enemies":"Slime Boss","floor":16.0,"turns":12.0},{"damage":11.0,"enemies":"Chosen","floor":18.0,"turns":10.0},{"damage":13.0,"enemies":"2 Thieves","floor":20.0,"turns":4.0},{"damage":0.0,"enemies":"Cultist and Chosen","floor":21.0,"turns":9.0},{"damage":11.0,"enemies":"Book of Stabbing","floor":23.0,"turns":6.0},{"damage":35.0,"enemies":"Slavers","floor":25.0,"turns":11.0},{"damage":13.0,"enemies":"Gremlin Leader","floor":27.0,"turns":10.0},{"damage":3.0,"enemies":"Centurion and Healer","floor":28.0,"turns":7.0},{"damage":15.0,"enemies":"Slavers","floor":29.0,"turns":10.0},{"damage":13.0,"enemies":"3 Cultists","floor":31.0,"turns":6.0},{"damage":15.0,"enemies":"Champ","floor":33.0,"turns":14.0},{"damage":17.0,"enemies":"Orb Walker","floor":35.0,"turns":5.0},{"damage":24.0,"enemies":"3 Darklings","floor":36.0,"turns":8.0},{"damage":50.0,"enemies":"2 Orb Walkers","floor":38.0,"turns":6.0},{"damage":34.0,"enemies":"Nemesis","floor":42.0,"turns":10.0},{"damage":0.0,"enemies":"Reptomancer","floor":45.0,"turns":6.0},{"damage":1.0,"enemies":"Mind Bloom Boss Battle","floor":46.0,"turns":7.0},{"damage":0.0,"enemies":"Giant Head","floor":47.0,"turns":6.0},{"damage":0.0,"enemies":"Nemesis","floor":48.0,"turns":4.0},{"damage":0.0,"enemies":"Awakened One","floor":50.0,"turns":8.0},{"damage":12,"enemies":"Shield and Spear","floor":54,"turns":7},{"damage":143,"enemies":"The Heart","floor":55,"turns":10}],"seed_played":"-4946237174164699518","potions_obtained":[{"floor":3.0,"key":"LiquidMemories"},{"floor":7.0,"key":"Energy Potion"},{"floor":13.0,"key":"Fire Potion"},{"floor":21.0,"key":"PowerPotion"},{"floor":25.0,"key":"Weak Potion"},{"floor":28.0,"key":"LiquidMemories"},{"floor":31.0,"key":"Dexterity Potion"},{"floor":42.0,"key":"PowerPotion"},{"floor":45.0,"key":"Swift Potion"},{"floor":48.0,"key":"Swift Potion"},{"floor":54,"key":"BlessingOfTheForge"}],"is_trial":false,"path_per_floor":["M","?","M","?","M","R","M","R","T","E","R","M","E","M","R","B",null,"M","$","M","M","?","E","R","E","T","E","M","E","?","M","R","B",null,"M","M","$","?","?","R","T","E","T","?","E","?","E","E","R","B",null,"R","$","E","B",null],"character_chosen":"WATCHER","items_purchased":["Bird Faced Urn","Meditate","Tantrum","Wireheading+1","Lizard Tail","FairyPotion","Sundial"],"campfire_rested":1,"item_purchase_floors":[19,19,19,37,37,37,53],"current_hp_per_floor":[58,47,47,47,47,47,47,47,47,39,39,39,37,36,36,20,52,41,41,32,38,38,35,53,30,30,29,40,39,22,23,23,22,56,49,39,54,16,16,16,16,23,23,23,41,56,67,67,67,67,67,67,67,67,28],"gold":29,"neow_bonus":"TRANSFORM_TWO_CARDS","is_daily":false,"chose_seed":false,"campfire_upgraded":7,"win_rate":0.0,"timestamp":1611396857,"path_taken":["M","?","M","?","M","R","?","R","T","E","R","M","E","M","R","BOSS","M","$","M","M","?","E","R","E","T","E","M","E","?","M","R","BOSS","M","M","$","?","?","R","?","E","T","?","E","?","E","E","R","BOSS","R","$","E","BOSS"],"items_purchased_type":["Relic","Card","Card","Card","Relic","Potion","Relic"],"build_version":"2020-12-22","purchased_purges":1,"victory":true,"max_hp_per_floor":[62,62,62,62,62,62,62,62,62,62,62,62,62,62,62,62,62,62,62,62,62,62,62,62,62,62,62,62,62,67,67,67,67,67,67,67,67,67,67,67,67,67,67,67,67,67,67,67,67,67,67,67,67,67,67],"relic_stats":{"Gremlin Horn":[9,9],"counters":[30,208],"StoneCalendar":[117],"Bag of Preparation":[58],"CloakClasp":[126],"Question Card":22,"Lizard Tail":33,"Centennial Puzzle":[9],"Ornamental Fan":[480],"Sundial":[4],"Bird Faced Urn":[217],"Tiny Chest":1,"MealTicket":15,"VioletLotus":[73],"obtain_stats":[{"Gremlin Horn":41,"Vajra":25,"StoneCalendar":48,"Bag of Preparation":2,"Omamori":43,"CloakClasp":46,"Frozen Egg 2":9,"Question Card":13,"Empty Cage":34,"Akabeko":42,"White Beast Statue":47,"Old Coin":23,"Lizard Tail":37,"Centennial Puzzle":45,"Anchor":54,"Ornamental Fan":10,"Sundial":53,"Bird Faced Urn":19,"Tiny Chest":27,"MealTicket":29,"VioletLotus":17,"WingedGreaves":38,"PureWater":0},{"Gremlin Horn":22,"Vajra":14,"StoneCalendar":27,"Bag of Preparation":1,"Omamori":23,"CloakClasp":25,"Frozen Egg 2":4,"Question Card":7,"Empty Cage":19,"Akabeko":23,"White Beast Statue":26,"Old Coin":13,"Lizard Tail":21,"Centennial Puzzle":24,"Anchor":29,"Ornamental Fan":5,"Sundial":28,"Bird Faced Urn":10,"Tiny Chest":15,"MealTicket":17,"VioletLotus":9,"WingedGreaves":22,"PureWater":0},{"Gremlin Horn":150,"Vajra":84,"StoneCalendar":183,"Bag of Preparation":4,"Omamori":160,"CloakClasp":173,"Frozen Egg 2":14,"Question Card":28,"Empty Cage":131,"Akabeko":160,"White Beast Statue":179,"Old Coin":73,"Lizard Tail":144,"Centennial Puzzle":166,"Anchor":198,"Ornamental Fan":21,"Sundial":191,"Bird Faced Urn":54,"Tiny Chest":94,"MealTicket":111,"VioletLotus":44,"WingedGreaves":150,"PureWater":0}]},"card_choices":[{"not_picked":["Evaluate","Crescendo"],"picked":"FollowUp","floor":1.0},{"not_picked":["Nirvana","Conclude"],"picked":"LikeWater","floor":3.0},{"not_picked":["Consecrate","Halt"],"picked":"FlurryOfBlows","floor":5.0},{"not_picked":["Fasting2","BowlingBash"],"picked":"Halt","floor":7.0},{"not_picked":["Consecrate","ThirdEye","FlyingSleeves"],"picked":"SKIP","floor":10.0},{"not_picked":["Crescendo","BowlingBash"],"picked":"LikeWater+1","floor":12.0},{"not_picked":["SandsOfTime","BowlingBash","EmptyMind"],"picked":"SKIP","floor":13.0},{"not_picked":["EmptyFist","MasterReality+1","CrushJoints"],"picked":"Perseverance","floor":14.0},{"not_picked":["Brilliance","ConjureBlade","Alpha"],"picked":"LessonLearned","floor":16.0},{"not_picked":["WindmillStrike","Evaluate","FlurryOfBlows+1"],"picked":"LikeWater+1","floor":18.0},{"not_picked":["Prostrate","Swivel","Halt","Crescendo"],"picked":"SKIP","floor":20.0},{"not_picked":["CrushJoints","Vengeance","Indignation"],"picked":"Nirvana+1","floor":21.0},{"not_picked":["Protect","PathToVictory","ForeignInfluence+1"],"picked":"Study+1","floor":23.0},{"not_picked":["WaveOfTheHand","WindmillStrike","Halt"],"picked":"Nirvana+1","floor":25.0},{"not_picked":["FlyingSleeves","CutThroughFate","Perseverance"],"picked":"MasterReality+1","floor":27.0},{"not_picked":["Prostrate+1","Vengeance","EmptyBody"],"picked":"ClearTheMind","floor":28.0},{"not_picked":["Protect","BowlingBash","DeceiveReality"],"picked":"CutThroughFate","floor":29.0},{"not_picked":["FlurryOfBlows","CrushJoints","EmptyBody"],"picked":"TalkToTheHand","floor":31.0},{"not_picked":["SpiritShield","DeusExMachina","ConjureBlade"],"picked":"Vault","floor":33.0},{"not_picked":["FollowUp","WaveOfTheHand+1","Prostrate"],"picked":"InnerPeace","floor":35.0},{"not_picked":["ThirdEye","Evaluate","ClearTheMind"],"picked":"FlurryOfBlows+1","floor":36.0},{"not_picked":["Crescendo","CutThroughFate","WaveOfTheHand"],"picked":"Wallop","floor":38.0},{"not_picked":["Thinking Ahead","Blind","Swift Strike"],"picked":"Master of Strategy","floor":39.0},{"not_picked":["FlyingSleeves","Crescendo","Indignation"],"picked":"FlurryOfBlows","floor":42.0},{"not_picked":["DeceiveReality","FollowUp+1","FlyingSleeves","Protect"],"picked":"SKIP","floor":45.0},{"not_picked":["DeceiveReality","FollowUp+1","FlyingSleeves","Protect"],"picked":"SKIP","floor":45.0},{"not_picked":["Prostrate+1","SashWhip","Establishment+1"],"picked":"EmptyMind","floor":47.0},{"not_picked":["ClearTheMind","Collect+1","FollowUp"],"picked":"Meditate","floor":48.0},{"not_picked":["SashWhip","DeceiveReality","PathToVictory","JustLucky+1"],"picked":"SKIP","floor":54}],"player_experience":413128,"relics_obtained":[{"floor":9.0,"key":"Frozen Egg 2"},{"floor":10.0,"key":"Ornamental Fan"},{"floor":13.0,"key":"Question Card"},{"floor":23.0,"key":"Old Coin"},{"floor":25.0,"key":"Vajra"},{"floor":27.0,"key":"Tiny Chest"},{"floor":29.0,"key":"MealTicket"},{"floor":38.0,"key":"WingedGreaves"},{"floor":41.0,"key":"Gremlin Horn"},{"floor":42.0,"key":"Akabeko"},{"floor":43.0,"key":"Omamori"},{"floor":45.0,"key":"Centennial Puzzle"},{"floor":46.0,"key":"CloakClasp"},{"floor":47.0,"key":"White Beast Statue"},{"floor":48.0,"key":"StoneCalendar"},{"floor":54,"key":"Anchor"}],"event_choices":[{"damage_healed":0.0,"max_hp_gain":0.0,"max_hp_loss":0.0,"gold_gain":0.0,"event_name":"Scrap Ooze","player_choice":"Success","floor":2.0,"gold_loss":0.0,"damage_taken":11.0,"relics_obtained":["Bag of Preparation"]},{"damage_healed":0.0,"max_hp_gain":0.0,"max_hp_loss":0.0,"gold_gain":100.0,"event_name":"Wheel of Change","player_choice":"Gold","floor":4.0,"gold_loss":0.0,"damage_taken":0.0},{"cards_removed":["Strike_P"],"damage_healed":0.0,"max_hp_gain":0.0,"max_hp_loss":0.0,"gold_gain":0.0,"event_name":"Beggar","player_choice":"Gave Gold","floor":22.0,"gold_loss":75.0,"damage_taken":0.0},{"damage_healed":0.0,"max_hp_gain":5.0,"max_hp_loss":0.0,"gold_gain":0.0,"event_name":"Forgotten Altar","player_choice":"Shed Blood","floor":30.0,"gold_loss":0.0,"damage_taken":22.0},{"damage_healed":0.0,"max_hp_gain":0.0,"max_hp_loss":0.0,"gold_gain":0.0,"event_name":"Mysterious Sphere","player_choice":"Fight","floor":38.0,"gold_loss":0.0,"damage_taken":0.0},{"damage_healed":0.0,"max_hp_gain":0.0,"max_hp_loss":0.0,"gold_gain":0.0,"event_name":"SensoryStone","player_choice":"Memory 1","floor":39.0,"gold_loss":0.0,"damage_taken":0.0},{"cards_removed":["Defend_P"],"damage_healed":0.0,"max_hp_gain":0.0,"max_hp_loss":0.0,"gold_gain":0.0,"event_name":"Falling","player_choice":"Removed Skill","floor":44.0,"gold_loss":0.0,"damage_taken":0.0},{"damage_healed":0.0,"max_hp_gain":0.0,"max_hp_loss":0.0,"gold_gain":0.0,"event_name":"MindBloom","player_choice":"Fight","floor":46.0,"gold_loss":0.0,"damage_taken":0.0}],"is_beta":false,"boss_relics":[{"not_picked":["Runic Dome","Snecko Eye"],"picked":"VioletLotus"},{"not_picked":["Tiny House","Coffee Dripper"],"picked":"Empty Cage"}],"items_purged_floors":[37],"is_endless":false,"potions_floor_spawned":[3,7,13,21,25,28,31,42,45,46,47,48,54],"ascension_level":15}}