{"host":"jd8ca16pxkooz5tw","time":1611406344,"event":{"mods":["AchievementEnabler","BaseMod","Colored Map","Defuse TimeMaze Blight","Downfall","GifTheSpireLib","Highlight Path","Minty Spire (QoL Compilation)","StSLib"],"gold_per_floor":[99,20,20,20,85,85,85,85,110,10,45,78,108,137,151,248,248,48,48,48,64,83,83,106,106,106,134,134,168,168,195,205,301,301,301,314,314,17,71,71,98,98,125,155,155,155,181,331,342,342,342,374,13,13,13,13,13,13],"floor_reached":56,"language":"ENG","playtime":5555,"items_purged":["bronze:Replicate"],"score":1167,"play_id":"eae5c4c0-4f41-482c-b43f-53b837951c1c","local_time":"20210123135224","daily_mods":["Heirloom","Time Dilation","Flight","downfall:Lament"],"is_ascension_mode":true,"campfire_choices":[{"floor":1,"key":"RECALL"},{"data":"bronze:Terminator","floor":8,"key":"SMITH"},{"data":"bronze:BuggyMess","floor":10,"key":"SMITH"},{"data":"bronze:Assembly","floor":18,"key":"SMITH"},{"data":"1","floor":26,"key":"LIFT"},{"data":"2","floor":28,"key":"LIFT"},{"data":"Pride","floor":30,"key":"PURGE"},{"data":"3","floor":35,"key":"LIFT"},{"data":"Writhe","floor":40,"key":"PURGE"},{"data":"bronze:Mutator","floor":42,"key":"SMITH"},{"data":"bronze:Verify","floor":45,"key":"SMITH"},{"data":"bronze:FineTuning","floor":46,"key":"SMITH"},{"floor":54,"key":"REST"}],"circlet_count":0,"master_deck":["bronze:Strike+1","bronze:Strike+1","bronze:Strike+1","bronze:Defend+1","bronze:Defend+1","bronze:Defend+1","bronze:Defend+1","bronze:Goto","bronze:Break+1","bronze:BuggyMess+1","bronze:ChildClass","bronze:WildBeam","bronze:CutThrough","bronze:Terminator+1","bronze:Philosophize","bronze:Verify+1","bronze:DelayedGuard","bronze:CutThrough","bronze:FineTuning+1","bronze:Mutator+1","bronze:Assembly+1","bronze:WildBeam+1","bronze:Overheat+1","bronze:Shell","bronze:Philosophize","bronze:CleanCode+1","bronze:Repulsor+1","bronze:BronzeOrb","bronze:Fortify+1","bronze:Shell+1","bronze:HardenedForm+1"],"relics":["bronze:PlatinumCore","NeowsBlessing","CaptainsWheel","Question Card","Singing Bowl","Pen Nib","downfall:HeartBlessingRed","Juzu Bracelet","Du-Vu Doll","PreservedInsect","Whetstone","Philosopher\u0027s Stone","downfall:HeartBlessingGreen","downfall:HeartBlessingBlue","bronze:ProtectiveGoggles","Anchor","Girya","Peace Pipe","Frozen Egg 2","hexamod:BolsterEngine","Guardian:PocketSentry","Ice Cream","Nunchaku","Smiling Mask","Bag of Preparation","Orichalcum","Shuriken","Gambling Chip"],"acts_visited":["Exordium","TheCity","TheBeyond","TheEnding"],"potions_floor_usage":[12,13,27,55,55,55],"damage_taken":[{"damage":0,"enemies":"downfall:FleeingMerchant","floor":2,"turns":1},{"damage":0,"enemies":"Lagavulin Event","floor":5,"turns":1},{"damage":0,"enemies":"Lagavulin","floor":9,"turns":1},{"damage":0,"enemies":"Gremlin Nob","floor":11,"turns":2},{"damage":0,"enemies":"3 Sentries","floor":12,"turns":5},{"damage":18,"enemies":"Gremlin Nob","floor":13,"turns":3},{"damage":0,"enemies":"3 Sentries","floor":14,"turns":3},{"damage":0,"enemies":"Small Slimes","floor":15,"turns":2},{"damage":39,"enemies":"IC_STATUS_ARCHETYPE","floor":16,"turns":5},{"damage":0,"enemies":"Chosen","floor":19,"turns":1},{"damage":11,"enemies":"Shell Parasite","floor":21,"turns":4},{"damage":15,"enemies":"Centurion and Healer","floor":22,"turns":5},{"damage":4,"enemies":"Book of Stabbing","floor":27,"turns":3},{"damage":5,"enemies":"Gremlin Leader","floor":29,"turns":5},{"damage":0,"enemies":"Book of Stabbing","floor":31,"turns":2},{"damage":0,"enemies":"Cultist and Chosen","floor":32,"turns":3},{"damage":11,"enemies":"WA_ARCHETYPE_CALM","floor":33,"turns":3},{"damage":0,"enemies":"Orb Walker","floor":36,"turns":1},{"damage":4,"enemies":"2 Orb Walkers","floor":39,"turns":2},{"damage":0,"enemies":"Nemesis","floor":43,"turns":3},{"damage":0,"enemies":"Reptomancer","floor":44,"turns":2},{"damage":0,"enemies":"Nemesis","floor":47,"turns":3},{"damage":0,"enemies":"3 Darklings","floor":49,"turns":2},{"damage":21,"enemies":"DF_ARCHETYPE_ORBS","floor":50,"turns":7},{"damage":88,"enemies":"downfall:CharBossMerchant","floor":52,"turns":7},{"damage":0,"enemies":"downfall:NeowBoss","floor":55,"turns":12},{"damage":52,"enemies":"downfall:NeowBossFinal","floor":56,"turns":5}],"seed_played":"1791418006309795448","potions_obtained":[{"floor":5,"key":"AttackPotion"},{"floor":9,"key":"Block Potion"},{"floor":14,"key":"DuplicationPotion"},{"floor":15,"key":"Dexterity Potion"},{"floor":22,"key":"SkillPotion"},{"floor":27,"key":"ColorlessPotion"},{"floor":29,"key":"bronze:BurnAndBuffPotion"}],"is_trial":true,"path_per_floor":["R","$","?","?","?","?","T","R","E","R","E","E","E","E","M","B",null,"R","M","?","M","M","?","T","?","R","E","R","E","R","E","M","B",null,"R","M","?","$","?","R","T","R","E","E","R","R","E","?","M","B",null,"E","$","R","B","B"],"character_chosen":"THE_AUTOMATON","items_purchased":["Question Card","bronze:BuggyMess","bronze:ChildClass","bronze:WildBeam","hexamod:BolsterEngine","Guardian:PocketSentry","Gambling Chip"],"campfire_rested":1,"item_purchase_floors":[2,2,2,2,38,38,53],"current_hp_per_floor":[70,70,75,75,75,75,75,75,75,75,75,75,57,57,57,18,75,85,85,85,74,61,61,61,61,61,64,64,61,61,63,63,52,98,98,98,98,98,96,96,96,96,98,98,98,98,98,98,98,77,102,14,14,44,44,0,0,0],"gold":13,"neow_bonus":"","is_daily":false,"chose_seed":false,"campfire_upgraded":6,"win_rate":0.0,"timestamp":1611406344,"path_taken":["R","$","?","?","?","?","T","R","E","R","E","E","E","E","M","BOSS","R","M","?","M","M","?","T","?","R","E","R","E","R","E","M","BOSS","R","M","?","$","?","R","T","R","E","E","R","R","E","?","M","BOSS","E","$","R","BOSS","BOSS"],"items_purchased_type":["Relic","Card","Card","Card","Relic","Relic","Relic"],"build_version":"2020-12-22","purchased_purges":1,"victory":false,"max_hp_per_floor":[70,70,75,75,75,75,75,75,75,75,75,75,75,75,75,75,75,85,85,85,85,87,87,87,87,87,94,94,96,96,98,98,98,98,98,98,98,98,100,100,100,100,102,102,102,102,102,102,102,102,102,102,102,102,102,102,102,102],"card_choices":[{"not_picked":["bronze:CutThrough","bronze:Shield"],"picked":"bronze:Break","floor":2},{"not_picked":["bronze:Invalidate","bronze:Shield","bronze:CloningBeam"],"picked":"bronze:Terminator","floor":5},{"not_picked":["bronze:Overheat","bronze:DelayedSlice","bronze:BugBarrage"],"picked":"bronze:Philosophize","floor":9},{"not_picked":["bronze:Frontload","bronze:CloningBeam","bronze:ClassDefault"],"picked":"bronze:Verify","floor":11},{"not_picked":["bronze:Shield","bronze:ForLoop","bronze:NullPointer"],"picked":"bronze:DelayedGuard","floor":12},{"not_picked":["bronze:Constructor","bronze:Iterate","bronze:BitShift"],"picked":"bronze:CutThrough","floor":13},{"not_picked":["bronze:Separator","bronze:Overload","bronze:Invalidate"],"picked":"bronze:FineTuning","floor":14},{"not_picked":["bronze:Separator","bronze:Overload","bronze:BitShift"],"picked":"bronze:Mutator","floor":15},{"not_picked":["bronze:SpaghettiCode","bronze:BurnOut","bronze:Verify"],"picked":"bronze:Assembly","floor":16},{"not_picked":["bronze:Overheat","bronze:Overload","bronze:Branch"],"picked":"bronze:WildBeam+1","floor":19},{"not_picked":["bronze:Deprecate","bronze:OilSpill+1","bronze:BuggyMess"],"picked":"bronze:Overheat+1","floor":21},{"not_picked":["bronze:OilSpill","bronze:FollowUp","bronze:Fortify","bronze:DelayedSlice"],"picked":"Singing Bowl","floor":22},{"not_picked":["bronze:GetLatest","bronze:DarkDash","bronze:Return"],"picked":"bronze:Shell","floor":27},{"not_picked":["bronze:WhirlingStrike","bronze:CloningBeam","bronze:BitShift","bronze:Terminator"],"picked":"Singing Bowl","floor":29},{"not_picked":["bronze:BitShift","bronze:CutThrough","bronze:Fortify","bronze:Shield"],"picked":"Singing Bowl","floor":31},{"not_picked":["bronze:Deprecate+1","bronze:ForceShield","bronze:WildBeam"],"picked":"bronze:Philosophize","floor":32},{"not_picked":["bronze:Format","bronze:ThunderWave","bronze:FindAndReplace"],"picked":"bronze:CleanCode+1","floor":33},{"not_picked":["bronze:DelayedGuard+1","bronze:OilSpill","bronze:DarkDash+1"],"picked":"bronze:Repulsor+1","floor":36},{"not_picked":["bronze:Overheat","bronze:WildBeam+1","bronze:NullPointer","bronze:ChosenStrike"],"picked":"Singing Bowl","floor":39},{"not_picked":["bronze:WhirlingStrike","bronze:Constructor+1","bronze:DelayedSlice+1","bronze:CutThrough+1"],"picked":"Singing Bowl","floor":43},{"not_picked":["bronze:BugBarrage","bronze:Overheat+1","bronze:WildBeam"],"picked":"bronze:BronzeOrb","floor":44},{"not_picked":["bronze:BuggyMess","bronze:HyperBeam","bronze:Overload"],"picked":"bronze:Fortify+1","floor":47},{"not_picked":["bronze:WhirlingStrike+1","bronze:Shield+1","bronze:Branch"],"picked":"bronze:Shell+1","floor":49},{"not_picked":["bronze:DelayedSlice","bronze:Invalidate","bronze:Flail"],"picked":"bronze:HardenedForm+1","floor":52}],"player_experience":317653,"relics_obtained":[{"floor":5,"key":"Singing Bowl"},{"floor":9,"key":"Pen Nib"},{"floor":11,"key":"Juzu Bracelet"},{"floor":12,"key":"Du-Vu Doll"},{"floor":13,"key":"PreservedInsect"},{"floor":14,"key":"Whetstone"},{"floor":24,"key":"Anchor"},{"floor":27,"key":"Strawberry"},{"floor":29,"key":"Peace Pipe"},{"floor":31,"key":"Frozen Egg 2"},{"floor":39,"key":"Ice Cream"},{"floor":41,"key":"Nunchaku"},{"floor":43,"key":"Smiling Mask"},{"floor":44,"key":"Bag of Preparation"},{"floor":47,"key":"Orichalcum"},{"floor":52,"key":"Shuriken"}],"event_choices":[{"damage_healed":0,"gold_gain":0,"player_choice":"Donut","damage_taken":0,"max_hp_gain":5,"max_hp_loss":0,"event_name":"Big Fish","floor":3,"gold_loss":0},{"damage_healed":0,"gold_gain":0,"player_choice":"Stole Relic","damage_taken":0,"relics_obtained":["Girya"],"max_hp_gain":0,"max_hp_loss":0,"event_name":"Addict","floor":25,"gold_loss":0,"cards_obtained":["Pride"]},{"damage_healed":0,"gold_gain":0,"player_choice":"Fight","damage_taken":0,"max_hp_gain":0,"max_hp_loss":0,"event_name":"Mysterious Sphere","floor":39,"gold_loss":0}],"is_beta":false,"boss_relics":[{"not_picked":["expansioncontent:StudyCardRelic","sneckomod:SneckoTalon"],"picked":"Philosopher\u0027s Stone"},{"not_picked":["Fusion Hammer","Astrolabe"],"picked":"bronze:PlatinumCore"}],"items_purged_floors":[53],"is_endless":false,"potions_floor_spawned":[5,9,14,15,22,27,29,43,47,49],"killed_by":"downfall:NeowBossFinal","ascension_level":1}}