{"host":"d9m9v0h6vo0edadb","time":1611417242,"event":{"mods":["BaseMod","Hermit","Keyboard Shortcuts","Minty Spire (QoL Compilation)","StSLib","SuperFastMode","The Cursed"],"gold_per_floor":[19,32,32,51,64,64,97,97,123,123,137,137,137,137,137,137,137],"floor_reached":16,"language":"KOR","playtime":145,"items_purged":[],"score":200,"play_id":"89e44236-273f-44b1-b496-45c169d093b6","local_time":"20210124005402","is_ascension_mode":true,"campfire_choices":[{"data":"Eviscerate","floor":6,"key":"SMITH"},{"data":"Tactician","floor":8,"key":"SMITH"},{"floor":10,"key":"REST"},{"data":"Glass Knife","floor":13,"key":"SMITH"},{"data":"Deadly Poison","floor":15,"key":"SMITH"}],"circlet_count":0,"master_deck":["AscendersBane","Strike_G","Strike_G","Strike_G","Defend_G","Defend_G","Defend_G","Defend_G","Survivor","Neutralize","Deadly Poison+1","Tactician+1","Eviscerate+1","Dagger Throw","Glass Knife+1"],"relics":["Ring of the Snake","Tiny Chest","Lantern","Golden Idol"],"acts_visited":["Exordium"],"potions_floor_usage":[7],"damage_taken":[{"damage":7,"enemies":"Cultist","floor":1,"turns":5},{"damage":0,"enemies":"2 Louse","floor":2,"turns":4},{"damage":5,"enemies":"Small Slimes","floor":4,"turns":5},{"damage":19,"enemies":"Exordium Thugs","floor":5,"turns":5},{"damage":24,"enemies":"Gremlin Nob","floor":7,"turns":4},{"damage":0,"enemies":"3 Louse","floor":11,"turns":2},{"damage":24,"enemies":"The Guardian","floor":16,"turns":6}],"seed_played":"3086111613394230122","potions_obtained":[{"floor":4,"key":"Swift Potion"},{"floor":7,"key":"SpeedPotion"},{"floor":11,"key":"FearPotion"}],"is_trial":false,"path_per_floor":["M","M","$","M","M","R","E","R","T","R","M","?","R","?","R","B"],"character_chosen":"THE_SILENT","items_purchased":[],"campfire_rested":1,"item_purchase_floors":[],"current_hp_per_floor":[52,52,52,47,28,28,4,4,4,23,23,23,23,23,23,0,0],"gold":137,"neow_bonus":"REMOVE_TWO","is_daily":false,"chose_seed":false,"campfire_upgraded":4,"win_rate":0.0,"timestamp":1611417242,"path_taken":["M","M","$","M","?","R","E","R","T","R","M","?","R","?","R","BOSS"],"items_purchased_type":[],"build_version":"2020-12-22","purchased_purges":0,"victory":false,"max_hp_per_floor":[66,66,66,66,66,66,66,66,66,66,66,60,60,60,60,60,60],"card_choices":[{"not_picked":["Deflect","Slice"],"picked":"Deadly Poison","floor":1},{"not_picked":["Slice","Caltrops"],"picked":"Tactician","floor":2},{"not_picked":["Acrobatics","Dagger Throw"],"picked":"Eviscerate","floor":4},{"not_picked":["Backflip","Heel Hook"],"picked":"Dagger Throw","floor":5},{"not_picked":["Leg Sweep","Bane"],"picked":"Glass Knife","floor":7},{"not_picked":["Poisoned Stab","Backstab","Quick Slash"],"picked":"SKIP","floor":11}],"player_experience":989163,"relics_obtained":[{"floor":7,"key":"Tiny Chest"},{"floor":9,"key":"Lantern"}],"event_choices":[{"damage_healed":0,"gold_gain":0,"player_choice":"Lose Max HP","damage_taken":0,"relics_obtained":["Golden Idol"],"max_hp_gain":0,"max_hp_loss":6,"event_name":"Golden Idol","floor":12,"gold_loss":0},{"cards_removed":["Strike_G"],"damage_healed":0,"gold_gain":0,"player_choice":"Card Removal","damage_taken":0,"max_hp_gain":0,"max_hp_loss":0,"event_name":"Wheel of Change","floor":14,"gold_loss":0}],"is_beta":false,"boss_relics":[],"items_purged_floors":[],"is_endless":false,"potions_floor_spawned":[4,7,11],"killed_by":"The Guardian","ascension_level":20}}