{"host":"Jade","time":1611409902,"event":{"mods":["2.2 Compatiblity","A Penny For Your Troubles","Aspiration","BaseMod","Better Altar","Better Match","Better Note","Better Skull","Better Third Choice","Better Vampires","BetterRewards","Colored Powertips","Conspire","Curses Come First","DeckTracker","GifTheSpireLib","Hero for Fun","Hubris","Infinite Spire","Minty Spire (QoL Compilation)","Quick Restart","Rare Cards Sparkle","Relic Stats","Replay The Spire","RumiaBox-????????","StSLib","Stuff the Spire","Waifu the Spire","Wandering Minibosses"],"gold_per_floor":[19,19,37,55,67,67,67,67,94,126,137,147,160,189,189,287,287,306,306,306],"floor_reached":19,"language":"ENG","playtime":366,"items_purged":[],"score":308,"play_id":"d6411da6-2f54-4287-9fa0-45d94ed08e97","local_time":"20210123215142","is_ascension_mode":false,"campfire_choices":[{"data":"Oh","floor":6,"key":"SMITH"},{"data":"Defend_Y","floor":15,"key":"PURGE"}],"circlet_count":0,"master_deck":["Strike_Y","Strike_Y","Strike_Y","Strike_Y","Strike_Y","Defend_Y","Defend_Y+1","Defend_Y","Defend_Y","Consecutive_Normal_Punch","Slap","Oh+1","Terrifying_Presence","Serious_Side_Hops","Pain"],"relics":["Cape","Replay:WaspNest","HornCleat","TheAbacus","infinitespire:CursedDice","infinitespire:Lucky Rock","aspiration:TomeofQuesting","GodSword3","hubris:Stopwatch","WarpedTongs"],"acts_visited":["Exordium","TheCity"],"potions_floor_usage":[],"damage_taken":[{"damage":0,"enemies":"Small Slimes","floor":1,"turns":1},{"damage":0,"enemies":"2 Louse","floor":3,"turns":1},{"damage":0,"enemies":"Cultist","floor":4,"turns":1},{"damage":0,"enemies":"Red Slaver","floor":5,"turns":1},{"damage":0,"enemies":"3 Louse","floor":8,"turns":1},{"damage":0,"enemies":"Lagavulin","floor":10,"turns":1},{"damage":0,"enemies":"Exordium Thugs","floor":11,"turns":1},{"damage":0,"enemies":"Lots of Slimes","floor":12,"turns":3},{"damage":0,"enemies":"2 Fungi Beasts","floor":13,"turns":1},{"damage":0,"enemies":"3 Sentries","floor":14,"turns":2},{"damage":0,"enemies":"The Guardian","floor":16,"turns":1},{"damage":0,"enemies":"Chosen","floor":18,"turns":1}],"seed_played":"1809368995713033813","potions_obtained":[{"floor":11,"key":"FairyPotion"},{"floor":12,"key":"SpeedPotion"},{"floor":16,"key":"Dexterity Potion"}],"is_trial":false,"path_per_floor":["M","?","M","M","M","R","?","M","T","E","M","M","M","E","R","B",null,"M","?"],"character_chosen":"OPM","items_purchased":["Consecutive_Normal_Punch","Replay:WaspNest","HornCleat","TheAbacus"],"campfire_rested":0,"item_purchase_floors":[0,0,0,0],"current_hp_per_floor":[999,999,999,999,999,999,999,999,999,999,999,999,999,999,999,999,999,999,999,999],"gold":306,"neow_bonus":"","is_daily":false,"chose_seed":false,"campfire_upgraded":1,"win_rate":0.0,"timestamp":1611409902,"path_taken":["M","?","M","M","M","R","?","?","T","E","M","M","M","E","R","BOSS","M","?"],"items_purchased_type":["Card","Relic","Relic","Relic"],"build_version":"2020-11-17","purchased_purges":0,"victory":false,"max_hp_per_floor":[999,999,999,999,999,999,999,999,999,999,999,999,999,999,999,999,999,999,999,999],"relic_stats":{"TheAbacus":[192],"counters":[78,222],"obtain_stats":[{"StuffTheSpire:Rhapsscallions":6,"infinitespire:Cubic Diamond":3,"aspiration:PoetsPen_weak":17,"StuffTheSpire:BottledEssence":48,"hubris:MysteriousPyramids":74,"MagicDraw1":40,"Blood Vial":126,"HornCleat":0,"aspiration:BabyByrd":114,"Strawberry":32,"MealTicket":60,"HandDrill":61,"Eternal Feather":104,"Pen Nib":116,"WarpedTongs":19,"infinitespire:EvilPickle":34,"SlaversCollar":68,"Bottled Flame":24,"wanderingMiniBosses:Blackblade":37,"Shuriken":51,"hubris:BottledHeart":125,"ReplayTheSpireMod:Ring of Collecting":56,"hubris:PeanutButter":108,"GodSword7":9,"GodSword5":109,"GodSword3":14,"infinitespire:PuzzleCube":96,"hubris:Metronome":111,"Blue Doll":77,"Mango":95,"aspiration:TomeofQuesting":10,"StuffTheSpire:GrapeVine":43,"Replay:Multitool":80,"PrismaticShard":76,"Burning Blood":0,"aspiration:StickyExplosives_weak":94,"StuffTheSpire:OccultApparatus":98,"Nunchaku":53,"TheAbacus":11,"hubris:Backtick":51,"hubris:Stopwatch":102,"StuffTheSpire:HeavyRock":128,"hubris:IronBody":41,"hubris:ChampionShield":28,"StuffTheSpire:RedRose":115,"hubris:GlazedTorus":54,"NeowsBlessing":0,"infinitespire:CursedDice":0,"Thread and Needle":129,"Replay:WaspNest":0,"infinitespire:Lucky Rock":9,"hubris:Towel":10,"Orichalcum":82,"Medical Kit":121,"infinitespire:DarkRift":3,"CaptainsWheel":97,"Busted Crown":48,"StuffTheSpire:Mouthbags":59,"Coffee Dripper":34,"Snack Pack":65,"Bottled Lightning":26,"conspire:DeflatedDodgeball":130,"TungstenRod":100},{"StuffTheSpire:Rhapsscallions":4,"infinitespire:Cubic Diamond":1,"aspiration:PoetsPen_weak":9,"StuffTheSpire:BottledEssence":24,"hubris:MysteriousPyramids":36,"MagicDraw1":22,"Blood Vial":62,"HornCleat":66,"aspiration:BabyByrd":57,"Strawberry":15,"MealTicket":29,"HandDrill":29,"Eternal Feather":52,"Pen Nib":57,"WarpedTongs":78,"infinitespire:EvilPickle":16,"SlaversCollar":32,"Bottled Flame":12,"wanderingMiniBosses:Blackblade":19,"Shuriken":25,"hubris:BottledHeart":61,"ReplayTheSpireMod:Ring of Collecting":27,"hubris:PeanutButter":54,"GodSword7":6,"GodSword5":55,"GodSword3":76,"infinitespire:PuzzleCube":49,"hubris:Metronome":56,"Blue Doll":37,"Mango":48,"aspiration:TomeofQuesting":72,"StuffTheSpire:GrapeVine":22,"Replay:Multitool":39,"PrismaticShard":37,"Burning Blood":0,"aspiration:StickyExplosives_weak":47,"StuffTheSpire:OccultApparatus":49,"Nunchaku":26,"TheAbacus":6,"hubris:Backtick":25,"hubris:Stopwatch":51,"StuffTheSpire:HeavyRock":62,"hubris:IronBody":22,"hubris:ChampionShield":14,"StuffTheSpire:RedRose":57,"hubris:GlazedTorus":26,"NeowsBlessing":0,"infinitespire:CursedDice":66,"Thread and Needle":62,"Replay:WaspNest":66,"infinitespire:Lucky Rock":71,"hubris:Towel":6,"Orichalcum":40,"Medical Kit":59,"infinitespire:DarkRift":1,"CaptainsWheel":49,"Busted Crown":24,"StuffTheSpire:Mouthbags":29,"Coffee Dripper":16,"Snack Pack":31,"Bottled Lightning":12,"conspire:DeflatedDodgeball":63,"TungstenRod":50},{"StuffTheSpire:Rhapsscallions":7,"infinitespire:Cubic Diamond":1,"aspiration:PoetsPen_weak":34,"StuffTheSpire:BottledEssence":106,"hubris:MysteriousPyramids":128,"MagicDraw1":97,"Blood Vial":200,"HornCleat":207,"aspiration:BabyByrd":188,"Strawberry":66,"MealTicket":117,"HandDrill":117,"Eternal Feather":175,"Pen Nib":188,"WarpedTongs":222,"infinitespire:EvilPickle":73,"SlaversCollar":123,"Bottled Flame":49,"wanderingMiniBosses:Blackblade":85,"Shuriken":112,"hubris:BottledHeart":197,"ReplayTheSpireMod:Ring of Collecting":114,"hubris:PeanutButter":179,"GodSword7":15,"GodSword5":184,"GodSword3":220,"infinitespire:PuzzleCube":168,"hubris:Metronome":186,"Blue Doll":131,"Mango":166,"aspiration:TomeofQuesting":213,"StuffTheSpire:GrapeVine":97,"Replay:Multitool":137,"PrismaticShard":131,"Burning Blood":0,"aspiration:StickyExplosives_weak":161,"StuffTheSpire:OccultApparatus":168,"Nunchaku":113,"TheAbacus":15,"hubris:Backtick":112,"hubris:Stopwatch":174,"StuffTheSpire:HeavyRock":200,"hubris:IronBody":97,"hubris:ChampionShield":63,"StuffTheSpire:RedRose":188,"hubris:GlazedTorus":113,"NeowsBlessing":0,"infinitespire:CursedDice":207,"Thread and Needle":200,"Replay:WaspNest":207,"infinitespire:Lucky Rock":212,"hubris:Towel":15,"Orichalcum":139,"Medical Kit":193,"infinitespire:DarkRift":1,"CaptainsWheel":168,"Busted Crown":106,"StuffTheSpire:Mouthbags":117,"Coffee Dripper":73,"Snack Pack":120,"Bottled Lightning":49,"conspire:DeflatedDodgeball":202,"TungstenRod":171}],"WarpedTongs":[0]},"card_choices":[{"not_picked":["Yawn","Side_Hop"],"picked":"Slap","floor":1},{"not_picked":["Side_Hop","Toss_Stone"],"picked":"Oh","floor":3},{"not_picked":["Slap","Ignore","Yawn"],"picked":"SKIP","floor":4},{"not_picked":["Normal_Punch","Yawn","Slap"],"picked":"SKIP","floor":5},{"not_picked":["Toss_Stone","Do_Nothing","Side_Hop"],"picked":"SKIP","floor":8},{"not_picked":["Ignore","Yawn","Side_Hop"],"picked":"SKIP","floor":10},{"not_picked":["Wear_Disguise","Side_Hop","Yawn"],"picked":"SKIP","floor":11},{"not_picked":["Slap","Hop","Yawn"],"picked":"SKIP","floor":12},{"not_picked":["Wear_Disguise","Ignore"],"picked":"Terrifying_Presence","floor":13},{"not_picked":["Yawn","Toss_Stone","Wear_Disguise"],"picked":"SKIP","floor":14},{"not_picked":["Terrifying_Presence","Hip_Strike"],"picked":"Serious_Side_Hops","floor":16},{"not_picked":["Wear_Disguise","Side_Hop","Slap"],"picked":"SKIP","floor":18}],"player_experience":8233,"relics_obtained":[{"floor":9,"key":"infinitespire:Lucky Rock"},{"floor":10,"key":"aspiration:TomeofQuesting"},{"floor":14,"key":"GodSword3"}],"event_choices":[{"damage_healed":0,"gold_gain":0,"player_choice":"Rummage","damage_taken":0,"relics_obtained":["WarpedTongs"],"max_hp_gain":0,"max_hp_loss":0,"event_name":"Accursed Blacksmith","floor":19,"gold_loss":0,"cards_obtained":["Pain"]}],"is_beta":true,"boss_relics":[{"not_picked":["EasyGame_NEW","Replay:Wanted Poster"],"picked":"hubris:Stopwatch"}],"items_purged_floors":[],"is_endless":false,"potions_floor_spawned":[4,8,11,12,16,18],"ascension_level":0}}