{"host":"52y3gsbc2ynoze7d","time":1611384480,"event":{"mods":["Act Like it!","BaseMod","Colored Powertips","Googly Eyes","Hallownest","Minty Spire (QoL Compilation)","StSLib","The Bug Knight"],"gold_per_floor":[110,40,40,50,62,62,77,106,106,120,134,134,134,150,150,246,246,257,257,71,71,91,91,125,125,151,161,217,4,4,19,19,121,121,138,138,138,138],"floor_reached":37,"language":"ENG","playtime":3252,"items_purged":["HollowMod:NailStrikeStart"],"score":391,"play_id":"96b4bae9-f7c1-4a1f-9ded-a8604509f9b0","local_time":"20210122224800","is_ascension_mode":false,"campfire_choices":[{"floor":13,"key":"REST"},{"floor":15,"key":"REST"},{"data":"HollowMod:GrimmsGift","floor":23,"key":"SMITH"},{"floor":25,"key":"REST"},{"floor":30,"key":"REST"},{"data":"HollowMod:HowlingWraiths","floor":32,"key":"SMITH"}],"circlet_count":0,"master_deck":["HollowMod:NailStrikeStart","HollowMod:NailStrikeStart","HollowMod:NailStrikeStart","HollowMod:QuickDashStart","HollowMod:QuickDashStart","HollowMod:QuickDashStart","HollowMod:QuickDashStart","HollowMod:FocusHealStart+1","HollowMod:PogoStrike","HollowMod:GreatSlash+1","HollowMod:HowlingWraiths+1","HollowMod:GrimmsGift+1","HollowMod:PerfectDash","HollowMod:SharpenedNail","HollowMod:HeavyBlow","HollowMod:SlysStrikes","HollowMod:CycloneSlash+1","HollowMod:DungDefenderAura","HollowMod:GoodIntentions","HollowMod:AwokenDreamNail","HollowMod:VengefulSpirit+1","HollowMod:CornifersMapStart"],"relics":["HollowMod:VesselMask","Hallownest:StagBellRelic1","Hallownest:DreamNailRelic","Peace Pipe","Letter Opener","Busted Crown","Bag of Marbles","Happy Flower","Sundial","Art of War","Cursed Key"],"acts_visited":["Exordium","Hallownest:Greenpath","Hallownest:CityofTears"],"potions_floor_usage":[10,16],"damage_taken":[{"damage":1,"enemies":"Hallownest:2_MossCreeps","floor":1,"turns":5},{"damage":1,"enemies":"Hallownest:monsterHuskWarrior","floor":4,"turns":3},{"damage":4,"enemies":"Hallownest:monsterHuskGuard","floor":5,"turns":4},{"damage":11,"enemies":"Hallownest:Wandering_and_Horned","floor":7,"turns":4},{"damage":40,"enemies":"Hallownest:eliteCrystalGuardian","floor":8,"turns":7},{"damage":12,"enemies":"Hallownest:Guard_and_Warrior","floor":10,"turns":4},{"damage":4,"enemies":"Hallownest:1_Baldur_1_Crawlid_1_Warrior","floor":11,"turns":4},{"damage":8,"enemies":"Hallownest:MossCreep_and_Mosskin","floor":14,"turns":4},{"damage":74,"enemies":"Hallownest:BossBrokenVessel","floor":16,"turns":11},{"damage":7,"enemies":"Hallownest:2_Mistakes","floor":18,"turns":4},{"damage":9,"enemies":"Hallownest:Guard_and_Sentry","floor":22,"turns":3},{"damage":23,"enemies":"Hallownest:eliteSoulWarrior","floor":24,"turns":8},{"damage":8,"enemies":"Hallownest:Master_and_Novice","floor":27,"turns":4},{"damage":15,"enemies":"Hallownest:Glutton_and_Coward","floor":28,"turns":4},{"damage":7,"enemies":"Hallownest:monsterShrumalOgre","floor":31,"turns":4},{"damage":38,"enemies":"Hallownest:BossSoulMaster","floor":33,"turns":10},{"damage":17,"enemies":"Hallownest:3_Siblings","floor":35,"turns":5},{"damage":67,"enemies":"Hallownest:2_Primals","floor":37,"turns":2}],"seed_played":"1217217322388609595","potions_obtained":[{"floor":1,"key":"SpeedPotion"},{"floor":5,"key":"FairyPotion"},{"floor":7,"key":"EntropicBrew"},{"floor":11,"key":"Ancient Potion"},{"floor":16,"key":"DuplicationPotion"},{"floor":24,"key":"Block Potion"}],"is_trial":false,"path_per_floor":["M","?","?","M","M","?","M","E","T","M","M","?","R","M","R","B",null,"M","?","$","?","M","R","E","R","T","M","M","$","R","M","R","B",null,"M","?","?"],"character_chosen":"THE_BUGKNIGHT","items_purchased":["HollowMod:DungDefenderAura","Bag of Marbles","HollowMod:AwokenDreamNail"],"campfire_rested":4,"item_purchase_floors":[20,20,29],"current_hp_per_floor":[74,74,74,73,75,75,64,30,30,24,26,26,48,46,68,22,75,68,68,68,68,59,59,42,64,64,62,47,47,69,62,62,30,75,58,58,0,0],"gold":138,"neow_bonus":"UPGRADE_CARD","is_daily":false,"chose_seed":false,"campfire_upgraded":2,"win_rate":0.0,"timestamp":1611384480,"path_taken":["M","?","?","?","M","?","M","E","T","M","M","?","R","M","R","BOSS","M","?","$","?","M","R","E","R","T","?","?","?","R","M","R","BOSS","M","?","?"],"items_purchased_type":["Card","Relic","Card"],"build_version":"2020-12-22","purchased_purges":1,"victory":false,"max_hp_per_floor":[75,75,75,75,75,75,75,75,75,75,75,75,75,75,75,75,75,75,75,75,75,75,75,75,75,75,75,75,75,75,75,75,75,75,75,70,70,70],"card_choices":[{"not_picked":["HollowMod:CoiledNail","HollowMod:SiblingsShadow"],"picked":"HollowMod:GreatSlash","floor":1},{"not_picked":["HollowMod:FallenFury","HollowMod:SharpenedShadows","HollowMod:AbyssShriek"],"picked":"SKIP","floor":4},{"not_picked":["HollowMod:MawleksShell","HollowMod:Grubsong"],"picked":"HollowMod:HowlingWraiths","floor":5},{"not_picked":["HollowMod:BaldurShell","HollowMod:SharpenedNail","HollowMod:InfectedAttack"],"picked":"SKIP","floor":7},{"not_picked":["HollowMod:VengefulVoid","HollowMod:HowlingWraiths"],"picked":"HollowMod:GrimmsGift","floor":8},{"not_picked":["HollowMod:SoulShaman","HollowMod:CloakDash"],"picked":"HollowMod:PerfectDash","floor":10},{"not_picked":["HollowMod:NewLittleFool","HollowMod:BlackTendrils"],"picked":"HollowMod:SharpenedNail","floor":11},{"not_picked":["HollowMod:AbyssShriek","HollowMod:NewInfectedGuardian"],"picked":"HollowMod:HeavyBlow","floor":14},{"not_picked":["HollowMod:NewInfectedGuardian","HollowMod:MidwifesHunger"],"picked":"HollowMod:SlysStrikes","floor":16},{"not_picked":[],"picked":"HollowMod:CycloneSlash+1","floor":18},{"not_picked":[],"picked":"HollowMod:GoodIntentions","floor":22},{"not_picked":["HollowMod:Grubsong"],"picked":"SKIP","floor":24},{"not_picked":["HollowMod:GrimmsGift"],"picked":"SKIP","floor":27},{"not_picked":["HollowMod:InfectedAttack"],"picked":"SKIP","floor":28},{"not_picked":[],"picked":"HollowMod:VengefulSpirit+1","floor":31},{"not_picked":[],"picked":"HollowMod:CornifersMapStart","floor":35}],"player_experience":207370,"relics_obtained":[{"floor":8,"key":"Peace Pipe"},{"floor":9,"key":"Letter Opener"},{"floor":24,"key":"Sundial"},{"floor":26,"key":"Art of War"}],"event_choices":[],"is_beta":false,"boss_relics":[{"not_picked":["Empty Cage","Fusion Hammer"],"picked":"Busted Crown"},{"not_picked":["Calling Bell","SlaversCollar"],"picked":"Cursed Key"}],"items_purged_floors":[29],"is_endless":false,"potions_floor_spawned":[1,5,7,11,16,24,27,28,33,35],"killed_by":"Hallownest:2_Primals","ascension_level":0}}