{"host":"u499vgr0907g2fby","time":1611426531,"event":{"mods":["BaseMod","Downfall","Googly Eyes","Minty Spire (QoL Compilation)","StSLib"],"gold_per_floor":[99,110,120,140,151,185,237,37,37,56,90,90,108,108,120,220,220,220,235,235,66,80,111,138,156,189,89,89,89,89,89],"floor_reached":29,"language":"ENG","playtime":3004,"items_purged":["downfall:Malfunctioning"],"score":325,"play_id":"2d9e8e8c-94ee-42ac-a69a-82f71859a72a","local_time":"20210123142851","is_ascension_mode":false,"campfire_choices":[{"floor":1.0,"key":"RECALL"},{"data":"champ:ArenaPreparation","floor":8.0,"key":"SMITH"},{"data":"champ:Devastate","floor":18,"key":"SMITH"},{"data":"champ:ShieldWall","floor":27,"key":"SMITH"}],"circlet_count":0,"master_deck":["champ:Strike+1","champ:Strike","champ:Strike","champ:Defend","champ:Defend","champ:Execute","champ:Taunt","champ:ArenaPreparation+1","champ:RapidStrikes+1","champ:FancyFootwork","Doubt","downfall:Malfunctioning","champ:CrookedStrike","champ:UltimateStance+1","champ:FaceSlap","champ:Parry","champ:Devastate+1","champ:DeathBlow+1","champ:EnGarde","champ:IronFortress","champ:FocusedDefense","champ:ShieldWall+1","Writhe","champ:GladiatorStyle","champ:SetATrap"],"relics":["Cursed Key","Kunai","Whetstone","downfall:HeartBlessingGreen","downfall:HeartBlessingRed","Ancient Tea Set","Sozu","InkBottle","Ornamental Fan","downfall:HeartBlessingBlue"],"acts_visited":["Exordium","TheCity"],"potions_floor_usage":[15,16,26],"damage_taken":[{"damage":20.0,"enemies":"Cultist","floor":2.0,"turns":3.0},{"damage":11.0,"enemies":"2 Louse","floor":3.0,"turns":3.0},{"damage":37.0,"enemies":"Jaw Worm","floor":4.0,"turns":3.0},{"damage":10.0,"enemies":"Large Slime","floor":5.0,"turns":5.0},{"damage":59.0,"enemies":"3 Sentries","floor":6.0,"turns":8.0},{"damage":25.0,"enemies":"3 Louse","floor":10.0,"turns":3.0},{"damage":0,"enemies":"Gremlin Nob","floor":11,"turns":3},{"damage":23,"enemies":"Red Slaver","floor":13,"turns":2},{"damage":2,"enemies":"3 Louse","floor":15,"turns":2},{"damage":61,"enemies":"DF_ARCHETYPE_STREAMLINE","floor":16,"turns":10},{"damage":12,"enemies":"Shell Parasite","floor":19,"turns":2},{"damage":62,"enemies":"downfall:FleeingMerchant","floor":21,"turns":4},{"damage":24,"enemies":"Spheric Guardian","floor":22,"turns":3},{"damage":52,"enemies":"Book of Stabbing","floor":23,"turns":4},{"damage":45,"enemies":"Centurion and Healer","floor":25,"turns":5},{"damage":55,"enemies":"Gremlin Leader","floor":26,"turns":4},{"damage":43,"enemies":"Shelled Parasite and Fungi","floor":29,"turns":3}],"seed_played":"-670303097202989146","potions_obtained":[{"floor":3.0,"key":"Energy Potion"},{"floor":10,"key":"champ:UltimateStancePotion"},{"floor":11,"key":"Explosive Potion"},{"floor":13,"key":"LiquidBronze"},{"floor":15,"key":"ColorlessPotion"}],"is_trial":false,"path_per_floor":["R","M","M","M","M","E","T","R","?","M","E","?","M","?","M","B",null,"R","M","?","$","M","E","T","M","E","R","?","M"],"character_chosen":"THE_CHAMP","items_purchased":["champ:IronFortress"],"campfire_rested":0,"item_purchase_floors":[21],"current_hp_per_floor":[90,90,89,87,87,58,58,58,58,53,53,53,40,45,43,13,95,95,83,83,81,77,65,65,60,30,40,40,0,0,0],"gold":89,"neow_bonus":"BOSS_RELIC","is_daily":false,"chose_seed":false,"campfire_upgraded":3,"win_rate":0.0,"timestamp":1611426531,"path_taken":["R","M","M","M","M","E","T","R","?","M","E","?","M","?","M","BOSS","R","M","?","?","?","E","T","M","E","R","?","M"],"items_purchased_type":["Card"],"build_version":"2020-12-22","purchased_purges":1,"victory":false,"max_hp_per_floor":[90,90,90,90,90,90,90,90,90,90,90,90,90,95,95,95,95,95,95,95,95,95,95,95,95,95,105,105,105,105,105],"card_choices":[{"not_picked":["champ:Shatter","champ:Parry"],"picked":"champ:ArenaPreparation","floor":2.0},{"not_picked":["champ:Backstep","champ:CrownThrow","champ:BladeFlurry"],"picked":"SKIP","floor":3.0},{"not_picked":["champ:Parry","champ:Shatter"],"picked":"champ:RapidStrikes","floor":4.0},{"not_picked":["champ:RapidStrikes","champ:PerfectedStrike"],"picked":"champ:FancyFootwork","floor":5.0},{"not_picked":["champ:AdrenalArmor","champ:CrownThrow","champ:EndlessRage"],"picked":"SKIP","floor":6.0},{"not_picked":["champ:RapidStrikes","champ:StanceDance"],"picked":"champ:CrookedStrike","floor":10},{"not_picked":["champ:TornadoPunch","champ:Parry"],"picked":"champ:UltimateStance","floor":11},{"not_picked":["champ:Backstep","champ:RisingSlash"],"picked":"champ:FaceSlap","floor":13},{"not_picked":["champ:FanOfKnives","champ:EnGarde"],"picked":"champ:Parry","floor":15},{"not_picked":["champ:UltimateStance","champ:HoldFirm"],"picked":"champ:Devastate","floor":16},{"not_picked":["champ:Encircle","champ:Parry"],"picked":"champ:DeathBlow","floor":19},{"not_picked":["champ:CrownThrow+1","champ:DeathBlow"],"picked":"champ:EnGarde","floor":21},{"not_picked":["champ:PerfectedStrike","champ:ShieldWall"],"picked":"champ:FocusedDefense","floor":22},{"not_picked":["champ:RapidStrikes","champ:FocusedBerserking"],"picked":"champ:ShieldWall","floor":23},{"not_picked":["champ:FanOfKnives","champ:Parry"],"picked":"champ:GladiatorStyle","floor":25},{"not_picked":["champ:PreciseThrust","champ:DeathBlow"],"picked":"champ:SetATrap","floor":26}],"player_experience":1973545,"relics_obtained":[{"floor":6.0,"key":"Kunai"},{"floor":7.0,"key":"Whetstone"},{"floor":11,"key":"Ancient Tea Set"},{"floor":23,"key":"InkBottle"},{"floor":26,"key":"Ornamental Fan"}],"event_choices":[{"damage_healed":0,"gold_gain":0,"player_choice":"Donut","damage_taken":0,"max_hp_gain":5,"max_hp_loss":0,"event_name":"Big Fish","floor":14,"gold_loss":0},{"damage_healed":0,"gold_gain":0,"player_choice":"Ignored","damage_taken":0,"max_hp_gain":0,"max_hp_loss":0,"event_name":"Ghosts","floor":28,"gold_loss":0}],"is_beta":false,"boss_relics":[{"not_picked":["Tiny House","Runic Pyramid"],"picked":"Sozu"}],"items_purged_floors":[21],"is_endless":false,"potions_floor_spawned":[3,10,11,13,15,19,22,26],"killed_by":"Shelled Parasite and Fungi","ascension_level":0}}