{"host":"vyjryxuuuxkt43k4","time":1611410117,"event":{"mods":["AchievementEnabler","BaseMod","Colored Map","DeckTracker","Keyboard Shortcuts","Minty Spire (QoL Compilation)","Permanent Neow","Quick Restart","StSLib","SuperFastMode","everything is the same but u backflip on backflip"],"gold_per_floor":[116,216,236,256,271,271,301,301,301,301,126,155,4,4,4,4,4],"floor_reached":16,"language":"KOR","playtime":443,"items_purged":["Strike_B"],"score":146,"play_id":"8ead8070-0e6b-4d0f-bd90-d1cdba137220","local_time":"20210123225517","is_ascension_mode":true,"campfire_choices":[{"data":"Dualcast","floor":6.0,"key":"SMITH"},{"data":"Turbo","floor":8.0,"key":"SMITH"},{"data":"Go for the Eyes","floor":15,"key":"SMITH"}],"circlet_count":0,"master_deck":["Strike_B","Strike_B","Defend_B","Defend_B","Defend_B","Defend_B+1","Zap+1","Dualcast+1","Ball Lightning","Turbo+1","FTL","Multi-Cast","Auto Shields+1","Pain","Go for the Eyes+1","Hologram","Cold Snap","Turbo"],"relics":["Cracked Core","Blood Vial","War Paint","WarpedTongs","Question Card","DataDisk"],"acts_visited":["Exordium"],"potions_floor_usage":[16],"damage_taken":[{"damage":4.0,"enemies":"2 Louse","floor":1.0,"turns":3.0},{"damage":0.0,"enemies":"Cultist","floor":3.0,"turns":3.0},{"damage":5.0,"enemies":"Small Slimes","floor":4.0,"turns":3.0},{"damage":4.0,"enemies":"Red Slaver","floor":5.0,"turns":3.0},{"damage":14.0,"enemies":"Gremlin Nob","floor":7.0,"turns":3.0},{"damage":32.0,"enemies":"Lagavulin","floor":12.0,"turns":6.0},{"damage":13,"enemies":"Hexaghost","floor":16,"turns":7}],"seed_played":"3675757537833868952","potions_obtained":[{"floor":3.0,"key":"SteroidPotion"},{"floor":5.0,"key":"DistilledChaos"},{"floor":12.0,"key":"Strength Potion"}],"is_trial":false,"path_per_floor":["M","?","M","M","M","R","E","R","T","?","$","E","$","?","R","B"],"character_chosen":"DEFECT","items_purchased":["Go for the Eyes","Hologram","DataDisk"],"campfire_rested":0,"item_purchase_floors":[11,11,13],"current_hp_per_floor":[64,64,64,59,55,55,41,41,41,41,41,11,11,11,11,0,0],"gold":4,"neow_bonus":"UPGRADE_CARD","is_daily":false,"chose_seed":false,"campfire_upgraded":3,"win_rate":0.0,"timestamp":1611410117,"path_taken":["M","?","M","M","?","R","E","R","T","?","$","E","?","?","R","BOSS"],"items_purchased_type":["Card","Card","Relic"],"build_version":"2020-12-22","purchased_purges":1,"victory":false,"max_hp_per_floor":[75,75,75,75,75,75,75,75,75,75,75,75,75,75,75,75,75],"card_choices":[{"not_picked":["Compile Driver","Gash"],"picked":"Ball Lightning","floor":1.0},{"not_picked":["Beam Cell","Melter"],"picked":"Turbo","floor":3.0},{"not_picked":["Blizzard","Streamline"],"picked":"FTL","floor":4.0},{"not_picked":["Barrage","Force Field"],"picked":"Multi-Cast","floor":5.0},{"not_picked":["Heatsinks","Gash"],"picked":"Auto Shields","floor":7.0},{"not_picked":["Steam","Leap"],"picked":"Cold Snap","floor":12.0}],"player_experience":269487,"relics_obtained":[{"floor":7.0,"key":"Blood Vial"},{"floor":9.0,"key":"War Paint"},{"floor":12.0,"key":"Question Card"}],"event_choices":[{"damage_healed":0.0,"max_hp_gain":0.0,"max_hp_loss":0.0,"gold_gain":100.0,"event_name":"Golden Shrine","player_choice":"Pray","floor":2.0,"gold_loss":0.0,"damage_taken":0.0},{"damage_healed":0.0,"max_hp_gain":0.0,"max_hp_loss":0.0,"gold_gain":0.0,"event_name":"Accursed Blacksmith","player_choice":"Rummage","floor":10.0,"gold_loss":0.0,"damage_taken":0.0,"relics_obtained":["WarpedTongs"],"cards_obtained":["Pain"]},{"damage_healed":0,"gold_gain":0,"cards_transformed":["Strike_B"],"player_choice":"Transformed","damage_taken":0,"max_hp_gain":0,"max_hp_loss":0,"event_name":"Transmorgrifier","floor":14,"gold_loss":0,"cards_obtained":["Turbo"]}],"is_beta":false,"boss_relics":[],"items_purged_floors":[11],"is_endless":false,"potions_floor_spawned":[3,5,12],"killed_by":"Hexaghost","ascension_level":7}}