{"host":"fr8lq8ydi6z2hexg","time":1611393863,"event":{"mods":["AchievementEnabler","Aspiration","BaseMod","Bestiary","Better Altar","Better Third Choice","Block Reminder","Card Forge","Challenge The Spire","Colored Powertips","Conspire","Custom Start","Downfall","Googly Eyes","Highlight Path","Hubris","Ironclad Rager","Minty Spire (QoL Compilation)","Remove Card Discount Mod","Shop Mod","Spicy Shops","Spire Arcade","StS++","StSLib","The IronCluck","TheSwordswoman","Waifu the Spire","Wide Potions","everything is the same but u backflip on backflip","slay the spire mod where everything is the same but ironclad has a cowboy hat","vexMod","??????REMEMod"],"gold_per_floor":[112,62,62,77,93,137,137,188,212,212,212,212,264,297,297,431,431,455,245,245,245,276,276,88,151,151,151,189,206,246,246,246,246,246],"floor_reached":33,"language":"ENG","playtime":1591,"items_purged":["blazmod:Strike"],"score":341,"play_id":"d52eff89-f12f-4133-a83f-6a5e8e7732cc","local_time":"20210123102423","is_ascension_mode":false,"campfire_choices":[{"data":"blazmod:StanceChange","floor":7.0,"key":"SMITH"},{"data":"conspire:SpireCoStock","floor":11.0,"key":"SMITH"},{"floor":15,"key":"REST"},{"data":"blazmod:TrueOfHeart","floor":23,"key":"SMITH"},{"data":"blazmod:Kyokasuigetsu","floor":27,"key":"SMITH"},{"floor":32,"key":"REST"}],"circlet_count":0,"master_deck":["blazmod:Strike","blazmod:Strike","blazmod:Strike","blazmod:Defend","blazmod:Defend","blazmod:Defend","blazmod:Defend","blazmod:ButterflyEffect+1","blazmod:Kyokasuigetsu+1","Immolate+1","blazmod:DevilDivine","conspire:SpireCoStock+1","blazmod:StanceChange+1","blazmod:RevolvingPhoenix+1","blazmod:FortifiedVigor+1","blazmod:PhoenixPlume+1","blazmod:HoumatsuMugenKochouji+1","blazmod:BladeOfEnlightenment+1","blazmod:TrueOfHeart+1","blazmod:BlindBlade","blazmod:ForgeWays+1","blazmod:Observant+1"],"relics":["blazmod:Venustas","Hammer of Thor","Seething Fire","Anvil of the Gods","REME_ComplimentaryCards","NeowsBlessing","Molten Egg 2","aspiration:ChemicalBlood","StSpp:SailingBoat","vexMod:NewClearReactor","Membership Card","hubris:Icosahedron","Meat on the Bone","REME_LimitBreaker","vexMod:FocusSash","hubris:PeanutButter","Thread and Needle","conspire:Flyswatter"],"acts_visited":["Exordium","TheCity"],"potions_floor_usage":[13,14,14,16,25,28,33,33],"damage_taken":[{"damage":0.0,"enemies":"conspire:RoseBush","floor":1.0,"turns":1.0},{"damage":0.0,"enemies":"Small Slimes","floor":4.0,"turns":1.0},{"damage":0.0,"enemies":"Jaw Worm","floor":5.0,"turns":1.0},{"damage":18.0,"enemies":"Lagavulin","floor":6.0,"turns":5.0},{"damage":9,"enemies":"Exordium Thugs","floor":13,"turns":3},{"damage":0,"enemies":"3 Sentries","floor":14,"turns":2},{"damage":11,"enemies":"Slime Boss","floor":16,"turns":8},{"damage":10,"enemies":"Spheric Guardian","floor":18,"turns":3},{"damage":4,"enemies":"Shell Parasite","floor":22,"turns":4},{"damage":0,"enemies":"Slavers","floor":25,"turns":4},{"damage":10,"enemies":"Gremlin Leader","floor":28,"turns":5},{"damage":0,"enemies":"Cultist and Chosen","floor":29,"turns":2},{"damage":1,"enemies":"Shelled Parasite and Fungi","floor":30,"turns":3},{"damage":37,"enemies":"Champ","floor":33,"turns":5}],"seed_played":"-3792586620059084895","potions_obtained":[{"floor":1.0,"key":"SkillPotion"},{"floor":4.0,"key":"Block Potion"},{"floor":5.0,"key":"LiquidMemories"},{"floor":6.0,"key":"Explosive Potion"},{"floor":14,"key":"SneckoOil"},{"floor":16,"key":"Block Potion"},{"floor":25,"key":"GamblersBrew"},{"floor":28,"key":"Strength Potion"},{"floor":30,"key":"StSpp:SecondWindPotion"}],"is_trial":false,"path_per_floor":["M","?","?","M","M","E","R","?","T","?","R","?","M","E","R","B",null,"M","$","?","?","M","R","$","E","T","R","E","M","M","T","R","B"],"character_chosen":"THE_SWORDSWOMAN","items_purchased":["Membership Card","blazmod:TrueOfHeart","blazmod:BlindBlade","Meat on the Bone","REME_LimitBreaker"],"campfire_rested":2,"item_purchase_floors":[19,19,19,24,24],"current_hp_per_floor":[40,40,40,40,40,22,22,22,22,22,22,14,5,5,17,6,40,30,30,40,40,36,36,36,36,36,36,26,26,25,25,37,0,0],"gold":246,"neow_bonus":"THREE_ENEMY_KILL","is_daily":false,"chose_seed":false,"campfire_upgraded":4,"win_rate":0.0,"timestamp":1611393863,"path_taken":["M","?","?","M","M","E","R","?","T","?","R","?","?","E","R","BOSS","M","$","?","?","M","R","$","E","T","R","E","M","M","?","R","BOSS"],"items_purchased_type":["Relic","Card","Card","Relic","Relic"],"build_version":"2020-12-22","purchased_purges":1,"victory":false,"max_hp_per_floor":[40,40,40,40,40,40,40,40,40,40,40,40,40,40,40,40,40,40,40,40,40,40,40,40,40,40,40,40,40,40,40,40,40,40],"card_choices":[{"not_picked":["blazmod:WildButterfly","blazmod:HarmonyComplete"],"picked":"blazmod:DevilDivine","floor":1.0},{"not_picked":["blazmod:FleetOfFoot","blazmod:UnderPurifyingWaters"],"picked":"blazmod:StanceChange","floor":4.0},{"not_picked":["blazmod:Valiance","blazmod:StanceChange"],"picked":"blazmod:RevolvingPhoenix","floor":5.0},{"not_picked":["blazmod:FocusThroughFalls","blazmod:TrueOfHeart"],"picked":"blazmod:FortifiedVigor+1","floor":6.0},{"not_picked":["blazmod:Valiance","blazmod:PhysicalEndurance","blazmod:FortifiedVigor+1"],"picked":"SKIP","floor":13},{"not_picked":["blazmod:SidewaySolace","blazmod:Valiance"],"picked":"blazmod:PhoenixPlume+1","floor":14},{"not_picked":["blazmod:NaturesBeauty","blazmod:Setsuna+1"],"picked":"blazmod:HoumatsuMugenKochouji+1","floor":16},{"not_picked":["blazmod:Swordstorm+1","blazmod:DevilDivine"],"picked":"blazmod:BladeOfEnlightenment+1","floor":18},{"not_picked":["blazmod:SidewaySolace","blazmod:StanceChange","blazmod:FortifiedVigor+1"],"picked":"SKIP","floor":22},{"not_picked":["blazmod:Valiance+1","blazmod:FortifiedVigor+1","blazmod:FleetOfFoot+1"],"picked":"SKIP","floor":25},{"not_picked":["blazmod:FleetOfFoot","blazmod:StanceChange"],"picked":"blazmod:ForgeWays+1","floor":28},{"not_picked":["blazmod:FlyFlyAgain","blazmod:Valiance+1"],"picked":"blazmod:Observant+1","floor":29},{"not_picked":["blazmod:ApexLegends+1","blazmod:FleetOfFoot","blazmod:Trasient+1"],"picked":"SKIP","floor":30}],"player_experience":879749,"relics_obtained":[{"floor":6.0,"key":"Molten Egg 2"},{"floor":9.0,"key":"aspiration:ChemicalBlood"},{"floor":14,"key":"StSpp:SailingBoat"},{"floor":25,"key":"vexMod:FocusSash"},{"floor":26,"key":"hubris:PeanutButter"},{"floor":28,"key":"Thread and Needle"},{"floor":31,"key":"conspire:Flyswatter"}],"event_choices":[{"damage_healed":0.0,"max_hp_gain":0.0,"max_hp_loss":0.0,"gold_gain":0.0,"event_name":"conspire:Investor","player_choice":"Invest 1","floor":2.0,"gold_loss":0.0,"damage_taken":0.0},{"damage_healed":0.0,"max_hp_gain":0.0,"max_hp_loss":0.0,"gold_gain":51.0,"event_name":"Golden Wing","player_choice":"Gained Gold","floor":8.0,"gold_loss":0.0,"damage_taken":0.0},{"damage_healed":0.0,"max_hp_gain":0.0,"max_hp_loss":0.0,"gold_gain":0.0,"event_name":"conspire:LoneGhost","player_choice":"Disagree","floor":10.0,"gold_loss":0.0,"damage_taken":0.0},{"damage_healed":22,"gold_gain":0,"player_choice":"Upgrade","damage_taken":8,"max_hp_gain":0,"max_hp_loss":40,"event_name":"betterThird:BetterShining","floor":12,"gold_loss":0,"cards_upgraded":["blazmod:RevolvingPhoenix","blazmod:ButterflyEffect"]},{"damage_healed":13,"gold_gain":0,"player_choice":"Heal","damage_taken":0,"max_hp_gain":0,"max_hp_loss":0,"event_name":"The Library","floor":20,"gold_loss":0}],"is_beta":false,"boss_relics":[{"not_picked":["aspiration:SecretTechniqueScroll","Fusion Hammer"],"picked":"vexMod:NewClearReactor"}],"items_purged_floors":[19],"is_endless":false,"potions_floor_spawned":[1,4,5,6,14,22,25,28,30],"killed_by":"Champ","ascension_level":0}}