{"host":"iv2h8zsl09h7hn4q","time":1611371295,"event":{"mods":["BaseMod","Downfall","Hero for Fun","Minty Spire (QoL Compilation)","StSLib"],"gold_per_floor":[112,130,6,6,25,56,68,127,139,151,178,17,57,84,84,184,184,246,266,366,2,22,75,75,75,75,125,163,163,65,121,121,226,226,268,309,1,19,19,73,87,106,183,213,29,47,47,78,78,78,78,78,3,30,30,30],"floor_reached":55,"language":"ENG","playtime":3069,"items_purged":["Strike_P","LessonLearned"],"score":1196,"play_id":"f0a8800d-ff69-4330-9896-6bbd49971074","local_time":"20210122220815","is_ascension_mode":true,"campfire_choices":[{"data":"Apotheosis","floor":7.0,"key":"SMITH"},{"floor":10.0,"key":"REST"},{"data":"Eruption","floor":15.0,"key":"SMITH"},{"floor":24.0,"key":"REST"},{"data":"WheelKick","floor":32.0,"key":"SMITH"},{"floor":49.0,"key":"RECALL"},{"floor":52.0,"key":"REST"}],"circlet_count":0,"master_deck":["Eruption+1","Vigilance","Apotheosis+1","CrushJoints","FollowUp","ClearTheMind","DeceiveReality","Halt","Consecrate","HandOfGreed","ThirdEye","Vault","Perseverance","ConjureBlade","MasterReality","WaveOfTheHand","InnerPeace","Worship","Halt+1","SignatureMove","Tantrum","TalkToTheHand","Ghostly","Ghostly","Ghostly","Ghostly","Ghostly","WheelKick+1","DevaForm","LikeWater","WreathOfFlame","TalkToTheHand","Blur","sneckomod:UnknownClassRED","TalkToTheHand","Slimebound:FormOfPuddle+1"],"relics":["PureWater","Bag of Preparation","MawBank","Boot","Gremlin Horn","Mummified Hand","Pandora\u0027s Box","Medical Kit","Happy Flower","Pantograph","FossilizedHelix","Blue Candle","Ancient Tea Set","Omamori","Fusion Hammer","PrismaticShard","Singing Bowl","Ginger","Smiling Mask","Toy Ornithopter"],"acts_visited":["Exordium","TheCity","TheBeyond","TheEnding"],"potions_floor_usage":[55,55],"damage_taken":[{"damage":2.0,"enemies":"Cultist","floor":1.0,"turns":3.0},{"damage":1.0,"enemies":"2 Louse","floor":2.0,"turns":2.0},{"damage":2.0,"enemies":"Jaw Worm","floor":5.0,"turns":4.0},{"damage":7.0,"enemies":"Lagavulin","floor":6.0,"turns":8.0},{"damage":0.0,"enemies":"Blue Slaver","floor":11.0,"turns":4.0},{"damage":0.0,"enemies":"Red Slaver","floor":13.0,"turns":1.0},{"damage":0.0,"enemies":"Gremlin Nob","floor":14.0,"turns":2.0},{"damage":19.0,"enemies":"The Guardian","floor":16.0,"turns":11.0},{"damage":11.0,"enemies":"3 Byrds","floor":18.0,"turns":5.0},{"damage":27.0,"enemies":"Shell Parasite","floor":19.0,"turns":6.0},{"damage":17.0,"enemies":"Snake Plant","floor":22.0,"turns":5.0},{"damage":1.0,"enemies":"Slavers","floor":23.0,"turns":5.0},{"damage":0.0,"enemies":"Book of Stabbing","floor":27.0,"turns":6.0},{"damage":0.0,"enemies":"Centurion and Healer","floor":28.0,"turns":6.0},{"damage":4.0,"enemies":"Slavers","floor":31.0,"turns":6.0},{"damage":1.0,"enemies":"Champ","floor":33.0,"turns":8.0},{"damage":2.0,"enemies":"3 Shapes","floor":35.0,"turns":7.0},{"damage":1.0,"enemies":"3 Darklings","floor":36.0,"turns":5.0},{"damage":0.0,"enemies":"Transient","floor":38.0,"turns":5.0},{"damage":0.0,"enemies":"Reptomancer","floor":40.0,"turns":4.0},{"damage":0.0,"enemies":"Maw","floor":41.0,"turns":9.0},{"damage":1.0,"enemies":"3 Darklings","floor":42.0,"turns":3.0},{"damage":0.0,"enemies":"Nemesis","floor":44.0,"turns":7.0},{"damage":0.0,"enemies":"Jaw Worm Horde","floor":46.0,"turns":6.0},{"damage":0.0,"enemies":"Reptomancer","floor":48.0,"turns":7.0},{"damage":0.0,"enemies":"Donu and Deca","floor":50.0,"turns":12.0},{"damage":1.0,"enemies":"Shield and Spear","floor":54.0,"turns":9.0},{"damage":75,"enemies":"The Heart","floor":55,"turns":9}],"seed_played":"-6860554472302748534","potions_obtained":[{"floor":5.0,"key":"Weak Potion"},{"floor":13.0,"key":"SpeedPotion"},{"floor":16.0,"key":"SmokeBomb"},{"floor":18.0,"key":"Fruit Juice"},{"floor":22.0,"key":"LiquidMemories"},{"floor":31.0,"key":"PowerPotion"},{"floor":38.0,"key":"Energy Potion"},{"floor":41.0,"key":"SpeedPotion"},{"floor":42.0,"key":"Fruit Juice"},{"floor":46.0,"key":"Explosive Potion"}],"is_trial":false,"path_per_floor":["M","M","$","?","M","E","R","T","T","R","M","$","M","E","R","B",null,"M","M","?","$","M","E","R","?","T","E","M","?","?","E","R","B",null,"M","M","$","M","?","E","M","M","T","E","$","M","$","E","R","B",null,"R","$","E","B"],"character_chosen":"WATCHER","items_purchased":["ClearTheMind","HandOfGreed","Medical Kit","SignatureMove","SkillPotion","WreathOfFlame","PrismaticShard","TalkToTheHand","TalkToTheHand","Strength Potion","BottledMiracle","DistilledChaos"],"campfire_rested":3,"item_purchase_floors":[3,12,21,21,21,37,37,37,45,45,45,53],"current_hp_per_floor":[63,62,62,37,35,28,28,28,28,47,47,47,47,47,47,28,65,59,32,32,32,15,14,35,35,35,35,35,30,30,26,26,34,35,33,32,32,32,32,34,34,40,40,42,42,44,44,44,44,48,48,48,48,49,0,0],"gold":30,"neow_bonus":"RANDOM_COLORLESS_2","is_daily":false,"chose_seed":false,"campfire_upgraded":3,"win_rate":0.0,"timestamp":1611371295,"path_taken":["M","?","$","?","M","E","R","?","T","R","M","?","?","E","R","BOSS","M","M","?","$","?","E","R","?","T","E","M","?","?","E","R","BOSS","M","M","$","?","?","E","?","M","T","E","$","M","$","E","R","BOSS","R","$","E","BOSS"],"items_purchased_type":["Card","Card","Relic","Card","Potion","Card","Relic","Card","Card","Potion","Potion","Potion"],"build_version":"2020-12-22","purchased_purges":2,"victory":false,"max_hp_per_floor":[65,65,65,65,65,65,65,65,65,65,65,65,65,65,65,65,65,70,70,70,70,70,70,70,35,35,35,35,35,35,35,35,35,35,35,35,35,35,35,37,37,44,44,46,46,48,48,48,48,48,48,48,48,50,50,50],"card_choices":[{"not_picked":["Violence","Chrysalis"],"picked":"Apotheosis","floor":0.0},{"not_picked":["Perseverance","MentalFortress"],"picked":"CrushJoints","floor":1.0},{"not_picked":["EmptyFist","CutThroughFate"],"picked":"FollowUp","floor":2.0},{"not_picked":["Perseverance","Nirvana"],"picked":"DeceiveReality","floor":5.0},{"not_picked":["DevaForm","FollowUp"],"picked":"Halt","floor":6.0},{"not_picked":["CrushJoints","PathToVictory"],"picked":"Consecrate","floor":11.0},{"not_picked":["PathToVictory","WaveOfTheHand"],"picked":"ThirdEye","floor":13.0},{"not_picked":["Sanctity","Pray","BowlingBash"],"picked":"SKIP","floor":14.0},{"not_picked":["Omniscience","MasterReality"],"picked":"Vault","floor":16.0},{"not_picked":["Prostrate","FearNoEvil+1"],"picked":"Halt+1","floor":18.0},{"not_picked":["Study+1","EmptyBody","SashWhip"],"picked":"SKIP","floor":19.0},{"not_picked":["BattleHymn+1","Wallop+1"],"picked":"Tantrum","floor":22.0},{"not_picked":["CrushJoints","Crescendo+1"],"picked":"TalkToTheHand","floor":23.0},{"not_picked":["Prostrate","CrushJoints","Adaptation"],"picked":"SKIP","floor":27.0},{"not_picked":["MentalFortress","Judgement","EmptyMind+1"],"picked":"SKIP","floor":28.0},{"not_picked":["MentalFortress","EmptyFist+1"],"picked":"WheelKick","floor":31.0},{"not_picked":["Brilliance","SpiritShield"],"picked":"DevaForm","floor":33.0},{"not_picked":["EmptyFist+1","JustLucky"],"picked":"LikeWater","floor":35.0},{"not_picked":["Tantrum+1","Prostrate+1","PathToVictory"],"picked":"SKIP","floor":36.0},{"not_picked":["Rebound","Havoc+1"],"picked":"Blur","floor":38.0},{"not_picked":["bronze:Separator+1","Corruption","champ:FlashCut"],"picked":"Singing Bowl","floor":40.0},{"not_picked":["Guardian:Repulse","hexamod:BurningTouch"],"picked":"sneckomod:UnknownClassRED","floor":41.0},{"not_picked":["bronze:ForLoop","Slimebound:Schlurp","Backflip+1"],"picked":"Singing Bowl","floor":42.0},{"not_picked":["Reboot","Slimebound:SamplingLick","ThirdEye+1"],"picked":"Singing Bowl","floor":44.0},{"not_picked":["Adaptation+1","sneckomod:Unknown1Cost","Slimebound:PressTheAttack+1"],"picked":"Singing Bowl","floor":46.0},{"not_picked":["Slimebound:GoopSpray","sneckomod:IronFang+1"],"picked":"Slimebound:FormOfPuddle+1","floor":48.0},{"not_picked":["Slice","champ:BringItOn+1","hexamod:GhostLash"],"picked":"Singing Bowl","floor":54.0}],"player_experience":331022,"relics_obtained":[{"floor":6.0,"key":"MawBank"},{"floor":8.0,"key":"Boot"},{"floor":9.0,"key":"Gremlin Horn"},{"floor":14.0,"key":"Mummified Hand"},{"floor":23.0,"key":"Happy Flower"},{"floor":26.0,"key":"Pantograph"},{"floor":27.0,"key":"FossilizedHelix"},{"floor":31.0,"key":"Omamori"},{"floor":40.0,"key":"Singing Bowl"},{"floor":44.0,"key":"Ginger"},{"floor":48.0,"key":"Smiling Mask"},{"floor":54.0,"key":"Toy Ornithopter"}],"event_choices":[{"damage_healed":0.0,"max_hp_gain":0.0,"max_hp_loss":0.0,"gold_gain":0.0,"event_name":"Scrap Ooze","player_choice":"Success","floor":4.0,"gold_loss":0.0,"damage_taken":25.0,"relics_obtained":["Bag of Preparation"]},{"damage_healed":0.0,"max_hp_gain":0.0,"max_hp_loss":0.0,"gold_gain":100.0,"event_name":"Golden Shrine","player_choice":"Pray","floor":20.0,"gold_loss":0.0,"damage_taken":0.0},{"damage_healed":0.0,"max_hp_gain":0.0,"max_hp_loss":35.0,"gold_gain":0.0,"event_name":"Ghosts","player_choice":"Became a Ghost","floor":25.0,"gold_loss":0.0,"damage_taken":0.0,"cards_obtained":["Ghostly","Ghostly","Ghostly","Ghostly","Ghostly"]},{"damage_healed":0.0,"max_hp_gain":0.0,"max_hp_loss":0.0,"gold_gain":0.0,"event_name":"WeMeetAgain","player_choice":"Paid Gold","floor":30.0,"gold_loss":98.0,"damage_taken":0.0,"relics_obtained":["Ancient Tea Set"]},{"damage_healed":0.0,"max_hp_gain":0.0,"max_hp_loss":0.0,"gold_gain":0.0,"event_name":"SecretPortal","player_choice":"Ignored","floor":39.0,"gold_loss":0.0,"damage_taken":0.0}],"is_beta":false,"boss_relics":[{"not_picked":["Ectoplasm","Cursed Key"],"picked":"Pandora\u0027s Box"},{"not_picked":["Sozu","Runic Pyramid"],"picked":"Fusion Hammer"}],"items_purged_floors":[3,21],"is_endless":false,"potions_floor_spawned":[5,13,16,18,22,31,38,41,42,46,48],"killed_by":"The Heart","ascension_level":3}}