{"host":"vyjryxuuuxkt43k4","time":1611385166,"event":{"mods":["AchievementEnabler","BaseMod","Colored Map","DeckTracker","Keyboard Shortcuts","Minty Spire (QoL Compilation)","Permanent Neow","Quick Restart","StSLib","SuperFastMode","everything is the same but u backflip on backflip"],"gold_per_floor":[111,15,63,76,93,93,168,200,224,285,285,319,52,82,82,158,158,136,4,54,72,91,91,105,105,132,160,177,177,208,208,208,208,208],"floor_reached":33,"language":"KOR","playtime":1480,"items_purged":["Strike_R"],"score":636,"play_id":"32081aa3-8463-488d-a509-7003cf6cd5bd","local_time":"20210123155926","is_ascension_mode":true,"campfire_choices":[{"data":"Blood for Blood","floor":6.0,"key":"SMITH"},{"floor":11.0,"key":"REST"},{"floor":15.0,"key":"REST"},{"data":"Body Slam","floor":23.0,"key":"SMITH"},{"data":"Armaments","floor":25.0,"key":"SMITH"},{"data":"Feel No Pain","floor":29.0,"key":"SMITH"},{"floor":32.0,"key":"REST"}],"circlet_count":0,"master_deck":["AscendersBane","Strike_R","Strike_R","Strike_R","Strike_R","Defend_R","Defend_R","Defend_R","Defend_R","Bash","Evolve","Feel No Pain+1","Second Wind","Power Through","Blood for Blood+1","Burning Pact","Battle Trance","Pummel","Offering","Impervious","Flex+1","Body Slam+1","Shrug It Off+1","Armaments+1","Dark Embrace","Dual Wield","Headbutt"],"relics":["Burning Blood","Pen Nib","Prayer Wheel","Potion Belt","Orichalcum","Tiny Chest","Bottled Tornado","Toy Ornithopter","Mark of Pain","Lantern","Letter Opener","Mummified Hand"],"acts_visited":["Exordium","TheCity"],"potions_floor_usage":[],"damage_taken":[{"damage":11.0,"enemies":"Cultist","floor":1.0,"turns":4.0},{"damage":5.0,"enemies":"2 Louse","floor":4.0,"turns":6.0},{"damage":7.0,"enemies":"Jaw Worm","floor":5.0,"turns":5.0},{"damage":20.0,"enemies":"Lagavulin","floor":8.0,"turns":6.0},{"damage":27.0,"enemies":"Gremlin Nob","floor":10.0,"turns":5.0},{"damage":18.0,"enemies":"3 Sentries","floor":12.0,"turns":6.0},{"damage":15.0,"enemies":"Gremlin Nob","floor":14.0,"turns":4.0},{"damage":35.0,"enemies":"Hexaghost","floor":16.0,"turns":12.0},{"damage":6.0,"enemies":"2 Thieves","floor":18.0,"turns":4.0},{"damage":23.0,"enemies":"Shell Parasite","floor":21.0,"turns":4.0},{"damage":16.0,"enemies":"Snecko","floor":22.0,"turns":6.0},{"damage":13.0,"enemies":"Centurion and Healer","floor":24.0,"turns":5.0},{"damage":6.0,"enemies":"Gremlin Leader","floor":27.0,"turns":6.0},{"damage":17.0,"enemies":"Snake Plant","floor":28.0,"turns":4.0},{"damage":12.0,"enemies":"Slavers","floor":30.0,"turns":6.0},{"damage":69,"enemies":"Automaton","floor":33,"turns":6}],"seed_played":"9012184436360121853","potions_obtained":[{"floor":4.0,"key":"HeartOfIron"},{"floor":10.0,"key":"CultistPotion"},{"floor":18.0,"key":"Regen Potion"},{"floor":24.0,"key":"Dexterity Potion"},{"floor":28.0,"key":"Energy Potion"}],"is_trial":false,"path_per_floor":["M","$","T","M","M","R","?","E","T","?","R","E","$","E","R","B",null,"M","$","?","M","M","R","M","R","T","E","M","R","E","?","R","B"],"character_chosen":"IRONCLAD","items_purchased":["Second Wind","PowerPotion","Bottled Tornado","SkillPotion"],"campfire_rested":3,"item_purchase_floors":[2,2,13,19],"current_hp_per_floor":[63,63,63,64,63,63,52,38,38,17,39,27,27,18,40,11,59,59,59,59,59,49,49,42,42,42,52,41,41,35,14,38,0,0],"gold":208,"neow_bonus":"THREE_CARDS","is_daily":false,"chose_seed":false,"campfire_upgraded":4,"win_rate":0.0,"timestamp":1611385166,"path_taken":["M","$","?","M","M","R","?","E","T","?","R","E","$","E","R","BOSS","M","$","?","M","M","R","M","R","T","E","M","R","E","?","R","BOSS"],"items_purchased_type":["Card","Potion","Relic","Potion"],"build_version":"2020-12-22","purchased_purges":1,"victory":false,"max_hp_per_floor":[75,75,75,75,75,75,75,75,75,75,75,75,75,75,75,75,75,75,75,75,75,75,75,75,75,75,75,75,75,75,80,80,80,80],"card_choices":[{"not_picked":["True Grit","Intimidate"],"picked":"Evolve","floor":0.0},{"not_picked":["Headbutt","Pummel"],"picked":"Feel No Pain","floor":1.0},{"not_picked":["Anger","Body Slam"],"picked":"Power Through","floor":4.0},{"not_picked":["Iron Wave","Warcry"],"picked":"Blood for Blood","floor":5.0},{"not_picked":["Sword Boomerang","Demon Form"],"picked":"Burning Pact","floor":8.0},{"not_picked":["Heavy Blade","Thunderclap"],"picked":"Battle Trance","floor":10.0},{"not_picked":["Rupture","Heavy Blade"],"picked":"Pummel","floor":12.0},{"not_picked":["Anger","Impervious"],"picked":"Offering","floor":14.0},{"not_picked":["Immolate","Feed"],"picked":"Impervious","floor":16.0},{"not_picked":["Iron Wave","Pommel Strike"],"picked":"Flex+1","floor":18.0},{"not_picked":["Pummel+1","Flex"],"picked":"Body Slam","floor":18.0},{"not_picked":["Seeing Red","Clash+1"],"picked":"Shrug It Off+1","floor":21.0},{"not_picked":["Ghostly Armor","Bloodletting"],"picked":"Armaments","floor":21.0},{"not_picked":["Havoc","Limit Break"],"picked":"Dark Embrace","floor":22.0},{"not_picked":["Pommel Strike","Cleave","Warcry"],"picked":"SKIP","floor":22.0},{"not_picked":["Perfected Strike","Heavy Blade"],"picked":"Dual Wield","floor":24.0},{"not_picked":["Heavy Blade","Searing Blow","Iron Wave"],"picked":"SKIP","floor":24.0},{"not_picked":["Sever Soul","Twin Strike","Rampage+1"],"picked":"SKIP","floor":27.0},{"not_picked":["Cleave","Flex","Perfected Strike"],"picked":"SKIP","floor":28.0},{"not_picked":["Heavy Blade","Sword Boomerang","True Grit"],"picked":"SKIP","floor":28.0},{"not_picked":["Perfected Strike","Pommel Strike"],"picked":"Headbutt","floor":30.0}],"player_experience":252539,"relics_obtained":[{"floor":3.0,"key":"Pen Nib"},{"floor":8.0,"key":"Prayer Wheel"},{"floor":9.0,"key":"Potion Belt"},{"floor":10.0,"key":"Orichalcum"},{"floor":12.0,"key":"Tiny Chest"},{"floor":14.0,"key":"Toy Ornithopter"},{"floor":26.0,"key":"Lantern"},{"floor":27.0,"key":"Letter Opener"},{"floor":30.0,"key":"Mummified Hand"}],"event_choices":[{"damage_healed":0.0,"max_hp_gain":0.0,"max_hp_loss":0.0,"gold_gain":75.0,"event_name":"World of Goop","player_choice":"Gather Gold","floor":7.0,"gold_loss":0.0,"damage_taken":11.0},{"damage_healed":0.0,"max_hp_gain":0.0,"max_hp_loss":0.0,"gold_gain":0.0,"event_name":"Dead Adventurer","player_choice":"Searched \u00271\u0027 times","floor":10.0,"gold_loss":0.0,"damage_taken":0.0},{"damage_healed":0.0,"max_hp_gain":0.0,"max_hp_loss":0.0,"gold_gain":50.0,"event_name":"Nest","player_choice":"Stole From Cult","floor":20.0,"gold_loss":0.0,"damage_taken":0.0},{"damage_healed":0.0,"max_hp_gain":5.0,"max_hp_loss":0.0,"gold_gain":0.0,"event_name":"Forgotten Altar","player_choice":"Shed Blood","floor":31.0,"gold_loss":0.0,"damage_taken":26.0}],"is_beta":false,"boss_relics":[{"not_picked":["Busted Crown","Ectoplasm"],"picked":"Mark of Pain"}],"items_purged_floors":[19],"is_endless":false,"potions_floor_spawned":[4,10,18,24,28],"killed_by":"Automaton","ascension_level":19}}