{"host":"dowi7cgbhepuzvpj","time":1611443009,"event":{"mods":["AchievementEnabler","BaseMod","Keyboard Shortcuts","Minty Spire (QoL Compilation)","Permanent Neow","Quick Restart","StSLib","SuperFastMode"],"gold_per_floor":[117,46,57,73,88,88,105,30,30,30,40,40,55,66,66,66,169,169,189,208,208,233,233,259,285,79,88,88,88,107,107,133,154,154,265,265,291,308,317,317,317],"floor_reached":40,"language":"KOR","playtime":1168,"items_purged":["Regret","Strike_G"],"score":678,"play_id":"b05984c9-d46e-4eb0-914c-be8f83bc24cd","local_time":"20210124080329","is_ascension_mode":true,"campfire_choices":[{"data":"Apotheosis","floor":6.0,"key":"SMITH"},{"data":"After Image","floor":15,"key":"SMITH"},{"floor":16,"key":"RECALL"},{"floor":34,"key":"REST"}],"circlet_count":0,"master_deck":["Strike_G","Strike_G","Strike_G","Defend_G","Defend_G","Defend_G","Defend_G","Defend_G","Survivor","Neutralize","Apotheosis+1","Blade Dance","Accuracy+1","Blade Dance","Blur","Leg Sweep","After Image+1","Blade Dance","A Thousand Cuts","Footwork","Blade Dance","PiercingWail+1","Footwork","Cloak And Dagger","Shame","Infinite Blades+1","Cloak And Dagger","Tools of the Trade","Cloak And Dagger","Master of Strategy"],"relics":["Ring of the Snake","Question Card","Fusion Hammer","CeramicFish","Juzu Bracelet","Turnip","Bag of Preparation","Boot","SlaversCollar"],"acts_visited":["Exordium","TheCity","TheBeyond"],"potions_floor_usage":[35,38],"damage_taken":[{"damage":0.0,"enemies":"Small Slimes","floor":1.0,"turns":4.0},{"damage":4.0,"enemies":"Cultist","floor":3.0,"turns":3.0},{"damage":6.0,"enemies":"Jaw Worm","floor":4.0,"turns":4.0},{"damage":2.0,"enemies":"2 Fungi Beasts","floor":5.0,"turns":4.0},{"damage":4.0,"enemies":"Exordium Wildlife","floor":7.0,"turns":2.0},{"damage":13.0,"enemies":"Lots of Slimes","floor":11.0,"turns":4.0},{"damage":0,"enemies":"Large Slime","floor":13,"turns":3},{"damage":0,"enemies":"Exordium Thugs","floor":14,"turns":4},{"damage":0,"enemies":"The Guardian","floor":17,"turns":12},{"damage":11,"enemies":"2 Thieves","floor":19,"turns":4},{"damage":0,"enemies":"Shell Parasite","floor":20,"turns":4},{"damage":6,"enemies":"Centurion and Healer","floor":24,"turns":5},{"damage":18,"enemies":"Book of Stabbing","floor":25,"turns":8},{"damage":0,"enemies":"Snake Plant","floor":30,"turns":6},{"damage":0,"enemies":"Shelled Parasite and Fungi","floor":33,"turns":5},{"damage":24,"enemies":"Champ","floor":35,"turns":12},{"damage":20,"enemies":"3 Darklings","floor":37,"turns":5},{"damage":25,"enemies":"3 Shapes","floor":38,"turns":7},{"damage":19,"enemies":"Jaw Worm Horde","floor":40,"turns":2}],"seed_played":"-2039179493302861822","potions_obtained":[{"floor":4.0,"key":"BlessingOfTheForge"},{"floor":7.0,"key":"SteroidPotion"},{"floor":11.0,"key":"BlessingOfTheForge"},{"floor":14,"key":"AttackPotion"},{"floor":20,"key":"CunningPotion"},{"floor":35,"key":"LiquidBronze"}],"is_trial":false,"path_per_floor":["M","$","M","M","M","R","M","$","T","?","M","?","M","M","R","R","B",null,"M","M","?","T","?","M","E","$","?","T","?","M","$","T","M","R","B",null,"M","M","?","M"],"character_chosen":"THE_SILENT","items_purchased":["Accuracy","Footwork","Cloak And Dagger"],"campfire_rested":1,"item_purchase_floors":[2,26,26],"current_hp_per_floor":[63,63,59,53,51,51,47,47,47,47,34,34,34,34,34,34,34,61,50,50,50,50,50,44,26,26,26,26,13,13,13,13,13,35,11,59,39,14,14,0,0],"gold":317,"neow_bonus":"RANDOM_COLORLESS_2","is_daily":false,"chose_seed":false,"campfire_upgraded":2,"win_rate":0.0,"timestamp":1611443009,"path_taken":["M","$","M","M","M","R","M","$","T","?","?","?","M","M","R","R","BOSS","M","M","?","?","?","M","E","$","?","T","?","M","$","?","M","R","BOSS","M","M","?","M"],"items_purchased_type":["Card","Card","Card"],"build_version":"2020-12-22","purchased_purges":2,"victory":false,"max_hp_per_floor":[70,70,70,70,70,70,70,70,70,70,70,70,70,70,70,70,70,70,70,70,70,70,70,70,70,70,70,70,75,75,75,75,75,75,75,75,75,75,75,75,75],"card_choices":[{"not_picked":["Master of Strategy","Thinking Ahead"],"picked":"Apotheosis","floor":0.0},{"not_picked":["Poisoned Stab","Underhanded Strike"],"picked":"Blade Dance","floor":1.0},{"not_picked":["A Thousand Cuts","Deadly Poison"],"picked":"Blade Dance","floor":3.0},{"not_picked":["Heel Hook","Eviscerate","Bane"],"picked":"SKIP","floor":4.0},{"not_picked":["Quick Slash","Sucker Punch","Prepared"],"picked":"SKIP","floor":5.0},{"not_picked":["Heel Hook","Poisoned Stab"],"picked":"Blur","floor":7.0},{"not_picked":["Underhanded Strike","Caltrops","Reflex"],"picked":"Leg Sweep","floor":11.0},{"not_picked":["Eviscerate","Well Laid Plans","Noxious Fumes"],"picked":"After Image","floor":13},{"not_picked":["Reflex","Bane","Slice"],"picked":"Blade Dance","floor":14},{"not_picked":["Doppelganger","Bullet Time","Venomology"],"picked":"A Thousand Cuts","floor":17},{"not_picked":["Quick Slash+1","Dagger Spray","Predator"],"picked":"Footwork","floor":19},{"not_picked":["Underhanded Strike","Endless Agony","Flying Knee"],"picked":"Blade Dance","floor":20},{"not_picked":["Dagger Spray","Prepared+1","Predator"],"picked":"PiercingWail+1","floor":24},{"not_picked":["Malaise","Distraction+1","Outmaneuver","Dagger Throw+1"],"picked":"SKIP","floor":25},{"not_picked":["Setup+1","Flying Knee","Quick Slash"],"picked":"Infinite Blades+1","floor":30},{"not_picked":["Dagger Throw","Quick Slash","Flying Knee+1"],"picked":"Cloak And Dagger","floor":33},{"not_picked":["Glass Knife","Storm of Steel","Venomology"],"picked":"Tools of the Trade","floor":35},{"not_picked":["Sucker Punch+1","Catalyst+1","Flying Knee"],"picked":"Cloak And Dagger","floor":37},{"not_picked":["Flechettes+1","Acrobatics","Concentrate+1","Dagger Throw"],"picked":"SKIP","floor":38},{"not_picked":["Madness","Panacea","Mind Blast"],"picked":"Master of Strategy","floor":39}],"player_experience":844839,"relics_obtained":[{"floor":9.0,"key":"Question Card"},{"floor":23,"key":"CeramicFish"},{"floor":25,"key":"Juzu Bracelet"},{"floor":28,"key":"Bag of Preparation"},{"floor":32,"key":"Boot"}],"event_choices":[{"damage_healed":0.0,"max_hp_gain":0.0,"max_hp_loss":0.0,"gold_gain":0.0,"event_name":"Accursed Blacksmith","player_choice":"Forge","floor":10.0,"gold_loss":0.0,"damage_taken":0.0,"cards_upgraded":["Accuracy"]},{"cards_removed":["Strike_G"],"damage_healed":0,"gold_gain":0,"player_choice":"Forget","damage_taken":0,"max_hp_gain":0,"max_hp_loss":0,"event_name":"Living Wall","floor":12,"gold_loss":0},{"damage_healed":0,"gold_gain":0,"player_choice":"Ignored","damage_taken":0,"max_hp_gain":0,"max_hp_loss":0,"event_name":"Vampires","floor":21,"gold_loss":0},{"damage_healed":0,"gold_gain":0,"player_choice":"Stole Relic","damage_taken":0,"relics_obtained":["Turnip"],"max_hp_gain":0,"max_hp_loss":0,"event_name":"Addict","floor":27,"gold_loss":0,"cards_obtained":["Shame"]},{"damage_healed":0,"gold_gain":0,"player_choice":"Shed Blood","damage_taken":18,"max_hp_gain":5,"max_hp_loss":0,"event_name":"Forgotten Altar","floor":29,"gold_loss":0},{"damage_healed":0,"gold_gain":0,"player_choice":"Memory 1","damage_taken":0,"max_hp_gain":0,"max_hp_loss":0,"event_name":"SensoryStone","floor":39,"gold_loss":0}],"is_beta":false,"boss_relics":[{"not_picked":["HoveringKite","Runic Pyramid"],"picked":"Fusion Hammer"},{"not_picked":["Tiny House","Philosopher\u0027s Stone"],"picked":"SlaversCollar"}],"items_purged_floors":[8,26],"is_endless":false,"potions_floor_spawned":[4,7,11,14,20,24,30,35,37],"killed_by":"Jaw Worm Horde","ascension_level":9}}