{"host":"f0gpob8hq9vgebej","time":1611387435,"event":{"mods":["AchievementEnabler","BaseMod","Minty Spire (QoL Compilation)","Quick Restart","SuperFastMode"],"gold_per_floor":[110,123,123,136,153,128,128,178,178,192,206,234,252,312,312,413,413,431,205,219,233,299,299,163,163,186,186,202,252,302,368,368,465,465,485,535,585,599,617,617,617,617],"floor_reached":41,"language":"KOR","playtime":1370,"items_purged":["Strike_G","Strike_G","Strike_G"],"score":643,"play_id":"e855d976-97a8-446a-9c66-bc23b7084fc6","local_time":"20210123163715","is_ascension_mode":true,"campfire_choices":[{"data":"Blade Dance","floor":7.0,"key":"SMITH"},{"floor":15.0,"key":"REST"},{"data":"Tactician","floor":23.0,"key":"SMITH"},{"data":"Footwork","floor":25.0,"key":"SMITH"},{"data":"Cloak And Dagger","floor":27.0,"key":"SMITH"},{"floor":32,"key":"REST"},{"floor":40,"key":"REST"}],"circlet_count":0,"master_deck":["AscendersBane","Survivor","Neutralize","Acrobatics","Blade Dance+1","Footwork+1","Blade Dance","Die Die Die","PiercingWail","Tactician+1","Envenom+1","Reflex+1","Footwork+1","Cloak And Dagger+1","Choke","PiercingWail","Acrobatics","Acrobatics+1","Envenom+1","Adrenaline","Masterful Stab","Distraction","Dagger Spray","Envenom+1","Dodge and Roll","Dagger Throw","Setup+1","Backflip+1"],"relics":["Ring of the Snake","SsserpentHead","Bottled Lightning","Frozen Egg 2","HoveringKite","Membership Card","Nunchaku","Toy Ornithopter","Pandora\u0027s Box"],"acts_visited":["Exordium","TheCity","TheBeyond"],"potions_floor_usage":[28,33,33,38,41],"damage_taken":[{"damage":7.0,"enemies":"Jaw Worm","floor":1.0,"turns":5.0},{"damage":1.0,"enemies":"Cultist","floor":2.0,"turns":6.0},{"damage":0.0,"enemies":"2 Louse","floor":4.0,"turns":2.0},{"damage":10.0,"enemies":"2 Fungi Beasts","floor":5.0,"turns":4.0},{"damage":8.0,"enemies":"Red Slaver","floor":10.0,"turns":6.0},{"damage":5.0,"enemies":"Looter","floor":11.0,"turns":5.0},{"damage":26.0,"enemies":"Lagavulin","floor":12.0,"turns":6.0},{"damage":0.0,"enemies":"Blue Slaver","floor":13.0,"turns":4.0},{"damage":0.0,"enemies":"Large Slime","floor":14.0,"turns":7.0},{"damage":12.0,"enemies":"The Guardian","floor":16.0,"turns":11.0},{"damage":0.0,"enemies":"Chosen","floor":18.0,"turns":4.0},{"damage":8.0,"enemies":"Shell Parasite","floor":20.0,"turns":7.0},{"damage":4.0,"enemies":"Centurion and Healer","floor":21.0,"turns":10.0},{"damage":17.0,"enemies":"Snecko","floor":22.0,"turns":6.0},{"damage":8,"enemies":"3 Cultists","floor":28,"turns":6},{"damage":14,"enemies":"Centurion and Healer","floor":31,"turns":7},{"damage":9,"enemies":"Collector","floor":33,"turns":9},{"damage":8,"enemies":"Orb Walker","floor":35,"turns":3},{"damage":29,"enemies":"3 Shapes","floor":38,"turns":7},{"damage":8,"enemies":"Writhing Mass","floor":39,"turns":7},{"damage":61,"enemies":"Nemesis","floor":41,"turns":6}],"seed_played":"-3064621654695038855","potions_obtained":[{"floor":1.0,"key":"PowerPotion"},{"floor":11.0,"key":"PowerPotion"},{"floor":12.0,"key":"DuplicationPotion"},{"floor":20.0,"key":"ColorlessPotion"},{"floor":21.0,"key":"EntropicBrew"},{"floor":28,"key":"Explosive Potion"},{"floor":31,"key":"Weak Potion"},{"floor":35,"key":"Fire Potion"},{"floor":38,"key":"Block Potion"}],"is_trial":false,"path_per_floor":["M","M","?","M","M","$","R","?","T","M","M","E","M","M","R","B",null,"M","$","M","M","M","R","$","R","T","R","M","?","?","M","R","B",null,"M","?","?","M","M","R","E"],"character_chosen":"THE_SILENT","items_purchased":["Membership Card","Footwork+1","Nunchaku","Acrobatics","PowerPotion"],"campfire_rested":3,"item_purchase_floors":[19,19,24,24,24],"current_hp_per_floor":[63,62,62,62,52,52,52,45,45,37,32,6,6,6,29,17,62,62,62,54,50,33,33,33,33,33,33,30,30,30,16,39,40,68,60,60,60,36,28,51,0,0],"gold":617,"neow_bonus":"TEN_PERCENT_HP_BONUS","is_daily":false,"chose_seed":false,"campfire_upgraded":4,"win_rate":0.0,"timestamp":1611387435,"path_taken":["M","M","?","M","M","?","R","?","T","M","M","E","M","?","R","BOSS","M","$","M","M","?","R","?","R","T","R","M","?","?","?","R","BOSS","M","?","?","M","M","R","E"],"items_purchased_type":["Relic","Card","Relic","Card","Potion"],"build_version":"2020-12-22","purchased_purges":3,"victory":false,"max_hp_per_floor":[77,77,77,77,77,77,77,77,77,77,77,77,77,77,77,77,77,77,77,77,77,77,77,77,77,77,77,77,77,77,77,77,77,77,77,77,77,77,77,77,77,77],"card_choices":[{"not_picked":["Finisher","Flying Knee"],"picked":"Acrobatics","floor":1.0},{"not_picked":["Well Laid Plans","Dodge and Roll"],"picked":"Blade Dance","floor":2.0},{"not_picked":["Dodge and Roll","A Thousand Cuts","Dagger Throw"],"picked":"SKIP","floor":4.0},{"not_picked":["Bane","Bouncing Flask","Deflect"],"picked":"SKIP","floor":5.0},{"not_picked":["Deflect","Bane"],"picked":"Footwork","floor":10.0},{"not_picked":["Backflip","Acrobatics"],"picked":"Blade Dance","floor":11.0},{"not_picked":["Setup","Outmaneuver"],"picked":"Die Die Die","floor":12.0},{"not_picked":["Setup","Flechettes"],"picked":"PiercingWail","floor":13.0},{"not_picked":["Expertise","Bane"],"picked":"Tactician","floor":14.0},{"not_picked":["Wraith Form v2+1","Unload"],"picked":"Envenom+1","floor":16.0},{"not_picked":["Underhanded Strike","Prepared"],"picked":"Reflex+1","floor":18.0},{"not_picked":["Slice","Outmaneuver"],"picked":"Cloak And Dagger","floor":20.0},{"not_picked":["Eviscerate","Dash"],"picked":"Choke","floor":21.0},{"not_picked":["A Thousand Cuts+1","Quick Slash"],"picked":"PiercingWail","floor":22.0},{"not_picked":["Predator","Poisoned Stab"],"picked":"Acrobatics+1","floor":28},{"not_picked":["Dagger Spray","Expertise","Poisoned Stab"],"picked":"SKIP","floor":31},{"not_picked":["Burst","Glass Knife"],"picked":"Adrenaline","floor":33},{"not_picked":["Deflect+1","Finisher+1"],"picked":"Setup+1","floor":35},{"not_picked":["Sucker Punch+1","Flying Knee+1"],"picked":"Backflip+1","floor":38},{"not_picked":["Slice+1","Deflect+1","Expertise+1"],"picked":"SKIP","floor":39}],"player_experience":233367,"relics_obtained":[{"floor":9.0,"key":"Bottled Lightning"},{"floor":12.0,"key":"Frozen Egg 2"},{"floor":26.0,"key":"Toy Ornithopter"}],"event_choices":[{"damage_healed":0.0,"max_hp_gain":0.0,"max_hp_loss":0.0,"gold_gain":0.0,"event_name":"FaceTrader","player_choice":"Trade","floor":3.0,"gold_loss":0.0,"damage_taken":0.0,"relics_obtained":["SsserpentHead"]},{"cards_removed":["Strike_G"],"damage_healed":0.0,"max_hp_gain":0.0,"max_hp_loss":0.0,"gold_gain":0.0,"event_name":"Golden Wing","player_choice":"Card Removal","floor":8.0,"gold_loss":0.0,"damage_taken":7.0},{"damage_healed":0,"gold_gain":0,"player_choice":"Ignored","damage_taken":0,"max_hp_gain":0,"max_hp_loss":0,"event_name":"Ghosts","floor":29,"gold_loss":0},{"damage_healed":0,"gold_gain":0,"player_choice":"Copied","damage_taken":0,"max_hp_gain":0,"max_hp_loss":0,"event_name":"Duplicator","floor":30,"gold_loss":0,"cards_obtained":["Envenom"]},{"damage_healed":0,"gold_gain":0,"player_choice":"Ignored","damage_taken":0,"max_hp_gain":0,"max_hp_loss":0,"event_name":"Tomb of Lord Red Mask","floor":36,"gold_loss":0},{"damage_healed":0,"gold_gain":0,"player_choice":"Ignored","damage_taken":0,"max_hp_gain":0,"max_hp_loss":0,"event_name":"Mysterious Sphere","floor":37,"gold_loss":0}],"is_beta":false,"boss_relics":[{"not_picked":["Philosopher\u0027s Stone","Ectoplasm"],"picked":"HoveringKite"},{"not_picked":["Runic Dome","SlaversCollar"],"picked":"Pandora\u0027s Box"}],"items_purged_floors":[6,19,24],"is_endless":false,"potions_floor_spawned":[1,11,12,14,20,21,28,31,35,38],"killed_by":"Nemesis","ascension_level":11}}