{"host":"ig9h5mtrygw4gu9r","time":1611443086,"event":{"mods":["2.2 Compatiblity","AchievementEnabler","BaseMod","Downfall","Minty Spire (QoL Compilation)","Relic Stats","StSLib"],"gold_per_floor":[116,129,140,150,166,166,184,184,184,197,228,228,246,281,281,380,380,397,397,414,414,414,449,449,484,508,523,523,523,523],"floor_reached":29,"language":"ENG","playtime":1919,"items_purged":[],"score":305,"play_id":"a11bb5c0-af8b-4019-9804-1e980c9644cc","local_time":"20210123150446","is_ascension_mode":true,"campfire_choices":[{"data":"Cold Snap","floor":6.0,"key":"SMITH"},{"data":"Glacier","floor":8.0,"key":"SMITH"},{"data":"Echo Form","floor":15,"key":"SMITH"},{"floor":24,"key":"REST"}],"circlet_count":0,"master_deck":["Strike_B","Strike_B","Defend_B","Defend_B","Defend_B","Defend_B","Zap","Dualcast","Amplify","Cold Snap+1","Conserve Battery","Go for the Eyes","Cold Snap","Beam Cell","Glacier+1","Scrape","Self Repair","Regret","Echo Form+1","Fission","Ball Lightning","Recycle+1","Sweeping Beam","Buffer","Amplify","Cold Snap+1","Ball Lightning"],"relics":["Cracked Core","Darkstone Periapt","Lizard Tail","Kunai","HornCleat","Inserter","Vajra","Pen Nib","Bronze Scales"],"acts_visited":["Exordium","TheCity"],"potions_floor_usage":[16,20,25,29],"damage_taken":[{"damage":1.0,"enemies":"Cultist","floor":1.0,"turns":4.0},{"damage":0.0,"enemies":"2 Louse","floor":2.0,"turns":3.0},{"damage":11.0,"enemies":"Small Slimes","floor":3.0,"turns":3.0},{"damage":4.0,"enemies":"Looter","floor":4.0,"turns":4.0},{"damage":14.0,"enemies":"Lots of Slimes","floor":5.0,"turns":5.0},{"damage":0.0,"enemies":"Blue Slaver","floor":7.0,"turns":3.0},{"damage":0.0,"enemies":"Exordium Wildlife","floor":10.0,"turns":8.0},{"damage":14.0,"enemies":"Gremlin Nob","floor":11.0,"turns":5.0},{"damage":12.0,"enemies":"Gremlin Gang","floor":13.0,"turns":5.0},{"damage":8,"enemies":"Lagavulin","floor":14,"turns":7},{"damage":26,"enemies":"The Guardian","floor":16,"turns":8},{"damage":13,"enemies":"Shell Parasite","floor":18,"turns":6},{"damage":24,"enemies":"Chosen","floor":20,"turns":5},{"damage":30,"enemies":"Book of Stabbing","floor":23,"turns":9},{"damage":58,"enemies":"Slavers","floor":25,"turns":7},{"damage":33,"enemies":"Snake Plant","floor":27,"turns":5},{"damage":24,"enemies":"3 Cultists","floor":29,"turns":4}],"seed_played":"-6593027156249345146","potions_obtained":[{"floor":4.0,"key":"Energy Potion"},{"floor":5.0,"key":"SneckoOil"},{"floor":10.0,"key":"SteroidPotion"},{"floor":11.0,"key":"PowerPotion"},{"floor":16,"key":"Explosive Potion"},{"floor":20,"key":"SpeedPotion"},{"floor":27,"key":"SkillPotion"}],"is_trial":false,"path_per_floor":["M","M","M","M","M","R","M","R","T","M","E","?","M","E","R","B",null,"M","?","M","?","?","E","R","E","T","M","?","M"],"character_chosen":"DEFECT","items_purchased":[],"campfire_rested":1,"item_purchase_floors":[],"current_hp_per_floor":[74,74,63,59,45,45,45,45,45,45,31,37,32,31,31,12,81,68,68,51,51,51,28,52,54,54,35,20,0,0],"gold":523,"neow_bonus":"ONE_RANDOM_RARE_CARD","is_daily":false,"chose_seed":false,"campfire_upgraded":3,"win_rate":0.0,"timestamp":1611443086,"path_taken":["M","M","M","?","M","R","M","R","T","M","E","?","M","E","R","BOSS","M","?","M","?","?","E","R","E","T","?","?","M"],"items_purchased_type":[],"build_version":"2020-12-22","purchased_purges":0,"victory":false,"max_hp_per_floor":[75,75,75,75,75,75,75,75,75,75,75,81,81,81,81,81,81,81,81,81,81,81,81,81,81,81,81,86,86,86],"relic_stats":{"Darkstone Periapt":6,"Lizard Tail":40,"Inserter":[18],"counters":[17,91],"Bronze Scales":[41],"Pen Nib":[1],"Kunai":[19],"obtain_stats":[{"Darkstone Periapt":9,"Lizard Tail":11,"HornCleat":14,"Inserter":17,"Bronze Scales":26,"Vajra":23,"Pen Nib":25,"Kunai":12,"Cracked Core":0},{"Darkstone Periapt":6,"Lizard Tail":8,"HornCleat":10,"Inserter":11,"Bronze Scales":15,"Vajra":14,"Pen Nib":15,"Kunai":8,"Cracked Core":0},{"Darkstone Periapt":22,"Lizard Tail":35,"HornCleat":47,"Inserter":55,"Bronze Scales":82,"Vajra":75,"Pen Nib":82,"Kunai":35,"Cracked Core":0}]},"card_choices":[{"not_picked":["Barrage","Leap"],"picked":"Cold Snap","floor":1.0},{"not_picked":["BootSequence","Sunder"],"picked":"Conserve Battery","floor":2.0},{"not_picked":["Steam","Stack"],"picked":"Go for the Eyes","floor":3.0},{"not_picked":["Beam Cell","Multi-Cast"],"picked":"Cold Snap","floor":4.0},{"not_picked":["Steam Power","Rebound"],"picked":"Beam Cell","floor":5.0},{"not_picked":["Cold Snap","Coolheaded"],"picked":"Glacier","floor":7.0},{"not_picked":["Fusion","Consume"],"picked":"Scrape","floor":10.0},{"not_picked":["Core Surge","Redo"],"picked":"Self Repair","floor":11.0},{"not_picked":["Sunder","Melter","Streamline"],"picked":"SKIP","floor":13.0},{"not_picked":["Force Field","Ball Lightning"],"picked":"Echo Form","floor":14},{"not_picked":["Rainbow","All For One"],"picked":"Fission","floor":16},{"not_picked":["Auto Shields","Steam"],"picked":"Ball Lightning","floor":18},{"not_picked":["Stack","Self Repair"],"picked":"Recycle+1","floor":20},{"not_picked":["Beam Cell","Creative AI"],"picked":"Cold Snap+1","floor":23},{"not_picked":["Streamline","Auto Shields"],"picked":"Ball Lightning","floor":25},{"not_picked":["Turbo+1","Redo","Rebound+1"],"picked":"SKIP","floor":27}],"player_experience":367176,"relics_obtained":[{"floor":9.0,"key":"Darkstone Periapt"},{"floor":11.0,"key":"Lizard Tail"},{"floor":14,"key":"HornCleat"},{"floor":23,"key":"Vajra"},{"floor":25,"key":"Pen Nib"},{"floor":26,"key":"Bronze Scales"}],"event_choices":[{"damage_healed":0.0,"max_hp_gain":0.0,"max_hp_loss":0.0,"gold_gain":0.0,"event_name":"Big Fish","player_choice":"Box","floor":12.0,"gold_loss":0.0,"damage_taken":0.0,"relics_obtained":["Kunai"],"cards_obtained":["Regret"]},{"damage_healed":0,"gold_gain":0,"cards_transformed":["Strike_B","Strike_B"],"player_choice":"Became Test Subject","damage_taken":0,"max_hp_gain":0,"max_hp_loss":0,"event_name":"Drug Dealer","floor":21,"gold_loss":0,"cards_obtained":["Sweeping Beam","Buffer"]},{"damage_healed":0,"gold_gain":0,"player_choice":"Copied","damage_taken":0,"max_hp_gain":0,"max_hp_loss":0,"event_name":"Duplicator","floor":22,"gold_loss":0,"cards_obtained":["Amplify"]},{"damage_healed":0,"gold_gain":0,"player_choice":"Shed Blood","damage_taken":20,"max_hp_gain":5,"max_hp_loss":0,"event_name":"Forgotten Altar","floor":28,"gold_loss":0}],"is_beta":false,"boss_relics":[{"not_picked":["Coffee Dripper","Runic Pyramid"],"picked":"Inserter"}],"items_purged_floors":[],"is_endless":false,"potions_floor_spawned":[4,5,10,11,14,16,20,23,27],"killed_by":"3 Cultists","ascension_level":2}}