{"host":"7fyy23rucerupe6i","time":1611376764,"event":{"mods":["AchievementEnabler","Act Like it!","Aspiration","BaseMod","Better Note","Better Vampires","BetterRewards","Colored Map","Colored Powertips","Conspire","Curses Come First","Custom Start","Downfall","Googly Eyes","Marisa£®ÏF”Í°°ƒß¿Ì…≥£©","Minty Spire (QoL Compilation)","Quick Restart","Relic Stats","Remilia£®¿Ÿ√◊¿Ú—«£©","Shop Mod","ShortenTheSpire","Spicy Shops","StSLib","SuperFastMode","The Blackbeard","The Construct","The Cursed","The Senshi","The Servant 0.9.4"],"gold_per_floor":[117,140,140,156,174,449,473,57,57,129,129,198,248,248],"floor_reached":13,"language":"ZHS","playtime":492,"items_purged":["Defend_MRS","Strike_MRS"],"score":126,"play_id":"eee57f05-ea4b-4320-9bd0-6f539187e2cb","local_time":"20210123123924","is_ascension_mode":true,"campfire_choices":[],"circlet_count":0,"master_deck":["Strike_MRS","Strike_MRS","Defend_MRS","Defend_MRS","Defend_MRS","MasterSpark","UpSweep","UnstableBomb","MilkyWay","WitchOfGreed","NonDirectionalLaser","Robbery","PowerUp","Acceleration","Acceleration","MagicAbsorber+1","DoubleSpark","PanicButton+1","Acceleration+1"],"relics":["MiniHakkero","Omamori","Bag of Preparation","SimpleLauncher","Matryoshka","Turnip","Golden Idol","Orrery","aspiration:Nostalgia","Guardian:ModeShifter","The Courier","Toxic Egg 2","Happy Flower"],"acts_visited":["Exordium"],"potions_floor_usage":[5,10,13,13],"damage_taken":[{"damage":0,"enemies":"Small Slimes","floor":1,"turns":2},{"damage":0,"enemies":"Cultist","floor":2,"turns":2},{"damage":2,"enemies":"Jaw Worm","floor":4,"turns":2},{"damage":7,"enemies":"Exordium Thugs","floor":5,"turns":3},{"damage":0,"enemies":"Exordium Wildlife","floor":7,"turns":2},{"damage":10,"enemies":"Lagavulin","floor":10,"turns":5},{"damage":0,"enemies":"Large Slime","floor":12,"turns":3},{"damage":10,"enemies":"3 Sentries","floor":13,"turns":4}],"seed_played":"-7423888888462290360","potions_obtained":[{"floor":1,"key":"Energy Potion"},{"floor":4,"key":"Swift Potion"},{"floor":10,"key":"GamblersBrew"},{"floor":12,"key":"Explosive Potion"}],"is_trial":false,"path_per_floor":["M","M","?","M","M","?","M","$","T","E","?","M","E"],"character_chosen":"MARISA","items_purchased":["Omamori","Bag of Preparation","SimpleLauncher","Matryoshka","Turnip","Orrery","Acceleration","aspiration:Nostalgia"],"campfire_rested":0,"item_purchase_floors":[0,0,0,0,0,8,8,8],"current_hp_per_floor":[33,33,26,24,17,17,17,17,17,7,7,7,0,0],"gold":248,"neow_bonus":"","is_daily":false,"chose_seed":false,"campfire_upgraded":0,"win_rate":0.0,"timestamp":1611376764,"path_taken":["M","M","?","?","M","?","M","?","T","E","?","M","E"],"items_purchased_type":["Relic","Relic","Relic","Relic","Relic","Relic","Card","Relic"],"build_version":"2020-12-22","purchased_purges":2,"victory":false,"max_hp_per_floor":[75,75,75,75,75,75,75,75,75,75,75,75,75,75],"relic_stats":{"Happy Flower":[2],"counters":[46,154],"Golden Idol":53,"Turnip":[1],"Bag of Preparation":[16],"obtain_stats":[{"construct:BoolHorns":0,"Darkstone Periapt":26,"theSenshi:FeatherClipsRelic":9,"Bag of Preparation":0,"construct:ClockworkPhoenix":24,"Boot":0,"conspire:TopHat":0,"aspiration:RitualStick":30,"HornCleat":23,"Matryoshka":0,"Sundial":12,"HandDrill":8,"Chemical X":0,"Toxic Egg 2":0,"aspiration:FutureDiary":34,"construct:MasterCore":23,"InkBottle":37,"SimpleLauncher":0,"aspiration:ChemicalBlood":7,"MerchantsRug":5,"Lee\u0027s Waffle":0,"construct:WeddingRing":17,"Happy Flower":10,"Golden Idol":5,"aspiration:Nostalgia":8,"blackbeard:LoadTheCannons":0,"Dead Branch":10,"Blue Candle":11,"Guardian:ModeShifter":8,"Thread and Needle":9,"The Courier":9,"Omamori":24,"aspiration:SecretTechniqueScroll":34,"Frozen Egg 2":0,"Akabeko":0,"aspiration:FrozenJewel":13,"Mercury Hourglass":21,"Ornamental Fan":0,"Orrery":8,"Turnip":0,"Bag of Marbles":24,"conspire:DeflatedDodgeball":26,"hexamod:BolsterEngine":29},{"construct:BoolHorns":19,"Darkstone Periapt":32,"theSenshi:FeatherClipsRelic":4,"Bag of Preparation":38,"construct:ClockworkPhoenix":12,"Boot":0,"conspire:TopHat":0,"aspiration:RitualStick":33,"HornCleat":32,"Matryoshka":38,"Sundial":6,"HandDrill":22,"Chemical X":0,"Toxic Egg 2":0,"aspiration:FutureDiary":18,"construct:MasterCore":12,"InkBottle":37,"SimpleLauncher":38,"aspiration:ChemicalBlood":4,"MerchantsRug":3,"Lee\u0027s Waffle":19,"construct:WeddingRing":8,"Happy Flower":44,"Golden Idol":21,"aspiration:Nostalgia":43,"blackbeard:LoadTheCannons":0,"Dead Branch":5,"Blue Candle":6,"Guardian:ModeShifter":43,"Thread and Needle":22,"The Courier":43,"Omamori":12,"aspiration:SecretTechniqueScroll":35,"Frozen Egg 2":19,"Akabeko":0,"aspiration:FrozenJewel":25,"Mercury Hourglass":10,"Ornamental Fan":0,"Orrery":43,"Turnip":38,"Bag of Marbles":32,"conspire:DeflatedDodgeball":13,"hexamod:BolsterEngine":33},{"construct:BoolHorns":67,"Darkstone Periapt":105,"theSenshi:FeatherClipsRelic":15,"Bag of Preparation":131,"construct:ClockworkPhoenix":46,"Boot":0,"conspire:TopHat":0,"aspiration:RitualStick":108,"HornCleat":105,"Matryoshka":131,"Sundial":28,"HandDrill":72,"Chemical X":0,"Toxic Egg 2":0,"aspiration:FutureDiary":66,"construct:MasterCore":46,"InkBottle":130,"SimpleLauncher":131,"aspiration:ChemicalBlood":15,"MerchantsRug":11,"Lee\u0027s Waffle":67,"construct:WeddingRing":35,"Happy Flower":147,"Golden Idol":70,"aspiration:Nostalgia":142,"blackbeard:LoadTheCannons":0,"Dead Branch":20,"Blue Candle":28,"Guardian:ModeShifter":142,"Thread and Needle":72,"The Courier":142,"Omamori":46,"aspiration:SecretTechniqueScroll":121,"Frozen Egg 2":67,"Akabeko":0,"aspiration:FrozenJewel":80,"Mercury Hourglass":41,"Ornamental Fan":0,"Orrery":142,"Turnip":131,"Bag of Marbles":105,"conspire:DeflatedDodgeball":51,"hexamod:BolsterEngine":108}]},"card_choices":[{"not_picked":["NonDirectionalLaser","IllusionStar"],"picked":"UnstableBomb","floor":1},{"not_picked":["EscapeVelocity","UnstableBomb","IllusionStar"],"picked":"SKIP","floor":2},{"not_picked":["AlicesGift","PowerUp"],"picked":"MilkyWay","floor":4},{"not_picked":["IllusionStar","UnstableBomb"],"picked":"WitchOfGreed","floor":5},{"not_picked":["WitchLeyline","GalacticHalo"],"picked":"NonDirectionalLaser","floor":7},{"not_picked":["DragonMeteor","GrandCross"],"picked":"Robbery","floor":8},{"not_picked":["GalacticHalo","NonDirectionalLaser"],"picked":"PowerUp","floor":8},{"not_picked":["Occultation","StarBarrage"],"picked":"Acceleration","floor":8},{"not_picked":["DarkSpark","StarlightTyphoon+1"],"picked":"MagicAbsorber+1","floor":10},{"not_picked":["ChargeUpSpray","GrandCross"],"picked":"Acceleration+1","floor":12}],"player_experience":583467,"relics_obtained":[{"floor":9,"key":"The Courier"},{"floor":9,"key":"Toxic Egg 2"},{"floor":10,"key":"Happy Flower"}],"event_choices":[{"cards_removed":["Strike_MRS"],"damage_healed":0,"gold_gain":0,"player_choice":"Card Removal","damage_taken":7,"max_hp_gain":0,"max_hp_loss":0,"event_name":"Golden Wing","floor":3,"gold_loss":0},{"damage_healed":0,"gold_gain":275,"player_choice":"Desecrate","damage_taken":0,"max_hp_gain":0,"max_hp_loss":0,"event_name":"Golden Shrine","floor":6,"gold_loss":0,"cards_obtained":["Regret"]},{"damage_healed":0,"gold_gain":0,"player_choice":"2 cards matched","damage_taken":0,"max_hp_gain":0,"max_hp_loss":0,"event_name":"Match and Keep!","floor":11,"gold_loss":0,"cards_obtained":["DoubleSpark","PanicButton"]}],"is_beta":false,"boss_relics":[],"items_purged_floors":[0,8],"is_endless":false,"potions_floor_spawned":[1,4,12],"killed_by":"3 Sentries","ascension_level":9}}