{"host":"22tt21bn45sbv98g","time":1611401376,"event":{"mods":["Act Like it!","BaseMod","Downfall","Gensokyo","Minty Spire (QoL Compilation)","Remilia（蕾米莉亚）","StSLib","The Blackbeard","The Servant 0.9.4","Youmu（魂魄妖梦）","【功能Mod】聪明的最终Boss"],"gold_per_floor":[110,125,125,145,145,175,175,210,256,256,271,271,306,47,47,144,194,207,207,207,4,14,43,43,273,273,273,342,361,361,374,374,475,475,491,511,531,541,541,573,573,573,573,573,644,644,672,692,692,692],"floor_reached":51,"language":"ZHS","playtime":5505,"items_purged":[],"score":886,"play_id":"9f0d2b8c-8ed6-4c14-84ff-ecf48fa0fd96","local_time":"20210123192936","is_ascension_mode":false,"campfire_choices":[{"floor":7,"key":"REST"},{"floor":10,"key":"REST"},{"floor":15,"key":"REST"},{"floor":24,"key":"REST"},{"data":"1","floor":27,"key":"LIFT"},{"data":"KillingDoll","floor":30,"key":"SMITH"},{"data":"Reset","floor":32,"key":"SMITH"},{"data":"DualDimension","floor":42,"key":"SMITH"},{"floor":49,"key":"REST"}],"circlet_count":0,"master_deck":["Strike_S","Strike_S","Strike_S","Strike_S+1","Defend_S","Defend_S","Defend_S+1","Defend_S","KidneyShot","Exchange","Misdirection+1","Desolation+1","Rearm","TimeWarp","TimeWarp+1","Sabotage","Moonlight+1","Comet","Rewind","KillingDoll+1","DoubleEdge","Unruled","Shame","Advance","BottledTime","InstantArmor+1","GearUp+1","Reset+1","Dilation","ShiftingGears","Rearm+1","Advance","FastForward","DualDimension+1","Potential","ShatteredReality+1"],"relics":["Uniform","NeowsBlessing","Meat on the Bone","Whetstone","Orichalcum","Mango","Centennial Puzzle","Tiny Chest","Tiny House","Gensokyo:ChorusOfJoy","TheAbacus","Regal Pillow","Strawberry","Girya","Kunai","Eternal Feather","Philosopher\u0027s Stone","Gensokyo:TheCrow","MealTicket","StrikeDummy","Sundial","Singing Bowl","Letter Opener","Blue Candle","Frozen Egg 2"],"acts_visited":["Exordium","Gensokyo:Gensokyo","Gensokyo:Gensokyoer"],"potions_floor_usage":[6,8,13,23,25,33,47,48],"damage_taken":[{"damage":0,"enemies":"Gensokyo:2_Kodama","floor":1,"turns":1},{"damage":0,"enemies":"Gensokyo:Gryphon","floor":2,"turns":1},{"damage":0,"enemies":"Gensokyo:Python","floor":4,"turns":1},{"damage":36,"enemies":"Gensokyo:Cirno","floor":6,"turns":8},{"damage":30,"enemies":"Gensokyo:Mamizou","floor":8,"turns":9},{"damage":8,"enemies":"Gensokyo:Gryphon_and_Rabbit","floor":11,"turns":5},{"damage":20,"enemies":"Gensokyo:Cirno","floor":13,"turns":7},{"damage":8,"enemies":"Gensokyo:Reimu","floor":16,"turns":7},{"damage":14,"enemies":"Gensokyo:Chomper","floor":18,"turns":4},{"damage":11,"enemies":"Gensokyo:CosmicMonolith","floor":22,"turns":4},{"damage":27,"enemies":"Gensokyo:Reisen","floor":23,"turns":4},{"damage":3,"enemies":"Gensokyo:Tenshi","floor":25,"turns":4},{"damage":28,"enemies":"Gensokyo:3_Gloops","floor":29,"turns":7},{"damage":7,"enemies":"Gensokyo:Slime_Group","floor":31,"turns":4},{"damage":77,"enemies":"Gensokyo:Kaguya","floor":33,"turns":14},{"damage":8,"enemies":"Gensokyo:AncientGuardian","floor":35,"turns":6},{"damage":14,"enemies":"Gensokyo:3_Boulders","floor":36,"turns":5},{"damage":10,"enemies":"Gensokyo:4_Bats","floor":37,"turns":4},{"damage":6,"enemies":"Gensokyo:Dusk_and_Dawn","floor":38,"turns":5},{"damage":8,"enemies":"Gensokyo:Kasen","floor":40,"turns":5},{"damage":38,"enemies":"Gensokyo:Marisa","floor":47,"turns":5},{"damage":0,"enemies":"Gensokyo:Sharpion","floor":48,"turns":4},{"damage":17,"enemies":"Gensokyo:Shinki","floor":50,"turns":10}],"seed_played":"-8428550958512859359","potions_obtained":[{"floor":1,"key":"bronze:BurnAndBuffPotion"},{"floor":4,"key":"LiquidBronze"},{"floor":11,"key":"Fire Potion"},{"floor":13,"key":"BlessingOfTheForge"},{"floor":17,"key":"Regen Potion"},{"floor":22,"key":"PowerPotion"},{"floor":23,"key":"champ:CounterPotion"},{"floor":35,"key":"Dexterity Potion"},{"floor":40,"key":"Weak Potion"},{"floor":47,"key":"Block Potion"}],"is_trial":false,"path_per_floor":["M","M","?","M","$","E","R","E","T","R","M","?","E","$","R","B",null,"M","?","?","COS","M","E","R","E","T","R","T","M","R","M","R","B",null,"M","M","M","M","?","E","T","R","T","?","T","?","E","M","R","B",null],"character_chosen":"THE_SERVANT","items_purchased":["Comet","Tiny Chest","Rewind"],"campfire_rested":5,"item_purchase_floors":[14,14,14],"current_hp_per_floor":[65,65,71,71,71,35,56,38,38,59,51,44,36,36,61,53,90,76,76,76,76,65,57,97,94,94,94,94,66,81,74,89,38,97,89,75,65,59,59,51,51,69,69,50,50,45,19,31,96,79],"gold":692,"neow_bonus":"THREE_ENEMY_KILL","is_daily":false,"chose_seed":false,"campfire_upgraded":3,"win_rate":0.0,"timestamp":1611401376,"path_taken":["M","?","?","M","?","E","R","E","T","R","M","?","E","?","R","BOSS","M","?","?","COS","?","E","R","E","T","R","?","M","R","M","R","BOSS","M","M","M","M","?","E","?","R","T","?","?","?","E","?","R","BOSS"],"items_purchased_type":["Card","Relic","Card"],"build_version":"2020-12-22","purchased_purges":0,"victory":true,"max_hp_per_floor":[65,65,71,71,71,71,71,71,71,71,71,85,85,85,85,85,90,90,90,90,90,90,97,97,97,97,97,97,97,97,97,97,97,97,97,97,97,97,97,97,97,97,97,97,97,97,97,97,97,97],"card_choices":[{"not_picked":["ShiftingGears","FastForward"],"picked":"Misdirection","floor":1},{"not_picked":["ShiftingGears","ShatteredReality"],"picked":"Desolation","floor":2},{"not_picked":["Read","Defy"],"picked":"Rearm","floor":4},{"not_picked":["Replace","Revamp"],"picked":"TimeWarp","floor":6},{"not_picked":["Spin","Read"],"picked":"TimeWarp","floor":8},{"not_picked":["TimeWarp","DoubleEdge"],"picked":"Sabotage","floor":11},{"not_picked":["Luminosity","Sabotage"],"picked":"Moonlight","floor":13},{"not_picked":["LightFlow","Solidify"],"picked":"KillingDoll","floor":16},{"not_picked":["Spin","Read"],"picked":"DoubleEdge","floor":17},{"not_picked":["TimeWarp+1","DoubleEdge+1"],"picked":"Unruled","floor":18},{"not_picked":["Replace+1","Revamp"],"picked":"Advance","floor":22},{"not_picked":["FanOfKnives","FloweringNight"],"picked":"BottledTime","floor":23},{"not_picked":["Revamp","Barrier"],"picked":"InstantArmor+1","floor":25},{"not_picked":["Defy","BottledTime"],"picked":"GearUp+1","floor":29},{"not_picked":["Spin","Foresight"],"picked":"Reset","floor":31},{"not_picked":["MurderousAura","Initiator"],"picked":"Dilation","floor":33},{"not_picked":["Read","StarChef"],"picked":"ShiftingGears","floor":35},{"not_picked":["DoubleEdge+1","Read"],"picked":"Rearm+1","floor":36},{"not_picked":["FanOfKnives","Alleviate"],"picked":"Advance","floor":37},{"not_picked":["Replace","Sabotage+1"],"picked":"FastForward","floor":38},{"not_picked":["FanOfKnives+1","Duplication"],"picked":"DualDimension","floor":40},{"not_picked":["FastForward+1","ReturningBlade+1"],"picked":"Potential","floor":47},{"not_picked":["Spin","TimeWarp"],"picked":"ShatteredReality+1","floor":48}],"player_experience":290782,"relics_obtained":[{"floor":6,"key":"Meat on the Bone"},{"floor":8,"key":"Whetstone"},{"floor":9,"key":"Orichalcum"},{"floor":13,"key":"Centennial Puzzle"},{"floor":23,"key":"Strawberry"},{"floor":25,"key":"Girya"},{"floor":26,"key":"Kunai"},{"floor":28,"key":"Eternal Feather"},{"floor":40,"key":"MealTicket"},{"floor":41,"key":"StrikeDummy"},{"floor":43,"key":"Sundial"},{"floor":45,"key":"Letter Opener"},{"floor":47,"key":"Frozen Egg 2"}],"event_choices":[],"is_beta":false,"boss_relics":[{"not_picked":["Snecko Eye","Ectoplasm"],"picked":"Tiny House"},{"not_picked":["Pandora\u0027s Box","SacredBark"],"picked":"Philosopher\u0027s Stone"}],"items_purged_floors":[],"is_endless":false,"potions_floor_spawned":[1,4,11,13,22,23,35,40,47],"ascension_level":0}}