{"host":"ws4mzzemcqsz5e2k","time":1611410276,"event":{"mods":["Act Like it!","BaseMod","Better Synergies","Colored Powertips","Downfall","Minty Spire (QoL Compilation)","Quick Restart","Relic Stats","StSLib","没有小屋子和绿帽子啦"],"gold_per_floor":[99,999999,1000015,1000015,1000035,1000035,1000035,1000035],"floor_reached":6,"language":"ZHS","playtime":144,"items_purged":[],"score":172,"play_id":"17c72106-cc2b-4144-86b5-a770aecb95c4","local_time":"20210123215756","daily_mods":["Heirloom","downfall:Lament","Elite Swarm","Uncertain Future"],"is_ascension_mode":true,"campfire_choices":[{"floor":1.0,"key":"RECALL"}],"circlet_count":0,"master_deck":["bronze:Strike","bronze:Defend","bronze:Defend","bronze:Defend","bronze:Defend","AscendersBane","bronze:Replicate","bronze:Goto","bronze:DarkDash","Injury"],"relics":["bronze:BronzeCore","NeowsBlessing","Lizard Tail"],"acts_visited":["Exordium"],"potions_floor_usage":[],"damage_taken":[{"damage":0.0,"enemies":"Jaw Worm","floor":2.0,"turns":1.0},{"damage":0.0,"enemies":"Cultist","floor":3.0,"turns":1.0},{"damage":0.0,"enemies":"Small Slimes","floor":5.0,"turns":1.0},{"damage":0,"enemies":"Gremlin Nob","floor":6,"turns":1}],"seed_played":"-4704662867840709108","potions_obtained":[{"floor":5.0,"key":"Block Potion"}],"is_trial":true,"path_per_floor":["R","M","M","?","M","E"],"character_chosen":"THE_AUTOMATON","items_purchased":[],"campfire_rested":0,"item_purchase_floors":[],"current_hp_per_floor":[57,57,57,57,57,57,57,57],"gold":1000035,"neow_bonus":"","is_daily":false,"chose_seed":false,"campfire_upgraded":0,"win_rate":0.0,"timestamp":1611410276,"path_taken":["R","M","M","?","?","E"],"items_purchased_type":[],"build_version":"2020-12-22","purchased_purges":0,"victory":false,"max_hp_per_floor":[63,63,63,63,63,63,63,63],"relic_stats":{"Lizard Tail":0,"counters":[4,4],"obtain_stats":[{"Lizard Tail":0,"bronze:BronzeCore":0,"NeowsBlessing":0},{"Lizard Tail":0,"bronze:BronzeCore":0,"NeowsBlessing":0},{"Lizard Tail":0,"bronze:BronzeCore":0,"NeowsBlessing":0}]},"card_choices":[{"not_picked":["bronze:OilSpill","bronze:DelayedSlice","bronze:Branch"],"picked":"SKIP","floor":2.0},{"not_picked":["bronze:Deprecate","bronze:WhirlingStrike"],"picked":"bronze:DarkDash","floor":3.0},{"not_picked":["bronze:DelayedSlice","bronze:Overheat","bronze:Branch"],"picked":"SKIP","floor":5.0}],"player_experience":1659305,"relics_obtained":[],"event_choices":[],"is_beta":false,"boss_relics":[],"items_purged_floors":[],"is_endless":true,"potions_floor_spawned":[5],"killed_by":"Gremlin Nob","ascension_level":20}}