{"host":"kkheweh6jrpo3b02","time":1611437043,"event":{"mods":["AchievementEnabler","BaseMod","Colored Map","Googly Eyes","Jorbs\u0027s Wanderer Trilogy","Minty Spire (QoL Compilation)","Quick Restart","Replay The Spire","StSLib","SuperFastMode"],"gold_per_floor":[129,129,204,230,246,279,51,51,51,51,71,71,125,144,144,144,144],"floor_reached":16,"language":"ENG","playtime":705,"items_purged":[],"score":210,"play_id":"1477ec6a-35e3-423b-868c-4a77c0705f67","local_time":"20210123162403","is_ascension_mode":true,"campfire_choices":[{"data":"stsjorbsmod:EyeOfTheStorm","floor":8,"key":"SMITH"},{"data":"stsjorbsmod:Stalwart","floor":12,"key":"SMITH"},{"data":"stsjorbsmod:IvoryTower","floor":15,"key":"SMITH"}],"circlet_count":0,"master_deck":["stsjorbsmod:ForbiddenGrimoire+1","stsjorbsmod:Strike_Wanderer","stsjorbsmod:Strike_Wanderer+1","stsjorbsmod:Strike_Wanderer","stsjorbsmod:Strike_Wanderer","stsjorbsmod:Defend_Wanderer","stsjorbsmod:Defend_Wanderer","stsjorbsmod:Defend_Wanderer","stsjorbsmod:Defend_Wanderer","stsjorbsmod:FreshAdventure","stsjorbsmod:EyeOfTheStorm","stsjorbsmod:BurningFlask","stsjorbsmod:Stalwart+1","stsjorbsmod:EyeOfTheStorm+1","stsjorbsmod:ScorchingRay","stsjorbsmod:IvoryTower+1"],"relics":["stsjorbsmod:GrimoireRelic","NeowsBlessing","Blood Vial","DollysMirror","Frozen Egg 2","Golden Idol","stsjorbsmod:BottledMemoryRelic"],"acts_visited":["Exordium"],"potions_floor_usage":[13,16],"damage_taken":[{"damage":0,"enemies":"Jaw Worm","floor":1,"turns":1},{"damage":0,"enemies":"Small Slimes","floor":5,"turns":1},{"damage":0,"enemies":"Gremlin Nob","floor":6,"turns":1},{"damage":7,"enemies":"2 Louse","floor":11,"turns":5},{"damage":10,"enemies":"3 Sentries","floor":13,"turns":6},{"damage":10,"enemies":"Large Slime","floor":14,"turns":6}],"seed_played":"2336434544522288048","potions_obtained":[{"floor":5,"key":"AttackPotion"},{"floor":11,"key":"Swift Potion"},{"floor":13,"key":"stsjorbsmod:LiquidClarity"}],"is_trial":false,"path_per_floor":["M","?","?","T","M","E","$","R","T","?","M","R","E","M","R","B"],"character_chosen":"WANDERER","items_purchased":["stsjorbsmod:Stalwart","DollysMirror"],"campfire_rested":0,"item_purchase_floors":[7,7],"current_hp_per_floor":[68,68,57,57,59,61,61,61,61,44,46,46,44,41,41,0,0],"gold":144,"neow_bonus":"THREE_ENEMY_KILL","is_daily":false,"chose_seed":false,"campfire_upgraded":3,"win_rate":0.0,"timestamp":1611437043,"path_taken":["M","?","?","?","M","E","$","R","T","?","M","R","E","M","R","BOSS"],"items_purchased_type":["Card","Relic"],"build_version":"2020-12-22","purchased_purges":0,"victory":false,"max_hp_per_floor":[68,68,68,68,68,68,68,68,68,68,70,70,70,70,70,70,70],"card_choices":[{"not_picked":["stsjorbsmod:Materialize","stsjorbsmod:Hibernate","stsjorbsmod:Mending"],"picked":"SKIP","floor":1},{"not_picked":["stsjorbsmod:Mending","stsjorbsmod:Prepare"],"picked":"stsjorbsmod:BurningFlask","floor":5},{"not_picked":["stsjorbsmod:ChatteringStrike","stsjorbsmod:ArcaneWeapon","stsjorbsmod:Will"],"picked":"SKIP","floor":6},{"not_picked":["stsjorbsmod:OldPocket","stsjorbsmod:TrueStrike"],"picked":"stsjorbsmod:ScorchingRay","floor":11},{"not_picked":["stsjorbsmod:RayOfFrost","stsjorbsmod:TollTheDead"],"picked":"stsjorbsmod:IvoryTower","floor":13},{"not_picked":["stsjorbsmod:AnimateObjects","stsjorbsmod:WanderingMind","stsjorbsmod:Index"],"picked":"SKIP","floor":14}],"player_experience":481623,"relics_obtained":[{"floor":4,"key":"Blood Vial"},{"floor":9,"key":"Frozen Egg 2"},{"floor":13,"key":"stsjorbsmod:BottledMemoryRelic"}],"event_choices":[{"damage_healed":0,"gold_gain":75,"player_choice":"Gather Gold","damage_taken":11,"max_hp_gain":0,"max_hp_loss":0,"event_name":"World of Goop","floor":3,"gold_loss":0},{"damage_healed":0,"gold_gain":0,"player_choice":"Take Damage","damage_taken":17,"relics_obtained":["Golden Idol"],"max_hp_gain":0,"max_hp_loss":0,"event_name":"Golden Idol","floor":10,"gold_loss":0}],"is_beta":false,"boss_relics":[],"items_purged_floors":[],"is_endless":false,"potions_floor_spawned":[5,11,13],"killed_by":"Slime Boss","ascension_level":3}}