{"host":"gfmw02tnhhvp9jba","time":1611406488,"event":{"mods":["AchievementEnabler","BaseMod","Colored Map","Conspire","Downfall","Highlight Path","Minty Spire (QoL Compilation)","StSLib"],"gold_per_floor":[199,218,218,74,88,88,111,11,44,44,58,90,103,129,139,238,238,138,158,175,194,211,229,284,302,321,349,334,234,268,279,298,400,400,400,57,57,74,90,109,136,136,150,182,200,200,219,248,265,265,265,292,55,55,55,55],"floor_reached":57,"language":"ENG","playtime":3285,"items_purged":["Normality"],"score":1352,"play_id":"c0b0c1c1-95f1-46ba-896c-18fd597a7ff6","local_time":"20210123135448","is_ascension_mode":false,"campfire_choices":[{"data":"Slimebound:Split","floor":1.0,"key":"SMITH"},{"data":"Slimebound:OneTwoCombo","floor":8.0,"key":"SMITH"},{"data":"Slimebound:MassRepurpose","floor":10.0,"key":"SMITH"},{"floor":18.0,"key":"RECALL"},{"data":"Slimebound:Overexert","floor":29,"key":"SMITH"},{"data":"Slimebound:LevelUp","floor":35,"key":"SMITH"},{"data":"Slimebound:MinionMaster","floor":42,"key":"SMITH"},{"data":"Slimebound:LeadByExample","floor":46,"key":"SMITH"},{"data":"Slimebound:FormOfPuddle","floor":54,"key":"SMITH"}],"circlet_count":0,"master_deck":["Slimebound:Tackle+1","Slimebound:Defend_Slimebound+1","Slimebound:Split+1","Slimebound:CorrosiveSpit","Slimebound:SplitLeeching","Slimebound:OneTwoCombo+1","Slimebound:SlimeTap","Slimebound:RallyTheTroops+1","Slimebound:MassRepurpose+1","Slimebound:SplitAcid","Slimebound:MinionMaster+1","Slimebound:RollThrough+1","Slimebound:LevelUp+1","Slimebound:Nibble+1","Slimebound:TagTeam+1","Slimebound:SplitAcid","Slimebound:SplitMire+1","Slimebound:ForwardTackle+1","Slimebound:LeechingTouch+1","Slimebound:LeechEnergy+1","Slimebound:Overexert+1","Slimebound:Repurpose+1","Slimebound:Equalize+1","Slimebound:FinishingTackle+1","Slimebound:SplitSpecialist+1","Slimebound:SlimeBrawl","Slimebound:Overexert","Slimebound:Teamwork+1","Slimebound:DisruptingSlam+1","Slimebound:SplitLeeching+1","Slimebound:SplitAcid","Slimebound:PressTheAttack+1","Slimebound:SplitBruiser","Slimebound:LeadByExample+1","Slimebound:LivingWall+1","Slimebound:SplitLeeching+1","Slimebound:SplitBruiser","Slimebound:DisruptingSlam+1","Slimebound:SplitSpecialist","Slimebound:FormOfPuddle+1","Slimebound:TagTeam+1"],"relics":["Slimebound:AbsorbEndCombat","Molten Egg 2","downfall:HeartBlessingBlue","PreservedInsect","Nunchaku","Thread and Needle","Sozu","downfall:HeartBlessingGreen","Dream Catcher","The Courier","downfall:HeartBlessingRed","conspire:Flyswatter","Astrolabe","Lantern","Bottled Flame","conspire:DeflatedDodgeball","Whetstone","War Paint","Shuriken","Anchor","Gremlin Horn","Strange Spoon"],"acts_visited":["Exordium","TheCity","TheBeyond","TheEnding"],"potions_floor_usage":[45],"damage_taken":[{"damage":0.0,"enemies":"conspire:RoseBush","floor":2.0,"turns":3.0},{"damage":5.0,"enemies":"downfall:FleeingMerchant","floor":4.0,"turns":4.0},{"damage":0.0,"enemies":"Cultist","floor":5.0,"turns":3.0},{"damage":12.0,"enemies":"Gremlin Nob","floor":9.0,"turns":3.0},{"damage":0.0,"enemies":"2 Louse","floor":11.0,"turns":1.0},{"damage":0.0,"enemies":"Lagavulin","floor":12.0,"turns":3.0},{"damage":7.0,"enemies":"Exordium Thugs","floor":13.0,"turns":3.0},{"damage":17.0,"enemies":"3 Sentries","floor":14.0,"turns":3.0},{"damage":4.0,"enemies":"Gremlin Gang","floor":15.0,"turns":3.0},{"damage":31.0,"enemies":"DF_ARCHETYPE_STREAMLINE","floor":16.0,"turns":6.0},{"damage":4.0,"enemies":"conspire:FuzzyDice","floor":19.0,"turns":3.0},{"damage":0.0,"enemies":"Snake Plant","floor":20.0,"turns":2.0},{"damage":10.0,"enemies":"Centurion and Healer","floor":21.0,"turns":3.0},{"damage":0.0,"enemies":"Cultist and Chosen","floor":22.0,"turns":4.0},{"damage":6.0,"enemies":"Sentry and Sphere","floor":23.0,"turns":3.0},{"damage":1.0,"enemies":"Snake Plant","floor":25.0,"turns":3.0},{"damage":6.0,"enemies":"Cultist and Chosen","floor":26.0,"turns":3.0},{"damage":5.0,"enemies":"conspire:SneckoGhost","floor":27.0,"turns":3.0},{"damage":5.0,"enemies":"downfall:FleeingMerchant","floor":28.0,"turns":4.0},{"damage":28,"enemies":"Slavers","floor":30,"turns":2},{"damage":3,"enemies":"Chosen and Byrds","floor":31,"turns":3},{"damage":6,"enemies":"Shelled Parasite and Fungi","floor":32,"turns":2},{"damage":13,"enemies":"IC_MUSHROOM_ARCHETYPE","floor":33,"turns":3},{"damage":11,"enemies":"downfall:FleeingMerchant","floor":36,"turns":3},{"damage":3,"enemies":"3 Shapes","floor":38,"turns":3},{"damage":0,"enemies":"3 Darklings","floor":39,"turns":2},{"damage":3,"enemies":"Maw","floor":40,"turns":3},{"damage":3,"enemies":"Spire Growth","floor":43,"turns":3},{"damage":4,"enemies":"Giant Head","floor":44,"turns":5},{"damage":5,"enemies":"Sphere and 2 Shapes","floor":45,"turns":2},{"damage":0,"enemies":"Maw","floor":47,"turns":4},{"damage":17,"enemies":"conspire:MimicChest","floor":48,"turns":3},{"damage":3,"enemies":"Spire Growth","floor":49,"turns":3},{"damage":4,"enemies":"SI_POISON_ARCHETYPE","floor":50,"turns":7},{"damage":0,"enemies":"downfall:CharBossMerchant","floor":52,"turns":4},{"damage":12,"enemies":"downfall:NeowBoss","floor":55,"turns":8},{"damage":63,"enemies":"downfall:NeowBossFinal","floor":56,"turns":9}],"seed_played":"6162870607481531240","potions_obtained":[{"floor":5.0,"key":"GamblersBrew"},{"floor":11.0,"key":"SpeedPotion"},{"floor":12.0,"key":"AttackPotion"},{"floor":15.0,"key":"Dexterity Potion"},{"floor":16.0,"key":"sneckomod:MuddlingPotion"}],"is_trial":false,"path_per_floor":["R","M","?","$","M","T","T","R","E","R","M","E","M","E","M","B",null,"R","M","M","M","M","M","T","M","M","E","$","R","E","M","M","B",null,"R","$","?","M","M","M","T","R","M","E","M","R","M","?","M","B",null,"E","$","R","B","B",null],"character_chosen":"SLIMEBOUND","items_purchased":["Slimebound:SplitAcid","Lantern","Bottled Flame","conspire:DeflatedDodgeball","Whetstone","Slimebound:PressTheAttack+1","Slimebound:FormOfPuddle","Strange Spoon","Slimebound:TagTeam+1"],"campfire_rested":0,"item_purchase_floors":[4,36,36,36,36,36,53,53,53],"current_hp_per_floor":[65,65,65,64,65,65,65,75,63,63,65,67,62,45,43,18,75,75,73,75,67,73,69,69,75,75,72,71,71,49,52,52,43,75,75,64,64,67,73,72,72,72,71,75,75,75,75,58,57,67,75,75,75,75,75,28],"gold":55,"neow_bonus":"HUNDRED_GOLD","is_daily":false,"chose_seed":false,"campfire_upgraded":8,"win_rate":0.0,"timestamp":1611406488,"path_taken":["R","M","?","$","?","?","T","R","E","R","M","E","M","E","M","BOSS","R","M","M","?","M","M","T","M","M","E","$","R","E","M","M","BOSS","R","$","?","M","M","?","T","R","M","E","?","R","M","?","M","BOSS","E","$","R","BOSS","BOSS"],"items_purchased_type":["Card","Relic","Relic","Relic","Relic","Card","Card","Relic","Card"],"build_version":"2020-12-22","purchased_purges":1,"victory":true,"max_hp_per_floor":[65,65,65,65,65,65,65,75,75,75,75,75,75,75,75,75,75,75,75,75,75,75,75,75,75,75,75,75,75,75,75,75,75,75,75,75,75,75,75,75,75,75,75,75,75,75,75,75,75,75,75,75,75,75,75,75],"card_choices":[{"not_picked":["Slimebound:RollThrough","Slimebound:HauntingLick"],"picked":"Slimebound:SplitLeeching","floor":2.0},{"not_picked":["Slimebound:LeechEnergy","Slimebound:ComboTackle"],"picked":"Slimebound:MassRepurpose","floor":4.0},{"not_picked":["Slimebound:ComboTackle","Slimebound:HauntingLick","Slimebound:SlimeTap"],"picked":"SKIP","floor":5.0},{"not_picked":["Slimebound:GoopTackle+1","Slimebound:LeechingTouch+1","Slimebound:HauntingLick"],"picked":"SKIP","floor":9.0},{"not_picked":["Slimebound:ViciousTackle+1","Slimebound:RainOfGoop","Slimebound:BestDefense"],"picked":"SKIP","floor":11.0},{"not_picked":["Slimebound:BestDefense","Slimebound:LivingWall"],"picked":"Slimebound:MinionMaster","floor":12.0},{"not_picked":["Slimebound:LeechEnergy+1","Slimebound:FinishingTackle+1"],"picked":"Slimebound:RollThrough+1","floor":13.0},{"not_picked":["Slimebound:LivingWall","Slimebound:OozeBath"],"picked":"Slimebound:LevelUp","floor":14.0},{"not_picked":["Slimebound:LeechEnergy+1","Slimebound:TongueLash+1"],"picked":"Slimebound:Nibble+1","floor":15.0},{"not_picked":["Slimebound:Teamwork","Slimebound:FirmFortitude"],"picked":"Slimebound:TagTeam+1","floor":16.0},{"not_picked":["Slimebound:HungryTackle+1","Slimebound:DisruptingSlam+1"],"picked":"Slimebound:SplitAcid","floor":19.0},{"not_picked":["Slimebound:GoopTackle+1","Slimebound:LeechingTouch+1"],"picked":"Slimebound:SplitMire+1","floor":20.0},{"not_picked":["Slimebound:SplitAcid","Slimebound:GoopSpray"],"picked":"Slimebound:ForwardTackle+1","floor":21.0},{"not_picked":["Slimebound:SplitMire","Slimebound:SplitAcid+1"],"picked":"Slimebound:LeechingTouch+1","floor":22.0},{"not_picked":["Slimebound:Dissolve","Slimebound:GoopSpray"],"picked":"Slimebound:LeechEnergy+1","floor":23.0},{"not_picked":["Slimebound:SlimeSpikes","Slimebound:HungryTackle+1"],"picked":"Slimebound:Overexert","floor":25.0},{"not_picked":["Slimebound:Schlurp+1","Slimebound:LeechingTouch+1","Slimebound:FinishingTackle+1"],"picked":"SKIP","floor":26.0},{"not_picked":["Slimebound:SplitSpecialist","Slimebound:SplitLeeching"],"picked":"Slimebound:Repurpose+1","floor":27.0},{"not_picked":["Slimebound:ForwardTackle+1","Slimebound:SplitMire"],"picked":"Slimebound:Equalize+1","floor":28},{"not_picked":["Slimebound:LeechingTouch+1","Slimebound:LeechEnergy+1"],"picked":"Slimebound:FinishingTackle+1","floor":30},{"not_picked":["Slimebound:Nibble+1","Slimebound:MinionMaster"],"picked":"Slimebound:SplitSpecialist","floor":31},{"not_picked":["Slimebound:SlimeSpikes","Slimebound:ItLooksTasty+1"],"picked":"Slimebound:SlimeBrawl","floor":32},{"not_picked":["Slimebound:PrepareCrush","Slimebound:DuplicatedForm"],"picked":"Slimebound:Overexert","floor":33},{"not_picked":["Slimebound:SpikyOuterGoop+1","Slimebound:AcidTongue"],"picked":"Slimebound:SplitAcid","floor":36},{"not_picked":["Slimebound:RollThrough+1","Slimebound:Equalize+1","Slimebound:PressTheAttack+1"],"picked":"SKIP","floor":38},{"not_picked":["Slimebound:HauntingLick","Slimebound:Prepare+1"],"picked":"Slimebound:SplitBruiser","floor":39},{"not_picked":["Slimebound:ServeAndProtect","Slimebound:DisruptingSlam+1","Slimebound:GoopTackle+1"],"picked":"SKIP","floor":40},{"not_picked":["Slimebound:SlimeTap","Slimebound:SplitLeeching+1"],"picked":"Slimebound:LeadByExample","floor":43},{"not_picked":["Slimebound:ComboTackle+1","Slimebound:Prepare"],"picked":"Slimebound:LivingWall+1","floor":44},{"not_picked":["Slimebound:DuplicatedForm","Slimebound:SplitBruiser+1"],"picked":"Slimebound:SplitLeeching+1","floor":45},{"not_picked":["Slimebound:RejuvenatingLick+1","Slimebound:LivingWall"],"picked":"Slimebound:SplitBruiser","floor":47},{"not_picked":["Slimebound:RainOfGoop+1","Slimebound:RollThrough+1"],"picked":"Slimebound:DisruptingSlam+1","floor":48},{"not_picked":["Slimebound:LeechingTouch+1","Slimebound:FinishingTackle+1","Slimebound:SamplingLick"],"picked":"SKIP","floor":49},{"not_picked":["Slimebound:MegaLick","Slimebound:Nibble+1"],"picked":"Slimebound:SplitSpecialist","floor":52}],"player_experience":62241,"relics_obtained":[{"floor":6.0,"key":"Molten Egg 2"},{"floor":9.0,"key":"PreservedInsect"},{"floor":12.0,"key":"Nunchaku"},{"floor":14.0,"key":"Thread and Needle"},{"floor":24.0,"key":"Dream Catcher"},{"floor":27.0,"key":"The Courier"},{"floor":30,"key":"conspire:Flyswatter"},{"floor":41,"key":"War Paint"},{"floor":44,"key":"Shuriken"},{"floor":48,"key":"Anchor"},{"floor":52,"key":"Gremlin Horn"}],"event_choices":[{"damage_healed":0,"gold_gain":0,"player_choice":"Got Potions","damage_taken":0,"max_hp_gain":0,"max_hp_loss":0,"event_name":"Lab","floor":37,"gold_loss":0}],"is_beta":false,"boss_relics":[{"not_picked":["Busted Crown","Runic Pyramid"],"picked":"Sozu"},{"not_picked":["Fusion Hammer","Snecko Eye"],"picked":"Astrolabe"}],"items_purged_floors":[4],"is_endless":false,"potions_floor_spawned":[5,11,12,15,16,22,25,26,27,31,32,33,38,40,44,48,52],"ascension_level":0}}