{"host":"wz9xchfsxwfj1bs2","time":1611401076,"event":{"mods":["BaseMod","Minty Spire (QoL Compilation)","Quick Restart","StSLib"],"gold_per_floor":[117,41,41,41,61,89,106,126,150,175,187,218,11,11,11,108,108,118,118,118,130,142,142,92,120,144,173,187,204,236,252,252,348,348,360,379,379,394,408,408,61,61,61,111,136,155,185,197,209,221,221],"floor_reached":50,"language":"ZHS","playtime":4406,"items_purged":["Defend_P","Strike_P","Eruption"],"score":716,"play_id":"54422d3e-c2a4-45cd-853b-d19eb8b6ad9c","local_time":"20210123192436","is_ascension_mode":true,"campfire_choices":[{"data":"Blasphemy","floor":15.0,"key":"SMITH"},{"data":"Ragnarok","floor":23.0,"key":"SMITH"},{"data":"DeusExMachina","floor":32.0,"key":"SMITH"},{"floor":40.0,"key":"RECALL"},{"data":"Apotheosis","floor":49.0,"key":"SMITH"}],"circlet_count":0,"master_deck":["Strike_P+1","Strike_P","Defend_P","Vigilance","Blasphemy+1","CutThroughFate","Study","Prostrate","Ragnarok+1","DeusExMachina+1","ThirdEye","SignatureMove+1","Omniscience","Worship+1","Master of Strategy","Deep Breath","Apotheosis+1","Establishment"],"relics":["HolyWater","Anchor","Regal Pillow","GoldenEye","Smiling Mask","Happy Flower","Thread and Needle","Centennial Puzzle","Du-Vu Doll","Whetstone","Runic Pyramid","Strange Spoon","Unceasing Top","Mango","Bottled Flame","MawBank"],"acts_visited":["Exordium","TheCity","TheBeyond"],"potions_floor_usage":[],"damage_taken":[{"damage":3.0,"enemies":"Small Slimes","floor":1.0,"turns":3.0},{"damage":0.0,"enemies":"2 Louse","floor":5.0,"turns":2.0},{"damage":13.0,"enemies":"Lagavulin","floor":6.0,"turns":7.0},{"damage":0.0,"enemies":"Cultist","floor":7.0,"turns":3.0},{"damage":0.0,"enemies":"3 Louse","floor":8.0,"turns":4.0},{"damage":16.0,"enemies":"Gremlin Nob","floor":10.0,"turns":4.0},{"damage":0.0,"enemies":"Looter","floor":11.0,"turns":4.0},{"damage":9.0,"enemies":"Lagavulin","floor":12.0,"turns":6.0},{"damage":18.0,"enemies":"The Guardian","floor":16.0,"turns":6.0},{"damage":13.0,"enemies":"2 Thieves","floor":18.0,"turns":3.0},{"damage":0.0,"enemies":"Shell Parasite","floor":21.0,"turns":3.0},{"damage":7.0,"enemies":"Shelled Parasite and Fungi","floor":22.0,"turns":4.0},{"damage":0.0,"enemies":"Slavers","floor":25.0,"turns":2.0},{"damage":0.0,"enemies":"Book of Stabbing","floor":27.0,"turns":2.0},{"damage":7.0,"enemies":"Snake Plant","floor":28.0,"turns":3.0},{"damage":0.0,"enemies":"3 Cultists","floor":29.0,"turns":2.0},{"damage":9.0,"enemies":"Slavers","floor":30.0,"turns":3.0},{"damage":0.0,"enemies":"Shelled Parasite and Fungi","floor":31.0,"turns":2.0},{"damage":20.0,"enemies":"Automaton","floor":33.0,"turns":3.0},{"damage":10.0,"enemies":"3 Shapes","floor":35.0,"turns":2.0},{"damage":0.0,"enemies":"3 Darklings","floor":36.0,"turns":2.0},{"damage":0.0,"enemies":"4 Shapes","floor":38.0,"turns":2.0},{"damage":2.0,"enemies":"Sphere and 2 Shapes","floor":39.0,"turns":2.0},{"damage":0.0,"enemies":"Mind Bloom Boss Battle","floor":44.0,"turns":4.0},{"damage":0.0,"enemies":"Reptomancer","floor":45.0,"turns":2.0},{"damage":9.0,"enemies":"Maw","floor":46.0,"turns":3.0},{"damage":2.0,"enemies":"Giant Head","floor":47.0,"turns":4.0},{"damage":100019,"enemies":"Time Eater","floor":50,"turns":5}],"seed_played":"616717517763903058","potions_obtained":[{"floor":1.0,"key":"BlessingOfTheForge"},{"floor":7.0,"key":"Regen Potion"},{"floor":11.0,"key":"CultistPotion"},{"floor":12.0,"key":"GamblersBrew"},{"floor":16.0,"key":"Regen Potion"},{"floor":22.0,"key":"Explosive Potion"},{"floor":25.0,"key":"Block Potion"},{"floor":27.0,"key":"ColorlessPotion"},{"floor":31.0,"key":"Dexterity Potion"},{"floor":35.0,"key":"Explosive Potion"},{"floor":44.0,"key":"StancePotion"},{"floor":47.0,"key":"Strength Potion"}],"is_trial":false,"path_per_floor":["M","$","?","?","M","E","M","M","T","E","M","E","$","?","R","B",null,"M","?","?","M","M","R","$","E","T","E","M","M","E","M","R","B",null,"M","M","?","M","M","R","$","?","T","?","E","M","E","?","R","B"],"character_chosen":"WATCHER","items_purchased":["Study","Happy Flower","Strange Spoon","Establishment"],"campfire_rested":0,"item_purchase_floors":[2,13,41,41],"current_hp_per_floor":[62,62,55,55,55,42,42,42,42,38,38,29,29,22,22,4,65,52,52,52,52,45,45,45,45,45,45,38,38,29,29,29,9,65,55,55,45,45,43,43,43,43,43,57,57,48,46,46,46,0,0],"gold":221,"neow_bonus":"THREE_RARE_CARDS","is_daily":false,"chose_seed":false,"campfire_upgraded":4,"win_rate":0.0,"timestamp":1611401076,"path_taken":["M","$","?","?","M","E","?","M","T","E","M","E","$","?","R","BOSS","M","?","?","?","M","R","$","E","T","E","M","?","E","M","R","BOSS","M","M","?","M","M","R","$","?","T","?","E","M","E","?","R","BOSS"],"items_purchased_type":["Card","Relic","Relic","Card"],"build_version":"2020-12-22","purchased_purges":3,"victory":false,"max_hp_per_floor":[65,65,65,65,65,65,65,65,65,65,65,65,65,65,65,65,65,65,65,65,65,65,65,65,65,65,65,65,65,65,65,65,65,65,65,65,65,65,65,65,65,65,65,79,79,79,79,79,79,79,79],"card_choices":[{"not_picked":["MasterReality","Devotion"],"picked":"Blasphemy","floor":0.0},{"not_picked":["WreathOfFlame","FearNoEvil"],"picked":"CutThroughFate","floor":1.0},{"not_picked":["CutThroughFate","FlyingSleeves","Meditate"],"picked":"SKIP","floor":5.0},{"not_picked":["JustLucky","LikeWater"],"picked":"Prostrate","floor":6.0},{"not_picked":["Vault","Protect","Prostrate"],"picked":"SKIP","floor":7.0},{"not_picked":["Collect","EmptyFist","Protect"],"picked":"SKIP","floor":8.0},{"not_picked":["BowlingBash","EmptyMind","EmptyFist"],"picked":"SKIP","floor":10.0},{"not_picked":["Evaluate","FlurryOfBlows","BowlingBash"],"picked":"SKIP","floor":11.0},{"not_picked":["Worship","Crescendo"],"picked":"Ragnarok","floor":12.0},{"not_picked":["Devotion","Brilliance"],"picked":"DeusExMachina","floor":16.0},{"not_picked":["CrushJoints","ClearTheMind","WheelKick+1"],"picked":"SKIP","floor":18.0},{"not_picked":["Protect+1","Conclude"],"picked":"SignatureMove","floor":21.0},{"not_picked":["EmptyBody+1","FollowUp+1","Pray"],"picked":"SKIP","floor":22.0},{"not_picked":["Devotion","Meditate+1","WindmillStrike"],"picked":"SKIP","floor":25.0},{"not_picked":["Conclude+1","InnerPeace+1","CarveReality"],"picked":"SKIP","floor":27.0},{"not_picked":["SashWhip","InnerPeace","BattleHymn"],"picked":"SKIP","floor":28.0},{"not_picked":["Evaluate","LikeWater","Swivel+1"],"picked":"SKIP","floor":29.0},{"not_picked":["InnerPeace","Protect","Devotion"],"picked":"SKIP","floor":30.0},{"not_picked":["Wallop","Crescendo","Evaluate"],"picked":"SKIP","floor":31.0},{"not_picked":["Blasphemy","Scrawl"],"picked":"Omniscience","floor":33.0},{"not_picked":["WindmillStrike+1","SignatureMove","EmptyMind+1"],"picked":"SKIP","floor":35.0},{"not_picked":["EmptyFist+1","Crescendo+1"],"picked":"Worship+1","floor":36.0},{"not_picked":["Discovery","The Bomb"],"picked":"Master of Strategy","floor":37.0},{"not_picked":["Trip","Panache"],"picked":"Deep Breath","floor":37.0},{"not_picked":["Magnetism","Flash of Steel"],"picked":"Apotheosis","floor":37.0},{"not_picked":["ClearTheMind","Halt","FlyingSleeves+1"],"picked":"SKIP","floor":38.0},{"not_picked":["FlyingSleeves","ThirdEye+1","Tantrum"],"picked":"SKIP","floor":39.0},{"not_picked":["DevaForm","EmptyBody","Crescendo"],"picked":"SKIP","floor":45.0},{"not_picked":["Crescendo+1","SashWhip+1","EmptyMind+1"],"picked":"SKIP","floor":46.0},{"not_picked":["PathToVictory","Crescendo","Study"],"picked":"SKIP","floor":47.0}],"player_experience":105533,"relics_obtained":[{"floor":6.0,"key":"Regal Pillow"},{"floor":10.0,"key":"GoldenEye"},{"floor":12.0,"key":"Smiling Mask"},{"floor":25.0,"key":"Thread and Needle"},{"floor":26.0,"key":"Centennial Puzzle"},{"floor":27.0,"key":"Du-Vu Doll"},{"floor":30.0,"key":"Whetstone"},{"floor":43.0,"key":"Unceasing Top"},{"floor":44.0,"key":"Mango"},{"floor":45.0,"key":"Bottled Flame"},{"floor":47.0,"key":"MawBank"}],"event_choices":[{"damage_healed":0.0,"max_hp_gain":0.0,"max_hp_loss":0.0,"gold_gain":0.0,"event_name":"Scrap Ooze","player_choice":"Success","floor":3.0,"gold_loss":0.0,"damage_taken":7.0,"relics_obtained":["Anchor"]},{"cards_removed":["Strike_P"],"damage_healed":0.0,"max_hp_gain":0.0,"max_hp_loss":0.0,"gold_gain":0.0,"event_name":"Bonfire Elementals","player_choice":"Offered Basic","floor":4.0,"gold_loss":0.0,"damage_taken":0.0},{"cards_removed":["Defend_P"],"damage_healed":0.0,"max_hp_gain":0.0,"max_hp_loss":0.0,"gold_gain":0.0,"event_name":"Golden Wing","player_choice":"Card Removal","floor":14.0,"gold_loss":0.0,"damage_taken":7.0},{"damage_healed":0.0,"max_hp_gain":0.0,"max_hp_loss":0.0,"gold_gain":0.0,"event_name":"The Library","player_choice":"Read","floor":19.0,"gold_loss":0.0,"damage_taken":0.0,"cards_obtained":["ThirdEye"]},{"damage_healed":0.0,"max_hp_gain":0.0,"max_hp_loss":0.0,"gold_gain":0.0,"event_name":"The Woman in Blue","player_choice":"Bought 0 Potions","floor":20.0,"gold_loss":0.0,"damage_taken":0.0},{"damage_healed":0.0,"max_hp_gain":0.0,"max_hp_loss":0.0,"gold_gain":0.0,"event_name":"SensoryStone","player_choice":"Memory 3","floor":37.0,"gold_loss":0.0,"damage_taken":10.0},{"damage_healed":0.0,"max_hp_gain":0.0,"max_hp_loss":0.0,"gold_gain":0.0,"event_name":"Tomb of Lord Red Mask","player_choice":"Ignored","floor":42.0,"gold_loss":0.0,"damage_taken":0.0},{"damage_healed":0.0,"max_hp_gain":0.0,"max_hp_loss":0.0,"gold_gain":0.0,"event_name":"MindBloom","player_choice":"Fight","floor":44.0,"gold_loss":0.0,"damage_taken":0.0},{"cards_removed":["Defend_P"],"damage_healed":0.0,"max_hp_gain":0.0,"max_hp_loss":0.0,"gold_gain":0.0,"event_name":"Falling","player_choice":"Removed Skill","floor":48.0,"gold_loss":0.0,"damage_taken":0.0}],"is_beta":false,"boss_relics":[{"not_picked":["SlaversCollar","Fusion Hammer"],"picked":"HolyWater"},{"not_picked":["Snecko Eye","Runic Dome"],"picked":"Runic Pyramid"}],"items_purged_floors":[13,24,41],"is_endless":false,"potions_floor_spawned":[1,7,11,12,16,22,25,27,29,31,35,44,47],"killed_by":"Time Eater","ascension_level":1}}