{"host":"dxmdoimsvept8qwy","time":1611366002,"event":{"mods":["BaseMod","Colored Powertips","Custom Start","Minty Spire (QoL Compilation)","StSLib","The Hierophant"],"gold_per_floor":[119,129,139,63,63,93,93,110,110,127,302,302,313,340,340,340,340],"floor_reached":16,"language":"ENG","playtime":1172,"items_purged":[],"score":123,"play_id":"50c32716-f401-43d2-8258-383b8fc59240","local_time":"20210122204002","is_ascension_mode":true,"campfire_choices":[{"floor":7,"key":"REST"},{"floor":12,"key":"REST"},{"floor":15,"key":"REST"}],"circlet_count":0,"master_deck":["Strike_P","Strike_P+1","Strike_P","Strike_P","Defend_P","Defend_P","Defend_P","Defend_P+1","Eruption","Vigilance","Scrawl","EmptyBody","Pray","Worship","Meditate","JustLucky","MentalFortress","InnerPeace","Doubt","Crescendo","JustLucky"],"relics":["PureWater","Orichalcum","Frozen Egg 2","Du-Vu Doll"],"acts_visited":["Exordium"],"potions_floor_usage":[13,14,14,14,16,16,16],"damage_taken":[{"damage":0.0,"enemies":"Cultist","floor":1.0,"turns":2.0},{"damage":4.0,"enemies":"Small Slimes","floor":2.0,"turns":2.0},{"damage":2.0,"enemies":"Jaw Worm","floor":3.0,"turns":5.0},{"damage":41,"enemies":"Gremlin Nob","floor":6,"turns":5},{"damage":4,"enemies":"Looter","floor":8,"turns":3},{"damage":15,"enemies":"2 Fungi Beasts","floor":10,"turns":6},{"damage":14,"enemies":"Large Slime","floor":13,"turns":3},{"damage":11,"enemies":"Lagavulin","floor":14,"turns":11},{"damage":30,"enemies":"Hexaghost","floor":16,"turns":10}],"seed_played":"-1790955608783859928","potions_obtained":[{"floor":1.0,"key":"BottledMiracle"},{"floor":8,"key":"EntropicBrew"},{"floor":13,"key":"BlessingOfTheForge"},{"floor":14,"key":"Fire Potion"}],"is_trial":false,"path_per_floor":["M","M","M","$","?","E","R","M","T","M","?","R","M","E","R","B"],"character_chosen":"WATCHER","items_purchased":["Meditate"],"campfire_rested":3,"item_purchase_floors":[4],"current_hp_per_floor":[72,68,66,66,52,11,32,28,28,13,13,34,20,9,30,0,0],"gold":340,"neow_bonus":"ONE_RANDOM_RARE_CARD","is_daily":false,"chose_seed":false,"campfire_upgraded":0,"win_rate":0.0,"timestamp":1611366002,"path_taken":["M","?","M","$","?","E","R","M","T","M","?","R","M","E","R","BOSS"],"items_purchased_type":["Card"],"build_version":"2020-12-22","purchased_purges":0,"victory":false,"max_hp_per_floor":[72,72,72,72,72,72,72,72,72,72,72,72,72,72,72,72,72],"card_choices":[{"not_picked":["CarveReality","FlyingSleeves"],"picked":"EmptyBody","floor":1.0},{"not_picked":["SignatureMove","ReachHeaven"],"picked":"Pray","floor":2.0},{"not_picked":["WaveOfTheHand","Study"],"picked":"Worship","floor":3.0},{"not_picked":["DeceiveReality","Consecrate"],"picked":"JustLucky","floor":6},{"not_picked":["FlyingSleeves","Weave"],"picked":"MentalFortress","floor":8},{"not_picked":["CutThroughFate","ThirdEye"],"picked":"InnerPeace","floor":10},{"not_picked":["WreathOfFlame","Wallop"],"picked":"Crescendo","floor":13},{"not_picked":["Weave","SashWhip"],"picked":"JustLucky","floor":14}],"player_experience":1047195,"relics_obtained":[{"floor":6,"key":"Orichalcum"},{"floor":9,"key":"Frozen Egg 2"},{"floor":14,"key":"Du-Vu Doll"}],"event_choices":[{"damage_healed":0.0,"max_hp_gain":0.0,"max_hp_loss":0.0,"gold_gain":0.0,"event_name":"Shining Light","player_choice":"Entered Light","floor":5.0,"gold_loss":0.0,"damage_taken":14.0,"cards_upgraded":["Strike_P","Defend_P"]},{"damage_healed":0,"gold_gain":175,"player_choice":"AGREE","damage_taken":0,"max_hp_gain":0,"max_hp_loss":0,"event_name":"Liars Game","floor":11,"gold_loss":0,"cards_obtained":["Doubt"]}],"is_beta":false,"boss_relics":[],"items_purged_floors":[],"is_endless":false,"potions_floor_spawned":[1,8,13,14],"killed_by":"Hexaghost","ascension_level":2}}