{"host":"b1dzdo8uo7e6jx8g","time":1611430676,"event":{"mods":["AchievementEnabler","BaseMod","BetterRewards","Colored Map","Highlight Path","Minty Spire (QoL Compilation)","StSLib"],"gold_per_floor":[112,126,126,92,106,106,121,146,172,172,95,107,107,107,107,210,210,222,222,242,255,204,204,216,243,269,269,269,269,344,354,354,457,457,477,527,147,173,0,0,32,32,32,47,66,66,82,110,110,110,110],"floor_reached":50,"language":"ENG","playtime":1797,"items_purged":[],"score":743,"play_id":"2a82ba2a-7479-4d49-b12d-81c4e4966d1d","local_time":"20210123203756","is_ascension_mode":false,"campfire_choices":[{"data":"BattleHymn","floor":6,"key":"SMITH"},{"floor":10,"key":"REST"},{"data":"Worship","floor":13,"key":"SMITH"},{"floor":15,"key":"RECALL"},{"floor":23,"key":"REST"},{"floor":27,"key":"REST"},{"floor":29,"key":"REST"},{"data":"Devotion","floor":32,"key":"SMITH"},{"floor":40,"key":"REST"},{"floor":46,"key":"REST"},{"floor":49,"key":"REST"}],"circlet_count":0,"master_deck":["Strike_P","Strike_P","Strike_P","Strike_P","Defend_P","Defend_P","Defend_P","Eruption","Vigilance","Crescendo+1","JustLucky","Pray","BattleHymn+1","CarveReality","CrushJoints","Indignation","Worship+1","FearNoEvil","Judgement","EmptyFist","RitualDagger","WindmillStrike+1","JustLucky","Prostrate+1","Devotion+1","Devotion","Consecrate+1","Devotion+1","Writhe","Prostrate+1"],"relics":["PureWater","Thread and Needle","Strawberry","Juzu Bracelet","Black Star","Tiny Chest","Damaru","Pen Nib","VioletLotus","CaptainsWheel","Blood Vial","DollysMirror","Ancient Tea Set","Red Mask","Eternal Feather","GoldenEye","Bag of Marbles","Smiling Mask","CloakClasp"],"acts_visited":["Exordium","TheCity","TheBeyond"],"potions_floor_usage":[18,21,24,24,36,41,50],"damage_taken":[{"damage":1,"enemies":"Small Slimes","floor":1,"turns":4},{"damage":0,"enemies":"2 Louse","floor":2,"turns":3},{"damage":0,"enemies":"Cultist","floor":5,"turns":3},{"damage":1,"enemies":"Lots of Slimes","floor":7,"turns":2},{"damage":14,"enemies":"3 Sentries","floor":8,"turns":4},{"damage":0,"enemies":"Blue Slaver","floor":12,"turns":2},{"damage":0,"enemies":"Slime Boss","floor":16,"turns":4},{"damage":11,"enemies":"3 Byrds","floor":18,"turns":3},{"damage":12,"enemies":"Shell Parasite","floor":20,"turns":4},{"damage":17,"enemies":"Snake Plant","floor":21,"turns":3},{"damage":24,"enemies":"Centurion and Healer","floor":24,"turns":4},{"damage":18,"enemies":"Gremlin Leader","floor":25,"turns":5},{"damage":1,"enemies":"Cultist and Chosen","floor":31,"turns":3},{"damage":12,"enemies":"Champ","floor":33,"turns":5},{"damage":28,"enemies":"3 Shapes","floor":35,"turns":3},{"damage":27,"enemies":"Mind Bloom Boss Battle","floor":36,"turns":4},{"damage":18,"enemies":"Reptomancer","floor":41,"turns":4},{"damage":21,"enemies":"3 Darklings","floor":44,"turns":4},{"damage":25,"enemies":"Jaw Worm Horde","floor":45,"turns":4},{"damage":2,"enemies":"Sphere and 2 Shapes","floor":47,"turns":4},{"damage":32,"enemies":"Giant Head","floor":48,"turns":6},{"damage":83,"enemies":"Time Eater","floor":50,"turns":9}],"seed_played":"-8967929799416433170","potions_obtained":[{"floor":1,"key":"DistilledChaos"},{"floor":7,"key":"PowerPotion"},{"floor":12,"key":"Fire Potion"},{"floor":20,"key":"Strength Potion"},{"floor":25,"key":"CultistPotion"},{"floor":31,"key":"Dexterity Potion"},{"floor":33,"key":"GamblersBrew"},{"floor":36,"key":"StancePotion"},{"floor":45,"key":"Regen Potion"}],"is_trial":false,"path_per_floor":["M","M","?","$","M","R","M","E","T","R","$","M","R","$","R","B",null,"M","?","M","M","$","R","M","E","T","R","?","R","?","M","R","B",null,"M","?","$","T","?","R","E","?","T","M","M","R","M","E","R","B"],"character_chosen":"WATCHER","items_purchased":["Strawberry","Crescendo","BattleHymn","Worship","JustLucky","Blood Vial","DollysMirror","Regen Potion"],"campfire_rested":7,"item_purchase_floors":[0,0,4,11,22,37,37,37],"current_hp_per_floor":[59,59,59,59,59,59,58,44,44,67,67,67,67,67,67,67,79,68,62,50,33,33,56,32,14,14,37,37,60,53,52,52,40,79,51,24,24,24,24,47,43,63,63,44,21,62,62,32,73,0,0],"gold":110,"neow_bonus":"","is_daily":false,"chose_seed":false,"campfire_upgraded":3,"win_rate":0.0,"timestamp":1611430676,"path_taken":["M","M","?","$","M","R","M","E","T","R","$","M","R","$","R","BOSS","M","?","M","M","$","R","M","E","T","R","?","R","?","M","R","BOSS","M","?","$","?","?","R","E","?","T","M","M","R","M","E","R","BOSS"],"items_purchased_type":["Relic","Card","Card","Card","Card","Relic","Relic","Potion"],"build_version":"2020-12-22","purchased_purges":0,"victory":false,"max_hp_per_floor":[79,79,79,79,79,79,79,79,79,79,79,79,79,79,79,79,79,79,79,79,79,79,79,79,79,79,79,79,79,79,79,79,79,79,79,79,79,79,79,79,79,79,79,79,79,79,79,79,79,79,79],"card_choices":[{"not_picked":["Evaluate","WaveOfTheHand"],"picked":"JustLucky","floor":1},{"not_picked":["EmptyFist","FollowUp"],"picked":"Pray","floor":2},{"not_picked":["SashWhip","WindmillStrike"],"picked":"CarveReality","floor":5},{"not_picked":["MentalFortress","EmptyBody"],"picked":"CrushJoints","floor":7},{"not_picked":["CutThroughFate","FlurryOfBlows"],"picked":"Indignation","floor":8},{"not_picked":["EmptyBody","Swivel"],"picked":"FearNoEvil","floor":12},{"not_picked":["Vault","Omniscience"],"picked":"Judgement","floor":16},{"not_picked":["Halt","Crescendo"],"picked":"EmptyFist","floor":18},{"not_picked":["Weave","Collect","FlurryOfBlows"],"picked":"SKIP","floor":20},{"not_picked":["FlurryOfBlows","BattleHymn"],"picked":"WindmillStrike+1","floor":21},{"not_picked":["Perseverance+1","WheelKick"],"picked":"Prostrate+1","floor":24},{"not_picked":["Nirvana+1","Protect","Study"],"picked":"SKIP","floor":25},{"not_picked":["DeceiveReality+1","Crescendo"],"picked":"Devotion","floor":31},{"not_picked":["Vault","Wish"],"picked":"Devotion","floor":33},{"not_picked":["CrushJoints+1","FollowUp"],"picked":"Consecrate+1","floor":35},{"not_picked":["EmptyBody","ThirdEye+1","MentalFortress"],"picked":"SKIP","floor":41},{"not_picked":["JustLucky","Worship","Protect+1"],"picked":"SKIP","floor":44},{"not_picked":["FlurryOfBlows","Adaptation+1"],"picked":"Prostrate+1","floor":45},{"not_picked":["CarveReality+1","Vengeance","ClearTheMind+1"],"picked":"SKIP","floor":47},{"not_picked":["WreathOfFlame+1","Omniscience","DevaForm"],"picked":"SKIP","floor":48}],"player_experience":226327,"relics_obtained":[{"floor":8,"key":"Juzu Bracelet"},{"floor":25,"key":"Tiny Chest"},{"floor":25,"key":"Damaru"},{"floor":26,"key":"Pen Nib"},{"floor":36,"key":"CaptainsWheel"},{"floor":38,"key":"Ancient Tea Set"},{"floor":41,"key":"Eternal Feather"},{"floor":41,"key":"GoldenEye"},{"floor":43,"key":"Bag of Marbles"},{"floor":48,"key":"Smiling Mask"},{"floor":48,"key":"CloakClasp"}],"event_choices":[{"damage_healed":0,"gold_gain":0,"player_choice":"Grow","damage_taken":0,"max_hp_gain":0,"max_hp_loss":0,"event_name":"Living Wall","floor":3,"gold_loss":0,"cards_upgraded":["Crescendo"]},{"damage_healed":0,"gold_gain":0,"player_choice":"Joined the Cult","damage_taken":6,"max_hp_gain":0,"max_hp_loss":0,"event_name":"Nest","floor":19,"gold_loss":0,"cards_obtained":["RitualDagger"]},{"cards_removed":["Defend_P"],"damage_healed":0,"gold_gain":0,"player_choice":"Purged","damage_taken":0,"max_hp_gain":0,"max_hp_loss":0,"event_name":"Purifier","floor":28,"gold_loss":0},{"damage_healed":0,"gold_gain":75,"player_choice":"Touch","damage_taken":7,"max_hp_gain":0,"max_hp_loss":0,"event_name":"FaceTrader","floor":30,"gold_loss":0},{"damage_healed":0,"gold_gain":0,"player_choice":"Fight","damage_taken":0,"max_hp_gain":0,"max_hp_loss":0,"event_name":"MindBloom","floor":36,"gold_loss":0},{"damage_healed":0,"gold_gain":0,"player_choice":"Paid","damage_taken":0,"relics_obtained":["Red Mask"],"max_hp_gain":0,"max_hp_loss":0,"event_name":"Tomb of Lord Red Mask","floor":39,"gold_loss":173},{"damage_healed":20,"gold_gain":0,"player_choice":"Writhe","damage_taken":0,"max_hp_gain":0,"max_hp_loss":0,"event_name":"Winding Halls","floor":42,"gold_loss":0,"cards_obtained":["Writhe"]}],"is_beta":false,"boss_relics":[{"not_picked":["Empty Cage","Velvet Choker"],"picked":"Black Star"},{"not_picked":["Cursed Key","Philosopher\u0027s Stone"],"picked":"VioletLotus"}],"items_purged_floors":[],"is_endless":false,"potions_floor_spawned":[1,7,12,20,25,31,33,35,36,45],"killed_by":"Time Eater","ascension_level":0}}